3916 6178
317 325 420 383 $61

653 320 927 379 NOTITIA
969 320 1195 387 RELlQ.
1231 319 1672 378 SCRIPTORUM
1713 317 1878 387 ρυλε
1917 351 1924 372 .

2047 318 2521 378 C(ELESTINUM
2559 322 2581 376 1
2623 322 2854 380 ΡΑΡΑΜ
2891 323 3253 381 ΑΤἸἸΝΕΝΤ.

3481 328 3585 383 562

317 448 566 511 geretur.
601 438 717 505 Qua
767 437 819 490 in
859 451 915 490 re
953 435 1190 489 Studium
1225 435 1340 504 ejus
1373 436 1600 506 Prosper
1626 435 1721 490 lib.
1754 437 1900 489 cont.
1931 442 1982 501 Α
2007 445 2232 508 tempore
2250 453 2349 508 quo
2387 438 2456 490 ad
2491 439 2669 508 fratris
2703 439 2867 492 nostri
2905 439 3110 495 Tuentii
3135 441 3370 496 dedimus
3399 445 3586 509 scripta

317 531 523 586 Collat.
555 545 606 584 c.
638 527 699 582 21
755 545 807 580 n.
843 528 911 581 58
949 527 1133 580 laudat
1165 527 1246 580 his
1278 527 1459 580 verbis
1489 545 1500 578 :
1541 525 1649 580 Nec
1680 529 1794 580 vero
1831 541 1912 579 se.

323 627 503 694 gniore
531 638 658 676 cura
686 621 749 674 ab
777 620 871 672 hoc
901 620 1078 673 eodeni
1111 619 1284 672 morlro
1317 619 1672 688 (Pelagiana)
1702 617 1913 672 Britan-

287 726 297 735 '
323 717 437 768 nias
467 713 734 776 liberavit;
757 712 964 782 quando
988 711 1236 780 quosdam
1262 710 1500 763 inimicos
1520 711 1719 778 gratiae,
1746 709 1913 762 solum

324 821 430 859 sua:
460 804 681 874 originis
706 811 1012 871 occupantes
1035 842 1048 863 ,
1082 801 1234 853 etiam
1272 799 1336 852 ab
1363 798 1458 852 illo
1485 809 1672 853 secreto
1700 798 1914 851 exclusit

320 897 547 961 Oceani,
583 905 629 948 et
660 895 896 948 ordinato
927 893 1120 947 Scottis
1151 893 1440 959 (Palladio)
1471 891 1709 961 episcopo
1734 931 1749 956 ,
1791 889 1914 942 dum

329 988 621 1041 Romanam
666 983 888 1036 insulam
937 983 1102 1036 studet
1149 996 1352 1035 servare
1394 981 1739 1046 catholicam,
1788 979 1914 1050 fecit

322 1078 482 1130 etiam
514 1075 786 1128 barbaram
822 1071 1184 1126 Christianam.
1801 1091 1828 1104 ν

403 1166 493 1219 12.
527 1163 834 1224 Nestorius,
856 1162 981 1215 dum
1005 1178 1197 1217 novam
1221 1175 1284 1215 ac
1312 1175 1616 1230 perversam
1639 1160 1915 1229 publicare

327 1267 619 1325 aggressus
641 1263 724 1308 est
747 1253 1066 1320 doctrinam,
1098 1253 1295 1305 multos
1317 1251 1536 1305 (:ll'endit
1557 1259 1665 1304 tam
1687 1252 1916 1306 clericos

329 1362 492 1418 quam
515 1345 683 1400 laicos
704 1345 794 1414 qui
818 1343 919 1412 ipsi
940 1345 1394 1399 contradicereut.
1425 1343 1493 1398 Et
1515 1344 1678 1397 laicos
1700 1343 1914 1412 quidem

330 1439 737 1506 communione,
770 1437 996 1490 clericos
1026 1447 1203 1490 autem
1231 1435 1398 1503 gradu
1429 1451 1527 1489 suo
1553 1433 1807 1502 privavit.
1841 1434 1920 1487 Ac

335 1528 532 1582 deinde
561 1529 628 1580 ad
655 1525 1004 1581 Cucle~tioum
1038 1526 1236 1593 scripta
1264 1525 1496 1594 epistola
1525 1566 1538 1588 ,
1571 1525 1672 1578 hoc
1703 1525 1751 1578 ei
1783 1525 1920 1577 indi-

333 1635 461 1674 care
491 1619 786 1672 festinavit.
821 1618 1077 1685 Epistolas
1109 1617 1267 1686 hujus
1310 1618 1555 1672 meminit
1590 1616 1821 1688 Cyrillus
1866 1618 1918 1670 in

335 1726 403 1764 eo
428 1710 630 1778 scripto
661 1724 768 1778 quo
795 1710 1114 1763 sententiam
1145 1709 1220 1763 Ne
1257 1709 1394 1762 torio
1425 1708 1725 1771 denuntiat,
1757 1723 1916 1777 quam

2015 547 2331 603 responsum.
2359 531 2489 585 Cum
2523 543 2697 584 autem
2728 533 2982 587 Tuentius
3015 535 3103 588 ille
3132 549 3235 588 non
3270 535 3403 589 alius
3432 537 3496 590 ab
3523 551 3589 589 eo

2014 636 2136 676 esse
2152 623 2398 677 videatur
2419 637 2576 693 quem
2601 623 2849 678 Zosimus
2873 626 3029 692 epist.
3063 627 3113 691 4,
3142 643 3194 680 n.
3219 628 3273 692 4,
3303 643 3331 680 a
3363 629 3592 684 Proculo

2013 711 2332 768 Massiliensi
2371 714 2610 769 antistite
2647 715 2950 768 ordinatum
2985 716 3212 782 indicat,
3246 719 3592 789 presbyteros

2017 802 2159 872 illos,
2191 805 2257 857 de
2284 805 2477 873 quibus
2508 820 2535 856 a
2559 805 2791 859 Tuentio
2819 805 3138 860 Crulcstinus
3165 806 3440 862 consultus
3470 820 3550 863 est
3580 851 3592 870 ,

2017 893 2208 946 merito
2251 908 2566 948 censeamus
2613 885 3011 964 Massilienses,
3072 899 3159 967 qui
3211 901 3490 968 Augustini
3525 902 3593 955 de

2016 982 2185 1050 gratia
2229 982 2528 1036 doctrinam
2570 992 2698 1037 tunc
2729 987 2899 1053 palam
2944 987 3247 1054 improbare
3290 999 3588 1058 cmperunt.

2016 1071 2279 1137 Quocirca
2313 1083 2366 1127 et
2395 1075 2537 1142 quod
2565 1075 2820 1128 'l‘uentius
2850 1078 3099 1144 scripsit,
3143 1087 3196 1131 et
3225 1080 3362 1146 quod
3395 1081 3588 1133 rescri-

2020 1166 2124 1234 psit
2144 1167 2487 1236 leestinus,
2514 1172 2578 1223 ad
2606 1171 2853 1225 eumdem
2878 1186 3074 1225 annum
3099 1171 3198 1226 451
3226 1176 3595 1230 existimamus

2020 1258 2314 1326 pertinere.

2094 1346 2179 1400 15.
2225 1347 2355 1400 Dum
2387 1347 2656 1416 Ephesius
2682 1351 3048 1406 celebraretur
3074 1353 3336 1426 synodus,
3365 1352 3596 1424 Cyrillus

2020 1435 2416 1491 Alexandrinus
2445 1440 2668 1493 antistes
2695 1442 2973 1509 epistolam
3002 1443 3066 1497 ad
3089 1444 3323 1498 Leonem
3357 1453 3479 1499 tunc
3507 1460 3597 1499 ar-

2021 1526 2397 1581 chidiaconum
2428 1529 2590 1596 misit,
2617 1545 2713 1599 per
2737 1532 2908 1599 ipsum
2931 1533 3224 1588 Caelestino
3247 1534 3595 1598 reddendam,

2022 1632 2124 1685 qua
2163 1617 2472 1672 iuvenalem
2505 1619 2974 1692 Jerosolymitanaz
3008 1624 3259 1678 Ecclesia:
3289 1625 3598 1695 episcopum

2023 1708 2076 1760 iu
2103 1708 2350 1774 przedicta
2375 1711 2581 1780 synodo
2607 1711 2904 1766 Palaestinae
2933 1715 3222 1782 provincia:
3247 1716 3596 1784 principatum

333 1803 665 1858 leestiiius
712 1803 973 1856 adversus
1024 1801 1198 1870 ipsum
1233 1803 1448 1854 tulerat.
1486 1801 1720 1854 Primum
1772 1801 1917 1852 enim
1949 1805 1996 1864 B
2023 1800 2280 1854 ambiisse
2307 1843 2320 1867 ,
2373 1811 2532 1869 atque
2577 1803 2870 1860 insolentes
2913 1820 3071 1860 ausus
3112 1822 3206 1876 per
3234 1809 3599 1864 commentitia

337 1897 409 1952 ibi
441 1896 721 1965 prmmiltit
750 1913 762 1946 :
799 1893 1040 1948 Omnibus
1059 1935 1072 1959 ,
1105 1895 1189 1961 qui
1218 1909 1249 1946 a
1277 1903 1364 1945 tua
1391 1894 1670 1947 reverentia
1711 1891 1780 1963 (0
1808 1892 1916 1946 Ne-

339 1988 501 2056 stori)
533 1987 759 2053 separati
787 1995 902 2039 sunt
931 1993 1142 2056 propter
1173 1985 1327 2052 ﬁdem
1352 2024 1366 2048 ,
1409 1984 1486 2036 vel
1516 1984 1771 2054 depositi,
1815 1993 1920 2036 tant

344 2081 487 2134 laicis
515 2094 671 2149 quam
699 2078 896 2130 clericis
938 2078 1373 2130 communicantes
1403 2091 1596 2129 sumus.
1625 2076 1920 2142 Statimque

337 2174 599 2240 sitbjitit:
634 2170 746 2224 Nec
779 2171 915 2225 enim
946 2185 1145 2238 wquunt
1183 2177 1259 2223 est
1303 2186 1385 2223 eos
1434 2169 1519 2237 qui
1559 2179 1696 2220 recta
1746 2182 1923 2237 sapere

340 2275 570 2327 norunt,
625 2263 724 2316 tuis
764 2262 1095 2316 condemnari
1125 2261 1420 2325 sententiis,
1458 2274 1583 2321 Qum
1613 2273 1751 2326 TIBI,
1799 2257 1924 2310 bene

341 2357 608 2425 facientes,
638 2368 1116 2409 conrnsmxenua'r
1140 2369 1155 2416 ;
1187 2352 1282 2404 ltoc
1313 2353 1443 2405 enim
1471 2352 1709 2403 indicasti
1737 2351 1789 2402 in
1818 2350 1920 2420 ρρίι·

342 2449 476 2500 stola
508 2462 620 2515 qua:
648 2448 842 2514 scripta
868 2454 941 2499 est
973 2462 1003 2497 α
1031 2454 1078 2498 te
1112 2444 1180 2496 ad
1213 2459 1411 2513 magna:
1454 2441 1926 2496 Romwosanctissi-

344 2553 488 2591 mum
539 2538 892 2607 corpiswpum
943 2546 1174 2589 nostrum
1226 2533 1576 2589 Caelestinum.
1643 2534 1802 2602 Atqui
1856 2547 1923 2587 ex

343 2629 633 2697 epistolis,
699 2636 985 2696 antequam
1055 2625 1196 2680 istud
1239 2625 1474 2696 Cyrillus
1533 2624 1833 2689 scriberet,
1895 2637 1925 2676 a

347 2721 600 2774 Nestorio
629 2719 694 2773 ad
725 2719 1074 2773 Caelestinum
1116 2718 1316 2782 missis,
1347 2717 1479 2771 duas
1510 2723 1714 2769 tantum
1765 2713 1922 2768 habe-

347 2827 498 2875 mus,
531 2811 583 2870 in
613 2809 808 2880 quibus
836 2809 1122 2864 haereticus
1150 2808 1243 2863 ille
1272 2808 1342 2863 de
1379 2809 1441 2862 iis
1471 2807 1558 2876 qui
1590 2806 1688 2859 sibi
1717 2814 1930 2860 contra-

347 2901 632 2962 dicebant,
663 2901 745 2953 vel
780 2914 811 2953 a
842 2899 1242 2964 communione,
1273 2899 1358 2952 vel
1389 2912 1418 2951 a
1449 2899 1582 2952 cleri
1613 2895 1807 2965 gradu,
1843 2909 1931 2950 re—

348 2993 512 3046 motis
542 2991 742 3044 nullam
777 2992 1103 3044 mentionem
1133 2989 1275 3043 facit.
1327 2987 1434 3044 Sed
1466 2995 1522 3041 et
1547 2987 1600 3040 in
1629 3000 1814 3041 earum
1843 2999 1931 3038 se-

347 3082 524 3135 cunda
553 3079 835 3134 Nestorins
861 3097 994 3148 swpe
1020 3081 1131 3149 jam
1163 3079 1227 3134 ad
1265 3079 1611 3134 Caelestinum
1643 3075 1927 3144 scripsisse

2023 1889 2218 1958 scripta
2249 1893 2463 1947 ﬁrmare
2485 1896 2827 1951 contendisse
2855 1898 3220 1967 significabat;
3256 1900 3413 1955 simul
3439 1902 3599 1956 etiam

2021 1981 2247 2033 sollicita
2276 1997 2423 2049 prece
2449 1985 2667 2037 multum
2694 1989 2919 2056 poposcit
2953 1996 3004 2040 ut
3033 1988 3180 2042 nulla
3208 1990 3396 2042 illicitis
3440 2007 3599 2044 cona-

2023 2073 2156 2125 tibus
2187 2075 2495 2141 prazberetur
2522 2074 2778 2145 (Romae)
2811 2079 3060 2132 assensio.
3107 2080 3250 2134 llanc
3280 2089 3455 2134 autem
3487 2083 3600 2150 epi-

2024 2165 2216 2220 stolam
2258 2165 2380 2220 ideo
2429 2169 2808 2223 archidiacono
2858 2170 3170 2240 inscriptam
3201 2186 3318 2225 esse
3347 2213 3361 2237 ,
3412 2181 3470 2224 ut
3499 2174 3600 2240 ipsi

2027 2270 2181 2325 papa:
2211 2255 2551 2325 redderetur,
2581 2273 2643 2310 ac
2673 2273 2732 2312 re
2759 2259 2872 2326 ipsa
2901 2261 2948 2312 ei
2978 2260 3241 2314 redditam
3271 2260 3434 2315 fuisse
3461 2262 3603 2317 istud

2026 2354 2346 2414 argumento
2376 2355 2460 2400 est
2480 2387 2494 2411 ,
2532 2349 2674 2416 quod
2705 2349 3071 2402 authenticum
3100 2349 3218 2418 ejus
3241 2353 3516 2420 exemplar
3547 2353 3602 2406 in

2027 2438 2333 2506 apostolica:
2354 2438 2498 2493 sedis
2520 2441 2720 2494 scrinio
2742 2450 3074 2495 asservatum
3097 2444 3184 2496 sit.
3199 2443 3459 2510 Quocirca
3482 2460 3601 2500 cum

2029 2531 2144 2598 ejus
2166 2529 2535 2598 'apograplium
2569 2544 2598 2582 a
2631 2530 2856 2583 Maximo
2882 2531 3216 2586 Antiocheno
3248 2535 3502 2604 episcopo
3536 2537 3603 2589 ad

2030 2619 2264 2674 Leonem
2291 2619 2400 2688 jam
2433 2620 2738 2688 pontiﬁcem
2772 2623 2907 2674 mitti
2936 2623 3264 2692 contigisset,
3293 2625 3468 2682 cidem
3496 2627 3605 2681 Ma-

2032 2713 2181 2768 ximo
2212 2714 2487 2782 rescripsit
2526 2716 2641 2784 ipse
2674 2715 2780 2770 Leo
2811 2715 3020 2786 (Epist.
3050 2719 3172 2786 110,
3207 2736 3259 2772 η.
3291 2719 3364 2792 4)
3395 2738 3408 2774 :
3441 2719 3606 2793 Cujus

2031 2803 2259 2873 epistolw
2286 2805 2355 2856 ad
2384 2821 2478 2858 nos
2517 2807 2831 2877 exemplaria
2860 2807 3094 2860 direxisti
3123 2819 3314 2864 sanctce
3346 2813 3608 2864 memoria

2034 2891 2235 2962 Cyrilli,
2259 2911 2367 2946 eam
2399 2895 2452 2947 in
2481 2904 2657 2949 nostro
2679 2899 2868 2950 scrinio
2898 2897 3196 2966 requisitam
3225 2915 3316 2952 nos
3349 2900 3607 2953 authenti-

2033 3003 2148 3040 cam
2175 2988 2372 3040 noveris
2403 2988 2667 3056 reperisse.

2111 3078 2194 3132 16.
2215 3079 2454 3144 Quatuor
2476 3080 2740 3134 mensium
2763 3094 2791 3133 a
2815 3079 3151 3149 depositione
3172 3081 3402 3138 Nestorii
3423 3085 3608 3154 elapso

351 3186 410 3224 se
434 3171 501 3224 ab
525 3171 750 3225 exordio
780 3178 1192 3225 commemorat.
1225 3169 1484 3236 Quocirca
1525 3168 1624 3221 ista
1655 3209 1669 3234 ,
1718 3166 1786 3220 de
1827 3181 1927 3234 qua
1957 3164 2002 3226 C
2036 3173 2208 3240 spatio
2233 3213 2247 3237 ,
2297 3173 2385 3227 die
2427 3172 2496 3226 15
2526 3174 2727 3227 mensis
2754 3171 3004 3228 Octobris
3033 3175 3158 3228 anni
3183 3175 3284 3231 451
3310 3217 3326 3242 ,
3372 3179 3608 3248 epise0pi

351 3261 582 3331 Cyrillus
608 3261 864 3329 loquitur,
896 3261 1036 3314 inter
1067 3260 1291 3329 primam
1317 3269 1372 3313 et
1400 3258 1688 3314 secundam
1719 3272 1837 3326 quae
1865 3255 1931 3310 ad

353 3367 450 3406 nos
479 3360 838 3421 pervenerunt
867 3395 882 3418 ,
928 3351 1171 3420 adeoque
1201 3352 1342 3404 circa
1375 3353 1576 3405 exitum
1614 3349 1739 3402 anni
1784 3347 1890 3402 429
1913 3387 1929 3414 ,

349 3445 550 3513 scripta
588 3446 782 3498 merito
810 3454 1114 3497 censeatur.

424 3534 510 3590 1'5.
552 3535 838 3603 Postquam
867 3533 1115 3588 Nestorio
1145 3533 1454 3587 denuntiata
1497 3542 1640 3587 esset
1671 3532 1932 3587 adversus

356 3627 523 3694 ipsum
549 3626 654 3678 lata
678 3624 1146 3692 sententia,atque
1171 3624 1504 3677 induciarum
1530 3622 1578 3676 ei
1607 3623 1930 3677 indultarum

353 3728 598 3786 tempore
622 3715 735 3786 jam
769 3717 968 3771 dudum
995 3731 1240 3779 emenso,
1271 3716 1490 3784 gradum
1519 3715 1586 3768 ab
1610 3714 1801 3769 heresi
1836 3715 1934 3768 mi-

353 3809 497 3863 uime
530 3807 782 3874 referret,
816 3807 939 3861 dum
967 3808 1163 3876 Ephesi
1204 3808 1441 3877 synodus
1473 3808 1670 3861 indicta
1702 3806 1930 3875 paraba-

349 3909 456 3963 tur,
478 3899 749 3954 consuluit
769 3899 1001 3969 Cyrillus
1025 3897 1373 3953 CteleStiuum
1399 3898 1594 3968 (Epist.
1617 3899 1726 3966 16),
1753 3909 1932 3957 utrum

357 3990 634 4047 Nestorius
663 4031 676 4054 ,
724 3991 885 4046 etiam
918 3990 963 4045 si
992 4006 1231 4045 errorem
1265 3991 1556 4060 deponeret
1583 4031 1597 4057 ,
1643 3991 1698 4042 in
1725 3989 1933 4058 synodo

356 4091 496 4138 esset
517 4082 894 4152 recipiendus;
921 4097 987 4136 an
1011 4099 1142 4136 vero
1164 4083 1268 4136 lata
1292 4082 1647 4150 depositionis
1667 4081 1932 4135 sententia

357 4178 405 4231 in
435 4192 596 4246 quam
623 4175 819 4244 spretis
850 4176 1082 4230 induciis
1126 4176 1428 4229 incurrerat
1454 4219 1468 4242 ,
1515 4173 1717 4227 remitti
1745 4174 1792 4228 ei
1825 4189 1931 4227 non

349 4266 597 4323 deberet.
632 4268 881 4322 Mouebat
909 4277 1168 4337 praeterea
1197 4266 1430 4338 Cyrillus
1459 4266 1836 4330 Caelestinum,
1868 4283 1934 4322 ne

353 4361 420 4416 ab
449 4362 515 4416 iis
541 4375 768 4429 quorum
796 4369 1043 4424 susriecta
1073 4367 1188 4413 erat
1233 4357 1363 4411 lidcs
1396 4359 1605 4411 incaute
1628 4359 1829 4425 captari
1873 4371 1934 4414 se

352 4461 651 4520 pateretur.
697 4449 832 4503 lluic
872 4449 1062 4520 Cyrilli
1107 4449 1353 4515 epi~tolre
1399 4447 1724 4502 leestinus
1753 4450 1783 4501 7
1812 4447 1932 4502 Maii

349 4542 441 4598 die
470 4540 598 4596 anni
627 4540 724 4595 431
753 4540 1050 4609 rescripsit.
1083 4539 1234 4594 Unde
1278 4540 1420 4593 illam
1471 4555 1576 4593 non
1618 4538 1775 4606 longe
1813 4549 1932 4606 post
1964 4523 2010 4581 D

351 4616 477 4687 anni
505 4631 748 4701 ejusdem
772 4631 920 4686 initia
952 4633 1203 4700 scriptam
1229 4647 1349 4686 esse
1372 4633 1672 4695 conﬁcit-ir,
1700 4632 1933 4686 maxime
1975 4677 1982 4680 _

352 4738 472 4778 cum
493 4726 547 4778 in
571 4732 987 4778 ea'memoretur
1007 4723 1204 4790 Ephesi
1224 4722 1468 4776 habenda
1494 4723 1752 4793 synodus,
1774 4739 1932 4790 quam

357 4815 694 4872 Theodosius
722 4817 1012 4883 imperator
1038 4815 1101 4869 19
1127 4814 1442 4869 Novembris
1465 4813 1551 4869 die
1577 4814 1700 4867 anni
1722 4815 1828 4869 450
1856 4816 1936 4867 in-

352 4907 536 4962 dicere
565 4905 793 4976 primum
821 4915 1080 4974 coeperat.

431 4998 518 5052 14.
562 4999 763 5054 Eodem
796 5014 938 5051 anno
965 4998 1192 5066 contigit
1233 5006 1288 5052 ut
1323 4997 1376 5051 in
1414 4997 1599 5051 Galliis
1635 4996 1933 5065 presbyteri

358 5090 602 5145 nonnulli
629 5089 888 5159 quasdam
932 5091 998 5144 de
1050 5090 1223 5144 libero
1257 5089 1484 5142 arbitrio
1514 5089 1839 5156 quaestiones
1883 5072 1935 5141 iu

357 5182 597 5236 medium
623 5189 881 5235 vocarent
907 5220 922 5242 ,
965 5197 1086 5247 qua:
1112 5181 1348 5234 novitate
1375 5195 1466 5234 sua
1495 5181 1785 5234 Ecclesiam
1819 5196 1940 5248 per-

361 5274 669 5328 turbabant.
703 5274 838 5327 Tum
871 5272 937 5327 de
970 5275 1050 5324 his
1081 5272 1468 5327 con~ulendum
1501 5273 1651 5326 duxit
1680 5271 1939 5326 Tuentius

359 5365 642 5432 episcopus
663 5363 1009 5416 Caelestinum
1037 5404 1051 5421 .
1101 5372 1153 5416 et
1184 5362 1252 5414 ab
1282 5377 1346 5416 eo
1379 5377 1691 5430 reSponsum
1738 5362 1938 5415 habere

362 5452 554 5507 meruit
583 5451 786 5526 (Epist.
813 5450 903 5516 21,
935 5469 986 5504 η.
1019 5452 1094 5522 Ξ).
1135 5451 1372 5506 Subinde
1400 5451 1722 5506 leestiuus
1745 5451 1933 5504 eadem

360 5543 426 5598 de
455 5559 620 5598 causa
653 5544 900 5599 scribens
931 5544 996 5596 ad
1044 5542 1234 5598 Gallice
1281 5544 1563 5613 episcopos
1588 5583 1602 5605 ,
1654 5557 1774 5597 cum
1807 5541 1936 5596 illud

361 5635 572 5688 'l‘uentii
605 5635 865 5704 scriptum
892 5675 908 5698 ,
949 5643 1057 5686 tum
1090 5648 1243 5687 suttm
1274 5635 1440 5702 ipsius
1471 5633 1788 5701 rescriptum
1820 5648 1936 5687 me-

365 5739 532 5782 morat
561 5726 650 5782 bis
678 5727 856 5784 verbis
883 5745 895 5781 :
929 5726 1098 5798 Super
1132 5728 1210 5781 liis
1238 5728 1396 5780 multa
1425 5729 1539 5797 jam
1569 5726 1708 5779 dicta
1736 5734 1853 5779 sunt
1880 5739 1937 5779 eo

2033 3279 2170 3333 quos
2201 3263 2468 3332 Ephesina
2494 3263 2732 3334 synodus
2755 3263 2820 3318 ad
2845 3263 3207 3320 Theodosium
3231 3267 3608 3336 imperatorem

2033 3354 2310 3424 delcgarat
2357 3354 2407 3408 in
2453 3353 2694 3408 haeretici
2744 3355 3028 3409 memorati
3075 3356 3248 3410 locum
3296 3357 3611 3414 ordinarunt

2033 3445 2410 3500 lllaximianum
2450 3445 2706 3499 Ecclesia:
2749 3445 3358 3515 Constantinopolitanae
3389 3449 3610 3519 presby-

2035 3547 2206 3592 terum
2239 3540 2526 3607 statimque
2553 3539 2756 3592 litteras
2775 3538 3129 3592 ordinationis
3149 3538 3268 3607 ejus
3293 3540 3494 3594 indices
3518 3555 3611 3608 per

2033 3628 2296 3682 Joannem
2346 3629 2714 3697 presbyterum
2769 3635 2824 3679 et
2867 3626 3166 3695 Epictetum
3213 3627 3497 3680 diaconum
3543 3629 3609 3682 ad

2035 3720 2384 3774 leeSIioum
2413 3719 2692 3771 miserunt.
2725 3716 2958 3770 Litteras
2987 3717 3128 3781 illas,
3164 3733 3280 3785 qua:
3303 3717 3610 3771 Maximiani

2036 3813 2390 3866 continebant
2418 3810 2654 3877 elogium
2679 3849 2693 3874 ,
2735 3809 3060 3862 Caelestinus
3088 3808 3184 3860 sibi
3217 3809 3458 3876 proxime
3486 3820 3609 3863 ante

2035 3902 2277 3956 Natalem
2315 3899 2531 3953 Domini
2557 3899 2698 3952 diem
2729 3898 2966 3952 redditas
2995 3897 3159 3954 fuisse
3184 3897 3341 3952 docet
3387 3899 3404 3967 (
3437 3899 3606 3968 Epist.

2035 3993 2126 4057 ‘22,
2158 4009 2210 4045 η.
2240 3991 2320 4059 ὁ).

2108 4085 2195 4137 17.
2239 4080 2576 4137 Theodosius
2599 4081 2910 4149 imperator,
2943 4078 3213 4147 praedictis
3234 4079 3606 4148 episcoporum

2037 4177 2232 4230 litteris
2253 4174 2533 4242 epistolam
2563 4173 2883 4240 peculiarem
2906 4172 3169 4240 adjuuxit,
3189 4187 3290 4241 qua
3311 4171 3610 4226 Maximiani

2036 4267 2434 4321 ordinationem
2464 4264 2679 4334 probari
2703 4264 2802 4318 sibi
2829 4263 3144 4317 testabatur.
3170 4262 3304 4316 Tum
3331 4262 3486 4330 hujus
3513 4263 3612 4316 im-

2037 4357 2300 4426 peratoris
2352 4354 2674 4408 sententiam
2721 4369 2841 4406 cum
2885 4352 3257 4420 episcoporum
3307 4352 3611 4406 testimonio

2037 4447 2359 4504 concordem
2392 4458 2622 4498 cernens
2649 4443 2977 4497 leeSIinus
3002 4483 3016 4506 ,
3067 4449 3213 4512 tanto
3252 4441 3498 4510 perfusus
3528 4451 3612 4496 est

2038 4541 2233 4612 gaudio
2256 4580 2271 4605 ,
2314 4546 2372 4591 ut
2399 4551 2582 4590 sacros
2619 4535 2741 4589 illos
2770 4545 3006 4603 augusta:
3036 4534 3246 4602 pietatis
3286 4534 3466 4601 apices
3493 4533 3611 4600 ipso

2040 4631 2204 4686 natali
2250 4628 2461 4682 Domini
2509 4627 2596 4681 die
2641 4641 2823 4679 coram
2877 4625 3040 4679 totius
3070 4625 3391 4678 Christiana:
3436 4625 3612 4694 plebis

2039 4723 2453 4792 congregatione
2485 4719 2535 4771 iu
2564 4718 2781 4772 basilica
2821 4717 2879 4771 S.
2911 4716 3052 4770 Petri
3084 4715 3187 4784 legi
3215 4715 3464 4778 voluerit,
3504 4729 3610 4783 quo

2039 4813 2227 4869 eadem
2259 4810 2413 4879 plebs
2443 4807 2642 4862 laetitia:
2669 4823 2779 4862 sua:
2809 4807 3076 4875 particeps
3107 4806 3279 4871 ﬁeret,
3307 4820 3371 4859 ac
3398 4803 3608 4874 publica
3698 4802 3701 4805 ’

2043 4918 2138 4970 pro
2176 4903 2291 4970 ipso
2329 4901 2654 4976 imperatore
2685 4907 2806 4951 vota
2839 4897 2950 4951 Deo
2981 4895 3232 4950 libentius
3283 4893 3614 4964 persolveret

2039 4990 2234 5063 (Epist.
2261 4991 2376 5058 25).

2118 5082 2205 5136 18.
2248 5080 2366 5150 Ipse
2414 5091 2626 5147 quoque
2671 5076 3024 5130 Maximianus
3074 5078 3126 5128 in
3175 5074 3335 5141 regite
3380 5071 3612 5127 civitatis

2040 5171 2224 5225 sedem
2257 5175 2584 5235 assumptus,
2631 5166 2824 5220 litteris
2865 5167 2973 5219 suis
2998 5163 3349 5220 Caelestinum
3377 5163 3444 5219 de
3471 5163 3614 5216 ordi-

2043 5264 2256 5317 natione
2284 5275 2380 5314 sua
2407 5261 2694 5314 certiorem
2721 5259 2844 5313 fecit
2870 5256 3060 5328 (Epist.
3088 5255 3181 5320 24,
3210 5272 3263 5308 n.
3292 5253 3365 5326 1).
3399 5255 3612 5308 Litteras

2041 5356 2146 5409 illae
2188 5367 2440 5408 sermone
2481 5350 2714 5420 simplici
2741 5349 3008 5404 sinceram
3040 5348 3236 5402 mentis
3266 5360 3330 5400 ac
3368 5345 3490 5400 ﬁdei
3521 5360 3614 5414 pu-

2045 5447 2256 5503 ritatem
2300 5445 2618 5513 prodebant.

2118 5535 2205 5590 19.
2247 5535 2498 5591 Socrates
2544 5533 2638 5588 lib.
2671 5547 2741 5587 vn
2789 5545 2910 5599 cap.
2957 5529 3028 5586 40
3076 5531 3318 5585 celebres
3361 5527 3613 5600 quasdam

2046 5637 2312 5684 memorat
2339 5626 2612 5682 leestini
2644 5626 2869 5687 litteras,
2896 5641 3045 5691 quas,
3074 5623 3264 5692 inquit,
3287 5621 3482 5693 Cyrillo
3505 5619 3621 5672 Ale-

2046 5722 2302 5777 xandrino
2323 5763 2336 5789 ,
2365 5720 2557 5775 Joanni
2594 5718 2914 5772 Antioclieno
2941 5727 2984 5771 et
3015 5717 3153 5786 Rufo
3180 5710 3619 5770 Thessalonicch
