3916 6178
288 297 394 355 565

1179 294 1270 351 AD
1307 293 1534 352 OPERA
1574 292 1965 353 C(ELESTINI
2008 294 2027 351 l
2066 295 2267 352 ΡΑΡῶ
2304 296 2671 354 APPENDIX.

3464 305 3561 361 564

290 417 309 483 (
334 412 481 468 addit
507 410 751 467 Valesius
778 410 827 465 in
861 425 969 465 eam
1007 424 1116 462 rem
1141 452 1157 479 ,
1208 409 1349 478 quod
1398 410 1551 464 abest
1580 425 1611 465 a
1638 405 1865 479 Graec)
1894 412 1947 471 Δ
1972 410 2062 479 58,
2117 410 2363 479 laudata,
2398 429 2582 468 verum
2614 414 2774 469 etiam
2803 429 2831 469 a
2861 414 3244 474 decessoribus
3273 422 3387 474 suis
3422 422 3565 476 Jul...

288 500 517 570 miserat,
548 514 733 558 docens
764 502 894 556 nihil
924 500 1122 555 obstare
1151 503 1426 573 quominus
1454 502 1497 555 is
1527 502 1619 571 qui
1644 501 1870 573 alicujus

289 596 538 650 Ecclesia
582 597 871 649 nominatus
896 594 959 647 sit
985 601 1075 647 aut
1100 610 1158 648 re
1180 596 1298 662 ipsa
1331 594 1516 647 existat
1558 594 1827 661 episcopus
1852 633 1868 658 ,

286 688 356 739 ad
396 688 558 740 aliam
596 685 878 739 Ecclesium
921 685 1281 752 transferatur.
1333 684 1535 741 Verum
1586 686 1686 741 hac
1726 686 1779 740 in
1812 700 1872 741 re

286 780 441 833 nobis
474 779 629 833 valde
656 790 904 847 suSpccta
933 787 1014 832 est
1044 778 1286 834 Socratis
1328 779 1587 833 narratio.

356 871 448 925 20.
493 870 691 924 Doctus
722 868 938 940 quidem
964 869 1339 924 Tillemontius
1364 910 1380 936 ,
1428 878 1563 925 tom.
1596 866 1706 924 XIV
1749 883 1869 937 pag.

293 964 397 1020 H9
425 974 481 1019 et
510 964 612 1019 150
632 1005 649 1031 ,
682 965 749 1019 de
776 964 1075 1018 litterarum
1105 963 1314 1018 illarum
1343 963 1570 1018 veritate
1611 959 1745 1016 nihil
1772 961 1873 1016 du-

286 1055 467 1108 bitans
493 1096 507 1117 ,
538 1070 631 1108 eas
665 1065 775 1109 tum
808 1054 947 1108 forte
991 1054 1217 1120 scriptas
1247 1053 1537 1121 opinatur,
1584 1066 1705 1107 cum
1752 1059 1872 1120 post

288 1148 472 1203 Sisiuii
505 1159 730 1202 mortem
755 1147 806 1201 in
832 1147 1006 1201 locum
1028 1146 1146 1214 ejus
1173 1147 1497 1200 constitutus
1517 1154 1661 1199 esset
1680 1144 1873 1199 Nesto-

286 1239 422 1303 rius,
460 1253 524 1292 ac
563 1237 739 1302 multi,
776 1239 864 1305 qui
905 1246 1221 1304 coeptarant
1262 1235 1507 1289 Proclum
1532 1275 1548 1300 ,
1595 1234 1867 1304 repulsam

286 1330 427 1399 passi
456 1338 659 1382 essent.
706 1327 813 1384 Sed
858 1327 906 1382 si
934 1342 996 1382 ea
1026 1328 1312 1382 occasione
1334 1369 1349 1393 ,
1394 1328 1496 1381 hoc
1524 1336 1607 1381 est
1630 1326 1698 1381 ab
1726 1341 1870 1382 anno

286 1420 709 1491 428vepistolam
740 1420 1045 1489 hujusmodi
1075 1420 1380 1489 scripsisset
1406 1419 1733 1475 Calestinus
1753 1461 1769 1486 ,
1815 1430 1871 1474 et

288 1514 641 1581 quaestionem
670 1512 737 1566 de
765 1510 1035 1581 episcOpis
1065 1513 1155 1566 uni
1186 1510 1443 1567 Ecclesia:
1472 1510 1769 1578 ordinatis,
1800 1527 1868 1566 an

288 1606 477 1661 liceret
499 1618 594 1659 eos
620 1604 730 1658 alio
755 1604 1069 1669 transferre,
1103 1612 1227 1657 tunc
1248 1602 1570 1669 decidisset;
1604 1603 1734 1657 nihil
1756 1602 1867 1672 jam

292 1697 490 1751 fuisset
520 1705 617 1751 cur
645 1696 888 1759 Proclus,
918 1711 1060 1749 anno
1091 1695 1188 1750 451
1221 1695 1469 1751 Nestorio
1496 1696 1731 1765 dejecto,
1758 1698 1872 1765 plu-

1973 501 1994 556 ι
2023 501 2181 569 epist.
2217 504 2278 567 1.
2308 519 2365 561 n.
2399 505 2461 570 5,
2500 504 2728 560 Damaso
2767 508 2926 574 epist.
2961 510 3015 575 5,
3050 526 3101 562 η.
3138 509 3193 575 4,
3223 523 3278 565 et
3318 514 3479 582 epist.
3514 534 3560 580 ι,

1972 608 2029 650 n.
2056 595 2111 660 3,
2142 594 2339 651 Siricio
2368 598 2529 667 epist.
2558 597 2647 665 10,
2679 614 2733 654 n.
2764 600 2851 654 16.
2880 599 3069 672 Neque
3098 604 3141 656 is
3167 615 3282 658 erat
3307 616 3384 671 ut,
3424 608 3563 661 istud

1971 685 2199 753 callens,
2230 687 2373 741 aliud
2402 688 2487 744 vel
2521 690 2842 760 praeciperet
2868 693 2953 746 vel
2988 696 3353 759 permitteret.

2042 777 2137 831 23.
2166 778 2282 833 Non
2311 781 2613 849 respuenda
2646 792 2823 836 tamen
2851 798 3069 851 prorsus
3096 785 3340 841 Socratis
3368 803 3561 842 narra-

1974 866 2071 920 tio.
2102 866 2288 937 Neque
2327 868 2671 925 iuflciandum
2713 872 3023 928 Theodosio
3052 875 3295 931 exhiberi
3325 881 3561 943 patuisse

1973 954 2253 1013 Calestini
2302 960 2528 1020 litteras,
2559 962 2755 1029 quibus
2793 967 3080 1031 quominus
3115 966 3336 1021 Proclus
3377 969 3445 1022 ad
3474 985 3559 1025 se-

1972 1045 2095 1102 dem
2131 1063 2499 1105 assumeretur
2530 1051 2941 1125 Coustautinop.
2981 1056 3265 1121 Ecclesiae.
3301 1060 3433 1115 nihil
3465 1063 3563 1115 ob.

1972 1150 2118 1195 stare
2148 1142 2488 1209 probaretur.
2531 1143 2821 1213 Pcrigeues
2858 1145 3209 1202 Patrensibus
3245 1150 3373 1204 olim
3414 1154 3561 1208 ordi-

1972 1240 2151 1295 natus,
2182 1232 2276 1286 sed
2329 1231 2397 1286 ab
2426 1232 2493 1286 iis
2538 1234 2802 1302 rejectus,
2835 1238 3174 1305 postmodum
3208 1257 3235 1293 a
3265 1240 3561 1298 Corinthiis

1972 1321 2025 1375 in
2053 1322 2366 1391 episcopum
2394 1335 2697 1394 cooptatus,
2729 1328 3038 1396 apostolica:
3067 1329 3215 1385 sedis
3240 1334 3561 1389 auctoritate

1970 1425 2267 1466 concessus
2310 1412 2376 1467 iis
2405 1412 2598 1469 fuerat.
2653 1416 2860 1472 Exinde
2887 1417 3165 1489 Perigenis
3210 1436 3453 1489 causam,
3504 1437 3560 1480 ut

1971 1503 2284 1571 apostolica:
2315 1504 2460 1559 sedis
2486 1505 2693 1574 judicio
2726 1508 2954 1575 ﬁnitam,
2997 1508 3278 1568 Calestini
3303 1514 3561 1571 decessor

1972 1593 2281 1650 Bonifacius
2316 1611 2348 1651 a
2388 1597 2539 1652 nullo
2580 1598 2867 1655 instaurari
2898 1612 2992 1673 aut
3038 1607 3315 1659 retractari
3356 1609 3559 1675 permi-

1972 1686 2062 1742 sit.
2092 1686 2211 1755 Ipse
2252 1686 2580 1744 Calestinus
2614 1693 2826 1746 tertiam
2873 1709 2939 1748 ex
2967 1696 3213 1764 epistolis
3254 1699 3366 1752 suis
3412 1699 3561 1755 Peri-

292 1789 441 1843 ribus
466 1788 514 1841 ei
543 1804 759 1842 rursum
786 1787 1225 1857 suffragantibus,
1258 1790 1308 1842 in
1332 1790 1468 1843 solio
1487 1786 1866 1845 Coustantino-
1900 1776 1948 1835 Β
1972 1778 2094 1846 seni
2125 1781 2443 1833 ηοῐηῖηιιιὶῐη
2475 1793 2529 1834 ιιι
2557 1781 2699 1836 inter
2731 1784 3011 1852 primarios
3043 1786 3241 1857 Illyrici
3279 1791 3559 1859 episcopos

289 1879 541 1947 petitante
573 1877 831 1932 Ecclesia
860 1892 966 1931 non
996 1878 1358 1933 sufficeretur.
1388 1878 1685 1945 Quominus
1726 1880 1869 1935 enim

289 1967 482 2021 horum
514 1982 543 2020 a
576 1968 769 2035 quibus
796 1969 1187 2036 postulabatur,
1218 1972 1558 2037 pravaluerit
1581 1972 1871 2036 sententia,

290 2057 343 2113 id
377 2074 540 2112 unum
572 2058 850 2115 obstitisse
875 2059 1128 2115 Socrates
1154 2069 1412 2127 testatur,
1445 2061 1589 2131 quod
1618 2062 1872 2118 electioni

288 2150 408 2218 ejus
440 2150 874 2206 intercessissent
904 2152 1166 2218 nonnulli,
1197 2154 1541 2208 ecclesiastico
1568 2169 1762 2209 canone
1788 2170 1873 2208 ue-

289 2242 438 2293 titum
459 2256 567 2295 esse
587 2242 832 2307 dicentes,
848 2258 911 2296 ne
925 2243 970 2296 is
990 2244 1080 2315 qui
1097 2244 1322 2315 alicujus
1337 2245 1555 2300 civitatis
1575 2246 1873 2316 designatus

290 2333 445 2403 fuerit
472 2333 762 2402 cpiscopus,
794 2334 863 2387 ad
894 2336 1049 2388 aliam
1078 2336 1330 2390 ciuitatem
1360 2342 1725 2409 transferatur.

362 2424 454 2478 21.
498 2425 566 2478 Et
593 2440 721 2480 vero
751 2425 1004 2481 Socrates
1029 2426 1308 2482 Calestiui
1342 2431 1565 2495 litteras,
1597 2433 1790 2501 quibus
1820 2432 1869 2486 id

291 2514 676 2579 decidebatur,
709 2527 829 2586 post
856 2518 1161 2571 Maximiani
1195 2519 1585 2575 ordinationem
1618 2524 1869 2591 scriptas,

292 2617 442 2663 certe
471 2616 593 2677 post
621 2610 859 2678 episcopi
894 2609 1053 2678 hujus
1081 2619 1311 2664 mortem
1345 2612 1575 2680 primum
1606 2614 1871 2667 exhibitas

291 2698 464 2755 fuisse
492 2698 674 2755 docet.
708 2697 809 2756 Ubi
837 2700 979 2754 enim
1009 2700 1391 2755 Maximianum
1411 2743 1425 2765 ,
1454 2717 1576 2757 cum
1604 2718 1700 2773 per
1723 2703 1873 2759 bien-

295 2790 442 2844 nium
474 2804 537 2846 ac
570 2806 787 2845 menses
828 2792 1066 2860 quinque
1100 2793 1393 2848 Ecclesiam
1443 2807 1597 2848 suam
1636 2794 1871 2849 admini-

291 2891 539 2950 strasset,
571 2882 680 2937 lato
726 2883 968 2938 functum
996 2899 1117 2939 esse
1162 2885 1429 2952 narravit,
1470 2895 1627 2951 tunc,
1674 2886 1868 2956 inquit,

292 2973 626 3027 'l‘beodosius
662 2974 956 3043 imperator
990 2976 1177 3045 absque
1202 2976 1313 3030 ulla
1341 2976 1699 3042 cunctatione,
1743 2994 1872 3032 non-

292 3067 414 3119 dum
436 3066 668 3135 deposito
691 3065 1003 3122 Maximiani
1025 3084 1255 3139 corpore,
1274 3069 1527 3141 episcOpis
1547 3070 1634 3140 qui
1655 3070 1869 3125 aderant

1972 1870 2149 1923 locum
2182 1872 2386 1925 tenenti
2422 1872 2716 1943 inscripsit.
2749 1875 2881 1929 Cum
2929 1876 3091 1945 igitur
3135 1880 3202 1934 de
3234 1881 3407 1937 Procli
3446 1896 3559 1938 ete-

1971 1963 2151 2017 ctione
2188 1971 2462 2033 ageretur,
2510 1982 2578 2019 ne
2606 1966 2692 2020 cui
2726 1967 2959 2024 bzereret
2996 1970 3068 2023 ob
3098 1986 3359 2027 canonem
3392 1991 3559 2041 quon-

1972 2054 2094 2109 dam
2123 2056 2172 2110 ei
2217 2056 2487 2125 obiectum
2530 2060 2838 2126 scrupulus,
2871 2072 3179 2131 opportune
3226 2066 3277 2118 in
3324 2067 3556 2122 medium

1974 2145 2203 2215 proferri
2235 2150 2405 2213 potuit
2430 2150 2672 2219 epistola:
2705 2151 2862 2220 hujus
2887 2156 3219 2222 exemplum,
3240 2171 3302 2210 ex
3336 2172 3442 2226 quo
3468 2174 3559 2213 ex-

1973 2238 2239 2307 ploratum
2264 2251 2431 2305 esset,
2471 2242 2716 2296 Proclnm
2747 2244 2813 2297 ad
2858 2245 3114 2300 Ecclesia:
3143 2247 3554 2318 Constantinop.

1971 2329 2341 2399 episcopatum
2374 2331 2539 2387 licere
2562 2333 2867 2398 transferri,
2892 2349 3014 2389 cum
3036 2336 3381 2401 Calestinus,
3406 2340 3558 2409 cujus

1972 2419 2209 2475 decretis
2237 2421 2506 2490 Ephesiua
2536 2424 2777 2494 syimdus
2808 2433 3010 2479 tantum
3052 2430 3375 2482 reverentia:
3406 2430 3558 2484 detu-

1974 2510 2127 2575 lerat,
2159 2511 2464 2580 huiusmodi
2496 2516 2903 2572 translationem
2937 2518 3220 2573 manifeste
3254 2522 3551 2588 approbas-

1974 2609 2078 2655 set.
2106 2603 2261 2669 Quod
2290 2605 2504 2672 quidem
2536 2621 2601 2659 ex
2632 2608 2860 2661 aliorum
2901 2610 3165 2663 relatione
3203 2612 3430 2665 audiens
3468 2614 3560 2667 So-

1973 2706 2170 2761 crates,
2205 2706 2257 2749 et
2310 2696 2447 2751 facta
2491 2700 2712 2753 omnino
2764 2701 2995 2768 diversa,
3046 2718 3148 2756 non
3193 2706 3403 2758 insueto
3457 2707 3557 2758 sibi

1974 2801 2148 2851 more,
2174 2787 2513 2859 conjungens
2543 2800 2704 2861 atque
2732 2793 3069 2849 confundens
3087 2840 3100 2861 ,
3132 2795 3181 2848 id
3209 2794 3555 2850 Caelestinum

1974 2877 2027 2932 in
2073 2880 2378 2935 celebribus
2422 2882 2531 2937 illis
2578 2883 2773 2938 litteris
2802 2864 3027 2953 (Calest.
3080 2888 3231 2956 epist.
3278 2888 3388 2959 l2).
3430 2904 3559 2957 quas

1974 2969 2266 3024 etiamnum
2282 2970 2564 3037 habemus,
2585 2982 2640 3027 et
2663 2975 2712 3027 in
2737 2975 2931 3045 quibus
2954 2977 3082 3030 nihil
3105 2978 3283 3032 simile
3308 2978 3555 3048 legimus,

1973 3059 2041 3114 ad
2064 3058 2343 3131 Cyrillum,
2370 3062 2635 3119 Joannem
2667 3075 2720 3120 et
2749 3065 2946 3120 Rufum
2978 3069 3158 3123 missis
3182 3069 3428 3123 dOCltiSSc
3458 3071 3559 3124 sibi

290 3156 552 3211 mandavit
587 3164 644 3210 ut
685 3156 934 3211 Proetum
962 3159 1015 3212 in
1042 3137 1324 3230 ερέεεοραιί
1357 3137 1489 3215 galia
1518 3137 1828 3216 οριιοεαηηι
1852 3179 1871 3229 ς
1897 3137 1944 3199 C
1976 3155 2269 3223 persuasit.
2301 3157 2355 3210 ld
2385 3173 2512 3212 vero
2551 3159 2603 3212 in
2636 3162 2871 3213 animum
2906 3177 3059 3215 suum
3092 3179 3157 3217 eo
3199 3163 3404 3217 induxit
3434 3164 3561 3218 faci-

292 3250 349 3301 Μ
380 3251 517 3301 enim
542 3248 800 3303 Calestini
821 3265 1025 3320 quoque
1048 3252 1272 3319 episcOpi
1298 3250 1525 3306 Romani
1550 3253 1734 3307 littera
1757 3262 1877 3308 tunc

293 3339 534 3393 exhibita
558 3340 961 3405 conﬁrmabant,
995 3358 1120 3409 quas
1149 3342 1240 3395 ille
1261 3342 1454 3396 Joanni
1482 3342 1801 3398 Antiocheno
1829 3354 1877 3399 et

294 3428 435 3493 Rufo
453 3428 896 3485 Thessalonicensi
914 3431 1148 3498 miserat,
1160 3432 1347 3487 docens
1363 3435 1497 3488 nihil
1512 3434 1727 3503 obstare,
1743 3446 1873 3504 etc.,

294 3532 354 3575 ut
377 3538 555 3589 supra.
582 3522 687 3578 Sed
709 3538 880 3593 neque
903 3523 1045 3579 istud
1066 3539 1186 3580 cum
1212 3524 1462 3581 historica
1485 3528 1707 3582 veritate
1728 3542 1878 3583 com-

299 3614 422 3679 poni
451 3612 610 3668 facile
636 3623 832 3681 potest.
861 3614 939 3668 Εο
960 3616 1162 3687 quippe
1181 3631 1324 3671 anno
1347 3618 1435 3686 qui
1462 3618 1765 3673 Maximiani
1787 3633 1878 3672 or-

297 3704 628 3760 dinationem
657 3707 892 3775 excepit,
920 3706 1057 3761 obiit
1085 3706 1426 3773 Calestinus,
1457 3720 1510 3764 et
1532 3720 1690 3763 antea
1714 3710 1875 3764 Joan-

297 3813 395 3851 nes
416 3798 779 3854 Antiochenus
799 3798 1083 3868 Ephesium
1100 3800 1293 3869 synodi
1318 3804 1583 3857 sententia
1598 3802 1876 3857 submotus

294 3891 362 3943 ab
384 3889 642 3945 Ecclesia
662 3892 1061 3959 communiOue,
1086 3892 1153 3945 ad
1174 3892 1378 3947 obitum
1405 3907 1574 3964 usque
1595 3892 1872 3949 Calestini

296 3981 363 4035 ab
390 3995 453 4035 ea
483 3992 795 4051 segregatus
826 3982 1141 4050 permansit.
1194 3984 1348 4038 Hunc
1376 3993 1555 4039 autem
1587 4000 1777 4054 papam
1806 3987 1871 4039 ad

295 4073 609 4142 episcopum
637 4114 651 4137 ,
685 4073 876 4143 synodi
902 4075 1171 4127 sententia
1201 4089 1359 4143 quam
1393 4075 1507 4142 ipse
1533 4076 1876 4129 confirmarat

295 4175 632 4232 segregatum
658 4203 674 4227 ,
728 4164 933 4218 litteras
962 4166 1109 4233 pacis
1138 4174 1192 4219 et
1218 4169 1615 4223 communionis
1666 4168 1875 4224 indices

298 4254 513 4307 redisse
541 4255 664 4323 quis
692 4253 791 4307 sibi
824 4255 1190 4322 persuadeat?
1861 4302 1875 4313 .

362 4343 454 4399 22.
502 4344 658 4401 Ultro
696 4345 916 4416 largiar,
957 4347 1061 4402 hoc
1096 4346 1452 4404 Calestinum
1483 4350 1723 4407 scribere
1761 4359 1873 4407 tum

298 4439 558 4507 noluisse,
600 4438 733 4493 nihil
764 4439 971 4495 scilicet
998 4449 1181 4496 vetare
1207 4442 1493 4513 quominus
1526 4444 1751 4499 Proclus
1772 4444 1876 4517 Cy-

291 4535 509 4587 zicenus
534 4533 838 4599 ordinatus,
885 4535 979 4589 sed
1008 4535 1078 4589 ab
1114 4536 1196 4590 his
1242 4552 1532 4606 numquam
1580 4537 1873 4603 admissus,

296 4622 555 4677 Ecclesiae
600 4622 1214 4692 Constantinopolitanae
1268 4627 1653 4695 praeficeretur.
1702 4628 1770 4684 At
1819 4629 1873 4685 in

292 4716 529 4769 animum
580 4730 877 4785 numquam
922 4715 1173 4771 inducam
1226 4732 1442 4785 meum,
1494 4728 1551 4772 ut
1597 4719 1875 4775 Romanus

292 4804 560 4873 pontifex,
602 4805 757 4875 cujus
786 4806 983 4876 scripta
1021 4822 1286 4861 summum
1327 4820 1676 4876 paternorum
1704 4819 1876 4866 statu-

290 4909 470 4954 torum
502 4898 821 4952 intemerate
849 4898 1238 4953 servandorum
1273 4900 1510 4955 studium
1539 4902 1738 4972 ubique
1766 4904 1875 4973 spi-
1932 4964 1935 4967 Α

288 4999 432 5059 rant,
464 4998 660 5058 prteter
683 4989 1022 5057 disciplinam
1047 5007 1074 5043 a
1098 4991 1479 5046 decessoribus
1499 4992 1611 5047 suis
1632 4995 1874 5050 studiose

284 5080 742 5143 commendatam,
772 5088 827 5133 et
852 5096 878 5132 a
913 5083 1323 5136 successoribus
1352 5099 1447 5149 per
1484 5084 1648 5136 multa
1679 5086 1871 5139 saecula

288 5178 605 5223 constanter
650 5169 968 5225 custoditum
995 5212 1008 5231 ,
1055 5170 1197 5224 nulla
1260 5173 1506 5239 exigente
1551 5176 1874 5228 necessitate

286 5260 587 5327 scripserit,
621 5269 679 5314 ut
705 5275 811 5313 non
836 5262 1008 5314 solum
1032 5260 1077 5316 is
1105 5262 1194 5332 qui
1220 5262 1513 5315 nominatus
1533 5264 1599 5316 sit
1629 5264 1755 5329 (nec
1776 5266 1872 5319 ad-

283 5351 543 5419 missus),
578 5353 669 5406 sed
698 5354 851 5407 etiam
884 5354 972 5419 qui
1001 5370 1058 5407 re
1083 5354 1193 5424 ipsa
1234 5354 1423 5407 existat
1452 5354 1752 5424 episcopus,
1802 5358 1873 5409 ad

285 5440 445 5491 aliam
484 5438 775 5497 Ecclesium
805 5445 1175 5515 transferatur.
1221 5443 1337 5498 Non
1377 5446 1655 5513 ignorabat
1694 5444 1875 5503 Cale-

284 5532 463 5588 stinus
488 5529 591 5587 hoc
612 5544 947 5603 postremum
973 5533 1251 5604 conceptis
1275 5537 1455 5589 verbis
1476 5537 1700 5591 vetitum
1722 5552 1869 5603 esse,

284 5641 393 5681 non
425 5626 587 5681 modo
611 5643 640 5681 a
670 5627 885 5685 Nicana
912 5629 1120 5701 synodo
1146 5644 1269 5685 can.
1295 5628 1384 5693 16,
1412 5628 1722 5685 Sardicensi
1744 5644 1868 5686 can.

315 5718 341 5773 1
421 5726 477 5774 et
548 5716 628 5785 Ξῖ
755 5724 808 5778 in
918 5723 1148 5777 concilio
1191 5721 1863 5791 Carthaginensint,can.

1979 3246 2105 3313 lius,
2135 3264 2241 3318 quo
2277 3262 2669 3320 praconceptm
2702 3254 2753 3306 in
2788 3256 3012 3319 gratiam
3042 3256 3415 3310 translationis
3454 3258 3556 3323 epi-

1978 3351 2265 3406 scoporum
2290 3341 2562 3409 opinioni,
2589 3359 2748 3413 quam
2776 3344 2896 3397 data
2928 3360 3092 3415 opera
3125 3345 3219 3401 lib.
3246 3362 3317 3400 vn
3346 3364 3464 3417 cap.
3490 3348 3558 3403 36

1981 3438 2179 3496 tuetur,
2210 3433 2381 3500 magis
2411 3431 2635 3488 faverit.

2048 3526 2140 3580 24.
2175 3527 2363 3595 llajori
2399 3528 2500 3581 flde
2529 3527 2719 3597 dignus
2743 3529 2956 3583 videtur
2983 3529 3120 3584 idem
3155 3522 3386 3597 scriptor
3416 3531 3465 3584 in
3495 3545 3561 3584 eo

1978 3617 2119 3686 quod
2152 3618 2242 3671 lib.
2285 3633 2355 3673 vn
2386 3634 2433 3671 c.
2468 3620 2532 3673 10
2561 3619 2762 3672 tradit:
2810 3618 3112 3673 Calestinus
3150 3638 3349 3692 quoque
3380 3621 3558 3675 Nova-

1977 3708 2136 3762 tianis
2180 3710 2416 3763 ecclesias
2448 3726 2574 3780 quas
2616 3709 2794 3763 Roma
2829 3710 3081 3763 habebant
3111 3713 3325 3772 ademit,
3362 3722 3411 3766 et
3451 3711 3561 3766 Ru-

1976 3797 2219 3850 sticulum
2249 3814 2427 3851 eorum
2448 3800 2743 3869 episcopum
2766 3804 2897 3852 clam
2926 3804 2977 3852 in
3000 3802 3210 3870 privatis
3232 3802 3427 3855 adibus
3449 3801 3557 3869 ple-

1978 3886 2086 3941 bem
2113 3887 2356 3957 colligere
2383 3888 2651 3956 compulit.
2680 3889 2887 3955 Quibus
2913 3899 2969 3944 et
3001 3891 3100 3943 hoc
3131 3891 3318 3949 addit:
3354 3889 3557 3944 Etenim

1977 3989 2024 4035 et
2050 3982 2119 4033 ad
2151 3981 2206 4033 id
2245 3997 2403 4050 usque
2445 3983 2686 4053 temporis
2732 3981 3019 4036 Novatiani
3060 3984 3240 4037 Roma
3282 3986 3558 4053 plurimum

1976 4075 2279 4142 floruerant,
2331 4091 2449 4127 cum
2496 4075 2680 4127 multas
2731 4076 2801 4127 ibi
2841 4075 3081 4129 ecclesias
3122 4077 3467 4147 possiderent.
3512 4084 3558 4128 et

1976 4167 2254 4219 maximam
2281 4165 2458 4237 pepuli
2492 4167 2870 4219 multitudinem
2898 4167 2947 4219 in
2979 4166 3053 4220 eis
3081 4165 3401 4237 colligerent.
3432 4166 3550 4220 Jatn

1977 4267 2133 4311 antea
2164 4267 2361 4325 tamen,
2391 4260 2506 4326 ipso
2529 4258 2751 4312 Socrate
2782 4258 2908 4312 ibid.
2942 4275 2992 4313 c.
3021 4257 3055 4313 9
3087 4269 3247 4324 teste,
3288 4257 3558 4312 lunocen~

1978 4349 2083 4403 tius
2136 4349 2353 4404 eosdem
2410 4350 2693 4403 hareticos
2748 4350 2998 4419 persequi
3052 4360 3322 4419 caperat,
3375 4350 3567 4420 eisque

1980 4440 2175 4494 multas
2210 4439 2467 4495 ecclesias
2495 4442 2787 4509 eripuerat.

2300 4531 2329 4604 ᾗ
2358 4532 2421 4588 ll.
2454 4532 2669 4587 Decreta
2698 4530 2967 4587 Calestino
2993 4533 3242 4597 ascripta.

2048 4623 2139 4677 25.
2168 4622 2225 4676 ln
2259 4622 2396 4677 libro
2419 4622 2714 4692 pontificali
2746 4620 3069 4677 Calestinus
3097 4622 3446 4677 constituisse
3473 4623 3559 4677 di-

1978 4716 2139 4782 citur,
2173 4724 2228 4767 ut
2258 4714 2443 4784 psalmi
2476 4713 2640 4767 David
2682 4729 2749 4769 Cl.
2776 4725 2893 4768 ante
2928 4715 3238 4783 sacriﬁcium
3279 4715 3563 4782 psalleren-

1979 4817 2082 4873 tur,
2116 4806 2255 4877 quod
2279 4814 2429 4859 antea
2453 4822 2552 4859 non
2573 4804 2725 4875 [iebat
2743 4824 2762 4872 ;
2783 4806 2873 4859 sed
2896 4815 3095 4859 tantum
3122 4804 3376 4875 Epistola
3401 4806 3561 4861 Pauli

1976 4905 2025 4951 et
2053 4906 2288 4950 sanctum
2329 4896 2682 4967 Et'angelium.
2719 4896 2916 4952 Verum
2957 4898 3250 4951 etiamnum
3301 4897 3562 4952 habemus

1976 4990 2229 5046 hontilias
2253 5001 2304 5045 et
2327 4992 2617 5044 conciones
2641 4989 2837 5057 quibus
2860 4988 3047 5044 Patres
3076 4990 3237 5044 etiam
3265 4987 3559 5045 Caelestino

1975 5080 2308 5149 antiquiores
2338 5081 2575 5150 psalmos
2605 5082 2845 5147 aliasque
2868 5080 2937 5133 ab
2960 5079 3264 5149 Evangeliis
3286 5091 3377 5133 aut
3406 5080 3555 5134 Pauli

1978 5174 2237 5242 Epistolis
2265 5174 2573 5241 Scripturas
2603 5172 2894 5238 explicant,
2920 5186 3039 5241 qua:
3070 5172 3305 5241 populis,
3340 5170 3465 5225 dum
3490 5172 3557 5225 ad

1973 5266 2294 5319 sacrificium
2325 5264 2710 5319 celebrandum
2742 5245 3133 5329 convenirent,
3167 5263 3405 5319 recitata:
3442 5264 3559 5319 fue-

1974 5366 2116 5413 rant.

2045 5447 2134 5502 26.
2161 5447 2400 5512 Quatuor
2438 5447 2541 5500 alia
2572 5446 2790 5501 decreta
2832 5448 2884 5501 in
2929 5446 3258 5502 editiouibus
3297 5446 3557 5499 concilio-

1973 5552 2095 5591 rum
2136 5552 2164 5590 a
2195 5536 2429 5591 Crabbio
2470 5550 2535 5591 ac
2577 5536 2832 5606 deinceps
2875 5538 3086 5607 vulgata
3129 5547 3256 5591 sunt
3300 5536 3445 5590 velut
3489 5551 3555 5593 ex
3598 5541 3602 5544 ⁴

1973 5625 2233 5684 Gratiano
2276 5636 2554 5698 excerpta.
2585 5628 2823 5684 Primum
2869 5640 2933 5686 ex
2964 5629 3074 5685 illis
3098 5628 3173 5684 ita
3214 5640 3553 5697 expressum,

1976 5720 2177 5777 Nullus
2207 5722 2423 5794 primas,
2446 5721 2621 5781 nullus
2652 5724 3104 5795 melropolitanus,
3137 5723 3409 5793 nullusque
3431 5719 3555 5775 reli—
