  <div class='ocr_page' id='page_1' title='image "/cluster/home/n/w/nwhite01/storage/ocr_20150623/50/hvd.32044096580717/330.png"; bbox 0 0 3916 6178; ppageno 0'>
   <div class='ocr_carea' id='block_1_1' title="bbox 384 280 483 344">
    <p class='ocr_par' dir='ltr' id='par_1_1' title="bbox 384 280 483 344">
     <span class='ocr_line' id='line_1_1' title="bbox 384 280 483 344; baseline -0.02 0"><span class='ocrx_word' id='word_1_1' title='bbox 384 280 483 344; x_wconf 69' lang='grc'><strong>1165</strong></span> 
     </span>
    </p>
   </div>
   <div class='ocr_carea' id='block_1_2' title="bbox 809 279 3286 349">
    <p class='ocr_par' dir='ltr' id='par_1_2' title="bbox 809 279 3286 349">
     <span class='ocr_line' id='line_1_2' title="bbox 809 279 3286 349; baseline 0.003 -7"><span class='ocrx_word' id='word_1_2' title='bbox 809 280 1201 343; x_wconf 69' lang='lat' dir='ltr'><strong>ANTONINL‘S</strong></span> <span class='ocrx_word' id='word_1_3' title='bbox 1243 279 1660 345; x_wconf 70' lang='lat' dir='ltr'><strong>liONORATUS</strong></span> <span class='ocrx_word' id='word_1_4' title='bbox 1700 285 1913 345; x_wconf 80' lang='lat' dir='ltr'><strong>EPISC.</strong></span> <span class='ocrx_word' id='word_1_5' title='bbox 1951 283 2611 347; x_wconf 53' lang='lat' dir='ltr'><strong>CONSTANTINENSIS.</strong></span> <span class='ocrx_word' id='word_1_6' title='bbox 2650 321 2717 333; x_wconf 89' lang='lat'><strong>--</strong></span> <span class='ocrx_word' id='word_1_7' title='bbox 2750 289 3286 349; x_wconf 64' lang='lat' dir='ltr'><strong>PROLEGOMENAJ</strong></span> 
     </span>
    </p>
   </div>
   <div class='ocr_carea' id='block_1_3' title="bbox 3518 298 3620 355">
    <p class='ocr_par' dir='ltr' id='par_1_3' title="bbox 3518 298 3620 355">
     <span class='ocr_line' id='line_1_3' title="bbox 3518 298 3620 355; baseline 0.01 -1"><span class='ocrx_word' id='word_1_8' title='bbox 3518 298 3620 355; x_wconf 82' lang='lat'><strong>566</strong></span> 
     </span>
    </p>
   </div>
   <div class='ocr_carea' id='block_1_4' title="bbox 382 403 3626 477">
    <p class='ocr_par' dir='ltr' id='par_1_4' title="bbox 382 403 3626 477">
     <span class='ocr_line' id='line_1_4' title="bbox 382 403 3626 477; baseline 0.002 -18"><span class='ocrx_word' id='word_1_9' title='bbox 382 420 593 476; x_wconf 75' lang='lat' dir='ltr'><strong>quorum</strong></span> <span class='ocrx_word' id='word_1_10' title='bbox 640 406 1017 476; x_wconf 86' lang='lat' dir='ltr'><strong>episcoporum,</strong></span> <span class='ocrx_word' id='word_1_11' title='bbox 1062 405 1275 460; x_wconf 88' lang='lat' dir='ltr'><strong>alterius</strong></span> <span class='ocrx_word' id='word_1_12' title='bbox 1322 406 1471 460; x_wconf 88' lang='lat' dir='ltr'><strong>adeat</strong></span> <span class='ocrx_word' id='word_1_13' title='bbox 1513 405 1789 471; x_wconf 79' lang='lat' dir='ltr'><strong>ciuitatem,</strong></span> <span class='ocrx_word' id='word_1_14' title='bbox 1820 414 1953 474; x_wconf 87' lang='lat' dir='ltr'><strong>etc.,</strong></span> <span class='ocrx_word' id='word_1_15' title='bbox 1982 410 2031 469; x_wconf 75' lang='grc' dir='ltr'><strong>Α</strong></span> <span class='ocrx_word' id='word_1_16' title='bbox 2056 403 2325 473; x_wconf 75' lang='lat' dir='ltr'><strong>presbyter</strong></span> <span class='ocrx_word' id='word_1_17' title='bbox 2358 406 2626 460; x_wconf 80' lang='lat' dir='ltr'><strong>duodecim</strong></span> <span class='ocrx_word' id='word_1_18' title='bbox 2654 424 2673 470; x_wconf 88' lang='lat'><strong><em>;</em></strong></span> <span class='ocrx_word' id='word_1_19' title='bbox 2706 414 2753 460; x_wconf 89' lang='lat' dir='ltr'><strong>et</strong></span> <span class='ocrx_word' id='word_1_20' title='bbox 2795 408 3106 477; x_wconf 77' lang='lat' dir='ltr'><strong>deponatur,</strong></span> <span class='ocrx_word' id='word_1_21' title='bbox 3151 408 3196 461; x_wconf 86' lang='lat' dir='ltr'><strong>si</strong></span> <span class='ocrx_word' id='word_1_22' title='bbox 3220 417 3393 462; x_wconf 82' lang='lat' dir='ltr'><strong>tamen</strong></span> <span class='ocrx_word' id='word_1_23' title='bbox 3417 408 3473 464; x_wconf 87' lang='lat' dir='ltr'><strong>in</strong></span> <span class='ocrx_word' id='word_1_24' title='bbox 3502 427 3626 465; x_wconf 83' lang='lat' dir='ltr'><strong>con-</strong></span> 
     </span>
    </p>
   </div>
   <div class='ocr_carea' id='block_1_5' title="bbox 382 494 1954 566">
    <p class='ocr_par' dir='ltr' id='par_1_5' title="bbox 382 494 1954 566">
     <span class='ocr_line' id='line_1_5' title="bbox 382 494 1954 566; baseline 0.001 -15"><span class='ocrx_word' id='word_1_25' title='bbox 382 504 594 552; x_wconf 87' lang='lat' dir='ltr'><strong>notatur</strong></span> <span class='ocrx_word' id='word_1_26' title='bbox 632 503 696 551; x_wconf 90' lang='lat' dir='ltr'><strong>ut</strong></span> <span class='ocrx_word' id='word_1_27' title='bbox 740 511 772 550; x_wconf 85' lang='lat' dir='ltr'><strong>a</strong></span> <span class='ocrx_word' id='word_1_28' title='bbox 818 495 1076 551; x_wconf 84' lang='lat' dir='ltr'><strong>Gratiano</strong></span> <span class='ocrx_word' id='word_1_29' title='bbox 1106 495 1159 560; x_wconf 84' lang='lat'><strong>9,</strong></span> <span class='ocrx_word' id='word_1_30' title='bbox 1207 505 1398 566; x_wconf 57' lang='lat' dir='ltr'><strong>quaest.</strong></span> <span class='ocrx_word' id='word_1_31' title='bbox 1429 494 1484 563; x_wconf 72' lang='lat'><strong>2,</strong></span> <span class='ocrx_word' id='word_1_32' title='bbox 1514 512 1564 551; x_wconf 92' lang='lat' dir='ltr'><strong>c.</strong></span> <span class='ocrx_word' id='word_1_33' title='bbox 1595 495 1649 565; x_wconf 78' lang='lat'><strong>5,</strong></span> <span class='ocrx_word' id='word_1_34' title='bbox 1681 496 1954 553; x_wconf 63' lang='lat' dir='ltr'><strong>Caelestini</strong></span> 
     </span>
    </p>
   </div>
   <div class='ocr_carea' id='block_1_6' title="bbox 382 587 1955 658">
    <p class='ocr_par' dir='ltr' id='par_1_6' title="bbox 382 587 1955 658">
     <span class='ocr_line' id='line_1_6' title="bbox 382 587 1955 658; baseline 0 -15"><span class='ocrx_word' id='word_1_35' title='bbox 382 590 595 644; x_wconf 84' lang='lat' dir='ltr'><strong>nomine</strong></span> <span class='ocrx_word' id='word_1_36' title='bbox 642 587 934 658; x_wconf 89' lang='lat' dir='ltr'><strong>prolatum.</strong></span> <span class='ocrx_word' id='word_1_37' title='bbox 979 588 1087 645; x_wconf 90' lang='lat' dir='ltr'><strong>Sed</strong></span> <span class='ocrx_word' id='word_1_38' title='bbox 1128 587 1439 651; x_wconf 85' lang='lat' dir='ltr'><strong>Crabhinm,</strong></span> <span class='ocrx_word' id='word_1_39' title='bbox 1492 588 1671 657; x_wconf 84' lang='lat' dir='ltr'><strong>aliqua</strong></span> <span class='ocrx_word' id='word_1_40' title='bbox 1715 587 1955 643; x_wconf 88' lang='lat' dir='ltr'><strong>Gratiani</strong></span> 
     </span>
    </p>
   </div>
   <div class='ocr_carea' id='block_1_7' title="bbox 380 679 1955 749">
    <p class='ocr_par' dir='ltr' id='par_1_7' title="bbox 380 679 1955 749">
     <span class='ocr_line' id='line_1_7' title="bbox 380 679 1955 749; baseline 0 -14"><span class='ocrx_word' id='word_1_41' title='bbox 380 680 508 735; x_wconf 80' lang='lat' dir='ltr'><strong>falsa</strong></span> <span class='ocrx_word' id='word_1_42' title='bbox 540 681 781 736; x_wconf 73' lang='lat' dir='ltr'><strong>editione</strong></span> <span class='ocrx_word' id='word_1_43' title='bbox 806 679 1114 749; x_wconf 89' lang='lat' dir='ltr'><strong>deceptum,</strong></span> <span class='ocrx_word' id='word_1_44' title='bbox 1145 688 1349 733; x_wconf 85' lang='lat' dir='ltr'><strong>temere</strong></span> <span class='ocrx_word' id='word_1_45' title='bbox 1388 680 1558 733; x_wconf 78' lang='lat' dir='ltr'><strong>secuti</strong></span> <span class='ocrx_word' id='word_1_46' title='bbox 1604 688 1730 734; x_wconf 89' lang='lat' dir='ltr'><strong>sunt</strong></span> <span class='ocrx_word' id='word_1_47' title='bbox 1773 682 1955 735; x_wconf 62' lang='lat' dir='ltr'><strong>caeteri</strong></span> 
     </span>
    </p>
   </div>
   <div class='ocr_carea' id='block_1_8' title="bbox 376 769 1955 840">
    <p class='ocr_par' dir='ltr' id='par_1_8' title="bbox 376 769 1955 840">
     <span class='ocr_line' id='line_1_8' title="bbox 376 769 1955 840; baseline 0 -13"><span class='ocrx_word' id='word_1_48' title='bbox 376 772 727 827; x_wconf 87' lang='lat' dir='ltr'><strong>conciliorum</strong></span> <span class='ocrx_word' id='word_1_49' title='bbox 770 770 1029 826; x_wconf 75' lang='lat' dir='ltr'><strong>editores.</strong></span> <span class='ocrx_word' id='word_1_50' title='bbox 1060 769 1217 840; x_wconf 82' lang='lat' dir='ltr'><strong>Apud</strong></span> <span class='ocrx_word' id='word_1_51' title='bbox 1258 772 1429 839; x_wconf 87' lang='lat' dir='ltr'><strong>ipsum</strong></span> <span class='ocrx_word' id='word_1_52' title='bbox 1469 770 1612 825; x_wconf 87' lang='lat' dir='ltr'><strong>enim</strong></span> <span class='ocrx_word' id='word_1_53' title='bbox 1643 770 1955 827; x_wconf 73' lang='lat' dir='ltr'><strong>Gratianum</strong></span> 
     </span>
    </p>
   </div>
   <div class='ocr_carea' id='block_1_9' title="bbox 376 860 1959 931">
    <p class='ocr_par' dir='ltr' id='par_1_9' title="bbox 376 860 1959 931">
     <span class='ocr_line' id='line_1_9' title="bbox 376 860 1959 931; baseline -0.002 -11"><span class='ocrx_word' id='word_1_54' title='bbox 376 866 495 920; x_wconf 87' lang='lat' dir='ltr'><strong>loco</strong></span> <span class='ocrx_word' id='word_1_55' title='bbox 522 865 706 931; x_wconf 88' lang='lat' dir='ltr'><strong>citato,</strong></span> <span class='ocrx_word' id='word_1_56' title='bbox 741 872 798 918; x_wconf 93' lang='lat' dir='ltr'><strong>ut</strong></span> <span class='ocrx_word' id='word_1_57' title='bbox 834 863 975 931; x_wconf 90' lang='lat' dir='ltr'><strong>apud</strong></span> <span class='ocrx_word' id='word_1_58' title='bbox 1004 860 1221 917; x_wconf 71' lang='lat' dir='ltr'><strong>ironem</strong></span> <span class='ocrx_word' id='word_1_59' title='bbox 1251 873 1389 930; x_wconf 87' lang='lat' dir='ltr'><strong>part.</strong></span> <span class='ocrx_word' id='word_1_60' title='bbox 1424 878 1453 913; x_wconf 84' lang='lat' dir='ltr'><strong>v</strong></span> <span class='ocrx_word' id='word_1_61' title='bbox 1483 876 1533 915; x_wconf 92' lang='lat' dir='ltr'><strong>c.</strong></span> <span class='ocrx_word' id='word_1_62' title='bbox 1578 862 1702 927; x_wconf 72' lang='lat'><strong>102,</strong></span> <span class='ocrx_word' id='word_1_63' title='bbox 1736 870 1790 917; x_wconf 90' lang='lat' dir='ltr'><strong>et</strong></span> <span class='ocrx_word' id='word_1_64' title='bbox 1826 862 1959 917; x_wconf 87' lang='lat' dir='ltr'><strong>Bur-</strong></span> 
     </span>
    </p>
   </div>
   <div class='ocr_carea' id='block_1_10' title="bbox 375 950 1959 1023">
    <p class='ocr_par' dir='ltr' id='par_1_10' title="bbox 375 950 1959 1023">
     <span class='ocr_line' id='line_1_10' title="bbox 375 950 1959 1023; baseline -0.001 -15"><span class='ocrx_word' id='word_1_65' title='bbox 375 953 632 1009; x_wconf 86' lang='lat' dir='ltr'><strong>chardum</strong></span> <span class='ocrx_word' id='word_1_66' title='bbox 663 953 761 1008; x_wconf 89' lang='lat' dir='ltr'><strong>lib.</strong></span> <span class='ocrx_word' id='word_1_67' title='bbox 790 968 811 1008; x_wconf 86' lang='lat' dir='ltr'><strong>s</strong></span> <span class='ocrx_word' id='word_1_68' title='bbox 836 967 957 1023; x_wconf 90' lang='lat' dir='ltr'><strong>cap.</strong></span> <span class='ocrx_word' id='word_1_69' title='bbox 984 950 1076 1017; x_wconf 82' lang='lat'><strong>66,</strong></span> <span class='ocrx_word' id='word_1_70' title='bbox 1125 952 1369 1020; x_wconf 88' lang='lat' dir='ltr'><strong>aliosque</strong></span> <span class='ocrx_word' id='word_1_71' title='bbox 1407 966 1674 1008; x_wconf 77' lang='lat' dir='ltr'><strong>canonum</strong></span> <span class='ocrx_word' id='word_1_72' title='bbox 1700 954 1959 1023; x_wconf 77' lang='lat' dir='ltr'><strong>compila-</strong></span> 
     </span>
    </p>
   </div>
   <div class='ocr_carea' id='block_1_11' title="bbox 376 1041 1951 1112">
    <p class='ocr_par' dir='ltr' id='par_1_11' title="bbox 376 1041 1951 1112">
     <span class='ocr_line' id='line_1_11' title="bbox 376 1041 1951 1112; baseline -0.001 -13"><span class='ocrx_word' id='word_1_73' title='bbox 376 1055 541 1112; x_wconf 88' lang='lat' dir='ltr'><strong>tores,</strong></span> <span class='ocrx_word' id='word_1_74' title='bbox 588 1060 699 1100; x_wconf 90' lang='lat' dir='ltr'><strong>non</strong></span> <span class='ocrx_word' id='word_1_75' title='bbox 744 1044 1039 1100; x_wconf 88' lang='lat' dir='ltr'><strong>ascribitur</strong></span> <span class='ocrx_word' id='word_1_76' title='bbox 1082 1043 1411 1110; x_wconf 70' lang='lat' dir='ltr'><strong>leestino,</strong></span> <span class='ocrx_word' id='word_1_77' title='bbox 1467 1044 1563 1098; x_wconf 83' lang='lat' dir='ltr'><strong>sed</strong></span> <span class='ocrx_word' id='word_1_78' title='bbox 1593 1041 1849 1111; x_wconf 84' lang='lat' dir='ltr'><strong>Callisto,</strong></span> <span class='ocrx_word' id='word_1_79' title='bbox 1899 1046 1951 1098; x_wconf 91' lang='lat' dir='ltr'><strong>in</strong></span> 
     </span>
    </p>
   </div>
   <div class='ocr_carea' id='block_1_12' title="bbox 375 1133 1956 1205">
    <p class='ocr_par' dir='ltr' id='par_1_12' title="bbox 375 1133 1956 1205">
     <span class='ocr_line' id='line_1_12' title="bbox 375 1133 1956 1205; baseline 0.002 -17"><span class='ocrx_word' id='word_1_80' title='bbox 375 1135 527 1205; x_wconf 81' lang='lat' dir='ltr'><strong>cujus</strong></span> <span class='ocrx_word' id='word_1_81' title='bbox 557 1135 786 1205; x_wconf 83' lang='lat' dir='ltr'><strong>epistola</strong></span> <span class='ocrx_word' id='word_1_82' title='bbox 827 1134 892 1201; x_wconf 79' lang='grc'><strong>2,</strong></span> <span class='ocrx_word' id='word_1_83' title='bbox 933 1135 1002 1189; x_wconf 84' lang='lat' dir='ltr'><strong>ab</strong></span> <span class='ocrx_word' id='word_1_84' title='bbox 1044 1134 1252 1189; x_wconf 86' lang='lat' dir='ltr'><strong>Isidoro</strong></span> <span class='ocrx_word' id='word_1_85' title='bbox 1281 1133 1576 1189; x_wconf 73' lang='lat' dir='ltr'><strong>Mercatore</strong></span> <span class='ocrx_word' id='word_1_86' title='bbox 1599 1135 1831 1191; x_wconf 72' lang='lat' dir='ltr'><strong>conﬁcta</strong></span> <span class='ocrx_word' id='word_1_87' title='bbox 1874 1145 1956 1191; x_wconf 89' lang='lat' dir='ltr'><strong>to-</strong></span> 
     </span>
    </p>
   </div>
   <div class='ocr_carea' id='block_1_13' title="bbox 375 1228 935 1298">
    <p class='ocr_par' dir='ltr' id='par_1_13' title="bbox 375 1228 935 1298">
     <span class='ocr_line' id='line_1_13' title="bbox 375 1228 935 1298; baseline -0.002 -16"><span class='ocrx_word' id='word_1_88' title='bbox 375 1239 479 1283; x_wconf 90' lang='lat' dir='ltr'><strong>tum</strong></span> <span class='ocrx_word' id='word_1_89' title='bbox 513 1229 590 1285; x_wconf 91' lang='lat' dir='ltr'><strong>rei</strong></span> <span class='ocrx_word' id='word_1_90' title='bbox 600 1243 692 1298; x_wconf 88' lang='lat' dir='ltr'><strong>psa</strong></span> <span class='ocrx_word' id='word_1_91' title='bbox 716 1228 935 1298; x_wconf 86' lang='lat' dir='ltr'><strong>legitur.</strong></span> 
     </span>
    </p>
   </div>
   <div class='ocr_carea' id='block_1_14' title="bbox 436 1317 1951 1388">
    <p class='ocr_par' dir='ltr' id='par_1_14' title="bbox 436 1317 1951 1388">
     <span class='ocr_line' id='line_1_14' title="bbox 436 1317 1951 1388; baseline 0.001 -15"><span class='ocrx_word' id='word_1_92' title='bbox 436 1319 530 1373; x_wconf 74' lang='lat'><strong>27.</strong></span> <span class='ocrx_word' id='word_1_93' title='bbox 564 1319 810 1373; x_wconf 81' lang='lat' dir='ltr'><strong>Alterum</strong></span> <span class='ocrx_word' id='word_1_94' title='bbox 857 1333 923 1372; x_wconf 83' lang='lat' dir='ltr'><strong>ex</strong></span> <span class='ocrx_word' id='word_1_95' title='bbox 961 1317 1219 1374; x_wconf 87' lang='lat' dir='ltr'><strong>Gratiano</strong></span> <span class='ocrx_word' id='word_1_96' title='bbox 1251 1317 1343 1383; x_wconf 76' lang='lat'><strong>50,</strong></span> <span class='ocrx_word' id='word_1_97' title='bbox 1370 1325 1562 1386; x_wconf 64' lang='lat' dir='ltr'><strong>quaest.</strong></span> <span class='ocrx_word' id='word_1_98' title='bbox 1599 1318 1625 1374; x_wconf 82' lang='grc'><strong>1</strong></span> <span class='ocrx_word' id='word_1_99' title='bbox 1658 1332 1779 1388; x_wconf 87' lang='lat' dir='ltr'><strong>cap.</strong></span> <span class='ocrx_word' id='word_1_100' title='bbox 1805 1318 1839 1374; x_wconf 88' lang='lat'><strong>9</strong></span> <span class='ocrx_word' id='word_1_101' title='bbox 1878 1318 1951 1374; x_wconf 87' lang='lat' dir='ltr'><strong>ita</strong></span> 
     </span>
    </p>
   </div>
   <div class='ocr_carea' id='block_1_15' title="bbox 374 1405 1953 1481">
    <p class='ocr_par' dir='ltr' id='par_1_15' title="bbox 374 1405 1953 1481">
     <span class='ocr_line' id='line_1_15' title="bbox 374 1405 1953 1481; baseline -0.001 -16"><span class='ocrx_word' id='word_1_102' title='bbox 374 1410 601 1466; x_wconf 76' lang='lat' dir='ltr'><strong>refertur</strong></span> <span class='ocrx_word' id='word_1_103' title='bbox 630 1427 645 1464; x_wconf 91' lang='lat'><strong>:</strong></span> <span class='ocrx_word' id='word_1_104' title='bbox 674 1407 740 1465; x_wconf 89' lang='lat' dir='ltr'><strong>Si</strong></span> <span class='ocrx_word' id='word_1_105' title='bbox 762 1408 879 1481; x_wconf 87' lang='lat' dir='ltr'><strong>quis</strong></span> <span class='ocrx_word' id='word_1_106' title='bbox 910 1407 1149 1462; x_wconf 73' lang='lat' dir='ltr'><strong>sacerdos</strong></span> <span class='ocrx_word' id='word_1_107' title='bbox 1183 1421 1299 1462; x_wconf 82' lang='lat' dir='ltr'><strong>cum</strong></span> <span class='ocrx_word' id='word_1_108' title='bbox 1327 1407 1442 1477; x_wconf 75' lang='lat' dir='ltr'><strong>ﬁlia</strong></span> <span class='ocrx_word' id='word_1_109' title='bbox 1469 1405 1695 1479; x_wconf 71' lang='lat' dir='ltr'><strong>spiritali</strong></span> <span class='ocrx_word' id='word_1_110' title='bbox 1724 1409 1953 1479; x_wconf 80' lang='lat' dir='ltr'><strong>fornica-</strong></span> 
     </span>
    </p>
   </div>
   <div class='ocr_carea' id='block_1_16' title="bbox 372 1499 1950 1572">
    <p class='ocr_par' dir='ltr' id='par_1_16' title="bbox 372 1499 1950 1572">
     <span class='ocr_line' id='line_1_16' title="bbox 372 1499 1950 1572; baseline 0.001 -16"><span class='ocrx_word' id='word_1_111' title='bbox 372 1514 448 1556; x_wconf 87' lang='lat' dir='ltr'><strong>tus</strong></span> <span class='ocrx_word' id='word_1_112' title='bbox 474 1502 785 1572; x_wconf 81' lang='lat' dir='ltr'><strong>fuerit,sciat</strong></span> <span class='ocrx_word' id='word_1_113' title='bbox 806 1517 861 1557; x_wconf 90' lang='lat' dir='ltr'><strong>se</strong></span> <span class='ocrx_word' id='word_1_114' title='bbox 886 1517 1036 1572; x_wconf 83' lang='lat' dir='ltr'><strong>grave</strong></span> <span class='ocrx_word' id='word_1_115' title='bbox 1055 1500 1367 1555; x_wconf 81' lang='lat' dir='ltr'><strong>adulterium</strong></span> <span class='ocrx_word' id='word_1_116' title='bbox 1388 1500 1719 1556; x_wconf 78' lang='lat' dir='ltr'><strong>commisisse.</strong></span> <span class='ocrx_word' id='word_1_117' title='bbox 1745 1499 1950 1557; x_wconf 81' lang='lat' dir='ltr'><strong>Idcirco</strong></span> 
     </span>
    </p>
   </div>
   <div class='ocr_carea' id='block_1_17' title="bbox 367 1592 1949 1664">
    <p class='ocr_par' dir='ltr' id='par_1_17' title="bbox 367 1592 1949 1664">
     <span class='ocr_line' id='line_1_17' title="bbox 367 1592 1949 1664; baseline 0 -16"><span class='ocrx_word' id='word_1_118' title='bbox 367 1596 580 1661; x_wconf 79' lang='lat' dir='ltr'><strong>femina,</strong></span> <span class='ocrx_word' id='word_1_119' title='bbox 633 1596 677 1649; x_wconf 88' lang='lat' dir='ltr'><strong>si</strong></span> <span class='ocrx_word' id='word_1_120' title='bbox 700 1595 838 1649; x_wconf 82' lang='lat' dir='ltr'><strong>laica</strong></span> <span class='ocrx_word' id='word_1_121' title='bbox 862 1602 964 1661; x_wconf 84' lang='lat' dir='ltr'><strong>est,</strong></span> <span class='ocrx_word' id='word_1_122' title='bbox 994 1594 1173 1647; x_wconf 84' lang='lat' dir='ltr'><strong>omnia</strong></span> <span class='ocrx_word' id='word_1_123' title='bbox 1218 1592 1577 1664; x_wconf 79' lang='lat' dir='ltr'><strong>derelinquat,</strong></span> <span class='ocrx_word' id='word_1_124' title='bbox 1607 1601 1656 1648; x_wconf 87' lang='lat' dir='ltr'><strong>et</strong></span> <span class='ocrx_word' id='word_1_125' title='bbox 1699 1607 1783 1647; x_wconf 85' lang='lat' dir='ltr'><strong>res</strong></span> <span class='ocrx_word' id='word_1_126' title='bbox 1828 1609 1949 1648; x_wconf 83' lang='lat' dir='ltr'><strong>suas</strong></span> 
     </span>
    </p>
   </div>
   <div class='ocr_carea' id='block_1_18' title="bbox 365 1681 1947 1754">
    <p class='ocr_par' dir='ltr' id='par_1_18' title="bbox 365 1681 1947 1754">
     <span class='ocr_line' id='line_1_18' title="bbox 365 1681 1947 1754; baseline -0.001 -16"><span class='ocrx_word' id='word_1_127' title='bbox 365 1685 675 1754; x_wconf 76' lang='lat' dir='ltr'><strong>pauperibus</strong></span> <span class='ocrx_word' id='word_1_128' title='bbox 705 1684 895 1748; x_wconf 89' lang='lat' dir='ltr'><strong>tradat,</strong></span> <span class='ocrx_word' id='word_1_129' title='bbox 930 1693 977 1738; x_wconf 88' lang='lat' dir='ltr'><strong>et</strong></span> <span class='ocrx_word' id='word_1_130' title='bbox 1006 1699 1248 1737; x_wconf 79' lang='lat' dir='ltr'><strong>conversa</strong></span> <span class='ocrx_word' id='word_1_131' title='bbox 1292 1684 1347 1736; x_wconf 90' lang='lat' dir='ltr'><strong>in</strong></span> <span class='ocrx_word' id='word_1_132' title='bbox 1376 1682 1685 1737; x_wconf 85' lang='lat' dir='ltr'><strong>monasterio</strong></span> <span class='ocrx_word' id='word_1_133' title='bbox 1726 1681 1834 1736; x_wconf 87' lang='lat' dir='ltr'><strong>Deo</strong></span> <span class='ocrx_word' id='word_1_134' title='bbox 1859 1699 1947 1737; x_wconf 80' lang='lat' dir='ltr'><strong>us-</strong></span> 
     </span>
    </p>
   </div>
   <div class='ocr_carea' id='block_1_19' title="bbox 2052 497 2865 566">
    <p class='ocr_par' dir='ltr' id='par_1_19' title="bbox 2052 497 2865 566">
     <span class='ocr_line' id='line_1_19' title="bbox 2052 497 2865 566; baseline 0.002 -17"><span class='ocrx_word' id='word_1_135' title='bbox 2052 497 2328 549; x_wconf 81' lang='lat' dir='ltr'><strong>scientiam</strong></span> <span class='ocrx_word' id='word_1_136' title='bbox 2372 499 2554 566; x_wconf 82' lang='lat' dir='ltr'><strong>populi</strong></span> <span class='ocrx_word' id='word_1_137' title='bbox 2584 500 2865 552; x_wconf 84' lang='lat' dir='ltr'><strong>devenerit.</strong></span> 
     </span>
    </p>
   </div>
   <div class='ocr_carea' id='block_1_20' title="bbox 2048 590 3623 662">
    <p class='ocr_par' dir='ltr' id='par_1_20' title="bbox 2048 590 3623 662">
     <span class='ocr_line' id='line_1_20' title="bbox 2048 590 3623 662; baseline 0.001 -18"><span class='ocrx_word' id='word_1_138' title='bbox 2048 600 2065 644; x_wconf 64' lang='grc' dir='ltr'><strong>ε</strong></span> <span class='ocrx_word' id='word_1_139' title='bbox 2122 590 2213 645; x_wconf 76' lang='lat'><strong>29.</strong></span> <span class='ocrx_word' id='word_1_140' title='bbox 2240 590 2315 644; x_wconf 90' lang='lat' dir='ltr'><strong>De</strong></span> <span class='ocrx_word' id='word_1_141' title='bbox 2333 590 2543 644; x_wconf 89' lang='lat' dir='ltr'><strong>duobus</strong></span> <span class='ocrx_word' id='word_1_142' title='bbox 2576 592 2684 645; x_wconf 87' lang='lat' dir='ltr'><strong>illis</strong></span> <span class='ocrx_word' id='word_1_143' title='bbox 2706 590 2943 646; x_wconf 79' lang='lat' dir='ltr'><strong>decretis</strong></span> <span class='ocrx_word' id='word_1_144' title='bbox 2969 592 3077 647; x_wconf 90' lang='lat' dir='ltr'><strong>hoc</strong></span> <span class='ocrx_word' id='word_1_145' title='bbox 3097 607 3205 645; x_wconf 89' lang='lat' dir='ltr'><strong>non</strong></span> <span class='ocrx_word' id='word_1_146' title='bbox 3233 591 3623 662; x_wconf 80' lang='lat' dir='ltr'><strong>ambigendum</strong></span> 
     </span>
    </p>
   </div>
   <div class='ocr_carea' id='block_1_21' title="bbox 2057 684 3627 754">
    <p class='ocr_par' dir='ltr' id='par_1_21' title="bbox 2057 684 3627 754">
     <span class='ocr_line' id='line_1_21' title="bbox 2057 684 3627 754; baseline 0.002 -19"><span class='ocrx_word' id='word_1_147' title='bbox 2057 684 2280 739; x_wconf 89' lang='lat' dir='ltr'><strong>videtur</strong></span> <span class='ocrx_word' id='word_1_148' title='bbox 2312 698 2372 737; x_wconf 87' lang='lat' dir='ltr'><strong>ea</strong></span> <span class='ocrx_word' id='word_1_149' title='bbox 2410 684 2571 737; x_wconf 85' lang='lat' dir='ltr'><strong>simul</strong></span> <span class='ocrx_word' id='word_1_150' title='bbox 2597 685 2740 737; x_wconf 84' lang='lat' dir='ltr'><strong>etab</strong></span> <span class='ocrx_word' id='word_1_151' title='bbox 2771 686 2964 739; x_wconf 84' lang='lat' dir='ltr'><strong>eodem</strong></span> <span class='ocrx_word' id='word_1_152' title='bbox 3004 696 3232 754; x_wconf 85' lang='lat' dir='ltr'><strong>parente</strong></span> <span class='ocrx_word' id='word_1_153' title='bbox 3259 686 3425 738; x_wconf 84' lang='lat' dir='ltr'><strong>fuisse</strong></span> <span class='ocrx_word' id='word_1_154' title='bbox 3459 685 3627 739; x_wconf 86' lang='lat' dir='ltr'><strong>edita.</strong></span> 
     </span>
    </p>
   </div>
   <div class='ocr_carea' id='block_1_22' title="bbox 2054 774 3631 845">
    <p class='ocr_par' dir='ltr' id='par_1_22' title="bbox 2054 774 3631 845">
     <span class='ocr_line' id='line_1_22' title="bbox 2054 774 3631 845; baseline 0.001 -16"><span class='ocrx_word' id='word_1_155' title='bbox 2054 774 2247 845; x_wconf 82' lang='lat' dir='ltr'><strong>Neque</strong></span> <span class='ocrx_word' id='word_1_156' title='bbox 2276 776 2408 832; x_wconf 90' lang='lat' dir='ltr'><strong>illud</strong></span> <span class='ocrx_word' id='word_1_157' title='bbox 2428 777 2493 832; x_wconf 86' lang='lat' dir='ltr'><strong>iis</strong></span> <span class='ocrx_word' id='word_1_158' title='bbox 2525 777 2615 843; x_wconf 89' lang='lat' dir='ltr'><strong>qui</strong></span> <span class='ocrx_word' id='word_1_159' title='bbox 2648 776 2886 845; x_wconf 83' lang='lat' dir='ltr'><strong>aliquam</strong></span> <span class='ocrx_word' id='word_1_160' title='bbox 2918 777 3304 831; x_wconf 74' lang='lat' dir='ltr'><strong>ecclesiaSIicze</strong></span> <span class='ocrx_word' id='word_1_161' title='bbox 3322 776 3631 844; x_wconf 74' lang='lat' dir='ltr'><strong>disciplina:</strong></span> 
     </span>
    </p>
   </div>
   <div class='ocr_carea' id='block_1_23' title="bbox 2054 867 3634 937">
    <p class='ocr_par' dir='ltr' id='par_1_23' title="bbox 2054 867 3634 937">
     <span class='ocr_line' id='line_1_23' title="bbox 2054 867 3634 937; baseline -0.002 -14"><span class='ocrx_word' id='word_1_162' title='bbox 2054 870 2305 923; x_wconf 87' lang='lat' dir='ltr'><strong>notitiam</strong></span> <span class='ocrx_word' id='word_1_163' title='bbox 2329 877 2714 937; x_wconf 88' lang='lat' dir='ltr'><strong>perceperunt,</strong></span> <span class='ocrx_word' id='word_1_164' title='bbox 2739 867 2920 921; x_wconf 88' lang='lat' dir='ltr'><strong>minus</strong></span> <span class='ocrx_word' id='word_1_165' title='bbox 2947 876 3031 921; x_wconf 89' lang='lat' dir='ltr'><strong>est</strong></span> <span class='ocrx_word' id='word_1_166' title='bbox 3052 869 3423 936; x_wconf 85' lang='lat' dir='ltr'><strong>perspicuum,</strong></span> <span class='ocrx_word' id='word_1_167' title='bbox 3445 867 3634 935; x_wconf 87' lang='lat' dir='ltr'><strong>hujus—</strong></span> 
     </span>
    </p>
   </div>
   <div class='ocr_carea' id='block_1_24' title="bbox 2052 958 3632 1016">
    <p class='ocr_par' dir='ltr' id='par_1_24' title="bbox 2052 958 3632 1016">
     <span class='ocr_line' id='line_1_24' title="bbox 2052 958 3632 1016; baseline -0.001 0"><span class='ocrx_word' id='word_1_168' title='bbox 2052 960 2207 1016; x_wconf 81' lang='lat' dir='ltr'><strong>modi</strong></span> <span class='ocrx_word' id='word_1_169' title='bbox 2241 961 2464 1016; x_wconf 81' lang='lat' dir='ltr'><strong>decreta</strong></span> <span class='ocrx_word' id='word_1_170' title='bbox 2511 961 2565 1015; x_wconf 92' lang='lat' dir='ltr'><strong>in</strong></span> <span class='ocrx_word' id='word_1_171' title='bbox 2600 959 2887 1015; x_wconf 59' lang='lat' dir='ltr'><strong>Celestini</strong></span> <span class='ocrx_word' id='word_1_172' title='bbox 2940 960 3114 1013; x_wconf 88' lang='lat' dir='ltr'><strong>nostri</strong></span> <span class='ocrx_word' id='word_1_173' title='bbox 3146 968 3360 1012; x_wconf 71' lang='lat' dir='ltr'><strong>mtatem</strong></span> <span class='ocrx_word' id='word_1_174' title='bbox 3401 958 3632 1014; x_wconf 85' lang='lat' dir='ltr'><strong>minime</strong></span> 
     </span>
    </p>
   </div>
   <div class='ocr_carea' id='block_1_25' title="bbox 2054 1046 3631 1117">
    <p class='ocr_par' dir='ltr' id='par_1_25' title="bbox 2054 1046 3631 1117">
     <span class='ocr_line' id='line_1_25' title="bbox 2054 1046 3631 1117; baseline -0.001 -15"><span class='ocrx_word' id='word_1_175' title='bbox 2054 1048 2374 1103; x_wconf 81' lang='lat' dir='ltr'><strong>convenire.</strong></span> <span class='ocrx_word' id='word_1_176' title='bbox 2402 1048 2541 1101; x_wconf 87' lang='lat' dir='ltr'><strong>Tum</strong></span> <span class='ocrx_word' id='word_1_177' title='bbox 2568 1062 2596 1099; x_wconf 88' lang='lat' dir='ltr'><strong>a</strong></span> <span class='ocrx_word' id='word_1_178' title='bbox 2639 1046 2811 1117; x_wconf 85' lang='lat' dir='ltr'><strong>gradu</strong></span> <span class='ocrx_word' id='word_1_179' title='bbox 2840 1062 2941 1101; x_wconf 89' lang='lat' dir='ltr'><strong>suo</strong></span> <span class='ocrx_word' id='word_1_180' title='bbox 2976 1046 3374 1115; x_wconf 83' lang='lat' dir='ltr'><strong>dcjiciebautur</strong></span> <span class='ocrx_word' id='word_1_181' title='bbox 3389 1046 3631 1115; x_wconf 89' lang='lat' dir='ltr'><strong>episcopi</strong></span> 
     </span>
    </p>
   </div>
   <div class='ocr_carea' id='block_1_26' title="bbox 2056 1135 3632 1207">
    <p class='ocr_par' dir='ltr' id='par_1_26' title="bbox 2056 1135 3632 1207">
     <span class='ocr_line' id='line_1_26' title="bbox 2056 1135 3632 1207; baseline -0.002 -17"><span class='ocrx_word' id='word_1_182' title='bbox 2056 1136 2143 1191; x_wconf 85' lang='lat' dir='ltr'><strong>vel</strong></span> <span class='ocrx_word' id='word_1_183' title='bbox 2178 1136 2484 1207; x_wconf 85' lang='lat' dir='ltr'><strong>presbyteri</strong></span> <span class='ocrx_word' id='word_1_184' title='bbox 2513 1136 2647 1205; x_wconf 88' lang='lat' dir='ltr'><strong>lapsi</strong></span> <span class='ocrx_word' id='word_1_185' title='bbox 2678 1154 2691 1189; x_wconf 90' lang='lat'><strong>:</strong></span> <span class='ocrx_word' id='word_1_186' title='bbox 2716 1137 2811 1191; x_wconf 88' lang='lat' dir='ltr'><strong>sed</strong></span> <span class='ocrx_word' id='word_1_187' title='bbox 2843 1135 3061 1202; x_wconf 88' lang='lat' dir='ltr'><strong>publica</strong></span> <span class='ocrx_word' id='word_1_188' title='bbox 3084 1136 3162 1189; x_wconf 89' lang='lat' dir='ltr'><strong>eis</strong></span> <span class='ocrx_word' id='word_1_189' title='bbox 3186 1136 3506 1203; x_wconf 59' lang='lat' dir='ltr'><strong>paenitentia</strong></span> <span class='ocrx_word' id='word_1_190' title='bbox 3522 1150 3632 1189; x_wconf 91' lang='lat' dir='ltr'><strong>non</strong></span> 
     </span>
    </p>
   </div>
   <div class='ocr_carea' id='block_1_27' title="bbox 2062 1221 3638 1293">
    <p class='ocr_par' dir='ltr' id='par_1_27' title="bbox 2062 1221 3638 1293">
     <span class='ocr_line' id='line_1_27' title="bbox 2062 1221 3638 1293; baseline -0.004 -14"><span class='ocrx_word' id='word_1_191' title='bbox 2062 1223 2451 1293; x_wconf 85' lang='lat' dir='ltr'><strong>imponebatur</strong></span> <span class='ocrx_word' id='word_1_192' title='bbox 2468 1231 2622 1278; x_wconf 85' lang='lat' dir='ltr'><strong>certo</strong></span> <span class='ocrx_word' id='word_1_193' title='bbox 2645 1237 2916 1276; x_wconf 88' lang='lat' dir='ltr'><strong>annorum</strong></span> <span class='ocrx_word' id='word_1_194' title='bbox 2938 1236 3168 1275; x_wconf 91' lang='lat' dir='ltr'><strong>numero</strong></span> <span class='ocrx_word' id='word_1_195' title='bbox 3184 1222 3467 1290; x_wconf 75' lang='lat' dir='ltr'><strong>exigenda.</strong></span> <span class='ocrx_word' id='word_1_196' title='bbox 3492 1221 3638 1274; x_wconf 87' lang='lat' dir='ltr'><strong>Lon-</strong></span> 
     </span>
    </p>
   </div>
   <div class='ocr_carea' id='block_1_28' title="bbox 2051 1310 3632 1389">
    <p class='ocr_par' dir='ltr' id='par_1_28' title="bbox 2051 1310 3632 1389">
     <span class='ocr_line' id='line_1_28' title="bbox 2051 1310 3632 1389; baseline -0.006 -14"><span class='ocrx_word' id='word_1_197' title='bbox 2051 1334 2118 1389; x_wconf 62' lang='grc' dir='ltr'><strong>ιθ</strong></span> <span class='ocrx_word' id='word_1_198' title='bbox 2163 1318 2339 1373; x_wconf 89' lang='lat' dir='ltr'><strong>minus</strong></span> <span class='ocrx_word' id='word_1_199' title='bbox 2364 1328 2489 1373; x_wconf 90' lang='lat' dir='ltr'><strong>tunc</strong></span> <span class='ocrx_word' id='word_1_200' title='bbox 2532 1315 2839 1374; x_wconf 82' lang='lat' dir='ltr'><strong>obtinuerat</strong></span> <span class='ocrx_word' id='word_1_201' title='bbox 2876 1328 3008 1371; x_wconf 89' lang='lat' dir='ltr'><strong>usus</strong></span> <span class='ocrx_word' id='word_1_202' title='bbox 3056 1322 3113 1369; x_wconf 90' lang='lat' dir='ltr'><strong>ut</strong></span> <span class='ocrx_word' id='word_1_203' title='bbox 3158 1316 3274 1368; x_wconf 65' lang='lat' dir='ltr'><strong>haec</strong></span> <span class='ocrx_word' id='word_1_204' title='bbox 3319 1310 3632 1381; x_wconf 65' lang='lat' dir='ltr'><strong>mentientia</strong></span> 
     </span>
    </p>
   </div>
   <div class='ocr_carea' id='block_1_29' title="bbox 2051 1403 3633 1485">
    <p class='ocr_par' dir='ltr' id='par_1_29' title="bbox 2051 1403 3633 1485">
     <span class='ocr_line' id='line_1_29' title="bbox 2051 1403 3633 1485; baseline -0.007 -18"><span class='ocrx_word' id='word_1_205' title='bbox 2051 1412 2431 1485; x_wconf 82' lang='lat' dir='ltr'><strong>peregrinando</strong></span> <span class='ocrx_word' id='word_1_206' title='bbox 2459 1410 2878 1480; x_wconf 86' lang='lat' dir='ltr'><strong>persolveretur.</strong></span> <span class='ocrx_word' id='word_1_207' title='bbox 2908 1406 3076 1475; x_wconf 76' lang='lat' dir='ltr'><strong>Multo</strong></span> <span class='ocrx_word' id='word_1_208' title='bbox 3108 1414 3285 1460; x_wconf 82' lang='lat' dir='ltr'><strong>autem</strong></span> <span class='ocrx_word' id='word_1_209' title='bbox 3311 1403 3482 1472; x_wconf 82' lang='lat' dir='ltr'><strong>magis</strong></span> <span class='ocrx_word' id='word_1_210' title='bbox 3510 1403 3633 1457; x_wconf 64' lang='grc' dir='ltr'><strong>(ἓως</strong></span> 
     </span>
    </p>
   </div>
   <div class='ocr_carea' id='block_1_30' title="bbox 2051 1497 3627 1573">
    <p class='ocr_par' dir='ltr' id='par_1_30' title="bbox 2051 1497 3627 1573">
     <span class='ocr_line' id='line_1_30' title="bbox 2051 1497 3627 1573; baseline -0.007 -14"><span class='ocrx_word' id='word_1_211' title='bbox 2051 1504 2233 1559; x_wconf 87' lang='lat' dir='ltr'><strong>lestini</strong></span> <span class='ocrx_word' id='word_1_212' title='bbox 2289 1502 2357 1558; x_wconf 86' lang='lat' dir='ltr'><strong>lll</strong></span> <span class='ocrx_word' id='word_1_213' title='bbox 2409 1516 2571 1573; x_wconf 88' lang='lat' dir='ltr'><strong>quam</strong></span> <span class='ocrx_word' id='word_1_214' title='bbox 2600 1497 2931 1558; x_wconf 72' lang='lat' dir='ltr'><strong>leestiuil</strong></span> <span class='ocrx_word' id='word_1_215' title='bbox 2975 1512 3099 1555; x_wconf 64' lang='lat' dir='ltr'><strong>evo</strong></span> <span class='ocrx_word' id='word_1_216' title='bbox 3142 1497 3482 1554; x_wconf 86' lang='lat' dir='ltr'><strong>consuetudo</strong></span> <span class='ocrx_word' id='word_1_217' title='bbox 3528 1498 3627 1551; x_wconf 90' lang='lat' dir='ltr'><strong>ista</strong></span> 
     </span>
    </p>
   </div>
   <div class='ocr_carea' id='block_1_31' title="bbox 2052 1595 2325 1663">
    <p class='ocr_par' dir='ltr' id='par_1_31' title="bbox 2052 1595 2325 1663">
     <span class='ocr_line' id='line_1_31' title="bbox 2052 1595 2325 1663; baseline -0.007 -12"><span class='ocrx_word' id='word_1_218' title='bbox 2052 1595 2325 1663; x_wconf 84' lang='lat' dir='ltr'><strong>congruit.</strong></span> 
     </span>
    </p>
   </div>
   <div class='ocr_carea' id='block_1_32' title="bbox 2119 1679 3627 1756">
    <p class='ocr_par' dir='ltr' id='par_1_32' title="bbox 2119 1679 3627 1756">
     <span class='ocr_line' id='line_1_32' title="bbox 2119 1679 3627 1756; baseline -0.006 -15"><span class='ocrx_word' id='word_1_219' title='bbox 2119 1685 2209 1741; x_wconf 81' lang='grc'><strong>50.</strong></span> <span class='ocrx_word' id='word_1_220' title='bbox 2242 1686 2602 1753; x_wconf 78' lang='lat' dir='ltr'><strong>Postremum,</strong></span> <span class='ocrx_word' id='word_1_221' title='bbox 2628 1699 2736 1756; x_wconf 93' lang='lat' dir='ltr'><strong>quo</strong></span> <span class='ocrx_word' id='word_1_222' title='bbox 2762 1682 2865 1739; x_wconf 81' lang='lat' dir='ltr'><strong>viri</strong></span> <span class='ocrx_word' id='word_1_223' title='bbox 2900 1682 2990 1752; x_wconf 89' lang='lat' dir='ltr'><strong>qui</strong></span> <span class='ocrx_word' id='word_1_224' title='bbox 3038 1679 3218 1738; x_wconf 90' lang='lat' dir='ltr'><strong>binam</strong></span> <span class='ocrx_word' id='word_1_225' title='bbox 3250 1680 3466 1735; x_wconf 81' lang='lat' dir='ltr'><strong>duxerit</strong></span> <span class='ocrx_word' id='word_1_226' title='bbox 3495 1694 3627 1734; x_wconf 81' lang='lat' dir='ltr'><strong>uxo-</strong></span> 
     </span>
    </p>
   </div>
   <div class='ocr_carea' id='block_1_33' title="bbox 360 1773 3625 1848">
    <p class='ocr_par' dir='ltr' id='par_1_33' title="bbox 360 1773 3625 1848">
     <span class='ocr_line' id='line_1_33' title="bbox 360 1773 3625 1848; baseline -0.003 -16"><span class='ocrx_word' id='word_1_227' title='bbox 360 1796 459 1848; x_wconf 87' lang='lat' dir='ltr'><strong>que</strong></span> <span class='ocrx_word' id='word_1_228' title='bbox 495 1782 564 1834; x_wconf 87' lang='lat' dir='ltr'><strong>ad</strong></span> <span class='ocrx_word' id='word_1_229' title='bbox 602 1787 818 1834; x_wconf 85' lang='lat' dir='ltr'><strong>mortem</strong></span> <span class='ocrx_word' id='word_1_230' title='bbox 856 1781 1059 1835; x_wconf 80' lang='lat' dir='ltr'><strong>seruiat.</strong></span> <span class='ocrx_word' id='word_1_231' title='bbox 1109 1778 1372 1837; x_wconf 79' lang='lat' dir='ltr'><strong>Sacerdos</strong></span> <span class='ocrx_word' id='word_1_232' title='bbox 1418 1790 1585 1835; x_wconf 83' lang='lat' dir='ltr'><strong>autem</strong></span> <span class='ocrx_word' id='word_1_233' title='bbox 1629 1781 1716 1846; x_wconf 85' lang='lat' dir='ltr'><strong>qui</strong></span> <span class='ocrx_word' id='word_1_234' title='bbox 1752 1780 1945 1834; x_wconf 84' lang='lat' dir='ltr'><strong>malum</strong></span> <span class='ocrx_word' id='word_1_235' title='bbox 1974 1778 2022 1838; x_wconf 93' lang='lat' dir='ltr'><strong>B</strong></span> <span class='ocrx_word' id='word_1_236' title='bbox 2048 1792 2188 1843; x_wconf 89' lang='lat' dir='ltr'><strong>rem,</strong></span> <span class='ocrx_word' id='word_1_237' title='bbox 2209 1790 2332 1847; x_wconf 68' lang='lat' dir='ltr'><strong>quae</strong></span> <span class='ocrx_word' id='word_1_238' title='bbox 2351 1790 2479 1831; x_wconf 78' lang='lat' dir='ltr'><strong>vera</strong></span> <span class='ocrx_word' id='word_1_239' title='bbox 2504 1774 2576 1830; x_wconf 90' lang='lat' dir='ltr'><strong>sit</strong></span> <span class='ocrx_word' id='word_1_240' title='bbox 2603 1789 2744 1829; x_wconf 84' lang='lat' dir='ltr'><strong>uxor</strong></span> <span class='ocrx_word' id='word_1_241' title='bbox 2775 1773 3106 1839; x_wconf 88' lang='lat' dir='ltr'><strong>decernitur,</strong></span> <span class='ocrx_word' id='word_1_242' title='bbox 3137 1778 3191 1828; x_wconf 90' lang='lat' dir='ltr'><strong>et</strong></span> <span class='ocrx_word' id='word_1_243' title='bbox 3221 1787 3326 1841; x_wconf 89' lang='lat' dir='ltr'><strong>quo</strong></span> <span class='ocrx_word' id='word_1_244' title='bbox 3352 1780 3625 1839; x_wconf 83' lang='lat' dir='ltr'><strong>parentes,</strong></span> 
     </span>
    </p>
   </div>
   <div class='ocr_carea' id='block_1_34' title="bbox 366 1870 1943 1942">
    <p class='ocr_par' dir='ltr' id='par_1_34' title="bbox 366 1870 1943 1942">
     <span class='ocr_line' id='line_1_34' title="bbox 366 1870 1943 1942; baseline 0.003 -21"><span class='ocrx_word' id='word_1_245' title='bbox 366 1871 656 1941; x_wconf 77' lang='lat' dir='ltr'><strong>exemplum</strong></span> <span class='ocrx_word' id='word_1_246' title='bbox 691 1871 833 1924; x_wconf 86' lang='lat' dir='ltr'><strong>dedit</strong></span> <span class='ocrx_word' id='word_1_247' title='bbox 858 1870 1166 1938; x_wconf 81' lang='lat' dir='ltr'><strong>hominibus,</strong></span> <span class='ocrx_word' id='word_1_248' title='bbox 1208 1872 1270 1924; x_wconf 91' lang='lat' dir='ltr'><strong>ab</strong></span> <span class='ocrx_word' id='word_1_249' title='bbox 1300 1873 1438 1925; x_wconf 89' lang='lat' dir='ltr'><strong>omni</strong></span> <span class='ocrx_word' id='word_1_250' title='bbox 1468 1871 1628 1942; x_wconf 60' lang='lat' dir='ltr'><strong>ofﬁcio</strong></span> <span class='ocrx_word' id='word_1_251' title='bbox 1660 1871 1943 1942; x_wconf 83' lang='lat' dir='ltr'><strong>deponatur</strong></span> 
     </span>
    </p>
   </div>
   <div class='ocr_carea' id='block_1_35' title="bbox 358 1961 1941 2031">
    <p class='ocr_par' dir='ltr' id='par_1_35' title="bbox 358 1961 1941 2031">
     <span class='ocr_line' id='line_1_35' title="bbox 358 1961 1941 2031; baseline 0.002 -18"><span class='ocrx_word' id='word_1_252' title='bbox 358 1973 405 2013; x_wconf 82' lang='lat' dir='ltr'><strong>et</strong></span> <span class='ocrx_word' id='word_1_253' title='bbox 425 1962 803 2031; x_wconf 88' lang='lat' dir='ltr'><strong>peregrinando</strong></span> <span class='ocrx_word' id='word_1_254' title='bbox 826 1962 1096 2015; x_wconf 86' lang='lat' dir='ltr'><strong>duodecim</strong></span> <span class='ocrx_word' id='word_1_255' title='bbox 1122 1963 1274 2017; x_wconf 89' lang='lat' dir='ltr'><strong>annis</strong></span> <span class='ocrx_word' id='word_1_256' title='bbox 1305 1964 1566 2031; x_wconf 70' lang='lat' dir='ltr'><strong>paniteat.</strong></span> <span class='ocrx_word' id='word_1_257' title='bbox 1608 1961 1796 2016; x_wconf 80' lang='lat' dir='ltr'><strong>Postea</strong></span> <span class='ocrx_word' id='word_1_258' title='bbox 1824 1977 1941 2016; x_wconf 72' lang='lat' dir='ltr'><strong>vero</strong></span> 
     </span>
    </p>
   </div>
   <div class='ocr_carea' id='block_1_36' title="bbox 357 2052 1943 2123">
    <p class='ocr_par' dir='ltr' id='par_1_36' title="bbox 357 2052 1943 2123">
     <span class='ocr_line' id='line_1_36' title="bbox 357 2052 1943 2123; baseline 0.004 -21"><span class='ocrx_word' id='word_1_259' title='bbox 357 2052 424 2102; x_wconf 83' lang='lat' dir='ltr'><strong>ad</strong></span> <span class='ocrx_word' id='word_1_260' title='bbox 455 2053 823 2106; x_wconf 78' lang='lat' dir='ltr'><strong>monasterium</strong></span> <span class='ocrx_word' id='word_1_261' title='bbox 854 2052 1026 2121; x_wconf 81' lang='lat' dir='ltr'><strong>vadat,</strong></span> <span class='ocrx_word' id='word_1_262' title='bbox 1078 2054 1247 2123; x_wconf 84' lang='lat' dir='ltr'><strong>ibique</strong></span> <span class='ocrx_word' id='word_1_263' title='bbox 1276 2054 1474 2108; x_wconf 87' lang='lat' dir='ltr'><strong>cunctis</strong></span> <span class='ocrx_word' id='word_1_264' title='bbox 1499 2054 1673 2109; x_wconf 88' lang='lat' dir='ltr'><strong>diebus</strong></span> <span class='ocrx_word' id='word_1_265' title='bbox 1692 2055 1808 2109; x_wconf 69' lang='lat' dir='ltr'><strong>vita:</strong></span> <span class='ocrx_word' id='word_1_266' title='bbox 1833 2070 1943 2109; x_wconf 63' lang='lat' dir='ltr'><strong>sua:</strong></span> 
     </span>
    </p>
   </div>
   <div class='ocr_carea' id='block_1_37' title="bbox 359 2140 702 2197">
    <p class='ocr_par' dir='ltr' id='par_1_37' title="bbox 359 2140 702 2197">
     <span class='ocr_line' id='line_1_37' title="bbox 359 2140 702 2197; baseline 0 -3"><span class='ocrx_word' id='word_1_267' title='bbox 359 2140 468 2195; x_wconf 82' lang='lat' dir='ltr'><strong>Deo</strong></span> <span class='ocrx_word' id='word_1_268' title='bbox 494 2144 702 2197; x_wconf 83' lang='lat' dir='ltr'><strong>serviat.</strong></span> 
     </span>
    </p>
   </div>
   <div class='ocr_carea' id='block_1_38' title="bbox 423 2237 1941 2308">
    <p class='ocr_par' dir='ltr' id='par_1_38' title="bbox 423 2237 1941 2308">
     <span class='ocr_line' id='line_1_38' title="bbox 423 2237 1941 2308; baseline 0.003 -18"><span class='ocrx_word' id='word_1_269' title='bbox 423 2237 519 2291; x_wconf 75' lang='lat'><strong>28.</strong></span> <span class='ocrx_word' id='word_1_270' title='bbox 554 2237 686 2292; x_wconf 84' lang='lat' dir='ltr'><strong>Huic</strong></span> <span class='ocrx_word' id='word_1_271' title='bbox 716 2237 879 2293; x_wconf 83' lang='lat' dir='ltr'><strong>aliine</strong></span> <span class='ocrx_word' id='word_1_272' title='bbox 905 2246 990 2294; x_wconf 87' lang='lat' dir='ltr'><strong>est</strong></span> <span class='ocrx_word' id='word_1_273' title='bbox 1016 2239 1254 2305; x_wconf 88' lang='lat' dir='ltr'><strong>tertium,</strong></span> <span class='ocrx_word' id='word_1_274' title='bbox 1290 2240 1431 2308; x_wconf 89' lang='lat' dir='ltr'><strong>quod</strong></span> <span class='ocrx_word' id='word_1_275' title='bbox 1456 2238 1629 2295; x_wconf 87' lang='lat' dir='ltr'><strong>eidem</strong></span> <span class='ocrx_word' id='word_1_276' title='bbox 1656 2240 1941 2295; x_wconf 88' lang='lat' dir='ltr'><strong>Gratianus</strong></span> 
     </span>
    </p>
   </div>
   <div class='ocr_carea' id='block_1_39' title="bbox 356 2328 1936 2400">
    <p class='ocr_par' dir='ltr' id='par_1_39' title="bbox 356 2328 1936 2400">
     <span class='ocr_line' id='line_1_39' title="bbox 356 2328 1936 2400; baseline 0.006 -25"><span class='ocrx_word' id='word_1_277' title='bbox 356 2328 544 2381; x_wconf 72' lang='lat' dir='ltr'><strong>eodem</strong></span> <span class='ocrx_word' id='word_1_278' title='bbox 596 2330 815 2385; x_wconf 83' lang='lat' dir='ltr'><strong>nomine</strong></span> <span class='ocrx_word' id='word_1_279' title='bbox 862 2331 1107 2399; x_wconf 80' lang='lat' dir='ltr'><strong>proxime</strong></span> <span class='ocrx_word' id='word_1_280' title='bbox 1151 2329 1370 2400; x_wconf 87' lang='lat' dir='ltr'><strong>suhjicit</strong></span> <span class='ocrx_word' id='word_1_281' title='bbox 1412 2329 1468 2386; x_wconf 87' lang='lat' dir='ltr'><strong>in</strong></span> <span class='ocrx_word' id='word_1_282' title='bbox 1511 2330 1651 2386; x_wconf 87' lang='lat' dir='ltr'><strong>hunc</strong></span> <span class='ocrx_word' id='word_1_283' title='bbox 1678 2330 1936 2387; x_wconf 87' lang='lat' dir='ltr'><strong>modum:</strong></span> 
     </span>
    </p>
   </div>
   <div class='ocr_carea' id='block_1_40' title="bbox 359 2415 1939 2493">
    <p class='ocr_par' dir='ltr' id='par_1_40' title="bbox 359 2415 1939 2493">
     <span class='ocr_line' id='line_1_40' title="bbox 359 2415 1939 2493; baseline 0.004 -23"><span class='ocrx_word' id='word_1_284' title='bbox 359 2415 478 2471; x_wconf 83' lang='lat' dir='ltr'><strong>Non</strong></span> <span class='ocrx_word' id='word_1_285' title='bbox 526 2419 671 2472; x_wconf 89' lang='lat' dir='ltr'><strong>debet</strong></span> <span class='ocrx_word' id='word_1_286' title='bbox 714 2422 983 2492; x_wconf 77' lang='lat' dir='ltr'><strong>epismpus</strong></span> <span class='ocrx_word' id='word_1_287' title='bbox 1019 2431 1109 2474; x_wconf 90' lang='lat' dir='ltr'><strong>aut</strong></span> <span class='ocrx_word' id='word_1_288' title='bbox 1154 2420 1418 2493; x_wconf 78' lang='lat' dir='ltr'><strong>presbyter</strong></span> <span class='ocrx_word' id='word_1_289' title='bbox 1453 2423 1772 2477; x_wconf 88' lang='lat' dir='ltr'><strong>commisceri</strong></span> <span class='ocrx_word' id='word_1_290' title='bbox 1820 2438 1939 2477; x_wconf 85' lang='lat' dir='ltr'><strong>cum</strong></span> 
     </span>
    </p>
   </div>
   <div class='ocr_carea' id='block_1_41' title="bbox 359 2509 1941 2585">
    <p class='ocr_par' dir='ltr' id='par_1_41' title="bbox 359 2509 1941 2585">
     <span class='ocr_line' id='line_1_41' title="bbox 359 2509 1941 2585; baseline 0.008 -30"><span class='ocrx_word' id='word_1_291' title='bbox 359 2509 644 2563; x_wconf 83' lang='lat' dir='ltr'><strong>mulieribus</strong></span> <span class='ocrx_word' id='word_1_292' title='bbox 694 2526 809 2581; x_wconf 61' lang='lat' dir='ltr'><strong>quar</strong></span> <span class='ocrx_word' id='word_1_293' title='bbox 847 2512 892 2565; x_wconf 90' lang='lat' dir='ltr'><strong>ei</strong></span> <span class='ocrx_word' id='word_1_294' title='bbox 932 2529 1027 2565; x_wconf 88' lang='lat' dir='ltr'><strong>sua</strong></span> <span class='ocrx_word' id='word_1_295' title='bbox 1069 2512 1319 2581; x_wconf 69' lang='lat' dir='ltr'><strong>confessa</strong></span> <span class='ocrx_word' id='word_1_296' title='bbox 1364 2512 1560 2583; x_wconf 79' lang='lat' dir='ltr'><strong>fuerint</strong></span> <span class='ocrx_word' id='word_1_297' title='bbox 1592 2522 1820 2585; x_wconf 89' lang='lat' dir='ltr'><strong>peccata.</strong></span> <span class='ocrx_word' id='word_1_298' title='bbox 1876 2513 1941 2568; x_wconf 85' lang='lat' dir='ltr'><strong>Si</strong></span> 
     </span>
    </p>
   </div>
   <div class='ocr_carea' id='block_1_42' title="bbox 358 2596 1942 2673">
    <p class='ocr_par' dir='ltr' id='par_1_42' title="bbox 358 2596 1942 2673">
     <span class='ocr_line' id='line_1_42' title="bbox 358 2596 1942 2673; baseline 0.005 -26"><span class='ocrx_word' id='word_1_299' title='bbox 358 2596 507 2665; x_wconf 68' lang='lat' dir='ltr'><strong>forte,</strong></span> <span class='ocrx_word' id='word_1_300' title='bbox 555 2598 691 2665; x_wconf 89' lang='lat' dir='ltr'><strong>quod</strong></span> <span class='ocrx_word' id='word_1_301' title='bbox 730 2599 904 2655; x_wconf 86' lang='lat' dir='ltr'><strong>absit!</strong></span> <span class='ocrx_word' id='word_1_302' title='bbox 932 2600 1027 2654; x_wconf 80' lang='lat' dir='ltr'><strong>hoc</strong></span> <span class='ocrx_word' id='word_1_303' title='bbox 1066 2603 1371 2673; x_wconf 86' lang='lat' dir='ltr'><strong>contigerit,</strong></span> <span class='ocrx_word' id='word_1_304' title='bbox 1402 2602 1477 2657; x_wconf 89' lang='lat' dir='ltr'><strong>sic</strong></span> <span class='ocrx_word' id='word_1_305' title='bbox 1512 2603 1785 2671; x_wconf 70' lang='lat' dir='ltr'><strong>poeniteat,</strong></span> <span class='ocrx_word' id='word_1_306' title='bbox 1815 2616 1942 2670; x_wconf 82' lang='lat' dir='ltr'><strong>quo-</strong></span> 
     </span>
    </p>
   </div>
   <div class='ocr_carea' id='block_1_43' title="bbox 357 2684 1940 2766">
    <p class='ocr_par' dir='ltr' id='par_1_43' title="bbox 357 2684 1940 2766">
     <span class='ocr_line' id='line_1_43' title="bbox 357 2684 1940 2766; baseline 0.006 -27"><span class='ocrx_word' id='word_1_307' title='bbox 357 2684 505 2742; x_wconf 72' lang='lat' dir='ltr'><strong>suodo</strong></span> <span class='ocrx_word' id='word_1_308' title='bbox 551 2690 614 2743; x_wconf 89' lang='lat' dir='ltr'><strong>de</strong></span> <span class='ocrx_word' id='word_1_309' title='bbox 669 2690 783 2759; x_wconf 82' lang='lat' dir='ltr'><strong>ﬁlia</strong></span> <span class='ocrx_word' id='word_1_310' title='bbox 823 2692 1068 2765; x_wconf 87' lang='lat' dir='ltr'><strong>spiritali,</strong></span> <span class='ocrx_word' id='word_1_311' title='bbox 1119 2697 1388 2766; x_wconf 87' lang='lat' dir='ltr'><strong>episcopus</strong></span> <span class='ocrx_word' id='word_1_312' title='bbox 1432 2694 1724 2765; x_wconf 82' lang='lat' dir='ltr'><strong>quindecim</strong></span> <span class='ocrx_word' id='word_1_313' title='bbox 1765 2694 1940 2764; x_wconf 78' lang='lat' dir='ltr'><strong>annis,</strong></span> 
     </span>
    </p>
   </div>
   <div class='ocr_carea' id='block_1_44' title="bbox 2046 1862 3622 1937">
    <p class='ocr_par' dir='ltr' id='par_1_44' title="bbox 2046 1862 3622 1937">
     <span class='ocr_line' id='line_1_44' title="bbox 2046 1862 3622 1937; baseline -0.006 -14"><span class='ocrx_word' id='word_1_314' title='bbox 2046 1868 2241 1924; x_wconf 79' lang='lat' dir='ltr'><strong>fratres</strong></span> <span class='ocrx_word' id='word_1_315' title='bbox 2290 1876 2346 1924; x_wconf 91' lang='lat' dir='ltr'><strong>et</strong></span> <span class='ocrx_word' id='word_1_316' title='bbox 2369 1877 2627 1937; x_wconf 86' lang='lat' dir='ltr'><strong>cognatos</strong></span> <span class='ocrx_word' id='word_1_317' title='bbox 2655 1867 2707 1920; x_wconf 93' lang='lat' dir='ltr'><strong>in</strong></span> <span class='ocrx_word' id='word_1_318' title='bbox 2738 1864 3082 1921; x_wconf 87' lang='lat' dir='ltr'><strong>matrimonio</strong></span> <span class='ocrx_word' id='word_1_319' title='bbox 3125 1863 3498 1918; x_wconf 85' lang='lat' dir='ltr'><strong>contrahendo</strong></span> <span class='ocrx_word' id='word_1_320' title='bbox 3539 1862 3622 1915; x_wconf 86' lang='lat' dir='ltr'><strong>vel</strong></span> 
     </span>
    </p>
   </div>
   <div class='ocr_carea' id='block_1_45' title="bbox 2044 1954 3622 2028">
    <p class='ocr_par' dir='ltr' id='par_1_45' title="bbox 2044 1954 3622 2028">
     <span class='ocr_line' id='line_1_45' title="bbox 2044 1954 3622 2028; baseline -0.006 -11"><span class='ocrx_word' id='word_1_321' title='bbox 2044 1962 2346 2017; x_wconf 87' lang='lat' dir='ltr'><strong>dirimendo</strong></span> <span class='ocrx_word' id='word_1_322' title='bbox 2369 1969 2535 2016; x_wconf 87' lang='lat' dir='ltr'><strong>testes</strong></span> <span class='ocrx_word' id='word_1_323' title='bbox 2555 1958 2797 2015; x_wconf 90' lang='lat' dir='ltr'><strong>adhiberi</strong></span> <span class='ocrx_word' id='word_1_324' title='bbox 2831 1973 2994 2028; x_wconf 86' lang='lat' dir='ltr'><strong>posse</strong></span> <span class='ocrx_word' id='word_1_325' title='bbox 3022 1955 3302 2021; x_wconf 86' lang='lat' dir='ltr'><strong>delinitur,</strong></span> <span class='ocrx_word' id='word_1_326' title='bbox 3332 1954 3622 2011; x_wconf 86' lang='lat' dir='ltr'><strong>Gratianus</strong></span> 
     </span>
    </p>
   </div>
   <div class='ocr_carea' id='block_1_46' title="bbox 2043 2044 3625 2125">
    <p class='ocr_par' dir='ltr' id='par_1_46' title="bbox 2043 2044 3625 2125">
     <span class='ocr_line' id='line_1_46' title="bbox 2043 2044 3625 2125; baseline -0.007 -16"><span class='ocrx_word' id='word_1_327' title='bbox 2043 2054 2133 2121; x_wconf 78' lang='lat'><strong>55,</strong></span> <span class='ocrx_word' id='word_1_328' title='bbox 2161 2062 2354 2125; x_wconf 66' lang='lat' dir='ltr'><strong>quasst.</strong></span> <span class='ocrx_word' id='word_1_329' title='bbox 2379 2051 2434 2118; x_wconf 87' lang='lat'><strong>6,</strong></span> <span class='ocrx_word' id='word_1_330' title='bbox 2458 2067 2579 2122; x_wconf 86' lang='lat' dir='ltr'><strong>cap.</strong></span> <span class='ocrx_word' id='word_1_331' title='bbox 2620 2051 2677 2119; x_wconf 75' lang='lat'><strong>2,</strong></span> <span class='ocrx_word' id='word_1_332' title='bbox 2704 2051 2851 2105; x_wconf 74' lang='lat' dir='ltr'><strong>velut</strong></span> <span class='ocrx_word' id='word_1_333' title='bbox 2883 2065 2911 2103; x_wconf 88' lang='lat' dir='ltr'><strong>a</strong></span> <span class='ocrx_word' id='word_1_334' title='bbox 2953 2049 3108 2105; x_wconf 80' lang='lat' dir='ltr'><strong>Palea</strong></span> <span class='ocrx_word' id='word_1_335' title='bbox 3147 2048 3442 2103; x_wconf 74' lang='lat' dir='ltr'><strong>leestino</strong></span> <span class='ocrx_word' id='word_1_336' title='bbox 3467 2044 3625 2100; x_wconf 77' lang='lat' dir='ltr'><strong>attri—</strong></span> 
     </span>
    </p>
   </div>
   <div class='ocr_carea' id='block_1_47' title="bbox 2043 2138 3622 2210">
    <p class='ocr_par' dir='ltr' id='par_1_47' title="bbox 2043 2138 3622 2210">
     <span class='ocr_line' id='line_1_47' title="bbox 2043 2138 3622 2210; baseline -0.007 -9"><span class='ocrx_word' id='word_1_337' title='bbox 2043 2147 2230 2201; x_wconf 83' lang='lat' dir='ltr'><strong>butum</strong></span> <span class='ocrx_word' id='word_1_338' title='bbox 2279 2146 2351 2200; x_wconf 90' lang='lat' dir='ltr'><strong>ita</strong></span> <span class='ocrx_word' id='word_1_339' title='bbox 2398 2144 2701 2201; x_wconf 87' lang='lat' dir='ltr'><strong>describit:</strong></span> <span class='ocrx_word' id='word_1_340' title='bbox 2737 2142 2957 2198; x_wconf 84' lang='lat' dir='ltr'><strong>Videtur</strong></span> <span class='ocrx_word' id='word_1_341' title='bbox 3002 2142 3147 2195; x_wconf 90' lang='lat' dir='ltr'><strong>nobis</strong></span> <span class='ocrx_word' id='word_1_342' title='bbox 3192 2139 3332 2210; x_wconf 89' lang='lat' dir='ltr'><strong>quod</strong></span> <span class='ocrx_word' id='word_1_343' title='bbox 3381 2138 3622 2203; x_wconf 87' lang='lat' dir='ltr'><strong>secunda,</strong></span> 
     </span>
    </p>
   </div>
   <div class='ocr_carea' id='block_1_48' title="bbox 2043 2230 3624 2307">
    <p class='ocr_par' dir='ltr' id='par_1_48' title="bbox 2043 2230 3624 2307">
     <span class='ocr_line' id='line_1_48' title="bbox 2043 2230 3624 2307; baseline -0.006 -16"><span class='ocrx_word' id='word_1_344' title='bbox 2043 2254 2197 2307; x_wconf 84' lang='lat' dir='ltr'><strong>quam</strong></span> <span class='ocrx_word' id='word_1_345' title='bbox 2248 2246 2427 2291; x_wconf 86' lang='lat' dir='ltr'><strong>contra</strong></span> <span class='ocrx_word' id='word_1_346' title='bbox 2478 2234 2873 2304; x_wconf 80' lang='lat' dir='ltr'><strong>prohibitionem</strong></span> <span class='ocrx_word' id='word_1_347' title='bbox 2904 2230 3152 2287; x_wconf 69' lang='lat' dir='ltr'><strong>Ecclesia!</strong></span> <span class='ocrx_word' id='word_1_348' title='bbox 3196 2232 3366 2299; x_wconf 72' lang='lat' dir='ltr'><strong>duxit,</strong></span> <span class='ocrx_word' id='word_1_349' title='bbox 3415 2247 3515 2283; x_wconf 87' lang='lat' dir='ltr'><strong>non</strong></span> <span class='ocrx_word' id='word_1_350' title='bbox 3556 2232 3624 2284; x_wconf 88' lang='lat' dir='ltr'><strong>sit</strong></span> 
     </span>
    </p>
   </div>
   <div class='ocr_carea' id='block_1_49' title="bbox 2039 2323 3619 2398">
    <p class='ocr_par' dir='ltr' id='par_1_49' title="bbox 2039 2323 3619 2398">
     <span class='ocr_line' id='line_1_49' title="bbox 2039 2323 3619 2398; baseline -0.006 -16"><span class='ocrx_word' id='word_1_351' title='bbox 2039 2344 2192 2398; x_wconf 68' lang='lat' dir='ltr'><strong>uxor,</strong></span> <span class='ocrx_word' id='word_1_352' title='bbox 2222 2325 2424 2381; x_wconf 87' lang='lat' dir='ltr'><strong>etiamsi</strong></span> <span class='ocrx_word' id='word_1_353' title='bbox 2463 2327 2679 2397; x_wconf 89' lang='lat' dir='ltr'><strong>primam</strong></span> <span class='ocrx_word' id='word_1_354' title='bbox 2723 2340 2827 2379; x_wconf 90' lang='lat' dir='ltr'><strong>non</strong></span> <span class='ocrx_word' id='word_1_355' title='bbox 2868 2323 3072 2377; x_wconf 76' lang='lat' dir='ltr'><strong>haberet</strong></span> <span class='ocrx_word' id='word_1_356' title='bbox 3105 2323 3484 2394; x_wconf 79' lang='lat' dir='ltr'><strong>desponsatam,</strong></span> <span class='ocrx_word' id='word_1_357' title='bbox 3515 2330 3619 2374; x_wconf 88' lang='lat' dir='ltr'><strong>etc.</strong></span> 
     </span>
    </p>
   </div>
   <div class='ocr_carea' id='block_1_50' title="bbox 2039 2412 3619 2485">
    <p class='ocr_par' dir='ltr' id='par_1_50' title="bbox 2039 2412 3619 2485">
     <span class='ocr_line' id='line_1_50' title="bbox 2039 2412 3619 2485; baseline -0.006 -11"><span class='ocrx_word' id='word_1_358' title='bbox 2039 2420 2105 2474; x_wconf 74' lang='lat' dir='ltr'><strong>At</strong></span> <span class='ocrx_word' id='word_1_359' title='bbox 2132 2417 2187 2472; x_wconf 89' lang='lat' dir='ltr'><strong>in</strong></span> <span class='ocrx_word' id='word_1_360' title='bbox 2215 2416 2461 2485; x_wconf 73' lang='lat' dir='ltr'><strong>Gregorii</strong></span> <span class='ocrx_word' id='word_1_361' title='bbox 2500 2412 2575 2471; x_wconf 79' lang='lat' dir='ltr'><strong>1X</strong></span> <span class='ocrx_word' id='word_1_362' title='bbox 2601 2413 2970 2470; x_wconf 83' lang='lat' dir='ltr'><strong>Decretalibus</strong></span> <span class='ocrx_word' id='word_1_363' title='bbox 2999 2412 3096 2467; x_wconf 89' lang='lat' dir='ltr'><strong>lib.</strong></span> <span class='ocrx_word' id='word_1_364' title='bbox 3126 2426 3203 2477; x_wconf 80' lang='lat' dir='ltr'><strong>tv,</strong></span> <span class='ocrx_word' id='word_1_365' title='bbox 3247 2413 3332 2465; x_wconf 90' lang='lat' dir='ltr'><strong>tit.</strong></span> <span class='ocrx_word' id='word_1_366' title='bbox 3364 2412 3453 2475; x_wconf 80' lang='grc'><strong>18,</strong></span> <span class='ocrx_word' id='word_1_367' title='bbox 3485 2425 3533 2464; x_wconf 91' lang='lat' dir='ltr'><strong>c.</strong></span> <span class='ocrx_word' id='word_1_368' title='bbox 3565 2412 3619 2474; x_wconf 79' lang='lat'><strong>5,</strong></span> 
     </span>
    </p>
   </div>
   <div class='ocr_carea' id='block_1_51' title="bbox 2038 2502 3679 2574">
    <p class='ocr_par' dir='ltr' id='par_1_51' title="bbox 2038 2502 3679 2574">
     <span class='ocr_line' id='line_1_51' title="bbox 2038 2502 3679 2574; baseline -0.004 -7"><span class='ocrx_word' id='word_1_369' title='bbox 2038 2506 2303 2567; x_wconf 87' lang='lat' dir='ltr'><strong>Clementi</strong></span> <span class='ocrx_word' id='word_1_370' title='bbox 2331 2506 2394 2563; x_wconf 90' lang='grc'><strong>111</strong></span> <span class='ocrx_word' id='word_1_371' title='bbox 2461 2506 2787 2573; x_wconf 87' lang='lat' dir='ltr'><strong>restituitur,</strong></span> <span class='ocrx_word' id='word_1_372' title='bbox 2828 2515 3157 2573; x_wconf 87' lang='lat' dir='ltr'><strong>notaturque</strong></span> <span class='ocrx_word' id='word_1_373' title='bbox 3198 2502 3267 2559; x_wconf 91' lang='lat' dir='ltr'><strong>ad</strong></span> <span class='ocrx_word' id='word_1_374' title='bbox 3323 2504 3617 2574; x_wconf 77' lang='lat' dir='ltr'><strong>marginem</strong></span> <span class='ocrx_word' id='word_1_375' title='bbox 3672 2554 3679 2561; x_wconf 87' lang='lat'><strong>.</strong></span> 
     </span>
    </p>
   </div>
   <div class='ocr_carea' id='block_1_52' title="bbox 2038 2595 3261 2666">
    <p class='ocr_par' dir='ltr' id='par_1_52' title="bbox 2038 2595 3261 2666">
     <span class='ocr_line' id='line_1_52' title="bbox 2038 2595 3261 2666; baseline -0.007 -9"><span class='ocrx_word' id='word_1_376' title='bbox 2038 2600 2169 2658; x_wconf 84' lang='lat' dir='ltr'><strong>illud</strong></span> <span class='ocrx_word' id='word_1_377' title='bbox 2191 2599 2318 2657; x_wconf 89' lang='lat' dir='ltr'><strong>olim</strong></span> <span class='ocrx_word' id='word_1_378' title='bbox 2340 2598 2634 2656; x_wconf 70' lang='lat' dir='ltr'><strong>Caelestino</strong></span> <span class='ocrx_word' id='word_1_379' title='bbox 2663 2596 2731 2653; x_wconf 90' lang='lat' dir='ltr'><strong>lll</strong></span> <span class='ocrx_word' id='word_1_380' title='bbox 2758 2597 2924 2653; x_wconf 76' lang='lat' dir='ltr'><strong>fuisse</strong></span> <span class='ocrx_word' id='word_1_381' title='bbox 2946 2595 3261 2666; x_wconf 83' lang='lat' dir='ltr'><strong>ascriptum.</strong></span> 
     </span>
    </p>
   </div>
   <div class='ocr_carea' id='block_1_53' title="bbox 1575 2947 2424 2996">
    <p class='ocr_par' dir='ltr' id='par_1_53' title="bbox 1575 2947 2424 2996">
     <span class='ocr_line' id='line_1_53' title="bbox 1575 2947 2424 2996; baseline -0.005 -2"><span class='ocrx_word' id='word_1_382' title='bbox 1575 2948 1746 2994; x_wconf 67' lang='lat' dir='ltr'><strong>ANNO</strong></span> <span class='ocrx_word' id='word_1_383' title='bbox 1788 2949 2019 2995; x_wconf 74' lang='grc' dir='ltr'><strong>υοιίικι</strong></span> <span class='ocrx_word' id='word_1_384' title='bbox 2063 2947 2424 2996; x_wconf 71' lang='lat' dir='ltr'><strong>CDXXXVIII.</strong></span> 
     </span>
    </p>
   </div>
   <div class='ocr_carea' id='block_1_54' title="bbox 480 3112 3499 3292">
    <p class='ocr_par' dir='ltr' id='par_1_54' title="bbox 480 3112 3499 3292">
     <span class='ocr_line' id='line_1_54' title="bbox 480 3112 3499 3292; baseline 0.008 -24"><span class='ocrx_word' id='word_1_385' title='bbox 480 3112 1679 3281; x_wconf 78' lang='lat' dir='ltr'><strong>ANTONINU</strong></span> <span class='ocrx_word' id='word_1_386' title='bbox 1711 3120 1833 3276; x_wconf 89' lang='lat' dir='ltr'>S</span> <span class='ocrx_word' id='word_1_387' title='bbox 1964 3115 3499 3292; x_wconf 65' lang='lat' dir='ltr'><strong>HONORATUS.</strong></span> 
     </span>
    </p>
   </div>
   <div class='ocr_carea' id='block_1_55' title="bbox 1098 3374 2892 3463">
    <p class='ocr_par' dir='ltr' id='par_1_55' title="bbox 1098 3374 2892 3463">
     <span class='ocr_line' id='line_1_55' title="bbox 1098 3374 2892 3463; baseline -0.003 -4"><span class='ocrx_word' id='word_1_388' title='bbox 1098 3376 1735 3463; x_wconf 86' lang='lat' dir='ltr'><strong>EPISCOPUS</strong></span> <span class='ocrx_word' id='word_1_389' title='bbox 1801 3374 2892 3463; x_wconf 82' lang='lat' dir='ltr'><strong>CONSTANTINENSIS.</strong></span> 
     </span>
    </p>
   </div>
   <div class='ocr_carea' id='block_1_56' title="bbox 1778 3552 2190 3579">
    <p class='ocr_par' dir='ltr' id='par_1_56' title="bbox 1778 3552 2190 3579">
     <span class='ocr_line' id='line_1_56' title="bbox 1778 3552 2190 3579; baseline 0 -10"><span class='ocrx_word' id='word_1_390' title='bbox 1778 3552 2190 3579; x_wconf 44' lang='lat'><strong>~—</strong></span> 
     </span>
    </p>
   </div>
   <div class='ocr_carea' id='block_1_57' title="bbox 1373 3658 2571 3815">
    <p class='ocr_par' dir='ltr' id='par_1_57' title="bbox 1373 3658 2571 3815">
     <span class='ocr_line' id='line_1_57' title="bbox 1373 3658 2571 3815; baseline -0.006 0"><span class='ocrx_word' id='word_1_391' title='bbox 1373 3708 2571 3815; x_wconf 80' lang='lat' dir='ltr'><strong>PROLEGOMENA.</strong></span> 
     </span>
    </p>
   </div>
   <div class='ocr_carea' id='block_1_58' title="bbox 1787 3935 2170 3947">
    <p class='ocr_par' dir='ltr' id='par_1_58' title="bbox 1787 3935 2170 3947">
     <span class='ocr_line' id='line_1_58' title="bbox 1787 3935 2170 3947; baseline -0.003 -1"><span class='ocrx_word' id='word_1_392' title='bbox 1787 3935 2170 3947; x_wconf 77' lang='lat'><strong>—-——_</strong></span> 
     </span>
    </p>
   </div>
   <div class='ocr_carea' id='block_1_59' title="bbox 639 4080 3307 4148">
    <p class='ocr_par' dir='ltr' id='par_1_59' title="bbox 639 4080 3307 4148">
     <span class='ocr_line' id='line_1_59' title="bbox 639 4080 3307 4148; baseline -0.001 -4"><span class='ocrx_word' id='word_1_393' title='bbox 639 4081 1251 4148; x_wconf 80' lang='lat' dir='ltr'><strong>SCHOENEMANNI</strong></span> <span class='ocrx_word' id='word_1_394' title='bbox 1294 4084 1625 4148; x_wconf 75' lang='grc' dir='ltr'><strong>ΝΟΤΙΤΙΑ</strong></span> <span class='ocrx_word' id='word_1_395' title='bbox 1670 4081 2635 4145; x_wconf 77' lang='lat' dir='ltr'><strong>HlS&#39;l‘ORICO—LITTERARIA</strong></span> <span class='ocrx_word' id='word_1_396' title='bbox 2680 4082 2761 4145; x_wconf 84' lang='lat' dir='ltr'><strong>IN</strong></span> <span class='ocrx_word' id='word_1_397' title='bbox 2805 4080 3307 4145; x_wconf 80' lang='lat' dir='ltr'><strong>ANTONINUM.</strong></span> 
     </span>
    </p>
   </div>
   <div class='ocr_carea' id='block_1_60' title="bbox 1454 4203 2456 4275">
    <p class='ocr_par' dir='ltr' id='par_1_60' title="bbox 1454 4203 2456 4275">
     <span class='ocr_line' id='line_1_60' title="bbox 1454 4203 2456 4275; baseline -0.006 -16"><span class='ocrx_word' id='word_1_398' title='bbox 1454 4208 1672 4275; x_wconf 78' lang='lat' dir='ltr'><strong>(Senam.</strong></span> <span class='ocrx_word' id='word_1_399' title='bbox 1698 4206 1926 4258; x_wconf 89' lang='lat' dir='ltr'><strong>Biblioth.</strong></span> <span class='ocrx_word' id='word_1_400' title='bbox 1954 4205 2082 4258; x_wconf 78' lang='lat' dir='ltr'><strong>Hist.</strong></span> <span class='ocrx_word' id='word_1_401' title='bbox 2101 4203 2198 4256; x_wconf 88' lang='lat' dir='ltr'><strong>litt.</strong></span> <span class='ocrx_word' id='word_1_402' title='bbox 2226 4211 2343 4255; x_wconf 90' lang='lat' dir='ltr'><strong>tom.</strong></span> <span class='ocrx_word' id='word_1_403' title='bbox 2364 4204 2456 4271; x_wconf 82' lang='lat' dir='ltr'><strong>II.)</strong></span> 
     </span>
    </p>
   </div>
   <div class='ocr_carea' id='block_1_61' title="bbox 993 4338 1277 4410">
    <p class='ocr_par' dir='ltr' id='par_1_61' title="bbox 993 4338 1277 4410">
     <span class='ocr_line' id='line_1_61' title="bbox 993 4338 1277 4410; baseline 0 -17"><span class='ocrx_word' id='word_1_404' title='bbox 993 4340 1021 4410; x_wconf 66' lang='grc' dir='ltr'>ς</span> <span class='ocrx_word' id='word_1_405' title='bbox 1060 4338 1100 4395; x_wconf 92' lang='grc'><strong>1.</strong></span> <span class='ocrx_word' id='word_1_406' title='bbox 1138 4338 1277 4393; x_wconf 85' lang='lat' dir='ltr'><strong>Vita.</strong></span> 
     </span>
    </p>
   </div>
   <div class='ocr_carea' id='block_1_62' title="bbox 423 4450 1919 4522">
    <p class='ocr_par' dir='ltr' id='par_1_62' title="bbox 423 4450 1919 4522">
     <span class='ocr_line' id='line_1_62' title="bbox 423 4450 1919 4522; baseline 0.005 -18"><span class='ocrx_word' id='word_1_407' title='bbox 423 4453 716 4508; x_wconf 80' lang='lat' dir='ltr'><strong>Antoninus</strong></span> <span class='ocrx_word' id='word_1_408' title='bbox 739 4450 1039 4508; x_wconf 80' lang='lat' dir='ltr'><strong>Honoratus</strong></span> <span class='ocrx_word' id='word_1_409' title='bbox 1064 4469 1182 4520; x_wconf 87' lang='lat' dir='ltr'><strong>seu,</strong></span> <span class='ocrx_word' id='word_1_410' title='bbox 1203 4464 1259 4508; x_wconf 90' lang='lat' dir='ltr'><strong>ut</strong></span> <span class='ocrx_word' id='word_1_411' title='bbox 1283 4454 1408 4509; x_wconf 88' lang='lat' dir='ltr'><strong>alibi</strong></span> <span class='ocrx_word' id='word_1_412' title='bbox 1431 4456 1599 4522; x_wconf 87' lang='lat' dir='ltr'><strong>audit,</strong></span> <span class='ocrx_word' id='word_1_413' title='bbox 1618 4456 1919 4512; x_wconf 83' lang='lat' dir='ltr'><strong>Honoratus</strong></span> 
     </span>
    </p>
   </div>
   <div class='ocr_carea' id='block_1_63' title="bbox 1949 4334 3610 4405">
    <p class='ocr_par' dir='ltr' id='par_1_63' title="bbox 1949 4334 3610 4405">
     <span class='ocr_line' id='line_1_63' title="bbox 1949 4334 3610 4405; baseline 0.003 -16"><span class='ocrx_word' id='word_1_414' title='bbox 1949 4342 1995 4404; x_wconf 74' lang='grc' dir='ltr'>α</span> <span class='ocrx_word' id='word_1_415' title='bbox 2029 4335 2206 4390; x_wconf 85' lang='lat' dir='ltr'><strong>varias</strong></span> <span class='ocrx_word' id='word_1_416' title='bbox 2234 4335 2287 4389; x_wconf 90' lang='lat' dir='ltr'><strong>in</strong></span> <span class='ocrx_word' id='word_1_417' title='bbox 2320 4334 2667 4390; x_wconf 90' lang='lat' dir='ltr'><strong>Bibliothecis</strong></span> <span class='ocrx_word' id='word_1_418' title='bbox 2709 4335 2926 4391; x_wconf 86' lang='lat' dir='ltr'><strong>Patrum</strong></span> <span class='ocrx_word' id='word_1_419' title='bbox 2965 4338 3315 4405; x_wconf 83' lang='lat' dir='ltr'><strong>repetitiones</strong></span> <span class='ocrx_word' id='word_1_420' title='bbox 3356 4337 3610 4394; x_wconf 69' lang='lat' dir='ltr'><strong>emenda-</strong></span> 
     </span>
    </p>
   </div>
   <div class='ocr_carea' id='block_1_64' title="bbox 2017 4426 3606 4495">
    <p class='ocr_par' dir='ltr' id='par_1_64' title="bbox 2017 4426 3606 4495">
     <span class='ocr_line' id='line_1_64' title="bbox 2017 4426 3606 4495; baseline 0.002 -14"><span class='ocrx_word' id='word_1_421' title='bbox 2017 4428 2126 4481; x_wconf 88' lang='lat' dir='ltr'><strong>tior</strong></span> <span class='ocrx_word' id='word_1_422' title='bbox 2148 4427 2285 4481; x_wconf 87' lang='lat' dir='ltr'><strong>laeta</strong></span> <span class='ocrx_word' id='word_1_423' title='bbox 2308 4436 2362 4481; x_wconf 90' lang='lat' dir='ltr'><strong>et</strong></span> <span class='ocrx_word' id='word_1_424' title='bbox 2392 4427 2656 4482; x_wconf 87' lang='lat' dir='ltr'><strong>illustrata</strong></span> <span class='ocrx_word' id='word_1_425' title='bbox 2680 4435 2761 4482; x_wconf 83' lang='lat' dir='ltr'><strong>est</strong></span> <span class='ocrx_word' id='word_1_426' title='bbox 2782 4441 2812 4481; x_wconf 88' lang='lat' dir='ltr'><strong>a</strong></span> <span class='ocrx_word' id='word_1_427' title='bbox 2836 4426 3174 4483; x_wconf 79' lang='lat' dir='ltr'><strong>Theoderico</strong></span> <span class='ocrx_word' id='word_1_428' title='bbox 3195 4428 3478 4495; x_wconf 84' lang='lat' dir='ltr'><strong>Ruinarlo,</strong></span> <span class='ocrx_word' id='word_1_429' title='bbox 3507 4429 3606 4485; x_wconf 89' lang='lat' dir='ltr'><strong>hoc</strong></span> 
     </span>
    </p>
   </div>
   <div class='ocr_carea' id='block_1_65' title="bbox 355 4519 2389 4617">
    <p class='ocr_par' dir='ltr' id='par_1_65' title="bbox 355 4519 2389 4617">
     <span class='ocr_line' id='line_1_65' title="bbox 355 4519 2389 4617; baseline -0 -20"><span class='ocrx_word' id='word_1_430' title='bbox 355 4540 1149 4609; x_wconf 78' lang='lat' dir='ltr'><strong>Antoninus,Constantinensis</strong></span> <span class='ocrx_word' id='word_1_431' title='bbox 1183 4548 1235 4600; x_wconf 90' lang='lat' dir='ltr'><strong>in</strong></span> <span class='ocrx_word' id='word_1_432' title='bbox 1261 4547 1436 4601; x_wconf 81' lang='lat' dir='ltr'><strong>Africa</strong></span> <span class='ocrx_word' id='word_1_433' title='bbox 1457 4519 1765 4617; x_wconf 64' lang='lat' dir='ltr'><strong>episcopus,</strong></span> <span class='ocrx_word' id='word_1_434' title='bbox 1787 4547 1921 4601; x_wconf 81' lang='lat' dir='ltr'><strong>vixit</strong></span> <span class='ocrx_word' id='word_1_435' title='bbox 2019 4519 2199 4577; x_wconf 64' lang='lat' dir='ltr'><strong>indice</strong></span> <span class='ocrx_word' id='word_1_436' title='bbox 2229 4529 2389 4576; x_wconf 69' lang='grc' dir='ltr'>ίθδίθ·</span> 
     </span>
    </p>
   </div>
   <div class='ocr_carea' id='block_1_66' title="bbox 355 4639 1923 4708">
    <p class='ocr_par' dir='ltr' id='par_1_66' title="bbox 355 4639 1923 4708">
     <span class='ocr_line' id='line_1_66' title="bbox 355 4639 1923 4708; baseline 0.006 -23"><span class='ocrx_word' id='word_1_437' title='bbox 355 4644 585 4704; x_wconf 87' lang='lat' dir='ltr'><strong>tempore</strong></span> <span class='ocrx_word' id='word_1_438' title='bbox 617 4639 1007 4705; x_wconf 82' lang='lat' dir='ltr'><strong>persecutionis</strong></span> <span class='ocrx_word' id='word_1_439' title='bbox 1040 4654 1197 4708; x_wconf 90' lang='lat' dir='ltr'><strong>quam</strong></span> <span class='ocrx_word' id='word_1_440' title='bbox 1235 4639 1558 4695; x_wconf 88' lang='lat' dir='ltr'><strong>Gensericus</strong></span> <span class='ocrx_word' id='word_1_441' title='bbox 1585 4657 1679 4695; x_wconf 88' lang='lat' dir='ltr'><strong>rex</strong></span> <span class='ocrx_word' id='word_1_442' title='bbox 1709 4640 1923 4695; x_wconf 83' lang='lat' dir='ltr'><strong>Vanda-</strong></span> 
     </span>
    </p>
   </div>
   <div class='ocr_carea' id='block_1_67' title="bbox 352 4725 1922 4803">
    <p class='ocr_par' dir='ltr' id='par_1_67' title="bbox 352 4725 1922 4803">
     <span class='ocr_line' id='line_1_67' title="bbox 352 4725 1922 4803; baseline 0.008 -26"><span class='ocrx_word' id='word_1_443' title='bbox 352 4725 517 4781; x_wconf 88' lang='lat' dir='ltr'><strong>lorum</strong></span> <span class='ocrx_word' id='word_1_444' title='bbox 548 4728 601 4784; x_wconf 89' lang='lat' dir='ltr'><strong>in</strong></span> <span class='ocrx_word' id='word_1_445' title='bbox 632 4731 925 4785; x_wconf 88' lang='lat' dir='ltr'><strong>catholicos</strong></span> <span class='ocrx_word' id='word_1_446' title='bbox 951 4732 1306 4801; x_wconf 87' lang='lat' dir='ltr'><strong>excitaverat,</strong></span> <span class='ocrx_word' id='word_1_447' title='bbox 1339 4743 1392 4785; x_wconf 88' lang='lat' dir='ltr'><strong>et</strong></span> <span class='ocrx_word' id='word_1_448' title='bbox 1418 4733 1707 4787; x_wconf 80' lang='lat' dir='ltr'><strong>Arcadium</strong></span> <span class='ocrx_word' id='word_1_449' title='bbox 1735 4749 1922 4803; x_wconf 85' lang='lat' dir='ltr'><strong>quem-</strong></span> 
     </span>
    </p>
   </div>
   <div class='ocr_carea' id='block_1_68' title="bbox 347 4816 1923 4895">
    <p class='ocr_par' dir='ltr' id='par_1_68' title="bbox 347 4816 1923 4895">
     <span class='ocr_line' id='line_1_68' title="bbox 347 4816 1923 4895; baseline 0.007 -26"><span class='ocrx_word' id='word_1_450' title='bbox 347 4817 464 4870; x_wconf 85' lang='lat' dir='ltr'><strong>dam</strong></span> <span class='ocrx_word' id='word_1_451' title='bbox 499 4819 791 4889; x_wconf 86' lang='lat' dir='ltr'><strong>Hispanum</strong></span> <span class='ocrx_word' id='word_1_452' title='bbox 835 4821 906 4875; x_wconf 87' lang='lat' dir='ltr'><strong>ob</strong></span> <span class='ocrx_word' id='word_1_453' title='bbox 951 4821 1111 4876; x_wconf 78' lang='lat' dir='ltr'><strong>fidem</strong></span> <span class='ocrx_word' id='word_1_454' title='bbox 1155 4816 1207 4876; x_wconf 86' lang='lat' dir='ltr'><strong>in</strong></span> <span class='ocrx_word' id='word_1_455' title='bbox 1256 4825 1503 4878; x_wconf 75' lang='lat' dir='ltr'><strong>exsilium</strong></span> <span class='ocrx_word' id='word_1_456' title='bbox 1556 4825 1788 4893; x_wconf 89' lang='lat' dir='ltr'><strong>pulsum,</strong></span> <span class='ocrx_word' id='word_1_457' title='bbox 1825 4840 1923 4895; x_wconf 89' lang='lat' dir='ltr'><strong>per</strong></span> 
     </span>
    </p>
   </div>
   <div class='ocr_carea' id='block_1_69' title="bbox 345 4907 1921 4984">
    <p class='ocr_par' dir='ltr' id='par_1_69' title="bbox 345 4907 1921 4984">
     <span class='ocr_line' id='line_1_69' title="bbox 345 4907 1921 4984; baseline 0.007 -24"><span class='ocrx_word' id='word_1_458' title='bbox 345 4907 626 4976; x_wconf 78' lang='lat' dir='ltr'><strong>epistolam</strong></span> <span class='ocrx_word' id='word_1_459' title='bbox 654 4911 967 4966; x_wconf 80' lang='lat' dir='ltr'><strong>consolatus</strong></span> <span class='ocrx_word' id='word_1_460' title='bbox 1007 4920 1063 4967; x_wconf 91' lang='lat' dir='ltr'><strong>et</strong></span> <span class='ocrx_word' id='word_1_461' title='bbox 1101 4912 1167 4967; x_wconf 89' lang='lat' dir='ltr'><strong>ad</strong></span> <span class='ocrx_word' id='word_1_462' title='bbox 1205 4914 1448 4984; x_wconf 82' lang='lat' dir='ltr'><strong>graviora</strong></span> <span class='ocrx_word' id='word_1_463' title='bbox 1477 4916 1790 4984; x_wconf 68' lang='lat' dir='ltr'><strong>perferenda</strong></span> <span class='ocrx_word' id='word_1_464' title='bbox 1822 4932 1921 4971; x_wconf 87' lang='lat' dir='ltr'><strong>ex-</strong></span> 
     </span>
    </p>
   </div>
   <div class='ocr_carea' id='block_1_70' title="bbox 346 4997 724 5057">
    <p class='ocr_par' dir='ltr' id='par_1_70' title="bbox 346 4997 724 5057">
     <span class='ocr_line' id='line_1_70' title="bbox 346 4997 724 5057; baseline 0.013 -8"><span class='ocrx_word' id='word_1_465' title='bbox 346 4997 585 5055; x_wconf 85' lang='lat' dir='ltr'><strong>hortatus</strong></span> <span class='ocrx_word' id='word_1_466' title='bbox 622 5009 724 5057; x_wconf 91' lang='lat' dir='ltr'><strong>est.</strong></span> 
     </span>
    </p>
   </div>
   <div class='ocr_carea' id='block_1_71' title="bbox 928 5092 1335 5165">
    <p class='ocr_par' dir='ltr' id='par_1_71' title="bbox 928 5092 1335 5165">
     <span class='ocr_line' id='line_1_71' title="bbox 928 5092 1335 5165; baseline 0 -18"><span class='ocrx_word' id='word_1_467' title='bbox 928 5092 956 5165; x_wconf 66' lang='grc' dir='ltr'>ς</span> <span class='ocrx_word' id='word_1_468' title='bbox 998 5094 1061 5147; x_wconf 85' lang='lat' dir='ltr'><strong>ll.</strong></span> <span class='ocrx_word' id='word_1_469' title='bbox 1106 5092 1335 5162; x_wconf 88' lang='lat' dir='ltr'><strong>Scripta.</strong></span> 
     </span>
    </p>
   </div>
   <div class='ocr_carea' id='block_1_72' title="bbox 414 5179 1923 5255">
    <p class='ocr_par' dir='ltr' id='par_1_72' title="bbox 414 5179 1923 5255">
     <span class='ocr_line' id='line_1_72' title="bbox 414 5179 1923 5255; baseline 0.007 -24"><span class='ocrx_word' id='word_1_470' title='bbox 414 5180 597 5236; x_wconf 74' lang='lat' dir='ltr'><strong>iiestat</strong></span> <span class='ocrx_word' id='word_1_471' title='bbox 639 5179 796 5236; x_wconf 89' lang='lat' dir='ltr'><strong>hodie</strong></span> <span class='ocrx_word' id='word_1_472' title='bbox 835 5181 922 5236; x_wconf 88' lang='lat' dir='ltr'><strong>illa</strong></span> <span class='ocrx_word' id='word_1_473' title='bbox 953 5181 1211 5250; x_wconf 83' lang='lat' dir='ltr'><strong>Epistola.</strong></span> <span class='ocrx_word' id='word_1_474' title='bbox 1251 5184 1320 5235; x_wconf 92' lang='lat' dir='ltr'><strong>ad</strong></span> <span class='ocrx_word' id='word_1_475' title='bbox 1351 5183 1549 5237; x_wconf 86' lang='lat' dir='ltr'><strong>labores</strong></span> <span class='ocrx_word' id='word_1_476' title='bbox 1587 5200 1681 5255; x_wconf 86' lang='lat' dir='ltr'><strong>pro</strong></span> <span class='ocrx_word' id='word_1_477' title='bbox 1718 5186 1923 5241; x_wconf 73' lang='lat' dir='ltr'><strong>Christo</strong></span> 
     </span>
    </p>
   </div>
   <div class='ocr_carea' id='block_1_73' title="bbox 346 5267 1920 5345">
    <p class='ocr_par' dir='ltr' id='par_1_73' title="bbox 346 5267 1920 5345">
     <span class='ocr_line' id='line_1_73' title="bbox 346 5267 1920 5345; baseline 0.01 -28"><span class='ocrx_word' id='word_1_478' title='bbox 346 5267 575 5333; x_wconf 78' lang='lat' dir='ltr'><strong>ferendos</strong></span> <span class='ocrx_word' id='word_1_479' title='bbox 605 5271 982 5339; x_wconf 73' lang='lat' dir='ltr'><strong>exhortatoria,</strong></span> <span class='ocrx_word' id='word_1_480' title='bbox 1012 5274 1193 5344; x_wconf 83' lang='lat' dir='ltr'><strong>gravis</strong></span> <span class='ocrx_word' id='word_1_481' title='bbox 1231 5283 1283 5328; x_wconf 87' lang='lat' dir='ltr'><strong>et</strong></span> <span class='ocrx_word' id='word_1_482' title='bbox 1317 5274 1557 5343; x_wconf 83' lang='lat' dir='ltr'><strong>elegans,</strong></span> <span class='ocrx_word' id='word_1_483' title='bbox 1585 5292 1745 5345; x_wconf 90' lang='lat' dir='ltr'><strong>quam</strong></span> <span class='ocrx_word' id='word_1_484' title='bbox 1773 5288 1920 5334; x_wconf 89' lang='lat' dir='ltr'><strong>recte</strong></span> 
     </span>
    </p>
   </div>
   <div class='ocr_carea' id='block_1_74' title="bbox 348 5354 1916 5433">
    <p class='ocr_par' dir='ltr' id='par_1_74' title="bbox 348 5354 1916 5433">
     <span class='ocr_line' id='line_1_74' title="bbox 348 5354 1916 5433; baseline 0.01 -26"><span class='ocrx_word' id='word_1_485' title='bbox 348 5354 602 5413; x_wconf 75' lang='lat' dir='ltr'><strong>Duronius</strong></span> <span class='ocrx_word' id='word_1_486' title='bbox 639 5362 917 5429; x_wconf 91' lang='lat' dir='ltr'><strong>antiquum</strong></span> <span class='ocrx_word' id='word_1_487' title='bbox 963 5364 1111 5417; x_wconf 87' lang='lat' dir='ltr'><strong>illum</strong></span> <span class='ocrx_word' id='word_1_488' title='bbox 1152 5366 1506 5433; x_wconf 89' lang='lat' dir='ltr'><strong>apostolicum</strong></span> <span class='ocrx_word' id='word_1_489' title='bbox 1552 5369 1916 5423; x_wconf 84' lang='lat' dir='ltr'><strong>characterem</strong></span> 
     </span>
    </p>
   </div>
   <div class='ocr_carea' id='block_1_75' title="bbox 347 5446 1798 5522">
    <p class='ocr_par' dir='ltr' id='par_1_75' title="bbox 347 5446 1798 5522">
     <span class='ocr_line' id='line_1_75' title="bbox 347 5446 1798 5522; baseline 0.01 -24"><span class='ocrx_word' id='word_1_490' title='bbox 347 5446 583 5503; x_wconf 69' lang='lat' dir='ltr'><strong>redolere</strong></span> <span class='ocrx_word' id='word_1_491' title='bbox 612 5450 722 5517; x_wconf 88' lang='lat' dir='ltr'><strong>ait,</strong></span> <span class='ocrx_word' id='word_1_492' title='bbox 751 5453 948 5522; x_wconf 92' lang='lat' dir='ltr'><strong>scripta</strong></span> <span class='ocrx_word' id='word_1_493' title='bbox 978 5452 1148 5510; x_wconf 82' lang='lat' dir='ltr'><strong>ferme</strong></span> <span class='ocrx_word' id='word_1_494' title='bbox 1173 5457 1316 5511; x_wconf 90' lang='lat' dir='ltr'><strong>intra</strong></span> <span class='ocrx_word' id='word_1_495' title='bbox 1342 5472 1513 5512; x_wconf 89' lang='lat' dir='ltr'><strong>annos</strong></span> <span class='ocrx_word' id='word_1_496' title='bbox 1538 5456 1798 5515; x_wconf 61' lang='lat'><strong>437—440.</strong></span> 
     </span>
    </p>
   </div>
   <div class='ocr_carea' id='block_1_76' title="bbox 880 5584 1368 5656">
    <p class='ocr_par' dir='ltr' id='par_1_76' title="bbox 880 5584 1368 5656">
     <span class='ocr_line' id='line_1_76' title="bbox 880 5584 1368 5656; baseline 0.006 -15"><span class='ocrx_word' id='word_1_497' title='bbox 880 5584 908 5656; x_wconf 59' lang='grc' dir='ltr'>ᾗ</span> <span class='ocrx_word' id='word_1_498' title='bbox 950 5584 1038 5641; x_wconf 86' lang='lat' dir='ltr'><strong>Ill.</strong></span> <span class='ocrx_word' id='word_1_499' title='bbox 1079 5584 1368 5643; x_wconf 85' lang='lat' dir='ltr'><strong>Editiones.</strong></span> 
     </span>
    </p>
   </div>
   <div class='ocr_carea' id='block_1_77' title="bbox 412 5691 1918 5775">
    <p class='ocr_par' dir='ltr' id='par_1_77' title="bbox 412 5691 1918 5775">
     <span class='ocr_line' id='line_1_77' title="bbox 412 5691 1918 5775; baseline 0.009 -26"><span class='ocrx_word' id='word_1_500' title='bbox 412 5691 566 5750; x_wconf 79' lang='lat' dir='ltr'><strong>Edita</strong></span> <span class='ocrx_word' id='word_1_501' title='bbox 609 5708 693 5753; x_wconf 86' lang='lat' dir='ltr'><strong>est</strong></span> <span class='ocrx_word' id='word_1_502' title='bbox 738 5699 967 5767; x_wconf 87' lang='lat' dir='ltr'><strong>primum</strong></span> <span class='ocrx_word' id='word_1_503' title='bbox 1008 5716 1037 5755; x_wconf 87' lang='lat' dir='ltr'><strong>a</strong></span> <span class='ocrx_word' id='word_1_504' title='bbox 1079 5700 1344 5758; x_wconf 85' lang='lat' dir='ltr'><strong>Sichardo</strong></span> <span class='ocrx_word' id='word_1_505' title='bbox 1387 5718 1473 5757; x_wconf 84' lang='lat' dir='ltr'><strong>an.</strong></span> <span class='ocrx_word' id='word_1_506' title='bbox 1514 5704 1673 5772; x_wconf 65' lang='lat'><strong>1538,</strong></span> <span class='ocrx_word' id='word_1_507' title='bbox 1718 5718 1767 5762; x_wconf 82' lang='lat' dir='ltr'><strong>ct</strong></span> <span class='ocrx_word' id='word_1_508' title='bbox 1799 5716 1918 5775; x_wconf 88' lang='lat' dir='ltr'><strong>post</strong></span> 
     </span>
    </p>
   </div>
   <div class='ocr_carea' id='block_1_78' title="bbox 2630 4623 3007 4667">
    <p class='ocr_par' dir='ltr' id='par_1_78' title="bbox 2630 4623 3007 4667">
     <span class='ocr_line' id='line_1_78' title="bbox 2630 4623 3007 4667; baseline -0.003 -1"><span class='ocrx_word' id='word_1_509' title='bbox 2630 4623 2855 4667; x_wconf 66' lang='grc' dir='ltr'><strong>κιαι]ιο</strong></span> <span class='ocrx_word' id='word_1_510' title='bbox 2894 4625 3007 4666; x_wconf 66' lang='lat' dir='ltr'><strong>XVI.</strong></span> 
     </span>
    </p>
   </div>
   <div class='ocr_carea' id='block_1_79' title="bbox 2098 4698 3604 4771">
    <p class='ocr_par' dir='ltr' id='par_1_79' title="bbox 2098 4698 3604 4771">
     <span class='ocr_line' id='line_1_79' title="bbox 2098 4698 3604 4771; baseline -0.004 -12"><span class='ocrx_word' id='word_1_511' title='bbox 2098 4702 2257 4759; x_wconf 72' lang='grc'><strong>1528.</strong></span> <span class='ocrx_word' id='word_1_512' title='bbox 2288 4700 2530 4771; x_wconf 74' lang='lat' dir='ltr'><strong>Basiletz,</strong></span> <span class='ocrx_word' id='word_1_513' title='bbox 2559 4703 2703 4770; x_wconf 91' lang='lat' dir='ltr'><strong>apud</strong></span> <span class='ocrx_word' id='word_1_514' title='bbox 2731 4699 2899 4759; x_wconf 82' lang='lat' dir='ltr'><strong>Henr.</strong></span> <span class='ocrx_word' id='word_1_515' title='bbox 2928 4700 3103 4769; x_wconf 86' lang='lat' dir='ltr'><strong>Petr.;</strong></span> <span class='ocrx_word' id='word_1_516' title='bbox 3134 4698 3313 4771; x_wconf 75' lang='lat' dir='ltr'><strong>in-{oL</strong></span> <span class='ocrx_word' id='word_1_517' title='bbox 3346 4699 3604 4754; x_wconf 84' lang='lat' dir='ltr'><strong>Antonini</strong></span> 
     </span>
    </p>
   </div>
   <div class='ocr_carea' id='block_1_80' title="bbox 2026 4791 3605 4864">
    <p class='ocr_par' dir='ltr' id='par_1_80' title="bbox 2026 4791 3605 4864">
     <span class='ocr_line' id='line_1_80' title="bbox 2026 4791 3605 4864; baseline -0.004 -15"><span class='ocrx_word' id='word_1_518' title='bbox 2026 4794 2268 4864; x_wconf 89' lang='lat' dir='ltr'><strong>episcopi</strong></span> <span class='ocrx_word' id='word_1_519' title='bbox 2292 4793 2761 4849; x_wconf 85' lang='lat' dir='ltr'><strong>Constantinensis</strong></span> <span class='ocrx_word' id='word_1_520' title='bbox 2788 4793 2856 4848; x_wconf 90' lang='lat' dir='ltr'><strong>ad</strong></span> <span class='ocrx_word' id='word_1_521' title='bbox 2883 4791 3173 4847; x_wconf 81' lang='lat' dir='ltr'><strong>Arcadium</strong></span> <span class='ocrx_word' id='word_1_522' title='bbox 3202 4791 3445 4846; x_wconf 91' lang='lat' dir='ltr'><strong>exsulem</strong></span> <span class='ocrx_word' id='word_1_523' title='bbox 3475 4803 3605 4843; x_wconf 90' lang='lat' dir='ltr'><strong>con-</strong></span> 
     </span>
    </p>
   </div>
   <div class='ocr_carea' id='block_1_81' title="bbox 2024 4881 3605 4951">
    <p class='ocr_par' dir='ltr' id='par_1_81' title="bbox 2024 4881 3605 4951">
     <span class='ocr_line' id='line_1_81' title="bbox 2024 4881 3605 4951; baseline -0.003 -12"><span class='ocrx_word' id='word_1_524' title='bbox 2024 4885 2314 4951; x_wconf 62' lang='lat' dir='ltr'><strong>solatorie;</strong></span> <span class='ocrx_word' id='word_1_525' title='bbox 2351 4885 2403 4939; x_wconf 91' lang='lat' dir='ltr'><strong>in</strong></span> <span class='ocrx_word' id='word_1_526' title='bbox 2443 4881 2607 4938; x_wconf 83' lang='lat' dir='ltr'><strong>loan.</strong></span> <span class='ocrx_word' id='word_1_527' title='bbox 2642 4882 2887 4940; x_wconf 83' lang='lat' dir='ltr'><strong>Siclsardi</strong></span> <span class='ocrx_word' id='word_1_528' title='bbox 2924 4882 3170 4936; x_wconf 83' lang='lat' dir='ltr'><strong>Antidota</strong></span> <span class='ocrx_word' id='word_1_529' title='bbox 3211 4891 3394 4935; x_wconf 87' lang='lat' dir='ltr'><strong>contra</strong></span> <span class='ocrx_word' id='word_1_530' title='bbox 3429 4894 3605 4935; x_wconf 80' lang='lat' dir='ltr'><strong>omnes</strong></span> 
     </span>
    </p>
   </div>
   <div class='ocr_carea' id='block_1_82' title="bbox 2025 4972 2896 5043">
    <p class='ocr_par' dir='ltr' id='par_1_82' title="bbox 2025 4972 2896 5043">
     <span class='ocr_line' id='line_1_82' title="bbox 2025 4972 2896 5043; baseline -0.001 -17"><span class='ocrx_word' id='word_1_531' title='bbox 2025 4975 2266 5043; x_wconf 73' lang='lat' dir='ltr'><strong>ltwreses,</strong></span> <span class='ocrx_word' id='word_1_532' title='bbox 2299 4974 2394 5030; x_wconf 75' lang='lat' dir='ltr'><strong>fol.</strong></span> <span class='ocrx_word' id='word_1_533' title='bbox 2423 4972 2551 5039; x_wconf 75' lang='lat' dir='ltr'><strong>2H,</strong></span> <span class='ocrx_word' id='word_1_534' title='bbox 2571 4973 2703 5029; x_wconf 71' lang='grc'><strong>242.</strong></span> <span class='ocrx_word' id='word_1_535' title='bbox 2810 4983 2896 5025; x_wconf 67' lang='grc' dir='ltr'><strong>δι..</strong></span> 
     </span>
    </p>
   </div>
   <div class='ocr_carea' id='block_1_83' title="bbox 2100 5060 3603 5135">
    <p class='ocr_par' dir='ltr' id='par_1_83' title="bbox 2100 5060 3603 5135">
     <span class='ocr_line' id='line_1_83' title="bbox 2100 5060 3603 5135; baseline -0.004 -14"><span class='ocrx_word' id='word_1_536' title='bbox 2100 5068 2259 5123; x_wconf 78' lang='grc'><strong>1556.</strong></span> <span class='ocrx_word' id='word_1_537' title='bbox 2301 5066 2542 5133; x_wconf 71' lang='grc' dir='ltr'><strong>Βαεὶιεω,</strong></span> <span class='ocrx_word' id='word_1_538' title='bbox 2573 5068 2718 5134; x_wconf 86' lang='lat' dir='ltr'><strong>apud</strong></span> <span class='ocrx_word' id='word_1_539' title='bbox 2742 5066 3012 5129; x_wconf 87' lang='lat' dir='ltr'><strong>eumdem;</strong></span> <span class='ocrx_word' id='word_1_540' title='bbox 3036 5061 3222 5135; x_wconf 79' lang='lat' dir='ltr'><strong>in-fol.</strong></span> <span class='ocrx_word' id='word_1_541' title='bbox 3250 5060 3603 5117; x_wconf 82' lang='lat' dir='ltr'><strong>Antonini....</strong></span> 
     </span>
    </p>
   </div>
   <div class='ocr_carea' id='block_1_84' title="bbox 2025 5150 3603 5215">
    <p class='ocr_par' dir='ltr' id='par_1_84' title="bbox 2025 5150 3603 5215">
     <span class='ocr_line' id='line_1_84' title="bbox 2025 5150 3603 5215; baseline -0.005 0"><span class='ocrx_word' id='word_1_542' title='bbox 2025 5162 2092 5215; x_wconf 78' lang='lat' dir='ltr'><strong>ad</strong></span> <span class='ocrx_word' id='word_1_543' title='bbox 2121 5159 2410 5214; x_wconf 81' lang='lat' dir='ltr'><strong>Arcadium</strong></span> <span class='ocrx_word' id='word_1_544' title='bbox 2442 5171 2619 5215; x_wconf 90' lang='lat' dir='ltr'><strong>actum</strong></span> <span class='ocrx_word' id='word_1_545' title='bbox 2649 5162 2700 5214; x_wconf 89' lang='lat' dir='ltr'><strong>in</strong></span> <span class='ocrx_word' id='word_1_546' title='bbox 2729 5157 2975 5214; x_wconf 85' lang='lat' dir='ltr'><strong>exsilium</strong></span> <span class='ocrx_word' id='word_1_547' title='bbox 3006 5172 3037 5210; x_wconf 88' lang='lat' dir='ltr'><strong>a</strong></span> <span class='ocrx_word' id='word_1_548' title='bbox 3066 5154 3358 5211; x_wconf 90' lang='lat' dir='ltr'><strong>Genserico</strong></span> <span class='ocrx_word' id='word_1_549' title='bbox 3386 5150 3603 5207; x_wconf 79' lang='lat' dir='ltr'><strong>Vanda-</strong></span> 
     </span>
    </p>
   </div>
   <div class='ocr_carea' id='block_1_85' title="bbox 2024 5244 3604 5321">
    <p class='ocr_par' dir='ltr' id='par_1_85' title="bbox 2024 5244 3604 5321">
     <span class='ocr_line' id='line_1_85' title="bbox 2024 5244 3604 5321; baseline -0.004 -16"><span class='ocrx_word' id='word_1_550' title='bbox 2024 5254 2202 5305; x_wconf 91' lang='lat' dir='ltr'><strong>lorum</strong></span> <span class='ocrx_word' id='word_1_551' title='bbox 2232 5265 2358 5321; x_wconf 89' lang='lat' dir='ltr'><strong>rege</strong></span> <span class='ocrx_word' id='word_1_552' title='bbox 2384 5252 2777 5317; x_wconf 86' lang='lat' dir='ltr'><strong>consolatoria;</strong></span> <span class='ocrx_word' id='word_1_553' title='bbox 2811 5251 2863 5304; x_wconf 90' lang='lat' dir='ltr'><strong>in</strong></span> <span class='ocrx_word' id='word_1_554' title='bbox 2897 5248 3055 5303; x_wconf 81' lang='lat' dir='ltr'><strong>Joan.</strong></span> <span class='ocrx_word' id='word_1_555' title='bbox 3087 5244 3307 5301; x_wconf 82' lang='lat' dir='ltr'><strong>Heroldi</strong></span> <span class='ocrx_word' id='word_1_556' title='bbox 3334 5244 3604 5301; x_wconf 63' lang='grc' dir='ltr'><strong>Περι-θείου</strong></span> 
     </span>
    </p>
   </div>
   <div class='ocr_carea' id='block_1_86' title="bbox 2021 5339 2564 5411">
    <p class='ocr_par' dir='ltr' id='par_1_86' title="bbox 2021 5339 2564 5411">
     <span class='ocr_line' id='line_1_86' title="bbox 2021 5339 2564 5411; baseline -0.004 -16"><span class='ocrx_word' id='word_1_557' title='bbox 2021 5342 2186 5411; x_wconf 83' lang='lat' dir='ltr'><strong>logia,</strong></span> <span class='ocrx_word' id='word_1_558' title='bbox 2220 5356 2274 5409; x_wconf 92' lang='lat' dir='ltr'><strong>p.</strong></span> <span class='ocrx_word' id='word_1_559' title='bbox 2305 5339 2564 5395; x_wconf 73' lang='lat'><strong>702-704.</strong></span> 
     </span>
    </p>
   </div>
   <div class='ocr_carea' id='block_1_87' title="bbox 2096 5426 3603 5501">
    <p class='ocr_par' dir='ltr' id='par_1_87' title="bbox 2096 5426 3603 5501">
     <span class='ocr_line' id='line_1_87' title="bbox 2096 5426 3603 5501; baseline -0.003 -15"><span class='ocrx_word' id='word_1_560' title='bbox 2096 5430 2254 5487; x_wconf 72' lang='lat' dir='ltr'><strong>i575.</strong></span> <span class='ocrx_word' id='word_1_561' title='bbox 2299 5432 2554 5499; x_wconf 81' lang='lat' dir='ltr'><strong>Parisiis,</strong></span> <span class='ocrx_word' id='word_1_562' title='bbox 2584 5431 2723 5501; x_wconf 88' lang='lat' dir='ltr'><strong>apud</strong></span> <span class='ocrx_word' id='word_1_563' title='bbox 2747 5428 2910 5484; x_wconf 79' lang='lat' dir='ltr'><strong>Mich.</strong></span> <span class='ocrx_word' id='word_1_564' title='bbox 2957 5428 3215 5483; x_wconf 87' lang='lat' dir='ltr'><strong>Sonnium</strong></span> <span class='ocrx_word' id='word_1_565' title='bbox 3232 5440 3256 5495; x_wconf 67' lang='grc' dir='ltr'><em>ε</em></span> <span class='ocrx_word' id='word_1_566' title='bbox 3286 5426 3464 5497; x_wconf 75' lang='lat' dir='ltr'><strong>iri—fol.</strong></span> <span class='ocrx_word' id='word_1_567' title='bbox 3504 5426 3603 5481; x_wconf 84' lang='lat' dir='ltr'><strong>Ea-</strong></span> 
     </span>
    </p>
   </div>
   <div class='ocr_carea' id='block_1_88' title="bbox 2021 5517 3259 5593">
    <p class='ocr_par' dir='ltr' id='par_1_88' title="bbox 2021 5517 3259 5593">
     <span class='ocr_line' id='line_1_88' title="bbox 2021 5517 3259 5593; baseline -0.002 -15"><span class='ocrx_word' id='word_1_568' title='bbox 2021 5522 2143 5578; x_wconf 89' lang='lat' dir='ltr'><strong>dem</strong></span> <span class='ocrx_word' id='word_1_569' title='bbox 2175 5523 2227 5577; x_wconf 91' lang='lat' dir='ltr'><strong>in</strong></span> <span class='ocrx_word' id='word_1_570' title='bbox 2250 5521 2500 5578; x_wconf 81' lang='lat' dir='ltr'><strong>Biblioth.</strong></span> <span class='ocrx_word' id='word_1_571' title='bbox 2533 5520 2756 5577; x_wconf 88' lang='lat' dir='ltr'><strong>Patrum</strong></span> <span class='ocrx_word' id='word_1_572' title='bbox 2782 5520 3048 5593; x_wconf 85' lang='lat' dir='ltr'><strong>Bigneana</strong></span> <span class='ocrx_word' id='word_1_573' title='bbox 3079 5530 3187 5577; x_wconf 90' lang='lat' dir='ltr'><strong>tom</strong></span> <span class='ocrx_word' id='word_1_574' title='bbox 3218 5517 3259 5576; x_wconf 91' lang='grc'><strong>1.</strong></span> 
     </span>
    </p>
   </div>
   <div class='ocr_carea' id='block_1_89' title="bbox 2095 5611 3602 5685">
    <p class='ocr_par' dir='ltr' id='par_1_89' title="bbox 2095 5611 3602 5685">
     <span class='ocr_line' id='line_1_89' title="bbox 2095 5611 3602 5685; baseline -0.003 -15"><span class='ocrx_word' id='word_1_575' title='bbox 2095 5612 2251 5672; x_wconf 76' lang='grc'><strong>1589.</strong></span> <span class='ocrx_word' id='word_1_576' title='bbox 2280 5613 2723 5685; x_wconf 81' lang='lat' dir='ltr'><strong>Parisiis;in-fol.</strong></span> <span class='ocrx_word' id='word_1_577' title='bbox 2742 5611 3004 5668; x_wconf 81' lang='lat' dir='ltr'><strong>Antonini</strong></span> <span class='ocrx_word' id='word_1_578' title='bbox 3025 5627 3113 5683; x_wconf 92' lang='lat' dir='ltr'><strong>ep.</strong></span> <span class='ocrx_word' id='word_1_579' title='bbox 3137 5611 3602 5668; x_wconf 74' lang='lat' dir='ltr'><strong>(lonstantinensis</strong></span> 
     </span>
    </p>
   </div>
   <div class='ocr_carea' id='block_1_90' title="bbox 2023 5704 3601 5778">
    <p class='ocr_par' dir='ltr' id='par_1_90' title="bbox 2023 5704 3601 5778">
     <span class='ocr_line' id='line_1_90' title="bbox 2023 5704 3601 5778; baseline -0.003 -15"><span class='ocrx_word' id='word_1_580' title='bbox 2023 5708 2191 5778; x_wconf 76' lang='lat' dir='ltr'><strong>cpisc.</strong></span> <span class='ocrx_word' id='word_1_581' title='bbox 2232 5707 2295 5762; x_wconf 83' lang='lat' dir='ltr'><strong>ad</strong></span> <span class='ocrx_word' id='word_1_582' title='bbox 2334 5707 2625 5763; x_wconf 79' lang='lat' dir='ltr'><strong>Arcadium</strong></span> <span class='ocrx_word' id='word_1_583' title='bbox 2668 5715 2845 5761; x_wconf 85' lang='lat' dir='ltr'><strong>actum</strong></span> <span class='ocrx_word' id='word_1_584' title='bbox 2886 5706 2938 5761; x_wconf 89' lang='lat' dir='ltr'><strong>in</strong></span> <span class='ocrx_word' id='word_1_585' title='bbox 2980 5706 3224 5761; x_wconf 82' lang='lat' dir='ltr'><strong>exsilium</strong></span> <span class='ocrx_word' id='word_1_586' title='bbox 3253 5718 3284 5761; x_wconf 85' lang='lat' dir='ltr'><strong>a</strong></span> <span class='ocrx_word' id='word_1_587' title='bbox 3311 5704 3601 5761; x_wconf 82' lang='lat' dir='ltr'><strong>Genserico</strong></span> 
     </span>
    </p>
   </div>
   <div class='ocr_carea' id='block_1_91' title="bbox 2370 5873 2519 5885">
    <p class='ocr_par' dir='ltr' id='par_1_91' title="bbox 2370 5873 2519 5885">
     <span class='ocr_line' id='line_1_91' title="bbox 2370 5873 2519 5885; baseline 0 -6"><span class='ocrx_word' id='word_1_588' title='bbox 2370 5875 2411 5885; x_wconf 58' lang='grc' dir='ltr'><strong>..ν</strong></span> <span class='ocrx_word' id='word_1_589' title='bbox 2474 5873 2519 5879; x_wconf 59' lang='grc'><strong>...-</strong></span> 
     </span>
    </p>
   </div>
  </div>
