3916 6178
304 185 406 242 567

1100 185 1421 246 ΑΝἸὈΝΙΝῘ
1457 190 1806 250 HONORATI
1843 194 2488 266 CONSTANTINENSIS
2521 212 2829 274 El’lSCOPl

3451 233 3557 288 558

303 296 428 350 rege
450 278 811 336 Vandalorum
841 280 1076 351 Epistola
1104 285 1482 352 consolatoria;
1510 287 1563 341 in
1590 285 1727 342 Bibl.
1756 286 1873 346 PP.
1903 292 1956 353 Α
2048 294 2191 352 1644
2227 309 2280 353 et
2310 300 2472 356 1654.
2515 303 2771 370 Parisiis,‘
2824 312 2998 382 ῖη-[οι.
3061 317 3317 374 Antonini
3347 363 3360 376 .
3396 363 3413 378 .

299 373 454 444 Bign.
479 373 717 428 editionis
743 375 980 430 secundis
1007 385 1136 429 tom.
1173 376 1255 431 Ill.

1976 391 2276 447 Arcadium
2311 399 2556 453 exsulem
2592 402 2832 471 Epistola
2866 411 3268 479 consolatoria;
3325 419 3377 469 in
3411 417 3552 476 Bibl.

373 461 533 517 1595.
574 463 786 527 Bonus,
835 480 898 517 es:
941 475 1144 535 typogr.
1207 466 1354 534 Vat.,
1403 469 1582 540 in-{ol.
1637 470 1859 540 Episml:

1974 481 2093 538 PP.
2127 495 2258 541 tom.
2297 487 2409 543 lll.‘

299 552 558 608 Antonini
602 567 690 621 ep.
723 555 1101 609 'Constantinze
1147 556 1213 610 ad
1251 557 1574 626 Arcadium;
1615 562 1669 617 in
1716 560 1876 617 Card.

299 639 515 696 Baronii
542 642 826 696 Annalibus
865 643 930 697 ad
976 661 1066 699 an.
1113 646 1216 704 457
1262 651 1440 718 primu:
1473 653 1716 707 editionis
1747 665 1877 709 tom.

298 731 369 788 ιγ
392 734 505 805 (qui
539 740 681 788 totus
710 746 956 791 accurate
988 752 1208 792 recusus
1233 749 1314 794 est
1340 743 1390 796 in
1413 743 1600 798 eadem
1634 755 1882 816 typogra-

299 827 424 896 phia
448 842 538 882 an.
565 828 724 898 1607)
750 845 904 899 pagg.
939 831 1160 898 (δυ-δη
1186 834 1237 887 in
1267 834 1557 891 Coloniensi
1581 839 1718 893 162l
1743 850 1876 896 tom.

299 916 343 971 γ
375 931 463 988 pp.
494 918 722 987 743-45;
763 933 815 976 et
856 921 1135 978 Mansiana
1163 935 1294 979 tum.
1345 927 1432 983 γη
1462 927 1670 1001 (Lucas,
1707 931 1878 1004 1711)

298 1022 391 1079 pp.
419 1009 682 1067 499—501.

895 1121 1107 1163 διαυιο
1145 1124 1277 1164 XVII.

370 1194 530 1249 1618.
571 1194 795 1251 Colonia:
823 1197 1029 1268 Agrip.;
1066 1200 1243 1268 in-fol.
1289 1202 1544 1258 Antonini
1571 1243 1586 1258 .
1612 1243 1628 1259 .
1655 1246 1668 1258 .
1695 1243 1710 1258 .
1745 1207 1872 1276 Epi«

299 1286 435 1340 stola
473 1287 833 1343 consolatoria
877 1290 941 1343 ad
974 1291 1262 1346 Arcadium
1295 1293 1577 1360 quemdam
1609 1312 1637 1349 a
1665 1295 1873 1352 Gense—

299 1375 414 1429 rico
443 1375 739 1433 Gothorum
782 1393 906 1448 rege
948 1381 1002 1438 in
1033 1381 1277 1438 exsilium
1305 1393 1512 1453 actum;
1538 1386 1592 1442 in
1623 1387 1700 1442 Μ.
1731 1387 1868 1443 Bibl.

301 1465 420 1521 PP.
447 1476 554 1523 tom
586 1469 649 1536 ν,
677 1482 818 1540 part.
845 1488 925 1528 tu.

2051 579 2212 634 1677.
2284 579 2549 651 Lugduni,
2583 591 2726 655 apud
2757 591 3104 660 Anissonios;
3136 599 3310 666 ξιτ-[οι.
3376 603 3553 657 Anto-

1976 671 2094 724 nini
2128 671 2390 728 Honorati
2423 693 2512 746 ep.
2545 679 3048 740 Constantinicnsis
3082 689 3319 758 I'Zpistola
3353 709 3554 750 conso-

1973 764 2166 820 latoria
2198 776 2251 822 et
2281 770 2347 823 ad
2381 770 2594 827 labores
2623 789 2719 842 pro
2749 777 2967 832 Christo
3003 782 3260 837 ferendos
3291 788 3554 846 exhorta-

1977 860 2138 926 toria,
2179 861 2231 914 in
2266 861 2418 918 Max.
2447 864 2580 918 Bibl.
2611 867 2721 923 PP.
2755 881 2883 926 tom.
2927 873 3034 928 Vill
3075 890 3129 942 p.
3169 878 3272 931 665
3305 895 3424 948 sqq.

2051 952 2211 1008 1694.
2249 954 2491 1019 Parisiis,
2522 975 2586 1011 ex
2612 963 2749 1029 typis
2783 961 3037 1021 Tlteodor.
3079 967 3331 1036 Mugnct;
3367 973 3552 1035 ·-ἱηο8⁰,

1878 1069 1882 1074 -
1973 1044 2237 1101 Honorati
2267 1049 2524 1104 Antonini
2558 1050 2932 1108 Constantium
2975 1057 3030 1110 in
3071 1058 3250 1112 Africa
3307 1063 3550 1132 episc0pi

1977 1140 2219 1210 Epistola
2261 1142 2636 1198 cohortatoria
2689 1147 2752 1200 ad
2786 1148 3079 1204 Arcadium
3115 1167 3212 1219 pro
3245 1153 3348 1208 title
3388 1171 3554 1208 exsu~

1977 1234 2204 1298 lantem,
2241 1236 2344 1290 sub
2387 1237 2680 1291 Gcnserico
2737 1239 3105 1296 Vandalorum
3152 1261 3280 1312 rege
3311 1249 3551 1314 Ariano;

1976 1325 2031 1379 in
2055 1324 2364 1380 Theoderici
2396 1325 2642 1381 Rninarti
2672 1327 2907 1382 Historia
2942 1338 3317 1397 persecutionis
3345 1337 3552 1391 Vanda.

1972 1417 2108 1484 licaz,
2144 1429 2285 1487 part.
2321 1436 2380 1481 Il,
2419 1434 2539 1489 cap.
2572 1420 2628 1485 4,
2663 1436 2756 1490 pp.
2788 1423 3007 1480 455-59.

299 1601 2944 1642 —__._.____.._._____.._____________________

951 1739 1869 1853 ANTONINI
1945 1744 2923 1858 HONORATI

1347 1929 2104 1994 CONSTANTINIENSIS
2147 1934 2502 1996 EPISCOPI

724 2081 1612 2220 EPISTOLA
1702 2084 3116 2219 CONSOLATORIA

1491 2303 1642 2382 AD
1719 2300 2344 2388 ARCADIUM

1015 2453 1226 2507 ACTUM
1262 2455 1321 2506 IN
1357 2455 1658 2506 EXSILIUM
1692 2458 1733 2506 Α
1767 2457 2114 2509 GENSERICO
2150 2459 2313 2510 REGE
2350 2461 2805 2512 VANDALORUM.

1477 2583 1630 2647 (Max.
1653 2583 1882 2635 Biblioth.
1903 2584 2044 2646 Bign.
2064 2595 2175 2637 tom.
2205 2587 2358 2648 vm.)
2443 2575 2449 2580 ’

361 2858 552 2930 Perge,
578 2858 752 2915 ﬁdelis
779 2858 982 2926 anima,
1012 2873 1207 2931 perge;
1235 2866 1289 2915 et
1312 2859 1592 2915 confessor
1622 2857 1860 2924 unitatis,
1894 2859 1941 2920 B
1966 2857 2191 2914 Sursum
2222 2876 2336 2927 cor,
2377 2863 2667 2931 perfectam
2705 2865 2968 2921 inchoasti
3012 2883 3262 2938 pugnam.
3305 2867 3424 2939 Ipse
3460 2886 3548 2924 aro

288 2949 481 3020 gaude,
512 2949 634 3020 quia
657 2965 757 3020 pro
783 2951 1002 3007 nomine
1029 2948 1229 3007 Christi
1259 2950 1367 3021 pati
1391 2949 1639 3006 meruisti
1665 2957 1861 3004 contu-

289 3039 533 3104 meliam,
564 3040 706 3096 sicut
730 3041 955 3111 apostoli
987 3056 1109 3098 cum
1139 3041 1389 3112 ﬂagellati
1418 3048 1562 3096 sunt.
1592 3039 1731 3095 Ecce
1750 3039 1861 3110 jam

289 3142 514 3197 serpens
545 3127 636 3183 ille
671 3130 772 3184 sub
810 3130 1037 3198 pedibus
1081 3132 1186 3186 tuis
1223 3131 1534 3199 jacet;ipse
1573 3129 1862 3198 confligere

288 3220 493 3285 potuit,
520 3219 616 3273 sed
643 3218 758 3288 ipse
787 3219 1004 3281 cecidit,
1039 3219 1160 3288 quia
1191 3227 1242 3274 te
1288 3219 1495 3274 elidere
1524 3234 1631 3274 non
1664 3219 1858 3286 potuit.

287 3305 442 3377 Rogo
473 3316 544 3373 te,
569 3293 754 3377 preme
778 3317 936 3377 caput
965 3308 1100 3378 ejus;
1135 3324 1237 3364 non
1266 3316 1449 3378 surgat
1473 3309 1576 3363 isto
1607 3310 1659 3362 in
1691 3322 1862 3378 agone

289 3399 555 3470 martyrii.
581 3398 747 3454 Nemo
773 3409 823 3455 te
851 3407 1205 3455 commoveat.
1231 3401 1370 3455 Ecce
1396 3399 1592 3470 gaudet
1617 3400 1861 3455 Christus

288 3501 344 3546 et
371 3491 589 3562 inspicit
613 3501 695 3559 te;
724 3492 975 3548 laetantur
999 3492 1195 3563 angeli,
1221 3501 1277 3547 et
1303 3493 1558 3562 adjuvant
1590 3501 1669 3550 te:
1706 3493 1860 3548 turba

286 3580 592 3636 daemonum
620 3584 927 3636 calcaneum
961 3593 1107 3637 tuum
1131 3583 1409 3647 observat;
1445 3597 1511 3638 ne
1541 3581 1779 3647 deﬁcias,
1802 3591 1861 3636 ut

285 3672 562 3728 damones
610 3674 702 3744 qui
749 3689 892 3732 nunc
940 3674 1146 3744 lugent,
1191 3673 1478 3744 gaudeant.
1528 3674 1726 3728 Tecum
1777 3683 1860 3728 est

287 3763 463 3819 omnis
497 3763 693 3819 chorus
736 3775 1026 3834 martyrum
1058 3779 1443 3834 praacessorum
1489 3773 1733 3830 tuorum;
1765 3781 1860 3819 ex-

285 3861 530 3922 spectant
548 3862 601 3909 te
623 3865 890 3925 martyres
930 3865 984 3910 et
1021 3854 1340 3925 defendunt,
1379 3864 1438 3910 et
1476 3869 1733 3910 coronam
1763 3871 1857 3910 ex-

286 3943 530 3998 tendunt.
562 3943 713 4014 Rogo
748 3954 829 4010 te,
871 3954 979 3998 tene
1017 3945 1151 4012 quod
1193 3955 1352 4009 tenes,
1383 3962 1446 3999 ne
1475 3947 1607 4000 alter
1635 3948 1856 4014 accip'at
1899 4003 1906 4008 ,

283 4048 525 4088 coronam
552 4044 693 4090 tuam
727 4036 923 4104 (Apoc.
955 4035 1432 4108 tu,H).Quantum
1479 4039 1730 4104 temporis
1775 4049 1857 4094 est

285 4137 391 4193 quo
421 4135 748 4194 pugnaturus
774 4123 909 4178 eris!
948 4134 1002 4179 et
1044 4134 1300 4194 quantum
1330 4131 1587 4196 temporis
1614 4129 1715 4182 erit
1749 4145 1856 4198 quo

1966 2947 2256 3020 changelus
2284 2953 2375 3022 qui
2408 2955 2634 3020 cecidit,
2661 2955 2908 3022 dimicat;
2939 2960 3051 3028 ipse
3083 2969 3258 3014 tecum
3291 2961 3545 3029 luctatur;

1963 3041 2060 3096 sed
2100 3052 2274 3098 tecum
2314 3054 2401 3099 est
2436 3045 2597 3101 Pater
2623 3056 2676 3102 et
2706 3048 2877 3105 Filius
2920 3059 2974 3105 et
3017 3051 3250 3121 Spiritus
3295 3065 3543 3108 sanctus.

1964 3132 2096 3188 Vide
2126 3149 2194 3190 ne
2234 3136 2444 3201 timeas,
2475 3138 2688 3207 adjuvat
2737 3150 2787 3194 te
2832 3152 2890 3197 ut
2935 3153 3167 3198 coronet
3215 3154 3287 3199 te.
3320 3145 3538 3214 Septem

1962 3221 2103 3277 ﬁlios
2133 3224 2435 3280 Machabtea
2468 3236 2641 3283 mater
2666 3245 2764 3299 pro
2790 3232 3005 3287 Christo
3025 3233 3167 3288 misit
3194 3235 3257 3288 ad
3291 3247 3540 3291 mortem.

1963 3313 2101 3369 Ante
2122 3330 2240 3369 eam
2263 3318 2665 3386 cruciabantur,
2691 3329 2743 3375 et
2772 3322 2882 3391 ipsa
2911 3325 3080 3392 magis
3109 3340 3204 3379 eos
3227 3325 3543 3380 hortabatur

1962 3409 2023 3456 ut
2052 3415 2392 3461 morerentur
2426 3425 2438 3460 :
2473 3409 2586 3476 ipsa
2617 3419 2796 3465 autem
2829 3423 2951 3482 post
2981 3414 3118 3468 ﬁlios
3153 3417 3381 3480 occisos,
3414 3431 3542 3472 ecce

1953 3491 2070 3560 jam
2108 3495 2339 3550 exsultat
2380 3513 2501 3552 cum
2548 3499 2672 3556 ﬁliis
2711 3514 2985 3557 coronata.
3046 3505 3275 3573 Respice
3319 3508 3441 3572 quia
3486 3507 3538 3560 in

1959 3593 2115 3640 utero
2145 3589 2333 3643 matris
2356 3589 2499 3646 Deus
2539 3601 2588 3647 te
2616 3593 2773 3658 fecit;
2807 3595 2923 3662 ipse
2954 3596 3043 3650 tibi
3073 3597 3318 3666 spiritum
3343 3607 3398 3653 et
3426 3599 3542 3653 ani-

1959 3688 2098 3730 mam
2128 3677 2294 3742 dedit,
2322 3679 2436 3748 ipse
2465 3691 2516 3736 te
2544 3685 2758 3737 ornavit
2787 3687 2996 3739 ratione
3023 3696 3077 3740 et
3106 3689 3389 3756 sapientia.
3416 3687 3540 3756 Ipse

1957 3767 2149 3821 caelum
2175 3769 2298 3823 fecit
2328 3780 2382 3824 et
2415 3781 2633 3839 terram,
2660 3784 2712 3828 et
2743 3776 2918 3828 omnia
2943 3792 3062 3844 qua:
3091 3778 3146 3832 in
3178 3778 3256 3831 eis
3277 3788 3420 3834 sunt.
3447 3779 3538 3833 Sic

1956 3863 2012 3911 te
2043 3859 2153 3912 vult
2176 3861 2451 3930 suscipere
2481 3879 2577 3932 pro
2603 3865 2708 3918 fide
2738 3867 3085 3936 morientem,
3111 3877 3169 3922 ut
3201 3871 3291 3923 tibi
3323 3872 3533 3939 pic-nam

1954 3947 2208 4003 exhibeat
2244 3952 2603 4020 majestatem.
2645 3954 2871 4024 Respice
2909 3959 3164 4013 mundum
3205 3978 3216 4013 :
3258 3962 3527 4027 periturus

1954 4048 2060 4094 est.
2091 4039 2316 4109 Respice
2342 4045 2513 4100 solem
2550 4054 2604 4100 et
2640 4045 2818 4100 lunam
2852 4058 2906 4102 et
2933 4049 3116 4104 stellas
3149 4066 3164 4103 :
3196 4062 3252 4105 et
3277 4051 3393 4120 ipsa
3425 4054 3535 4107 sol.

1953 4133 2124 4186 venda
2151 4143 2297 4188 sunt.
2327 4135 2568 4206 Conflige
2599 4137 2808 4193 fortiter
2834 4155 2929 4208 pro
2955 4141 3131 4195 anima
3166 4150 3275 4206 tua,
3301 4159 3420 4212 qua:
3443 4141 3537 4199 aut

283 4213 339 4268 in
378 4221 641 4268 aeternum
709 4213 946 4268 victurus
984 4215 1120 4270 eris!
1167 4215 1284 4270 Jam
1330 4218 1570 4284 coepisti,
1614 4219 1849 4287 perﬁce:
1879 4208 1922 4268 C
1955 4238 2168 4293 semper
2209 4227 2338 4280 vivit
2375 4236 2466 4281 aut
2495 4243 2709 4295 semper
2739 4231 2899 4297 perit.
2950 4232 3088 4286 Ecce
3134 4208 3360 4288 dimissa
3407 4246 3536 4290 sunt

282 4299 445 4360 hodie
472 4311 695 4372 apparet
721 4317 818 4358 cur
847 4305 1066 4373 pateris;
1095 4306 1382 4361 Dominum
1413 4308 1548 4364 nihil
1572 4310 1719 4375 latet;
1745 4325 1850 4366 non

281 4400 338 4449 to
364 4391 509 4446 fallat
535 4392 779 4448 diabolus
801 4395 853 4448 in
881 4410 1062 4460 causa,
1096 4409 1216 4451 cum
1243 4397 1335 4452 tibi
1360 4399 1556 4468 ingerit
1579 4399 1849 4467 nebulam;

281 4481 386 4539 hoc
403 4483 534 4539 vult:
554 4498 640 4550 ne,
654 4485 1228 4556 charissime,patiaris.
1241 4489 1461 4556 Verum,
1479 4491 1664 4559 frater,
1687 4493 1851 4552 habes

283 4580 596 4637 certamen;
635 4576 838 4644 integra
877 4586 959 4632 est
1006 4577 1106 4632 ista
1141 4580 1410 4636 confessio
1448 4597 1464 4638 :
1509 4583 1567 4639 Si
1608 4574 1850 4666 moQuus

281 4663 474 4732 fueris,
503 4675 684 4720 certus
712 4677 850 4732 esto,
885 4679 1088 4739 martyr
1113 4672 1242 4723 eris.

342 4755 452 4812 Job
477 4769 582 4810 non
609 4756 839 4810 attendit
865 4773 1108 4825 uxorem,
1139 4769 1192 4814 et
1222 4760 1342 4817 ideo
1370 4762 1535 4828 vicit;
1565 4778 1669 4818 non
1698 4765 1850 4821 fami—

275 4845 398 4914 lius,
433 4861 542 4901 non
577 4846 811 4913 divitias,
846 4863 950 4902 non
982 4851 1205 4916 amicos,
1239 4860 1294 4906 et
1333 4854 1527 4908 merito
1555 4858 1844 4924 superavit.

276 4935 444 4992 Adam
469 4937 744 4992 mulierem
771 4953 922 4993 suam
954 4942 1072 5006 plus
1102 4945 1233 4996 satis
1262 4944 1476 5010 diluxit,
1504 4953 1559 5000 et
1589 4949 1708 5002 ideo
1738 4958 1846 5006 tam

274 5028 694 5100 lacrymabiliter
736 5031 948 5086 cecidit.
980 5031 1069 5086 Sic
1105 5033 1234 5089 dicit
1263 5035 1566 5091 Dominus:
1601 5037 1705 5104 Qui
1744 5055 1848 5095 non

274 5117 524 5174 dimiserit
551 5131 770 5192 patrem,
800 5129 888 5175 aut
915 5129 1154 5190 matrem,
1185 5134 1275 5180 aut
1305 5140 1534 5192 uxorem,
1567 5137 1655 5180 aut
1683 5128 1844 5197 filios,

269 5219 360 5263 aut
388 5209 524 5280 ﬁlias
552 5221 758 5284 prapter
785 5230 896 5279 me,
925 5230 1026 5269 non
1054 5225 1128 5269 est
1163 5233 1305 5270 meus
1333 5218 1613 5287 discipulus
1642 5217 1662 5288 (
1677 5218 1842 5274 Marc.

274 5298 360 5370 x).
386 5301 545 5370 Quid,
586 5304 631 5358 si
675 5307 980 5362 conditione
1008 5307 1128 5361 vitae
1157 5319 1398 5362 mortuus
1425 5323 1604 5373 esses,
1632 5323 1767 5364 uxor
1793 5318 1845 5366 te

272 5399 362 5444 aut
410 5391 608 5448 familia
648 5395 834 5452 habuit
875 5399 1168 5453 revocare?
1216 5398 1344 5454 Nam
1395 5415 1552 5468 quem
1602 5400 1842 5467 tenuisti,

263 5481 445 5549 ipsum
465 5485 702 5552 attende,
722 5487 824 5556 ipsi
843 5489 1020 5554 hare;
1046 5499 1166 5545 tene
1185 5505 1306 5545 eum
1331 5490 1558 5557 fortiter,
1572 5506 1642 5546 ne
1662 5491 1844 5546 dimit-

1955 4314 2049 4368 tibi
2083 4327 2301 4384 peccata
2329 4327 2453 4382 tua;
2480 4330 2534 4374 et
2560 4335 2747 4375 omnes
2775 4321 3082 4390 iniquitates
3113 4336 3231 4378 luas
3261 4326 3403 4379 Deus
3434 4343 3535 4396 pro

1953 4403 2053 4458 hac
2093 4421 2267 4476 pugna
2308 4409 2530 4474 delebit,
2569 4426 2931 4483 quascumque
2976 4429 3142 4485 usque
3181 4417 3339 4471 hodie
3386 4432 3534 4472 com-

1952 4498 2164 4552 mittere
2201 4500 2442 4566 potuisti.

2021 4587 2158 4641 Audi
2189 4589 2254 4644 de
2287 4575 2468 4644 hacre
2500 4591 2832 4648 Ezechielem
2863 4593 3176 4664 prophetam
3209 4594 3483 4652 dicentem
3517 4617 3531 4654 :

1955 4677 2288 4746 Quacumque
2322 4681 2402 4734 die
2438 4682 2638 4751 iniquus
2680 4699 2950 4738 conversus
2986 4685 3140 4756 fuerit
3173 4685 3236 4739 ab
3265 4687 3538 4757 iniquitate

1949 4757 2109 4821 suaet
2131 4771 2306 4839 fecerit
2325 4773 2608 4841 justitiam,
2637 4789 2808 4829 omnes
2835 4776 3130 4846 iniquitates
3155 4780 3266 4847 eius
3296 4794 3397 4832 non
3421 4794 3535 4832 me-

1954 4853 2201 4907 morabor
2222 4855 2385 4922 ultra,
2415 4860 2540 4912 dicit
2574 4860 2825 4917 Dominus
2859 4867 2876 4934 (
2907 4875 3092 4923 b‘zccn.
3128 4890 3250 4925 .\'\‘lll
3285 4876 3327 4940 ).
3353 4876 3532 4931 Justi-

1953 4941 2027 5033 tia
2055 4951 2165 5007 tua,
2208 4943 2342 5000 lldes
2391 4957 2482 5002 tua
2503 4950 2650 5018 (quia
2673 4953 2854 5019 justus
2894 4971 2955 5007 ex
2984 4958 3086 5024 ﬁde
3120 4961 3244 5014 vivit
3281 4960 3458 5033 [Ronn
3495 4980 3531 5026 l,

1949 5025 2111 5080 Hebr.
2132 5029 2235 5100 xj),
2257 5031 2923 5106 tribulatio,exspoliatio,
2948 5045 3222 5110 exsilium,
3251 5025 3532 5106 remissio-

1948 5133 2072 5173 nem
2088 5122 2187 5175 tibi
2203 5126 2436 5179 contulit
2456 5137 2803 5194 peccatorum
2823 5148 2840 5198 ;
2862 5148 3008 5190 mors
3025 5149 3210 5192 autem
3229 5143 3408 5208 aperit
3427 5145 3525 5200 tibi

1947 5224 2112 5280 regna
2143 5213 2430 5270 cmlorum.
2450 5217 2637 5282 Qualis
2667 5222 2776 5275 eris
2809 5239 2934 5280 cum
2970 5237 3162 5282 tecum
3185 5242 3376 5285 sancto
3406 5235 3533 5288 Ste-

1945 5303 3042 5376 phanovideris?QuaIiseriscumPetrum
3061 5320 3414 5396 etPaulutu,q
3429 5343 3528 5382 uos

1944 5413 2136 5467 rogare
2153 5400 2368 5456 solebas
2387 5411 2442 5455 ttt
2460 5416 2739 5472 patronos,
2761 5407 2989 5466 habebis
3004 5415 3523 5473 amicos?Christun.

1946 5495 2373 5548 moxtuaanima
2392 5496 2630 5555 videbit:
2667 5509 2722 5554 et
2745 5515 2945 5569 corpus
2966 5514 3115 5559 tuum
3135 5509 3241 5562 erit
3265 5509 3318 5562 in
3362 5511 3523 5564 refri-

270 5586 376 5646 ιδε,
427 5588 495 5629 ne
537 5578 839 5650 ηερεχει-ίς
879 5590 1026 5636 rem,
1053 5581 1118 5638 ad
1166 5596 1388 5640 uxorem
1435 5593 1524 5639 θυι
1561 5583 1833 5641 familiam,
1865 5567 1916 5627 D
1943 5581 2092 5648 gerio
2114 5585 2561 5657 resurrectionis,
2579 5593 3518 5674 utetetipsa‘carovidcatquodtua
