3916 6178
297 309 398 366 569

1242 314 1576 371 EPISTOLA
1613 315 2138 376 CONSOLATORIA
2179 323 2273 389 AD
2313 325 2688 395 ARCADIUM.

3457 347 3560 402 570

295 426 464 479 anima
497 440 620 480 cum
669 427 862 481 exierit
903 439 1029 480 mox
1075 427 1304 482 videbit.
1352 427 1560 483 Fremit
1602 429 1872 495 diabolus,
1903 431 1954 489 A
1984 433 3562 525 pertinetsapientia,licetnonrecedatabanimmEcceigi-

292 521 480 587 gaudet
529 517 803 573 Christus.
850 519 1024 590 Roga,
1068 521 1239 590 plora,
1288 537 1452 589 posce
1500 522 1786 587 auxilium;
1819 531 1874 578 et

293 625 407 664 mox
437 611 672 679 accipies
699 611 749 664 in
784 621 969 666 mente
1008 613 1278 667 solatium.
1315 613 1468 668 Time
1499 628 1682 682 poenas
1712 624 1870 668 aeter-

293 717 402 767 nas,
431 702 520 754 ubi
550 718 767 771 semper
796 705 1044 769 ardetur,
1076 704 1164 757 ubi
1195 720 1412 772 semper
1459 706 1508 758 in
1549 707 1782 760 tenebris
1819 717 1872 760 et

290 809 479 862 corpus
511 802 565 848 et
592 795 778 848 anima
823 797 1120 858 cruciatur,
1169 796 1257 850 ubi
1286 812 1407 850 eum
1442 796 1657 850 diabolo
1694 798 1872 854 anima

290 895 340 936 et
386 898 584 951 corpus
644 883 696 940 in
738 893 1006 952 :cternum,
1051 885 1314 938 exuritur.
1374 885 1659 940 Gebennas
1701 901 1864 950 expa-

289 987 458 1036 vesce,
487 983 541 1028 et
563 973 837 1027 Christum
871 974 1030 1028 modo
1054 984 1198 1029 tene.
1229 960 1387 1029 Modo
1413 984 1497 1030 est
1525 988 1579 1029 ut
1609 966 1701 1030 aut
1720 979 1867 1031 viv.-s

287 1076 373 1116 aut
405 1078 613 1131 pereas.
644 1063 812 1118 Nemo
839 1074 893 1119 te
919 1067 1261 1134 recuperabit
1287 1067 1330 1118 si
1364 1068 1412 1118 in
1444 1067 1540 1119 ista
1571 1081 1752 1136 pugna
1772 1071 1868 1122 de-

286 1155 494 1209 feceris.
530 1156 597 1209 Et
626 1155 755 1225 quid
789 1156 882 1210 tibi
912 1156 1151 1224 prodest,
1186 1155 1230 1210 si
1259 1157 1471 1210 diabolo
1499 1159 1860 1223 consenseris,

281 1255 334 1300 et
375 1260 501 1299 mox
543 1261 736 1315 corpus
769 1247 1051 1301 amiseris?
1078 1247 1185 1301 Aut
1223 1248 1404 1301 nescis
1443 1249 1564 1316 quia
1605 1247 1710 1302 vita
1735 1263 1863 1302 cor—

280 1337 422 1405 poris
462 1336 535 1390 tui
567 1336 619 1390 in
651 1346 921 1403 potestate
947 1348 1028 1392 est
1063 1337 1154 1391 Dei
1191 1337 1298 1400 tui,
1329 1338 1418 1407 qui
1455 1339 1545 1392 tibi
1573 1339 1860 1393 confeStim

276 1427 485 1482 auferre
526 1435 705 1497 potest
734 1443 980 1493 carnem,
1023 1429 1068 1481 si
1103 1427 1456 1498 dereliqueris
1491 1428 1686 1484 fidem?
1727 1430 1860 1496 Qni-

277 1521 392 1572 dam
423 1519 762 1575 Christianus
793 1519 920 1573 dum
951 1536 1046 1588 pro
1070 1520 1235 1579 fidein
1252 1521 1854 1590 equuleotorqueretur,

275 1612 458 1669 retulit
496 1614 734 1667 astitisse
775 1613 878 1668 sibi
910 1614 1160 1683 angelum
1203 1613 1488 1683 splendido
1534 1616 1704 1680 vultu,
1735 1631 1856 1671 emn

274 1704 442 1759 linteo
462 1719 596 1774 aqua
619 1704 858 1773 perfuso.
881 1705 972 1774 qui
990 1706 1038 1759 ei
1065 1720 1256 1774 aquam
1284 1704 1338 1759 in
1371 1705 1558 1760 faciem
1579 1716 1858 1776 spargeret

1976 531 2063 576 tur
2086 526 2134 577 in
2169 527 2280 580 sole
2321 529 2465 583 calor
2500 540 2554 584 et
2580 534 2835 600 Splendor
2871 537 2921 590 in
2957 555 3062 593 uno
3091 543 3239 595 radio
3267 555 3425 608 sunt,
3456 548 3554 601 sed

1973 615 2120 668 'calor
2140 619 2402 686 essiccat,
2431 624 2683 688 Splendor
2713 625 2969 683 illuminat
2998 647 3008 681 :
3042 631 3184 686 aliud
3215 638 3437 703 suscipit
3464 654 3559 692 ca.

1972 704 2075 771 lor,
2108 707 2250 761 aliud
2276 713 2500 780 suscipit
2533 716 2805 782 splendor,
2834 719 2948 773 licet
2973 722 3040 774 ab
3067 723 3288 778 invicem
3319 730 3466 782 eulor
3498 739 3556 783 ct

1972 797 2227 864 splendor
2253 807 2578 870 nonpossint
2602 811 2860 874 separari.
2886 810 3129 880 διυςριιὶι
3153 831 3279 883 Ergo
3299 818 3552 885 splendnr

1969 886 2439 958 illuminationem,
2473 910 2575 946 non
2607 895 2891 966 fervorem;
2923 904 3160 972 suscepit
3190 906 3338 958 calor
3366 908 3545 961 fervu-

1970 993 2104 1041 rcm,
2136 995 2238 1033 non
2269 982 2740 1042 illuminationem.

2037 1069 2195 1124 Aliud
2221 1087 2347 1140 ergo
2369 1075 2708 1144 singulariter
2735 1090 2922 1149 agunt,
2950 1095 3002 1138 et
3025 1092 3202 1140 tamen
3230 1088 3294 1140 ab
3317 1088 3544 1144 invicem

1967 1173 2074 1213 non
2107 1162 2381 1216 recedunt.
2413 1164 2504 1219 Sic
2530 1177 2584 1220 et
2614 1168 2778 1223 Filius
2822 1175 3061 1240 suscepit
3106 1175 3252 1229 Solus
3297 1192 3540 1241 carnem,

1947 1257 2016 1304 .et
2043 1257 2218 1306 tamen
2248 1268 2353 1308 non
2375 1255 2610 1310 deseruit
2641 1257 2876 1323 Patrem,
2902 1278 2997 1316 nec
3016 1278 3074 1317 sc
3100 1263 3276 1318 divisit
3307 1281 3335 1318 a
3364 1267 3542 1324 Patre.

1965 1339 2131 1396 Filius
2168 1343 2346 1412 itaque
2376 1348 2606 1416 suscepit
2637 1364 2852 1404 carnem
2894 1352 2946 1406 in
2991 1355 3337 1422 proprietate,
3381 1365 3434 1411 et
3467 1367 3544 1411 ta-

1965 1447 2086 1487 men
2117 1444 2171 1488 et
2201 1435 2360 1491 Pater
2388 1447 2439 1492 et
2467 1438 2700 1506 Spiritus
2732 1454 2948 1497 sanctus
2976 1459 3080 1498 non
3115 1446 3400 1500 defuerunt
3430 1463 3546 1502 ma-

1957 1521 2174 1591 jestate.
2220 1525 2279 1578 In
2317 1526 2593 1583 divinitate
2639 1531 2935 1598 aequalitas,
2975 1533 3027 1586 in
3070 1549 3230 1588 carne
3263 1535 3384 1589 Ειιιὶ
3419 1553 3544 1603 pro-

1961 1615 2163 1682 prietas
2197 1631 2211 1670 :
2242 1631 2339 1671 nec
2384 1627 2561 1672 tamen
2607 1620 2673 1672 ab
2701 1635 2764 1674 co
2797 1622 2965 1676 Patris
2992 1634 3079 1676 aut
3113 1625 3340 1692 Spiritus
3370 1629 3540 1682 sancti

1960 1707 2185 1760 recessit
2224 1708 2493 1762 divinitas.
2540 1709 2767 1766 Carnem
2808 1713 3041 1782 suscepit
3080 1715 3346 1780 Christus,
3380 1733 3536 1770 num-

272 1803 328 1850 et
356 1796 518 1851 linteo
546 1797 871 1866 detergeret.
917 1797 1101 1852 Donec
1140 1805 1309 1852 tortus
1351 1806 1435 1853 est
1477 1797 1598 1864 iste,
1632 1801 1856 1868 angelus
1888 1787 1934 1847 B
1961 1799 2086 1869 quid
2107 1816 2137 1854 a
2157 1801 2318 1855 Patre
2344 1811 2435 1855 aut
2461 1817 2489 1855 a
2513 1802 2717 1871 Spiritu
2745 1815 2930 1860 sancto
2959 1809 3215 1860 recessit?
3249 1808 3386 1877 Ergo
3414 1825 3535 1861 vcra

271 1903 376 1943 non
397 1889 643 1955 recessit,
667 1888 954 1942 consolans
981 1904 1104 1943 cum
1130 1897 1180 1943 et
1205 1889 1528 1959 refrigerans
1551 1905 1696 1946 eum.
1719 1891 1856 1946 Con-

269 1980 442 2037 fessor
479 1991 656 2037 autem
692 1982 892 2036 Christi
932 1997 1120 2052 pmnas
1151 1997 1282 2052 quas
1313 1982 1614 2036 sustinebat
1640 1985 1852 2052 penitus

267 2088 375 2128 non
417 2072 702 2128 sentiebat.
751 2073 927 2130 Minus
967 2081 1229 2127 tormenta
1279 2075 1585 2128 sentiuntur
1632 2076 1850 2144 quando

267 2180 367 2235 pro
395 2163 609 2218 Christo
639 2172 927 2234 pugnatur,
954 2164 1077 2233 quia
1111 2164 1278 2217 virtus
1308 2163 1473 2218 animi
1502 2175 1723 2232 superat
1753 2165 1852 2219 do-

265 2256 412 2310 lores
446 2254 751 2320 mundi;-et
787 2269 908 2308 cum
936 2253 1180 2309 invocata
1215 2255 1373 2308 fuerit
1401 2255 1673 2317 divinitas,
1707 2256 1848 2310 miti-

261 2356 828 2419 gaturtormentorum
851 2347 1135 2401 acerbitas.
1157 2346 1297 2407 Ecce
1320 2362 1414 2417 pro
1434 2346 1652 2401 hemine
1671 2357 1848 2402 tentus

261 2455 348 2505 es;
385 2448 438 2495 et
464 2438 696 2493 afflictus
735 2453 841 2492 non
875 2439 1068 2508 perdes
1099 2437 1282 2504 fidem,
1317 2439 1478 2494 etiam
1523 2439 1569 2494 si
1599 2440 1846 2494 amiseris

261 2548 500 2589 carnem.
548 2532 762 2588 Exhihe
809 2533 922 2588 Deo
972 2533 1109 2588 hanc
1154 2533 1637 2602 perseverantiam,
1683 2540 1739 2587 et
1778 2548 1846 2588 ne

260 2624 414 2681 valde
441 2624 630 2679 timeas
669 2639 916 2692 poenam;
956 2635 1051 2678 aut
1085 2625 1226 2680 enim
1254 2624 1472 2694 grandis
1496 2625 1620 2692 erit,
1657 2631 1712 2678 et
1737 2625 1845 2678 cito

261 2713 504 2780 ﬁnietur;
555 2724 648 2769 aut
691 2714 828 2770 levis
878 2714 1012 2781 erit,
1065 2724 1118 2771 et
1165 2731 1268 2770 non
1317 2715 1470 2769 valde
1517 2715 1845 2770 cruciabitur

258 2806 458 2861 anima.
494 2805 571 2859 Tu
603 2816 781 2860 tamen
809 2820 992 2868 exora,
1021 2805 1143 2875 quia
1173 2806 1361 2860 luct.ri
1387 2804 1599 2872 ccepisti
1623 2819 1719 2859 nec
1746 2805 1841 2859 de-

259 2897 466 2964 fecisti;
501 2899 816 2970 martyrium
850 2898 1135 2965 inchoasti,
1165 2894 1374 2958 custodi
1407 2898 1640 2952 animam
1672 2907 1839 2952 tuam.

259 2988 464 3058 Adjuro
502 2997 553 3044 te
601 3004 696 3057 per
738 2989 1016 3048 Trinitatis
1055 2991 1338 3056 unitatem,
1371 3006 1468 3060 pro
1506 3004 1606 3060 qua
1644 2990 1840 3058 pateris

260 3089 514 3150 mortem,
541 3096 698 3136 serva
742 3095 835 3136 cor
873 3093 1042 3148 tuum,
1075 3089 1131 3138 et
1160 3082 1418 3137 conﬁrma
1453 3098 1546 3151 per
1580 3083 1838 3152 Spiritum

1957 1900 2039 1945 est
2071 1893 2267 1945 unitas.
2301 1892 2545 1960 Implevit
2577 1905 2751 1948 antem
2783 1911 2996 1950 carnem
3030 1897 3254 1965 ChriSti,
3294 1911 3345 1952 et
3379 1899 3525 1952 Patet

1954 1990 2008 2033 et
2036 1979 2265 2048 Spiritus
2294 1994 2544 2046 sanctus;
2588 1983 2679 2035 sed
2714 1984 2991 2049 maiestate
3031 2001 3132 2039 non
3166 1988 3530 2054 susceptione.

1962 2067 2048 2122 Vis
2085 2070 2223 2123 scire
2251 2072 2368 2138 quia
2403 2072 2456 2125 in
2498 2087 2565 2126 eo
2595 2074 2692 2126 fuit
2722 2074 2880 2127 Pater
2911 2090 2925 2130 :
2962 2073 3080 2127 Non
3116 2092 3228 2127 sum
3258 2076 3418 2140 solus,
3455 2078 3534 2128 in-

1952 2160 2070 2229 quit
2106 2159 2371 2225 Christus,
2411 2165 2503 2215 sed
2526 2172 2573 2215 et
2605 2163 2762 2216 Pater
2807 2181 2999 2217 mecum
3046 2176 3120 2218 est
3167 2164 3355 2236 (Jaan.
3389 2169 3528 2235 xvr).

1951 2250 2088 2303 Audi
2129 2251 2195 2305 de
2239 2251 2438 2321 Spiritu
2485 2263 2691 2318 sancto,
2737 2256 2883 2326 quia,
2930 2257 3070 2326 quod
3118 2273 3238 2312 cum
3285 2274 3348 2312 eo
3393 2268 3528 2323 erat,

1950 2343 2274 2412 evangelista
2315 2342 2515 2398 referat
2549 2361 2562 2398 :
2593 2345 2743 2399 Iesus
2788 2345 2970 2416 plenus
3009 2346 3210 2418 Spiritu
3241 2358 3418 2402 sancto
3450 2367 3531 2403 re-

1948 2448 2150 2502 gressus
2175 2449 2209 2486 a
2270 2432 2502 2488 Iordane
2602 2435 2768 2507 (Luc.
2795 2436 2896 2506 tv).
2943 2438 3079 2491 Erce
3110 2440 3254 2492 solus
3279 2439 3528 2493 Christus

1947 2523 2182 2591 suscepit
2210 2538 2454 2592 carnem,
2487 2534 2541 2580 et
2571 2534 2746 2580 tamen
2777 2526 2933 2581 Pater
2966 2535 3018 2582 et
3047 2527 3279 2595 Spiritus
3307 2539 3526 2586 sanctus

1947 2630 2053 2670 non
2097 2615 2384 2673 defuerunt
2428 2621 2730 2691 majestate.
2771 2623 2824 2676 Si
2865 2624 3064 2678 coelum
3107 2635 3159 2680 et
3199 2633 3394 2678 terram
3426 2625 3526 2678 im-

1945 2705 2347 2774 plent,carnem
2365 2707 2565 2766 Christi
2583 2713 2831 2767 deserere
2855 2730 2959 2768 non
2983 2724 3292 2784 potuerunt,
3309 2716 3526 2786 quando

1945 2798 2000 2853 in
2029 2799 2323 2855 divinitatis
2352 2802 2564 2858 unitate
2591 2815 2915 2860 manserunt.

2016 2890 2097 2944 Ad
2121 2890 2244 2956 hoc,
2267 2893 2526 2947 citharam
2550 2894 2778 2964 respice,
2811 2905 2869 2952 ut
2890 2897 3148 2952 musicum
3179 2897 3349 2952 melos
3373 2897 3523 2953 sonis

1935 2965 2189 3038 dulcibus
2221 2983 2416 3039 reddat
2445 3005 2458 3041 :
2492 2988 2592 3040 tria
2639 2989 2842 3057 pariter
2884 2989 3076 3044 adesse
3112 2991 3381 3054 videntur,
3411 3005 3521 3051 ars,

1945 3089 2132 3129 manus
2157 3084 2212 3130 et
2237 3077 2463 3132 chorda.
2492 3079 2595 3133 Ars
2618 3079 2810 3149 dictat,
2843 3097 3033 3136 manus
3071 3084 3271 3151 tangit,
3305 3092 3523 3136 resonat

258 3179 522 3236 sanctum,
557 3187 716 3240 quem
751 3171 803 3226 in
836 3182 886 3227 ιθ
915 3172 1202 3228 εχευῐηδιυρ
1228 3174 1444 3228 voluisti
1466 3213 1482 3238 ,
1513 3183 1565 3229 et
1596 3189 1754 3243 quem
1787 3175 1838 3227 in
1867 3152 1915 3216 ϐ
1944 3165 2166 3220 chorda.
2213 3165 2340 3220 Tria
2387 3179 2711 3238 operantur,
2762 3172 2854 3226 sed
2899 3173 3013 3227 sola
3057 3174 3256 3227 chorda
3305 3163 3525 3227 reSOItal

261 3276 309 3320 te
338 3265 638 3321 honorasti.
665 3266 906 3336 Conflige
946 3269 1158 3322 fortiter
1198 3282 1292 3334 per
1335 3270 1620 3338 puritatem
1670 3268 1841 3337 baptiv

257 3357 384 3421 smi,
415 3356 558 3423 quod
600 3366 945 3412 contemnere
976 3358 1212 3413 noluisti.
1245 3361 1477 3414 Securus
1509 3370 1626 3414 esto
1655 3359 1842 3414 de-co-

255 3463 418 3513 tona;
451 3461 677 3503 securus
717 3465 908 3518 pugna,
953 3448 1127 3504 donec
1169 3450 1400 3518 voluerit
1449 3451 1541 3506 tibi
1578 3451 1838 3506 Dominus

256 3538 550 3594 terminare
602 3538 904 3594 victoriam.
965 3540 1160 3594 Probat
1208 3542 1368 3595 modo
1419 3542 1559 3596 Deus
1597 3544 1833 3596 animum

256 3637 426 3696 tuum;
452 3629 524 3685 ibi
554 3639 636 3684 est
667 3631 852 3685 oculus
875 3631 969 3685 Dei
1002 3649 1014 3683 :
1046 3632 1439 3699 contemplatur
1464 3641 1515 3686 te
1536 3634 1602 3687 de
1629 3633 1758 3686 hora
1783 3634 1836 3688 in

255 3718 472 3784 horam,
506 3721 634 3791 quid
675 3737 825 3792 agas,
870 3721 993 3791 quid
1033 3722 1259 3791 cegites,
1293 3723 1565 3792 quomodo
1610 3737 1834 3792 pugnes,

251 3811 524 3878 quomodo
553 3823 686 3866 stes.
723 3812 776 3868 Si
808 3813 1019 3866 (irinum
1051 3820 1102 3866 te
1134 3812 1346 3876 viderit,
1378 3813 1577 3881 gaudet
1601 3825 1656 3868 et
1685 3814 1834 3883 adju-

253 3909 363 3965 vat;
391 3903 435 3958 si
459 3900 756 3967 infirmum,
785 3903 1050 3956 succurrit
1081 3909 1135 3956 et
1161 3903 1426 3956 sublevat.

321 3991 399 4046 Tu
427 4001 608 4046 tamen
634 4001 778 4046 certa
822 4008 918 4062 pro
945 3993 1168 4046 veritate
1199 4009 1366 4062 usque
1397 3992 1462 4046 ad
1495 4001 1752 4056 mortem;
1783 4000 1837 4048 et

249 4083 356 4138 eris
385 4100 494 4139 non
517 4085 692 4138 solum
724 4086 840 4149 tibi,
873 4085 966 4138 sed
993 4093 1048 4138 et
1074 4086 1284 4139 caeteris
1311 4085 1362 4138 in
1391 4083 1618 4138 salutem
1651 4102 1663 4136 :
1696 4085 1831 4137 alio-

249 4176 374 4244 quin
399 4190 429 4229 a
457 4185 509 4231 te
540 4176 683 4230 Deus
705 4178 880 4245 exiget
905 4189 956 4232 et
982 4187 1125 4231 tuam
1157 4180 1389 4230 animam
1418 4185 1472 4230 et
1499 4177 1720 4231 alienas.
1752 4176 1837 4232 Si-

250 4265 421 4335 gnifer
466 4282 526 4321 es
571 4265 806 4332 Christi;
855 4269 906 4321 in
956 4267 1071 4322 acie
1113 4268 1319 4337 primus
1367 4267 1607 4320 ambulas
1643 4284 1655 4318 :
1685 4269 1730 4320 si
1779 4277 1832 4320 tu

250 4357 529 4423 cecideris,
563 4360 630 4413 ab
667 4360 891 4413 aliorum
927 4371 1100 4414 morte
1131 4375 1234 4413 non
1265 4358 1373 4414 eris
1400 4358 1674 4412 immunis.
1711 4358 1834 4413 ilice

249 4449 378 4503 time
409 4467 421 4502 :
449 4465 576 4503 nam
607 4459 690 4514 et,
729 4449 776 4503 si
809 4451 1024 4514 viceris,
1066 4465 1163 4518 pro
1199 4450 1488 4503 multorum
1531 4450 1705 4504 salute
1737 4467 1834 4519 pu—

1945 3255 2086 3325 quod
2128 3257 2360 3312 auditur.
2389 3258 2500 3314 Nec
2538 3275 2626 3315 ars
2666 3276 2765 3316 nec
2806 3277 2995 3318 manus
3033 3279 3227 3317 sonum
3269 3263 3520 3329 reddunt,

1942 3345 2037 3401 sed
2060 3363 2183 3402 eum
2210 3362 2330 3403 cum
2361 3349 2559 3405 chorda
2582 3353 2784 3422 pariter
2811 3364 3122 3423 aperantur.
3147 3355 3234 3410 Sic
3258 3371 3355 3410 nec
3370 3338 3526 3410 Pater

1943 3452 2041 3492 nec
2071 3438 2302 3506 Spiritus
2346 3452 2562 3497 sanctus
2605 3443 2908 3514 suscipiunt
2945 3461 3183 3510 carnem,
3217 3447 3311 3500 sed
3343 3456 3522 3500 tamen

1941 3542 2061 3582 eum
2092 3529 2228 3584 Filio
2255 3535 2459 3602 pariter
2485 3545 2796 3604 operanttIr.
2825 3536 3026 3592 Sonnm
3055 3537 3164 3590 sola
3197 3535 3394 3589 chorda
3425 3553 3520 3589 ex-

1939 3622 2092 3690 cipit,
2117 3638 2336 3677 carnem
2363 3625 2510 3679 solus
2541 3625 2791 3681 Christus
2817 3629 3042 3695 accepit.
3072 3627 3324 3695 Operatio
3354 3628 3404 3679 in
3432 3629 3524 3680 tri-

1940 3713 2040 3768 bus
2064 3724 2294 3781 constat;
2319 3717 2411 3770 sed
2434 3717 2704 3785 quomodo
2731 3719 2958 3786 pertinet
2979 3723 3044 3771 ad
3069 3720 3232 3771 solam
3263 3718 3519 3771 chordam

1938 3806 2056 3860 soni
2090 3807 2337 3874 redditio,
2371 3808 2452 3861 sic
2483 3809 2710 3876 pertinet
2750 3809 2813 3861 ad
2846 3811 3018 3862 solum
3050 3809 3316 3863 ChriStum
3343 3811 3521 3864 carnis

1938 3894 2187 3949 humana:
2226 3899 2513 3966 susceptio.
2556 3897 2679 3951 Hinc
2721 3913 2753 3951 a
2794 3915 2956 3968 parvo
2989 3901 3038 3952 in
3070 3901 3257 3968 grandi
3291 3917 3318 3951 ιι
3342 3915 3522 3955 (nunc

1939 3989 2133 4057 posito,
2167 3998 2226 4044 ut
2263 4005 2610 4060 quascumque
2641 3991 2779 4045 dicta
2813 3993 2940 4058 sint,
2972 3992 3056 4044 vis
3088 3992 3235 4045 cordi
3269 4007 3387 4044 meo
3429 4005 3524 4045 oc-

1937 4097 2156 4138 currere
2199 4091 2505 4152 potuerunt.
2544 4086 2664 4139 Ilaec
2703 4096 2784 4138 est
2825 4093 2967 4138 recta
3012 4085 3190 4151 regula
3241 4084 3383 4137 fidei.
3419 4085 3519 4136 l’ro

1938 4175 2038 4229 hac
2085 4177 2128 4229 si
2169 4176 2299 4244 quid
2348 4177 2442 4231 tibi
2495 4179 2806 4248 contigerit,
2859 4179 3174 4249 martyrium
3220 4177 3516 4247 perfecisti.

1937 4264 2186 4320 Christus
2213 4267 2395 4333 alapas
2426 4268 2651 4336 accepit,
2697 4268 2947 4323 Chrisms
2977 4278 3132 4338 sputa
3158 4270 3329 4323 aliena
3360 4261 3522 4322 susti-

1938 4356 2074 4422 nuit,
2112 4353 2361 4411 Christus
2407 4357 2534 4412 felle
2579 4368 2632 4412 et
2674 4368 2830 4412 aceto
2882 4370 3092 4424 potatus
3136 4368 3238 4422 est,
3271 4357 3518 4412 Christus

1937 4449 2104 4517 spinis
2124 4458 2415 4504 coronatus
2441 4461 2543 4516 est,
2575 4450 2818 4504 Christus
2844 4449 3130 4504 crucifixus
3155 4457 3258 4516 est,
3292 4458 3345 4502 et
3376 4449 3518 4505 inter

247 4540 444 4608 gnasti,
468 4551 522 4595 et
551 4555 808 4595 coronam
843 4540 1194 4608 multiplicem
1225 4540 1496 4607 accepisti.
1532 4540 1670 4602 Dens
1693 4557 1829 4595 unus
1860 4521 1913 4582 D
1937 4543 2177 4596 latrones
2202 4541 2418 4612 iniquos
2438 4543 2720 4611 deputatus
2741 4544 3036 4611 estjnstus;
3065 4541 3310 4596 Christus
3335 4541 3517 4596 lancea

247 4640 354 4697 est,
392 4631 535 4687 Deus
559 4648 669 4692 non
704 4642 878 4701 potest
923 4647 1042 4688 esse
1086 4631 1282 4700 minor,
1323 4632 1465 4686 Deus
1507 4649 1611 4686 non
1655 4643 1831 4702 potest

248 4721 538 4778 immutari.
590 4724 707 4780 Scis
741 4725 862 4788 ista,
911 4732 1034 4778 tene
1084 4724 1296 4778 fortiter
1342 4725 1646 4778 veritatem.
1690 4724 1829 4779 Audi

247 4821 426 4868 autem
456 4815 688 4869 breviter
709 4815 850 4884 quod
885 4815 1140 4884 praemisi.
1173 4814 1316 4868 Deus
1342 4829 1480 4868 unus
1509 4822 1595 4868 est
1625 4831 1639 4868 ε
1672 4814 1829 4869 Pater

246 4913 302 4959 et
346 4907 513 4962 Filius
556 4916 610 4961 et
656 4908 883 4978 Spiritus
931 4903 1169 4974 sanctus,
1217 4915 1270 4960 et
1311 4916 1486 4960 tamen
1535 4905 1599 4960 ad
1651 4907 1826 4961 solum

243 4998 519 5068 Christum
547 5002 781 5070 pertinet
799 5017 948 5056 caro.
969 5001 1170 5070 Nempe
1190 4999 1333 5054 aliud
1356 5008 1438 5054 est
1462 4999 1659 5066 anima,
1683 4998 1826 5053 aliud

242 5090 411 5145 ratio:
439 5101 494 5146 et
519 5101 697 5146 tamen
723 5092 775 5146 in
799 5092 976 5146 anima
1002 5102 1085 5146 est
1117 5089 1274 5146 ratio.
1302 5089 1368 5144 Et
1392 5104 1492 5143 una
1521 5099 1604 5144 est
1624 5089 1823 5157 anima;

239 5181 337 5235 sed
370 5182 510 5238 aliud
540 5184 718 5238 anima
750 5183 880 5252 agit,
914 5183 1058 5237 aliud
1089 5181 1226 5236 ratio
1255 5197 1269 5239 :
1302 5181 1476 5236 anima
1502 5181 1652 5247 vivit,
1687 5183 1826 5237 ratio

236 5273 497 5341 sapit.“
525 5275 758 5330 animam
790 5274 1023 5344 pertinet
1047 5274 1187 5348 vita;
1217 5272 1281 5328 ad
1307 5272 1568 5328 rationem
1593 5274 1826 5340 pertinet

232 5367 502 5432 sapientia
538 5387 554 5423 :
585 5379 638 5424 et
669 5380 846 5424 tamen
876 5382 976 5422 nec
1006 5368 1182 5421 anima
1213 5367 1435 5422 estsine
1464 5368 1691 5432 ratione,
1723 5383 1826 5424 nec

236 5457 386 5510 ratio
413 5458 530 5513 sine
551 5459 751 5522 anima;
783 5468 836 5514 et
865 5473 987 5513 cum
1012 5472 1171 5512 unum
1203 5457 1330 5521 sint,
1351 5455 1530 5509 anima
1561 5457 1676 5510 sola
1705 5473 1831 5512 sns-

227 5548 381 5615 cepit
403 5550 589 5615 vitam,
614 5552 751 5606 ratio
777 5551 891 5606 sola
923 5551 1164 5619 suscepit
1185 5549 1530 5618 sapientiam.
1559 5549 1649 5605 Sic
1673 5549 1836 5606 Pater

228 5647 291 5692 et
309 5640 495 5708 Fiiius,
513 5642 638 5698 licet
655 5659 816 5697 unum
835 5644 962 5709 sint,
977 5651 1033 5699 et
1049 5658 1186 5697 unus
1201 5642 1342 5696 Deus
1358 5643 1451 5706 sit,
1469 5651 1646 5698 tamen
1666 5644 1730 5698 ad
1749 5660 1835 5700 so-

207 5727 324 5785 lum
363 5727 634 5790 Christum
658 5733 890 5805 pertinet
911 5747 1059 5799 caro,
1083 5731 1220 5788 sicut
1256 5731 1323 5787 ad
1359 5733 1525 5788 solam
1554 5734 1833 5791 rationem

1937 4633 2244 4703 perforatus
2288 4640 2391 4696 est,
2431 4633 2671 4687 Christus
2705 4633 2819 4687 lucc
2862 4648 2960 4702 pro
3001 4634 3152 4703 culpa
3182 4643 3290 4699 tua,
3319 4643 3518 4704 quanto

1937 4727 2103 4795 magis
2137 4734 2192 4780 tu
2220 4725 2404 4780 ﬁrmus
2433 4734 2578 4781 stare
2604 4726 2766 4781 debes
2795 4742 2890 4796 pro
2923 4726 3245 4790 aninia'tua,
3279 4737 3333 4778 ut
3361 4741 3518 4780 nemo

1935 4818 2090 4873 tollat
2111 4833 2368 4874 coronam
2399 4827 2562 4872 tuam.
2586 4817 2702 4873 Jam
2730 4820 2780 4871 in
2812 4819 2984 4872 stadio
3009 4834 3088 4884 es;
3112 4819 3258 4872 calca
3283 4816 3513 4879 fortiter,

1935 4924 2004 4962 ne
2033 4909 2241 4974 timeas;
2287 4908 2416 4963 nihil
2466 4923 2681 4978 paveas,
2723 4909 2853 4962 nihil
2895 4910 3104 4977 penitus
3141 4911 3514 4977 pertimescas,

1932 5001 2054 5070 quia
2081 5002 2257 5054 omnis
2280 5016 2377 5070 pro
2407 5009 2458 5054 te
2487 5002 2724 5056 Ecclesia
2749 5001 3072 5070 deprecatur
3097 5010 3151 5054 ut
3170 5003 3369 5056 vincas.
3403 5001 3512 5054 Ex.

1927 5100 2138 5162 spectat
2184 5103 2235 5147 te
2279 5093 2520 5150 Ecclesia
2563 5095 2827 5148 catholica
2886 5105 3174 5163 martyrem
3222 5108 3406 5158 suum,
3457 5105 3516 5147 ut

1928 5182 2247 5238 honorificet
2277 5186 2416 5239 sicut
2444 5185 2778 5252 Stephanum
2813 5200 2990 5238 sumn.
3023 5185 3155 5239 Vide
3186 5201 3251 5238 ne
3283 5185 3515 5238 confun-

1925 5275 2021 5330 das
2040 5291 2144 5343 nos
2172 5275 2227 5329 in
2260 5273 2362 5329 hoc
2393 5275 2609 5328 sreculo.
2643 5275 2775 5330 Vide
2801 5290 2867 5327 ne
2894 5273 3144 5327 humilies
3184 5289 3280 5326 nos
3308 5274 3358 5326 in
3388 5290 3515 5330 con-

1937 5377 2122 5434 Spectu
2185 5367 2636 5421 adversariorum.
2705 5365 2950 5421 Sustinet
3014 5349 3190 5418 técum
3259 5365 3517 5424 Dominus

1939 5459 2202 5526 Christus,
2232 5459 2458 5512 sustinet
2490 5467 2664 5512 tecum
2694 5457 2956 5512 Ecclesia.
2983 5456 3112 5509 Esto
3139 5457 3514 5510 securissimus

1941 5553 2007 5608 de
2029 5567 2249 5618 corona;
2279 5567 2384 5606 non
2415 5553 2604 5606 timeas
2630 5551 2841 5619 penitus
2866 5547 3136 5618 praeterita
3162 5563 3517 5620 qumcumque

1940 5647 2276 5702 committere
2308 5643 2523 5715 pomisti
2566 5651 2802 5712 peccata.
