3916 6178
333 339 442 403 5'15

1608 330 1661 388 S.
1711 330 1982 389 XYSTL‘S
2023 331 2092 388 lli
2132 331 2333 388 PAPA.

333 456 442 509 tina
477 453 527 505 in
580 459 766 523 crypta
809 449 960 519 iuxta
1000 462 1199 517 corpus
1224 447 1365 504 beati
1400 446 1673 502 Laurentii
1695 446 1916 518 [Balleia
1952 460 1994 514 Α
2026 456 2368 518 episcopatus
2394 445 2508 502 dies
2540 444 2728 517 viginti
2755 444 2890 501 duos
2922 446 3023 516 (a).

329 546 399 599 ad
428 543 489 600 S.
526 537 897 611 Laurentium]
938 537 1248 594 vkalendas
1292 538 1515 610 Aprilis.
1568 539 1636 594 Et.
1679 541 1915 594 cessavit

333 703 476 759 mina
508 701 705 767 scripta
739 696 952 752 luerunt
976 714 989 750 :
1010 697 1239 766 primum
1268 698 1333 751 de
1355 695 1580 760 divitiis;
1619 695 1911 767 secundum

334 776 402 825 de
432 770 584 823 malis
605 766 938 832 doetnribus,
962 769 1215 837 operibus
1238 769 1359 821 ﬁdei
1394 780 1446 820 et
1470 767 1673 837 judicio
1704 766 1911 829 futuro;

335 843 550 897 tertium
575 855 706 893 vero
735 839 802 893 de
832 836 1097 893 castitate.
1132 839 1255 892 llaec
1287 838 1689 905 Pelagianismis
1716 836 1912 891 referta

333 927 455 964 esse
485 908 722 964 ostendit
774 909 1034 962 Batonius
1064 923 1191 961 ann.
1222 906 1345 971 «iisti,
1381 924 1527 960 nttttt.
1564 908 1620 972 7,
1663 908 1717 970 8,
1762 908 1811 967 9,
1850 910 1916 961 10

333 992 388 1034 et
420 981 507 1043 il,
540 996 607 1035 ex
645 994 711 1033 eo
742 979 880 1047 quod
918 980 1089 1048 primo
1124 980 1396 1031 Vttllltlllnc
1428 978 1768 1046 Pelagianum
1814 977 1915 1031 hoc

334 1054 633 1115 centius-at,
668 1064 774 1103 non
808 1063 964 1115 posse
993 1051 1184 1101 salvari
1215 1050 1452 1108 divitem,
1487 1051 1585 1100 nisi
1612 1049 1790 1099 omnia
1818 1062 1913 1100 sna

340 1123 668 1191 pauperibus
695 1130 873 1187 eroget
898 1135 913 1182 ;
936 1189 944 1191 Α
968 1121 1207 1172 :ecundo
1252 1120 1517 1191 Vltitllllitte
1547 1121 1731 1191 oninia
1753 1134 1914 1185 opera

337 1188 509 1245 iibero
538 1190 779 1252 arbitrio,
815 1189 996 1255 gratio
1027 1191 1223 1242 divina}
1257 1189 1385 1240 nihil
1422 1188 1652 1253 tribuat;
1703 1188 1917 1242 demum

337 1260 483 1329 quod
516 1262 673 1313 tertio
700 1260 970 1313 voiuntitte
1018 1274 1112 1312 eos
1157 1259 1467 1321 sttbsannet,
1511 1259 1602 1327 qui
1643 1274 1708 1312 ex
1751 1261 1918 1326 gratia

345 1332 436 1384 Dei
472 1331 668 1384 bonum
707 1332 965 1383 castitatis
1004 1329 1296 1398 provenire
1331 1331 1677 1382 contendant.
1705 1329 1798 1382 His
1827 1329 1922 1381 ita-

342 1415 448 1466 que
473 1400 749 1454 coloribus
780 1399 1021 1453 libellum
1056 1401 1339 1453 manileste
1365 1399 1496 1452 satis
1522 1398 1812 1467 depictum,
1830 1398 1920 1468 qui

345 1485 454 1523 non
482 1471 596 1523 sine
630 1470 776 1539 gravi
808 1469 1045 1539 periculo
1088 1468 1326 1522 ﬁdelium
1360 1469 1576 1523 nomine
1615 1470 1749 1523 Sixti
1783 1468 1921 1523 haud

244 1595 249 1600 ,
347 1539 555 1610 pridem
597 1538 829 1595 escusus
870 1538 991 1605 fuit,
1040 1539 1211 1593 lector
1242 1552 1491 1609 agnosce,
1538 1553 1605 1594 ne
1642 1539 1709 1593 de
1757 1553 1921 1593 aureo

346 1704 1786 1719 .-..,--“-.--“---ο-τ----ησ---Α--ο-‹

2017 697 2187 752 calice
2234 695 2518 768 Babylonis
2544 710 2751 750 venena
2772 737 2788 762 ,
2825 696 3016 767 insigni
3047 696 3267 752 nomine
3298 697 3522 752 honesta
3535 706 3604 763 ta,

2019 767 2193 822 bibas.
2227 767 2355 823 88v.
2390 767 2593 821 Btstus.
3066 800 3071 805 -
3412 807 3421 816 .

2091 838 2169 907 ((1)
2208 837 2395 907 Verius
2449 837 2803 905 quadraginta
2857 837 3086 892 duobus.
3138 837 3211 907 ita
3243 836 3386 892 enim
3419 836 3613 893 scribit

2018 905 2235 960 sanctus
2264 906 2499 975 Prosper
2532 910 2580 959 in
2606 908 2805 959 Chron.
2837 924 2963 962 ann.
2988 907 3131 965 420:
3174 905 3428 975 Defuncto
3456 907 3613 961 Sixto

2019 979 2259 1049 ponti/iac
2284 976 2518 1049 kalendis
2544 978 2760 1043 Aprilis,
2789 978 3131 1049 quadraginta
3171 980 3396 1047 amplius
3427 978 3612 1031 diebus

2022 1047 2261 1119 Romana
2290 1047 2519 1119 Ecclesia
2538 1050 2653 1119 sine
2670 1051 2899 1119 antistite
2918 1047 3038 1116 fuit,
3072 1049 3292 1100 mirabili
3316 1064 3441 1119 price
3466 1058 3615 1116 atque

2021 1118 2268 1189 patientia
2315 1117 2586 1171 adventum
2624 1118 2829 1189 diaconi
2870 1117 3057 1173 Leonis
3078 1117 3439 1189 iexspectans:
3466 1136 3615 1188 quem

2024 1201 2145 1240 tunc
2165 1188 2293 1240 inter
2315 1188 2514 1241 Actium
2539 1199 2581 1240 et
2606 1187 2844 1240 Albinum
2864 1190 3050 1258 (duces
3075 1187 3299 1242 Romani
3319 1187 3614 1257 exercitus)

2024 1257 2264 1329 gmicitiae
2292 1258 2714 1329 rredintcgranda:
2750 1257 2906 1311 causa
2936 1257 3123 1312 Gallia:
3149 1259 3461 1329 detinebant,
3508 1269 3615 1312 etc.

2028 1327 2086 1382 In
2118 1327 2258 1381 bune
2289 1328 2468 1397 itaque
2503 1327 2695 1382 locum
2721 1329 2991 1384 Anastasii
3037 1329 3287 1383 mendum
3334 1327 3620 1395 irrepsisse

2026 1398 2245 1453 dubium
2274 1414 2380 1451 non
2406 1409 2509 1454 est.
2538 1398 2734 1454 Baron.
2770 1409 2918 1455 tumo
2955 1399 3045 1466 Vl,
3075 1414 3217 1455 anno
3246 1399 3373 1464 440,
3405 1413 3556 1453 num.
3587 1400 3612 1457 Ι

2026 1478 2080 1523 et
2105 1467 2159 1522 2.
2187 1469 2319 1523 Sev.
2355 1468 2557 1525 Brutus.

1567 1810 1893 1872 NOTITJA
1943 1810 1991 1871 G
2004 1812 2044 1869 Α
2059 1809 2403 1872 LL'ANDH.

1433 1958 1530 2021 (Ex
1562 1957 1683 2007 Bibl.
1706 1956 1841 2006 \‘ett.
1870 1955 2003 2005 Patr.
2032 1956 2253 2006 Galland.
2281 1963 2396 2008 tom.
2422 1955 2531 2018 IX.)

429 2125 477 2178 ι,
510 2118 802 2178 Οιιειυειίιιο
830 2116 920 2185 qui
947 2128 1090 2169 anno
1122 2113 1246 2180 .152,
1278 2120 1513 2167 exeunte
1540 2111 1706 2179 Julio,
1740 2126 1806 2165 ex
1838 2109 1937 2164 hac
1966 2112 2014 2171 B
2040 2118 2135 2178 est,
2169 2110 2497 2167 dilectissime
2522 2112 2702 2182 frater,
2739 2123 2796 2169 ut
2835 2117 3034 2188 praprii
3073 2117 3199 2173 doni
3237 2127 3433 2189 custos,
3465 2122 3601 2176 eccls

355 2217 464 2274 vita
500 2213 767 2284 migravit,
794 2214 991 2285 Xystus
1035 2206 1198 2276 paulo
1241 2216 1359 2274 post
1391 2203 1655 2260 sufﬁcitur
1694 2210 1854 2271 atque
1886 2202 1938 2255 in

357 2307 653 2361 Romanam
687 2300 870 2356 sedem
898 2297 1165 2354 evehitur.
1197 2296 1299 2363 Qui
1326 2310 1449 2350 eum
1483 2296 1626 2348 Aetio
1656 2301 1701 2346 et
1733 2291 1942 2347 Valerio

354 2414 489 2461 coss.
534 2402 751 2449 creatus
788 2390 956 2445 fuerit
996 2390 1257 2459 pontil‘vx,
1309 2396 1587 2456 postquam
1627 2386 1773 2439 annis
1820 2385 1852 2438 8
1894 2391 1943 2437 et

360 2485 544 2539 diebus
578 2485 642 2538 18
685 2482 1050 2550 pontiﬁcatum
1082 2478 1358 2548 gess’ssct,
1388 2490 1531 2531 anno
1571 2475 1784 2530 demum
1811 2475 1938 2541 Ml),

375 2574 736 2630 Valentiniano
764 2581 983 2641 augusto
1022 2585 1053 2624 ν
1091 2578 1138 2623 et
1175 2568 1417 2622 Anatolio
1454 2583 1587 2622 coss.
1619 2582 1649 2622 e
1679 2567 1812 2621 vivis
1850 2582 1944 2623 ex—

357 2666 543 2729 cessit,
579 2672 636 2720 ut
659 2678 723 2718 ex
753 2661 1011 2733 Prosperi
1037 2659 1306 2715 Chronico
1324 2657 1605 2714 erudimur
1634 2657 1730 2729 (a).
1761 2657 1838 2712 De
1859 2656 1946 2713 die

359 2765 538 2811 autem
578 2763 632 2809 et
670 2768 853 2809 mense
884 2766 991 2821 quo
1025 2750 1139 2806 sive
1172 2750 1333 2804 luerit
1365 2748 1667 2815 ordinatus,
1698 2748 1812 2803 sive
1850 2763 1944 2803 su-

364 2862 605 2915 premum
644 2845 788 2901 diem
830 2843 1109 2908 clauserit,
1151 2840 1291 2895 haud
1333 2854 1564 2897 concors
1591 2847 1676 2896 est
1705 2839 1943 2895 erudito-

362 2955 479 2991 rum
510 2937 798 2993 sententia.
830 2934 936 2990 Alii
978 2934 1119 2988 enim
1155 2932 1275 3001 ejus
1315 2931 1709 2986 Ordinationem
1753 2929 1841 2985 die
1874 2931 1940 2985 51

359 3029 512 3096 Julii,
558 3044 676 3099 qua:
721 3028 773 3082 in
817 3027 957 3081 diem
1009 3024 1337 3080 Dominicam
1382 3022 1672 3090 incidebat,
1717 3031 1943 3077 mortem

361 3137 494 3178 vero
521 3121 609 3177 die
654 3122 720 3176 l8
768 3118 994 3189 Augusti
1022 3116 1440 3188 consignandam
1468 3124 1690 3172 censent
1712 3114 1808 3187 (lt).
1842 3116 1944 3171 Alii

363 3223 544 3268 autem
591 3210 751 3281 paulo
790 3210 968 3265 aliter.
1021 3227 1043 3261 r
1096 3208 1151 3262 in
1194 3208 1334 3263 libro
1377 3207 1700 3275 Pontiﬁeali,
1746 3208 1822 3261 ait
1860 3209 1947 3263 vir

362 3302 559 3358 doctus
603 3297 700 3369 (ci,
748 3300 831 3354 cui
881 3305 1244 3367 pervetustum
1297 3295 1573 3365 exemplar
1612 3295 1946 3353 Corbeiense

362 3394 564 3465 aliique
617 3392 976 3448 Romanorum
1024 3388 1331 3459 pontiﬁcum
1370 3397 1579 3444 veteres
1620 3386 1845 3457 catalogi
1883 3402 1948 3443 ac

2044 2202 2305 2256 siasticam
2344 2220 2518 2272 pacem
2546 2220 2849 2274 conservare
2888 2208 3148 2278 dignetur.
3183 2209 3454 2266 Praeterea
3495 2212 3625 2267 illud

2045 2306 2259 2363 quoque
2296 2295 2615 2363 praeclarum
2656 2305 2785 2353 tunc
2820 2298 3036 2365 accidit,
3074 2300 3216 2368 quod
3257 2301 3378 2371 ejus
3414 2303 3630 2358 ordina-

2051 2383 2182 2438 tioni
2213 2394 2355 2439 totus
2392 2385 2583 2440 Oriens
2622 2387 3017 2457 quodammodo
3062 2390 3387 2459 interluerit,
3430 2395 3630 2463 quippe

2046 2493 2166 2547 qua:
2196 2487 2412 2548 peracta
2443 2478 2514 2533 sit
2546 2480 2900 2546 praesentibus
2929 2480 3267 2552 Hermogene
3303 2499 3367 2539 ac
3404 2484 3632 2556 Lampe-

2051 2569 2125 2623 tio
2174 2568 2546 2637 episcoporum
2599 2569 2947 2626 Orientalium
2996 2573 3206 2642 legatis.
3250 2572 3343 2628 Sic
3385 2575 3529 2629 enim
3576 2577 3633 2631 in

2049 2658 2236 2715 eadem
2280 2659 2346 2714 ad
2388 2658 2649 2730 Cyrillum
2677 2662 2907 2731 epistola
2946 2663 3181 2734 loquitur
3208 2675 3424 2721 sanctus
3454 2667 3633 2735 ponti-

2048 2750 2135 2806 fex
2165 2751 2242 2822 (g)
2270 2767 2286 2807 :
2317 2749 2557 2807 Gratiam
2582 2752 2819 2808 habentes
2846 2754 2945 2810 Dei
2966 2758 3126 2812 nostri
3159 2757 3295 2811 circa
3326 2775 3417 2812 nos
3444 2759 3633 2813 huma-

2048 2843 2221 2909 nitati,
2247 2845 2383 2913 quod
2413 2860 2472 2899 eo
2506 2855 2728 2916 tempore
2761 2862 2860 2913 quo
2894 2847 3090 2912 ποι,αά
3124 2865 3424 2919 supremum
3461 2850 3645 2905 sacer'a

2049 2932 2179 2988 dotii
2211 2936 2404 3005 apicem
2444 2952 2626 2990 vocare
2666 2937 2910 3009 dignatus
2948 2949 3044 3005 est,
3084 2942 3330 2994 concessit
3370 2942 3514 2996 nobis
3553 2958 3635 2997 se—

2049 3027 2278 3079 cundum
2306 3027 2543 3093 pietatem
2572 3037 2734 3093 tuam,
2756 3031 3081 3100 prwsentiam
3100 3040 3391 3085 sanctorum
3408 3032 3645 3102 fratrum

2049 3124 2096 3171 ct
2123 3119 2545 3188 coepiscoporum
2573 3131 2866 3174 nostrorum
2893 3119 3234 3192 Hermogenis
3262 3131 3309 3176 et
3340 3121 3635 3192 Lampetii;

2050 3214 2339 3268 necessario
2361 3215 2428 3267 ad
2454 3223 2685 3268 restrain—
2695 3216 3069 3285 fraternitatem
3096 3204 3185 3282 per
3199 3232 3284 3269 eos
3312 3216 3403 3269 has
3433 3216 3635 3271 litteras

2051 3304 2306 3373 dedimus,
2328 3313 2477 3359 testes
2509 3306 2851 3361 ordinationis
2874 3315 3086 3361 nostris.
3119 3305 3184 3360 In
3203 3305 3287 3360 Itis
3305 3307 3439 3359 enim
3458 3323 3636 3361 omnes

2051 3411 2136 3450 vos
2177 3412 2210 3449 a
2245 3397 2424 3461 quibus
2464 3396 2545 3450 illi
2586 3397 2727 3451 missi
2769 3398 2997 3468 fuerunt,
3031 3396 3251 3451 astitisse
3274 3397 3584 3450 credidimus
3615 3415 3650 3451 :~

369 3489 622 3557 Prosper,
662 3487 855 3539 saltem
904 3484 956 3537 in
998 3481 1287 3536 novissima
1328 3479 1587 3547 editione,
1629 3478 1942 3547 coneinunt,
1971 3479 2017 3542 C
2047 3487 2461 3557 quandoquidem
2500 3488 2793 3541 nullatenus
2830 3486 3100 3541 intervallo
3141 3497 3468 3557 separantur,
3503 3503 3636 3556 quos

366 3579 509 3634 idem
553 3575 790 3645 pontifex
832 3575 988 3628 anuis
1029 3573 1063 3629 8
1100 3587 1162 3627 ac
1199 3571 1388 3626 diebus
1417 3571 1484 3626 18
1519 3569 1771 3626 Ecclesiae
1802 3585 1944 3639 prae-

372 3672 540 3733 fuisse
569 3670 785 3726 dicitur.
816 3669 1155 3736 Quapropter
1191 3664 1457 3719 Antonius
1486 3663 1678 3733 Pagius
1711 3662 1827 3731 ejus
1852 3676 1943 3716 or-

367 3766 698 3821 dinationem
753 3762 804 3815 in
866 3761 1065 3815 mensis
1110 3758 1238 3814 Julii
1290 3757 1414 3811 anni
1469 3755 1576 3811 452
1633 3755 1943 3825 vigesimum

366 3866 612 3929 quartam
658 3870 778 3924 quas
819 3852 1086 3907 dominica
1119 3858 1255 3915 erat,
1293 3856 1349 3903 et
1389 3848 1595 3902 obitum
1626 3847 1677 3901 in
1712 3845 1770 3899 il
1803 3845 1943 3900 diem

367 3948 568 4005 mensis
599 3946 822 4017 Augusti
851 3945 975 3999 anni
1008 3942 1134 4011 440,
1164 3942 1339 3996 diﬁcrl
1369 3940 1488 4010 (d);
1518 3940 1686 3994 fultus
1717 3953 1944 4007 prmserv

371 4041 466 4095 tim
505 4038 685 4094 verbis
725 4036 1000 4105 Prosperi,
1031 4034 1120 4103 qtti
1150 4047 1217 4088 eo
1245 4031 1497 4087 defuncto
1527 4030 1870 4101 quadraginta
1900 4037 1947 4082 et

365 4128 589 4199 amplius
618 4126 793 4180 diebus
822 4131 1191 4191 exspectatum
1226 4121 1408 4187 tradit,
1434 4127 1492 4174 ut
1518 4119 1568 4173 in
1602 4120 1744 4173 illius
1769 4120 1945 4173 locum

369 4217 729 4272 sufﬁceretur.
764 4213 937 4282 Major
973 4221 1151 4266 tamen
1182 4219 1327 4264 esset
1364 4224 1485 4264 cum
1518 4209 1785 4278 prretlictis
1812 4208 1950 4262 Prn-

367 4306 515 4377 speri
542 4306 724 4362 verbis
749 4303 1057 4371 consensio,
1087 4303 1133 4357 si
1162 4301 1390 4373 Xystum
1419 4300 1564 4356 circa
1594 4299 1719 4355 Julii
1744 4301 1949 4355 exitum

366 4398 573 4455 abiisse
598 4404 909 4469 poneretur.
940 4414 961 4449 ι
996 4394 1123 4450 Haec
1152 4394 1261 4449 ille.

437 4489 494 4545 2.
545 4490 919 4546 Pontiﬁcatum
971 4488 1091 4543 iniit
1129 4501 1373 4542 summus
1412 4484 1660 4550 antistes,
1701 4484 1775 4539 ait
1817 4483 1950 4538 Pro-

369 4599 495 4652 sper
534 4581 634 4654 (e),
684 4583 841 4636 totius
885 4579 1038 4636 Urbis
1077 4596 1199 4648 pace
1241 4588 1287 4633 et
1330 4579 1658 4633 consensione
1701 4577 1949 4631 mirabili.

367 4677 537 4745 Cujus
589 4675 805 4745 quidem
860 4674 937 4731 rei
994 4683 1186 4729 testem
1240 4671 1603 4742 locupletem,
1663 4673 1951 4741 ipsummet

369 4769 598 4840 Xystum
639 4766 918 4821 habemus.
953 4765 1210 4820 Scribens
1240 4766 1382 4818 enim
1424 4763 1491 4818 ad
1526 4762 1788 4832 Cyrillum
1821 4761 1950 4818 Ale-

2047 3579 2296 3632 connectit
2325 3579 2490 3649 gratia
2521 3579 2792 3647 spiritalis.

2118 3668 2167 3723 5.
2213 3671 2456 3740 Magnam
2504 3672 2587 3725 sui
2631 3669 2864 3725 acminis
2903 3669 3267 3724 celebritatem
3310 3677 3637 3724 consecutus

2048 3770 2131 3817 est
2159 3760 2380 3831 Xystus,
2414 3776 2535 3815 cum
2575 3763 2749 3815 adhuc
2780 3761 3082 3831 presbyteri
3122 3775 3345 3814 munere
3378 3760 3633 3828 fungere-

2050 3860 2159 3907 tur.
2203 3852 2416 3908 Primus
2460 3853 2600 3908 enim
2649 3853 2906 3908 adversus
2942 3840 3254 3922 Pelagianos
3292 3866 3475 3907 coram
3516 3850 3628 3906 fre-

2049 3944 2401 4013 quentissimo
2452 3945 2653 4014 populo
2694 3947 2978 3999 anathema
3026 3942 3407 4013 pronuntiavit,
3452 3951 3510 3995 ut
3557 3944 3640 3997 ait

2050 4035 2378 4106 Anglistinus
2421 4036 2487 4090 ad
2532 4036 2704 4105 ipsum
2747 4036 3116 4106 presbyterum
3162 4035 3385 4104 Xyslum
3432 4034 3639 4088 rescﬁ-

2052 4126 2182 4180 bens
2207 4125 2287 4196 (Ιι)
2316 4144 2330 4180 :
2361 4125 2451 4196 qui
2482 4138 2533 4180 et
2561 4126 2689 4180 alibi
2725 4133 2951 4182 testatur
2980 4125 3069 4197 (ἱ),
3100 4125 3215 4194 ejus
3247 4124 3474 4188 litteras,
3506 4123 3638 4179 bre~

2049 4218 2227 4273 viores
2260 4219 2407 4287 licet,
2444 4219 2545 4273 hac
2576 4219 2644 4273 de
2685 4234 2744 4273 re
2785 4218 2852 4271 ad
2894 4218 3264 4273 beatissimum
3299 4230 3487 4272 senem
3518 4216 3640 4271 Au-

2050 4309 2242 4363 relium
2290 4325 2384 4378 per
2430 4309 2663 4364 Leonem
2709 4309 3018 4377 acolythum
3067 4308 3283 4373 missas,
3336 4306 3637 4362 essultanti

2051 4399 2331 4454 alacritate
2372 4400 2440 4454 ab
2480 4414 2542 4456 se
2587 4399 2756 4454 luisse
2798 4399 3117 4468 descriptas,
3161 4410 3212 4454 et
3255 4399 3371 4453 aliis
3410 4399 3643 4467 quibus-

2053 4505 2278 4560 cumque
2306 4499 2516 4560 poterat
2545 4506 2737 4559 magno
2764 4491 2943 4546 studio
2984 4492 3266 4559 perlectas.
3290 4489 3442 4556 Quid
3470 4491 3656 4560 enim,

2052 4582 2251 4644 subdit,
2275 4582 2472 4655 gratius
2492 4584 2591 4653 legi
2620 4583 2694 4636 vel
2719 4581 2893 4636 audiri
2920 4589 3102 4651 potest,
3129 4596 3286 4650 quam
3314 4580 3495 4650 gratio:
3539 4581 3648 4635 Dei

2054 4685 2157 4731 tam
2193 4693 2325 4747 pura
2364 4675 2594 4746 defensio
2631 4675 2872 4728 adversus
2903 4673 3137 4727 inimicos
3163 4672 3274 4744 ejus
3310 4687 3375 4725 ea:
3408 4687 3496 4725 ore
3522 4673 3648 4741 ejus

2051 4768 2140 4836 qui
2184 4767 2477 4821 earumdem
2523 4766 2844 4818 inimicorum
2888 4765 3060 4835 magni
3100 4763 3343 4816 momenti
3383 4772 3651 4831 patronus

367 4859 688 4916 sandrinum
721 4858 800 4928 (ι’)
840 4876 852 4908 :
895 4856 1051 4921 Quali
1079 4867 1244 4911 autem
1274 4858 1501 4909 onmium
1531 4854 1826 4921 concordia,
1860 4855 1945 4909 in-
1976 4855 2027 4916 D
2052 4872 2171 4915 ante
2199 4859 2532 4933 jactabatur?
2579 4856 2782 4911 Deinde
2816 4855 3051 4924 acceptis
3086 4855 3245 4924 paulo
3284 4862 3403 4923 post
3433 4851 3504 4907 de
3535 4852 3651 4910 hoc

368 4955 501 5021 quit,
536 4971 628 5027 per
654 4953 840 5006 divina:
870 4951 1215 5006 Providentia
1242 4950 1695 5022 dispensationem,
1718 4949 1827 5004 hcec
1856 4966 1951 5003 no-

362 5058 476 5103 stra
513 5047 652 5119 facta
689 5045 847 5117 fuerit
894 5045 1175 5114 ordinatio,
1215 5044 1300 5098 ubi
1337 5044 1580 5098 sanctitas
1618 5051 1784 5097 uestra
1814 5042 1949 5096 didi—

363 5141 491 5197 cerit
521 5149 630 5193 tum
659 5155 722 5193 ea:
752 5138 940 5192 nostris
971 5136 1175 5202 litteris,
1204 5145 1311 5189 tum
1334 5151 1396 5190 ex
1423 5134 1669 5188 relatione
1698 5135 1945 5205 fratrum,

363 5234 573 5288 omnino
610 5234 829 5304 gratiam
862 5230 1102 5303 prmbenti
1140 5228 1360 5283 Domino
1400 5244 1494 5299 pro
1537 5228 1681 5283 nobis
1709 5228 1949 5282 habitura

406 5429 514 5519 .lla)
552 5429 743 5499 Prosp.
760 5427 959 5484 Chron.
984 5426 1142 5482 inter.
1168 5440 1293 5496 opp.
1318 5424 1449 5481 edit.
1472 5439 1599 5480 nov.
1626 5436 1782 5493 pagg.
1806 5423 1934 5489 452,

367 5500 768 5690 ἓξώυξιιὲἓιᾴ
816 5566 1135 5690 ἑέπῖιὲὶξιῐ,
1162 5562 1502 5690 ξθῖςέ.οη260,
1532 5562 1661 5621 265.
1707 5571 1762 5619 et
1805 5569 1935 5618 tom.

371 5632 632 5720 XY,:p:lt‘g.
661 5638 785 5720 ‘889‘,
816 5646 928 5720 n‘ot'.
951 5639 1008 5720 ᾖ,
1035 5654 1124 5720 s_nr
1156 5635 1216 5691 S.
1246 5632 1444 5720 ξέοξξι-
1653 5703 1723 5720 m

462 5703 528 5775 c)'
549 5703 795 5762 Cotttant.
827 5707 1020 5775 Epistt.
1053 5708 1209 5759 lloin.
1246 5704 1458 5759 PontitT.
1490 5717 1609 5774 pag.
1648 5703 1807 5757 ΕΠ.

433 5709 514 5850 id)
555 5777 702 5848 Pagi.
738 5776 804 5832 ad
836 5790 962 5832 ann.
995 5776 1120 5845 452,
1150 5774 1179 5848 ς
1211 5776 1263 5844 6,
1295 5785 1347 5832 et
1376 5776 1442 5831 ad
1473 5790 1600 5830 ann.
1636 5772 1761 5843 ιω,
1791 5770 1819 5845 ς
1846 5776 1900 5829 2.

2058 4954 2174 5023 ipso
2204 4961 2519 5020 argumento
2547 4948 2787 5019 ejusdem
2818 4948 2972 5020 Xysti
3000 4947 3297 5019 presbyteri
3329 4947 3647 5017 prolixiori-

2055 5043 2156 5098 bus
2172 5043 2366 5098 litteris
2392 5040 2512 5097 ﬁdei
2540 5055 2653 5096 suae
2677 5039 2988 5094 sinceritate
3016 5037 3209 5107 plenis,
3231 5052 3417 5106 magna
3451 5038 3651 5106 perfu-

2055 5150 2148 5189 sus
2172 5144 2253 5189 est
2273 5134 2435 5188 animi
2460 5133 2640 5187 Iustitia
2667 5138 2885 5185 sanctus
2913 5129 3146 5185 Doctor:
3180 5130 3270 5198 qui
3300 5129 3483 5183 statim
3510 5129 3653 5187 duo.

2058 5226 2315 5280 tissimam
2343 5224 2408 5279 ad
2441 5222 2613 5293 ipsum
2633 5221 2861 5293 Xystum
2890 5220 3203 5291 perscripsit
3230 5217 3515 5290 epistolam
3536 5217 3648 5293 (j),

2137 5420 2186 5491 ε)
2229 5421 2418 5489 Prosp.
2450 5420 2487 5475 Ι.
2516 5434 2564 5472 c.
2596 5433 2714 5491 pag.
2744 5418 2873 5473 432.

2140 5488 2188 5558 γ’)
2228 5488 2385 5562 _Xys_t.
2413 5492 2571 5562 epist.
2607 5488 2658 5553 1,
2688 5505 2840 5543 nunt.
2870 5490 2923 5555 Ι,
2955 5488 3116 5544 infra.

2138 5566 2187 5626 ᾳ)
2227 5560 2306 5615 Id.
2338 5560 2476 5615 ibid.

2113 5628 2194 5701 (It)
2233 5632 2365 5701 Aug.
2397 5628 2712 5701 epistsiiis,
2747 5643 2894 5701 num.
2928 5629 2979 5701 l,
3005 5643 3133 5701 opp.
3164 5638 3299 5690 tom.
3330 5629 3399 5689 ll.

2113 5698 2181 5769 (ἕ)
2224 5698 2491 5768 ld.epist.
2525 5699 2646 5769 19!,
2680 5715 2827 5754 num.
2864 5699 2916 5766 1,
2946 5698 3078 5755 ibid.

2115 5768 2184 5841 li)
2226 5768 2304 5826 Id.
2336 5769 2496 5841 epist.
2526 5768 2627 5825 194
2651 5770 2744 5826 cit.
3024 5792 3033 5798 .
