  <div class='ocr_page' id='page_1' title='image "/cluster/home/n/w/nwhite01/storage/ocr_20150623/50/hvd.32044096580717/336.png"; bbox 0 0 3916 6178; ppageno 0'>
   <div class='ocr_carea' id='block_1_1' title="bbox 222 336 322 392">
    <p class='ocr_par' dir='ltr' id='par_1_1' title="bbox 222 336 322 392">
     <span class='ocr_line' id='line_1_1' title="bbox 222 336 322 392; baseline -0.05 -1"><span class='ocrx_word' id='word_1_1' title='bbox 222 336 322 392; x_wconf 69' lang='lat'><strong>5&#39;77</strong></span> 
     </span>
    </p>
   </div>
   <div class='ocr_carea' id='block_1_2' title="bbox 1585 313 2115 373">
    <p class='ocr_par' dir='ltr' id='par_1_2' title="bbox 1585 313 2115 373">
     <span class='ocr_line' id='line_1_2' title="bbox 1585 313 2115 373; baseline -0.009 0"><span class='ocrx_word' id='word_1_2' title='bbox 1585 315 1950 373; x_wconf 74' lang='lat' dir='ltr'><strong><em>PROLEGOM</em></strong></span> <span class='ocrx_word' id='word_1_3' title='bbox 1962 313 2115 369; x_wconf 74' lang='lat' dir='ltr'><strong><em>ENA.</em></strong></span> 
     </span>
    </p>
   </div>
   <div class='ocr_carea' id='block_1_3' title="bbox 3387 309 3496 370">
    <p class='ocr_par' dir='ltr' id='par_1_3' title="bbox 3387 309 3496 370">
     <span class='ocr_line' id='line_1_3' title="bbox 3387 309 3496 370; baseline 0.037 -3"><span class='ocrx_word' id='word_1_4' title='bbox 3387 309 3496 370; x_wconf 75' lang='lat'><strong><em>578</em></strong></span> 
     </span>
    </p>
   </div>
   <div class='ocr_carea' id='block_1_4' title="bbox 225 425 3493 512">
    <p class='ocr_par' dir='ltr' id='par_1_4' title="bbox 225 425 3493 512">
     <span class='ocr_line' id='line_1_4' title="bbox 225 425 3493 512; baseline -0.006 -14"><span class='ocrx_word' id='word_1_5' title='bbox 225 447 273 498; x_wconf 89' lang='lat' dir='ltr'><strong><em>in</em></strong></span> <span class='ocrx_word' id='word_1_6' title='bbox 336 461 437 512; x_wconf 83' lang='lat' dir='ltr'><strong><em>qus</em></strong></span> <span class='ocrx_word' id='word_1_7' title='bbox 502 441 778 496; x_wconf 84' lang='lat' dir='ltr'><strong><em>catholicae</em></strong></span> <span class='ocrx_word' id='word_1_8' title='bbox 841 437 1100 492; x_wconf 72' lang='lat' dir='ltr'><strong><em>doctrina:</em></strong></span> <span class='ocrx_word' id='word_1_9' title='bbox 1157 434 1415 488; x_wconf 76' lang='lat' dir='ltr'><strong><em>adversus</em></strong></span> <span class='ocrx_word' id='word_1_10' title='bbox 1483 430 1796 500; x_wconf 81' lang='lat' dir='ltr'><strong><em>Pelagianos</em></strong></span> <span class='ocrx_word' id='word_1_11' title='bbox 1829 439 1876 498; x_wconf 70' lang='grc' dir='ltr'><strong>Α</strong></span> <span class='ocrx_word' id='word_1_12' title='bbox 1903 431 2043 482; x_wconf 87' lang='lat' dir='ltr'><strong><em>sione</em></strong></span> <span class='ocrx_word' id='word_1_13' title='bbox 2082 427 2351 480; x_wconf 74' lang='lat' dir='ltr'><strong><em>notissimi.</em></strong></span> <span class='ocrx_word' id='word_1_14' title='bbox 2394 425 2620 480; x_wconf 81' lang='lat' dir='ltr'><strong><em>Proinde</em></strong></span> <span class='ocrx_word' id='word_1_15' title='bbox 2663 426 2756 480; x_wconf 87' lang='lat' dir='ltr'><strong><em>alii</em></strong></span> <span class='ocrx_word' id='word_1_16' title='bbox 2797 427 3022 481; x_wconf 80' lang='lat' dir='ltr'><strong><em>seuerius</em></strong></span> <span class='ocrx_word' id='word_1_17' title='bbox 3065 425 3351 494; x_wconf 77' lang='lat' dir='ltr'><strong><em>coercendi,</em></strong></span> <span class='ocrx_word' id='word_1_18' title='bbox 3397 427 3493 480; x_wconf 86' lang='lat' dir='ltr'><strong><em>alii</em></strong></span> 
     </span>
    </p>
   </div>
   <div class='ocr_carea' id='block_1_5' title="bbox 226 521 1807 598">
    <p class='ocr_par' dir='ltr' id='par_1_5' title="bbox 226 521 1807 598">
     <span class='ocr_line' id='line_1_5' title="bbox 226 521 1807 598; baseline -0.011 -9"><span class='ocrx_word' id='word_1_19' title='bbox 226 544 446 589; x_wconf 64' lang='lat' dir='ltr'><strong><em>asserta:</em></strong></span> <span class='ocrx_word' id='word_1_20' title='bbox 497 547 706 586; x_wconf 86' lang='lat' dir='ltr'><strong><em>summa</em></strong></span> <span class='ocrx_word' id='word_1_21' title='bbox 760 534 931 598; x_wconf 80' lang='lat' dir='ltr'><strong><em>capita</em></strong></span> <span class='ocrx_word' id='word_1_22' title='bbox 984 526 1248 591; x_wconf 83' lang='lat' dir='ltr'><strong><em>exhibuit,</em></strong></span> <span class='ocrx_word' id='word_1_23' title='bbox 1300 525 1410 576; x_wconf 69' lang='lat' dir='ltr'><strong><em>haec</em></strong></span> <span class='ocrx_word' id='word_1_24' title='bbox 1456 522 1556 574; x_wconf 86' lang='lat' dir='ltr'><strong><em>sub</em></strong></span> <span class='ocrx_word' id='word_1_25' title='bbox 1602 521 1807 573; x_wconf 88' lang='lat' dir='ltr'><strong><em>initium</em></strong></span> 
     </span>
    </p>
   </div>
   <div class='ocr_carea' id='block_1_6' title="bbox 228 615 1812 696">
    <p class='ocr_par' dir='ltr' id='par_1_6' title="bbox 228 615 1812 696">
     <span class='ocr_line' id='line_1_6' title="bbox 228 615 1812 696; baseline -0.012 -16"><span class='ocrx_word' id='word_1_26' title='bbox 228 629 482 696; x_wconf 85' lang='lat' dir='ltr'><strong><em>adjicicus</em></strong></span> <span class='ocrx_word' id='word_1_27' title='bbox 511 623 586 696; x_wconf 66' lang='lat' dir='ltr'><strong><em>ta)</em></strong></span> <span class='ocrx_word' id='word_1_28' title='bbox 622 643 634 677; x_wconf 87' lang='lat'><strong>:</strong></span> <span class='ocrx_word' id='word_1_29' title='bbox 668 623 872 691; x_wconf 76' lang='lat' dir='ltr'><strong><em>Itaque,</em></strong></span> <span class='ocrx_word' id='word_1_30' title='bbox 905 625 1062 690; x_wconf 70' lang='lat' dir='ltr'><strong><em>frater</em></strong></span> <span class='ocrx_word' id='word_1_31' title='bbox 1099 617 1416 680; x_wconf 86' lang='lat' dir='ltr'><strong><em>cltarissimc,</em></strong></span> <span class='ocrx_word' id='word_1_32' title='bbox 1448 615 1674 681; x_wconf 77' lang='lat' dir='ltr'><strong><em>quamvis</em></strong></span> <span class='ocrx_word' id='word_1_33' title='bbox 1713 627 1812 662; x_wconf 86' lang='lat' dir='ltr'><strong><em>non</em></strong></span> 
     </span>
    </p>
   </div>
   <div class='ocr_carea' id='block_1_7' title="bbox 233 701 1813 772">
    <p class='ocr_par' dir='ltr' id='par_1_7' title="bbox 233 701 1813 772">
     <span class='ocr_line' id='line_1_7' title="bbox 233 701 1813 772; baseline -0.012 -2"><span class='ocrx_word' id='word_1_34' title='bbox 233 732 276 772; x_wconf 87' lang='lat' dir='ltr'><strong><em>te</em></strong></span> <span class='ocrx_word' id='word_1_35' title='bbox 301 717 569 770; x_wconf 80' lang='lat' dir='ltr'><strong><em>videamus</em></strong></span> <span class='ocrx_word' id='word_1_36' title='bbox 600 713 761 767; x_wconf 75' lang='lat' dir='ltr'><strong><em>oculis</em></strong></span> <span class='ocrx_word' id='word_1_37' title='bbox 791 713 981 772; x_wconf 81' lang='lat' dir='ltr'><strong><em>carnis,</em></strong></span> <span class='ocrx_word' id='word_1_38' title='bbox 1004 709 1178 761; x_wconf 86' lang='lat' dir='ltr'><strong><em>animo</em></strong></span> <span class='ocrx_word' id='word_1_39' title='bbox 1199 716 1365 759; x_wconf 87' lang='lat' dir='ltr'><strong><em>tamen</em></strong></span> <span class='ocrx_word' id='word_1_40' title='bbox 1400 707 1452 757; x_wconf 89' lang='lat' dir='ltr'><strong><em>in</em></strong></span> <span class='ocrx_word' id='word_1_41' title='bbox 1479 704 1580 772; x_wconf 83' lang='lat' dir='ltr'><strong><em>ﬁde</em></strong></span> <span class='ocrx_word' id='word_1_42' title='bbox 1603 701 1813 766; x_wconf 76' lang='lat' dir='ltr'><strong><em>Christi,</em></strong></span> 
     </span>
    </p>
   </div>
   <div class='ocr_carea' id='block_1_8' title="bbox 232 793 1814 880">
    <p class='ocr_par' dir='ltr' id='par_1_8' title="bbox 232 793 1814 880">
     <span class='ocr_line' id='line_1_8' title="bbox 232 793 1814 880; baseline -0.011 -17"><span class='ocrx_word' id='word_1_43' title='bbox 232 811 282 863; x_wconf 90' lang='lat' dir='ltr'><strong><em>in</em></strong></span> <span class='ocrx_word' id='word_1_44' title='bbox 311 807 477 880; x_wconf 85' lang='lat' dir='ltr'><strong><em>gratia</em></strong></span> <span class='ocrx_word' id='word_1_45' title='bbox 510 804 723 868; x_wconf 75' lang='lat' dir='ltr'><strong><em>Christi,</em></strong></span> <span class='ocrx_word' id='word_1_46' title='bbox 757 805 809 856; x_wconf 91' lang='lat' dir='ltr'><strong><em>in</em></strong></span> <span class='ocrx_word' id='word_1_47' title='bbox 842 801 1077 855; x_wconf 77' lang='lat' dir='ltr'><strong><em>membris</em></strong></span> <span class='ocrx_word' id='word_1_48' title='bbox 1115 797 1306 852; x_wconf 82' lang='lat' dir='ltr'><strong><em>Christi</em></strong></span> <span class='ocrx_word' id='word_1_49' title='bbox 1341 806 1588 858; x_wconf 88' lang='lat' dir='ltr'><strong><em>tenemus,</em></strong></span> <span class='ocrx_word' id='word_1_50' title='bbox 1617 793 1814 862; x_wconf 88' lang='lat' dir='ltr'><strong><em>ample-</em></strong></span> 
     </span>
    </p>
   </div>
   <div class='ocr_carea' id='block_1_9' title="bbox 235 897 1021 963">
    <p class='ocr_par' dir='ltr' id='par_1_9' title="bbox 235 897 1021 963">
     <span class='ocr_line' id='line_1_9' title="bbox 235 897 1021 963; baseline -0.01 -8"><span class='ocrx_word' id='word_1_51' title='bbox 235 904 439 963; x_wconf 83' lang='lat' dir='ltr'><strong><em>ctimur,</em></strong></span> <span class='ocrx_word' id='word_1_52' title='bbox 473 901 784 952; x_wconf 89' lang='lat' dir='ltr'><strong><em>osculamur.</em></strong></span> <span class='ocrx_word' id='word_1_53' title='bbox 1011 897 1021 902; x_wconf 90' lang='grc'><strong>’</strong></span> 
     </span>
    </p>
   </div>
   <div class='ocr_carea' id='block_1_10' title="bbox 305 979 1818 1059">
    <p class='ocr_par' dir='ltr' id='par_1_10' title="bbox 305 979 1818 1059">
     <span class='ocr_line' id='line_1_10' title="bbox 305 979 1818 1059; baseline -0.012 -13"><span class='ocrx_word' id='word_1_54' title='bbox 305 991 356 1046; x_wconf 73' lang='grc'><strong><em>4.</em></strong></span> <span class='ocrx_word' id='word_1_55' title='bbox 405 992 640 1059; x_wconf 76' lang='lat' dir='ltr'><strong><em>Hujusce</em></strong></span> <span class='ocrx_word' id='word_1_56' title='bbox 695 985 1099 1058; x_wconf 73' lang='lat' dir='ltr'><strong><em>Augustiniante</em></strong></span> <span class='ocrx_word' id='word_1_57' title='bbox 1167 982 1406 1051; x_wconf 73' lang='lat' dir='ltr'><strong><em>epistulae</em></strong></span> <span class='ocrx_word' id='word_1_58' title='bbox 1465 979 1818 1048; x_wconf 73' lang='lat' dir='ltr'><strong><em>fragmentum</em></strong></span> 
     </span>
    </p>
   </div>
   <div class='ocr_carea' id='block_1_11' title="bbox 240 1069 1820 1152">
    <p class='ocr_par' dir='ltr' id='par_1_11' title="bbox 240 1069 1820 1152">
     <span class='ocr_line' id='line_1_11' title="bbox 240 1069 1820 1152; baseline -0.013 -11"><span class='ocrx_word' id='word_1_59' title='bbox 240 1085 432 1141; x_wconf 87' lang='lat' dir='ltr'><strong><em>recitat</em></strong></span> <span class='ocrx_word' id='word_1_60' title='bbox 487 1083 746 1152; x_wconf 83' lang='lat' dir='ltr'><strong><em>Prosper;</em></strong></span> <span class='ocrx_word' id='word_1_61' title='bbox 795 1080 882 1148; x_wconf 87' lang='lat' dir='ltr'><strong><em>qui</em></strong></span> <span class='ocrx_word' id='word_1_62' title='bbox 926 1075 1247 1148; x_wconf 80' lang='lat' dir='ltr'><strong><em>pastoralem</em></strong></span> <span class='ocrx_word' id='word_1_63' title='bbox 1298 1073 1447 1142; x_wconf 77' lang='lat' dir='ltr'><strong><em>Xysti</em></strong></span> <span class='ocrx_word' id='word_1_64' title='bbox 1494 1069 1820 1140; x_wconf 81' lang='lat' dir='ltr'><strong><em>vigilantiam</em></strong></span> 
     </span>
    </p>
   </div>
   <div class='ocr_carea' id='block_1_12' title="bbox 241 1161 1821 1240">
    <p class='ocr_par' dir='ltr' id='par_1_12' title="bbox 241 1161 1821 1240">
     <span class='ocr_line' id='line_1_12' title="bbox 241 1161 1821 1240; baseline -0.011 -10"><span class='ocrx_word' id='word_1_65' title='bbox 241 1177 487 1240; x_wconf 78' lang='lat' dir='ltr'><strong><em>laudans,</em></strong></span> <span class='ocrx_word' id='word_1_66' title='bbox 518 1174 617 1227; x_wconf 83' lang='lat' dir='ltr'><strong><em>is&#39;.a</em></strong></span> <span class='ocrx_word' id='word_1_67' title='bbox 661 1171 934 1240; x_wconf 60' lang='lat' dir='ltr'><strong><em>praemittit</em></strong></span> <span class='ocrx_word' id='word_1_68' title='bbox 963 1169 1038 1238; x_wconf 87' lang='lat' dir='ltr'><strong><em>(b)</em></strong></span> <span class='ocrx_word' id='word_1_69' title='bbox 1068 1185 1080 1222; x_wconf 92' lang='lat'>:</span> <span class='ocrx_word' id='word_1_70' title='bbox 1117 1166 1434 1234; x_wconf 83' lang='lat' dir='ltr'><strong><em>Conﬁdimus</em></strong></span> <span class='ocrx_word' id='word_1_71' title='bbox 1467 1161 1672 1216; x_wconf 82' lang='lat' dir='ltr'><strong><em>Domini</em></strong></span> <span class='ocrx_word' id='word_1_72' title='bbox 1700 1175 1821 1231; x_wconf 86' lang='lat' dir='ltr'><strong><em>pro—</em></strong></span> 
     </span>
    </p>
   </div>
   <div class='ocr_carea' id='block_1_13' title="bbox 242 1252 1829 1334">
    <p class='ocr_par' dir='ltr' id='par_1_13' title="bbox 242 1252 1829 1334">
     <span class='ocr_line' id='line_1_13' title="bbox 242 1252 1829 1334; baseline -0.011 -14"><span class='ocrx_word' id='word_1_73' title='bbox 242 1267 456 1321; x_wconf 88' lang='lat' dir='ltr'><strong><em>tectione</em></strong></span> <span class='ocrx_word' id='word_1_74' title='bbox 486 1264 854 1334; x_wconf 60' lang='lat' dir='ltr'><strong><em>pra’standum,</em></strong></span> <span class='ocrx_word' id='word_1_75' title='bbox 881 1271 934 1314; x_wconf 88' lang='lat' dir='ltr'><strong><em>ut</em></strong></span> <span class='ocrx_word' id='word_1_76' title='bbox 964 1264 1102 1330; x_wconf 87' lang='lat' dir='ltr'><strong><em>qucd</em></strong></span> <span class='ocrx_word' id='word_1_77' title='bbox 1131 1265 1367 1328; x_wconf 83' lang='lat' dir='ltr'><strong><em>cperatns</em></strong></span> <span class='ocrx_word' id='word_1_78' title='bbox 1389 1264 1462 1308; x_wconf 90' lang='lat' dir='ltr'><strong><em>est</em></strong></span> <span class='ocrx_word' id='word_1_79' title='bbox 1491 1255 1543 1306; x_wconf 90' lang='lat' dir='ltr'><strong><em>in</em></strong></span> <span class='ocrx_word' id='word_1_80' title='bbox 1578 1252 1829 1306; x_wconf 83' lang='lat' dir='ltr'><strong><em>Innocen-</em></strong></span> 
     </span>
    </p>
   </div>
   <div class='ocr_carea' id='block_1_14' title="bbox 244 1343 1829 1425">
    <p class='ocr_par' dir='ltr' id='par_1_14' title="bbox 244 1343 1829 1425">
     <span class='ocr_line' id='line_1_14' title="bbox 244 1343 1829 1425; baseline -0.01 -15"><span class='ocrx_word' id='word_1_81' title='bbox 244 1359 333 1425; x_wconf 88' lang='lat' dir='ltr'><strong><em>tio,</em></strong></span> <span class='ocrx_word' id='word_1_82' title='bbox 363 1355 593 1416; x_wconf 84' lang='lat' dir='ltr'><strong><em>Zusimo,</em></strong></span> <span class='ocrx_word' id='word_1_83' title='bbox 628 1352 922 1422; x_wconf 77' lang='lat' dir='ltr'><strong><em>Bonifacio,</em></strong></span> <span class='ocrx_word' id='word_1_84' title='bbox 953 1349 1246 1413; x_wconf 74' lang='lat' dir='ltr'><strong><em>leestino,</em></strong></span> <span class='ocrx_word' id='word_1_85' title='bbox 1283 1357 1518 1418; x_wconf 86' lang='lat' dir='ltr'><strong><em>aperetur</em></strong></span> <span class='ocrx_word' id='word_1_86' title='bbox 1545 1346 1596 1397; x_wconf 91' lang='lat' dir='ltr'><strong><em>in</em></strong></span> <span class='ocrx_word' id='word_1_87' title='bbox 1631 1343 1829 1413; x_wconf 80' lang='lat' dir='ltr'><strong><em>Xysto;</em></strong></span> 
     </span>
    </p>
   </div>
   <div class='ocr_carea' id='block_1_15' title="bbox 245 1435 1830 1513">
    <p class='ocr_par' dir='ltr' id='par_1_15' title="bbox 245 1435 1830 1513">
     <span class='ocr_line' id='line_1_15' title="bbox 245 1435 1830 1513; baseline -0.009 -11"><span class='ocrx_word' id='word_1_88' title='bbox 245 1459 290 1504; x_wconf 82' lang='lat' dir='ltr'><strong><em>et</em></strong></span> <span class='ocrx_word' id='word_1_89' title='bbox 316 1450 367 1501; x_wconf 88' lang='lat' dir='ltr'><strong><em>in</em></strong></span> <span class='ocrx_word' id='word_1_90' title='bbox 397 1447 632 1500; x_wconf 88' lang='lat' dir='ltr'><strong><em>custodia</em></strong></span> <span class='ocrx_word' id='word_1_91' title='bbox 665 1445 921 1497; x_wconf 87' lang='lat' dir='ltr'><strong><em>Dominici</em></strong></span> <span class='ocrx_word' id='word_1_92' title='bbox 943 1443 1109 1513; x_wconf 81' lang='lat' dir='ltr'><strong><em>gregis</em></strong></span> <span class='ocrx_word' id='word_1_93' title='bbox 1142 1442 1248 1494; x_wconf 76' lang='lat' dir='ltr'><strong><em>Ita&#39;c</em></strong></span> <span class='ocrx_word' id='word_1_94' title='bbox 1270 1441 1337 1493; x_wconf 87' lang='lat' dir='ltr'><strong><em>sit</em></strong></span> <span class='ocrx_word' id='word_1_95' title='bbox 1366 1455 1484 1506; x_wconf 86' lang='lat' dir='ltr'><strong><em>pars</em></strong></span> <span class='ocrx_word' id='word_1_96' title='bbox 1513 1438 1691 1507; x_wconf 76' lang='lat' dir='ltr'><strong><em>gloria:</em></strong></span> <span class='ocrx_word' id='word_1_97' title='bbox 1711 1435 1830 1488; x_wconf 84' lang='lat' dir='ltr'><strong><em>huic</em></strong></span> 
     </span>
    </p>
   </div>
   <div class='ocr_carea' id='block_1_16' title="bbox 245 1527 1830 1606">
    <p class='ocr_par' dir='ltr' id='par_1_16' title="bbox 245 1527 1830 1606">
     <span class='ocr_line' id='line_1_16' title="bbox 245 1527 1830 1606; baseline -0.009 -16"><span class='ocrx_word' id='word_1_98' title='bbox 245 1545 503 1592; x_wconf 70' lang='lat' dir='ltr'><strong><em>reservata</em></strong></span> <span class='ocrx_word' id='word_1_99' title='bbox 531 1535 745 1606; x_wconf 92' lang='lat' dir='ltr'><strong><em>pastori,</em></strong></span> <span class='ocrx_word' id='word_1_100' title='bbox 774 1545 832 1586; x_wconf 87' lang='lat' dir='ltr'><strong><em>ut</em></strong></span> <span class='ocrx_word' id='word_1_101' title='bbox 855 1533 983 1586; x_wconf 87' lang='lat' dir='ltr'><strong><em>sicut</em></strong></span> <span class='ocrx_word' id='word_1_102' title='bbox 1004 1533 1084 1583; x_wconf 83' lang='lat' dir='ltr'><strong><em>illi</em></strong></span> <span class='ocrx_word' id='word_1_103' title='bbox 1102 1532 1254 1598; x_wconf 84' lang='lat' dir='ltr'><strong><em>lupos</em></strong></span> <span class='ocrx_word' id='word_1_104' title='bbox 1281 1531 1490 1598; x_wconf 88' lang='lat' dir='ltr'><strong><em>abegere</em></strong></span> <span class='ocrx_word' id='word_1_105' title='bbox 1513 1527 1830 1592; x_wconf 79' lang='lat' dir='ltr'><strong><em>manifestos,</em></strong></span> 
     </span>
    </p>
   </div>
   <div class='ocr_carea' id='block_1_17' title="bbox 246 1615 1834 1698">
    <p class='ocr_par' dir='ltr' id='par_1_17' title="bbox 246 1615 1834 1698">
     <span class='ocr_line' id='line_1_17' title="bbox 246 1615 1834 1698; baseline -0.009 -16"><span class='ocrx_word' id='word_1_106' title='bbox 246 1631 319 1683; x_wconf 89' lang='lat' dir='ltr'><strong><em>ita</em></strong></span> <span class='ocrx_word' id='word_1_107' title='bbox 360 1630 444 1681; x_wconf 80' lang='lat' dir='ltr'><strong><em>hic</em></strong></span> <span class='ocrx_word' id='word_1_108' title='bbox 483 1627 704 1698; x_wconf 72' lang='lat' dir='ltr'><strong><em>depellat</em></strong></span> <span class='ocrx_word' id='word_1_109' title='bbox 742 1625 965 1679; x_wconf 87' lang='lat' dir='ltr'><strong><em>occultos</em></strong></span> <span class='ocrx_word' id='word_1_110' title='bbox 994 1639 1013 1676; x_wconf 90' lang='lat'><strong><em>:</em></strong></span> <span class='ocrx_word' id='word_1_111' title='bbox 1043 1622 1132 1676; x_wconf 87' lang='lat' dir='ltr'><strong><em>illo</em></strong></span> <span class='ocrx_word' id='word_1_112' title='bbox 1170 1622 1375 1674; x_wconf 85' lang='lat' dir='ltr'><strong><em>auribus</em></strong></span> <span class='ocrx_word' id='word_1_113' title='bbox 1414 1620 1517 1672; x_wconf 85' lang='lat' dir='ltr'><strong><em>suis</em></strong></span> <span class='ocrx_word' id='word_1_114' title='bbox 1551 1615 1834 1670; x_wconf 87' lang='lat' dir='ltr'><strong><em>doctissimi</em></strong></span> 
     </span>
    </p>
   </div>
   <div class='ocr_carea' id='block_1_18' title="bbox 249 1708 1832 1788">
    <p class='ocr_par' dir='ltr' id='par_1_18' title="bbox 249 1708 1832 1788">
     <span class='ocr_line' id='line_1_18' title="bbox 249 1708 1832 1788; baseline -0.009 -15"><span class='ocrx_word' id='word_1_115' title='bbox 249 1720 384 1773; x_wconf 87' lang='lat' dir='ltr'><strong><em>senis</em></strong></span> <span class='ocrx_word' id='word_1_116' title='bbox 430 1717 762 1788; x_wconf 74' lang='lat' dir='ltr'><strong><em>(Augustini)</em></strong></span> <span class='ocrx_word' id='word_1_117' title='bbox 804 1716 1065 1768; x_wconf 75' lang='lat' dir='ltr'><strong><em>intonante</em></strong></span> <span class='ocrx_word' id='word_1_118' title='bbox 1094 1728 1345 1776; x_wconf 85' lang='lat' dir='ltr'><strong><em>sermone,</em></strong></span> <span class='ocrx_word' id='word_1_119' title='bbox 1379 1726 1478 1779; x_wconf 88' lang='lat' dir='ltr'><strong><em>quo</em></strong></span> <span class='ocrx_word' id='word_1_120' title='bbox 1510 1708 1832 1762; x_wconf 82' lang='lat' dir='ltr'><strong><em>col/aberan-</em></strong></span> 
     </span>
    </p>
   </div>
   <div class='ocr_carea' id='block_1_19' title="bbox 252 1800 1320 1870">
    <p class='ocr_par' dir='ltr' id='par_1_19' title="bbox 252 1800 1320 1870">
     <span class='ocr_line' id='line_1_19' title="bbox 252 1800 1320 1870; baseline -0.009 -8"><span class='ocrx_word' id='word_1_121' title='bbox 252 1820 349 1862; x_wconf 87' lang='lat' dir='ltr'><strong><em>tem</em></strong></span> <span class='ocrx_word' id='word_1_122' title='bbox 387 1824 562 1860; x_wconf 84' lang='lat' dir='ltr'><strong><em>secum</em></strong></span> <span class='ocrx_word' id='word_1_123' title='bbox 592 1807 824 1859; x_wconf 75' lang='lat' dir='ltr'><strong><em>hortatus</em></strong></span> <span class='ocrx_word' id='word_1_124' title='bbox 864 1813 965 1868; x_wconf 90' lang='lat' dir='ltr'><strong><em>est,</em></strong></span> <span class='ocrx_word' id='word_1_125' title='bbox 998 1803 1169 1855; x_wconf 83' lang='lat' dir='ltr'><strong><em>dicens</em></strong></span> <span class='ocrx_word' id='word_1_126' title='bbox 1201 1800 1274 1870; x_wconf 79' lang='grc' dir='ltr'><strong><em>(ε)</em></strong></span> <span class='ocrx_word' id='word_1_127' title='bbox 1307 1818 1320 1852; x_wconf 88' lang='lat'><strong>:</strong></span> 
     </span>
    </p>
   </div>
   <div class='ocr_carea' id='block_1_20' title="bbox 251 1888 1836 1970">
    <p class='ocr_par' dir='ltr' id='par_1_20' title="bbox 251 1888 1836 1970">
     <span class='ocr_line' id='line_1_20' title="bbox 251 1888 1836 1970; baseline -0.009 -17"><span class='ocrx_word' id='word_1_128' title='bbox 251 1902 368 1952; x_wconf 82' lang='lat' dir='ltr'><strong><em>dam</em></strong></span> <span class='ocrx_word' id='word_1_129' title='bbox 399 1900 488 1969; x_wconf 86' lang='lat' dir='ltr'><strong><em>qui</em></strong></span> <span class='ocrx_word' id='word_1_130' title='bbox 507 1898 797 1970; x_wconf 73' lang='lat' dir='ltr'><strong><em>justissima</em></strong></span> <span class='ocrx_word' id='word_1_131' title='bbox 822 1897 1088 1948; x_wconf 88' lang='lat' dir='ltr'><strong><em>damnatas</em></strong></span> <span class='ocrx_word' id='word_1_132' title='bbox 1116 1893 1398 1959; x_wconf 84' lang='lat' dir='ltr'><strong><em>impietates</em></strong></span> <span class='ocrx_word' id='word_1_133' title='bbox 1431 1890 1598 1942; x_wconf 83' lang='lat' dir='ltr'><strong><em>adhuc</em></strong></span> <span class='ocrx_word' id='word_1_134' title='bbox 1629 1888 1836 1940; x_wconf 82' lang='lat' dir='ltr'><strong><em>liberius</em></strong></span> 
     </span>
    </p>
   </div>
   <div class='ocr_carea' id='block_1_21' title="bbox 254 1981 1838 2062">
    <p class='ocr_par' dir='ltr' id='par_1_21' title="bbox 254 1981 1838 2062">
     <span class='ocr_line' id='line_1_21' title="bbox 254 1981 1838 2062; baseline -0.009 -19"><span class='ocrx_word' id='word_1_135' title='bbox 254 1991 605 2062; x_wconf 78' lang='lat' dir='ltr'><strong><em>defendendas</em></strong></span> <span class='ocrx_word' id='word_1_136' title='bbox 647 1997 832 2060; x_wconf 86' lang='lat' dir='ltr'><strong><em>putant</em></strong></span> <span class='ocrx_word' id='word_1_137' title='bbox 871 2003 890 2041; x_wconf 90' lang='lat'><strong><em>:</em></strong></span> <span class='ocrx_word' id='word_1_138' title='bbox 931 1996 977 2040; x_wconf 90' lang='lat' dir='ltr'><strong><em>et</em></strong></span> <span class='ocrx_word' id='word_1_139' title='bbox 1015 1993 1134 2038; x_wconf 89' lang='lat' dir='ltr'><strong><em>sunt</em></strong></span> <span class='ocrx_word' id='word_1_140' title='bbox 1167 1984 1252 2052; x_wconf 88' lang='lat' dir='ltr'><strong><em>qui</em></strong></span> <span class='ocrx_word' id='word_1_141' title='bbox 1290 1981 1537 2036; x_wconf 82' lang='lat' dir='ltr'><strong><em>occultius</em></strong></span> <span class='ocrx_word' id='word_1_142' title='bbox 1575 1983 1838 2045; x_wconf 79' lang='lat' dir='ltr'><strong><em>penetrant</em></strong></span> 
     </span>
    </p>
   </div>
   <div class='ocr_carea' id='block_1_22' title="bbox 255 2070 1838 2149">
    <p class='ocr_par' dir='ltr' id='par_1_22' title="bbox 255 2070 1838 2149">
     <span class='ocr_line' id='line_1_22' title="bbox 255 2070 1838 2149; baseline -0.009 -15"><span class='ocrx_word' id='word_1_143' title='bbox 255 2082 453 2146; x_wconf 87' lang='lat' dir='ltr'><strong><em>domos,</em></strong></span> <span class='ocrx_word' id='word_1_144' title='bbox 490 2089 537 2134; x_wconf 91' lang='lat' dir='ltr'><strong><em>et</em></strong></span> <span class='ocrx_word' id='word_1_145' title='bbox 567 2079 705 2149; x_wconf 83' lang='lat' dir='ltr'><strong><em>quod</em></strong></span> <span class='ocrx_word' id='word_1_146' title='bbox 735 2080 787 2132; x_wconf 91' lang='lat' dir='ltr'><strong><em>in</em></strong></span> <span class='ocrx_word' id='word_1_147' title='bbox 819 2086 994 2149; x_wconf 89' lang='lat' dir='ltr'><strong><em>aperto</em></strong></span> <span class='ocrx_word' id='word_1_148' title='bbox 1025 2075 1248 2128; x_wconf 87' lang='lat' dir='ltr'><strong><em>clamare</em></strong></span> <span class='ocrx_word' id='word_1_149' title='bbox 1269 2075 1380 2143; x_wconf 84' lang='lat' dir='ltr'><strong><em>jam</em></strong></span> <span class='ocrx_word' id='word_1_150' title='bbox 1407 2081 1658 2132; x_wconf 85' lang='lat' dir='ltr'><strong><em>metuunt,</em></strong></span> <span class='ocrx_word' id='word_1_151' title='bbox 1686 2070 1738 2121; x_wconf 87' lang='lat' dir='ltr'><strong><em>in</em></strong></span> <span class='ocrx_word' id='word_1_152' title='bbox 1761 2083 1838 2121; x_wconf 82' lang='lat' dir='ltr'><strong><em>se-</em></strong></span> 
     </span>
    </p>
   </div>
   <div class='ocr_carea' id='block_1_23' title="bbox 255 2160 1838 2239">
    <p class='ocr_par' dir='ltr' id='par_1_23' title="bbox 255 2160 1838 2239">
     <span class='ocr_line' id='line_1_23' title="bbox 255 2160 1838 2239; baseline -0.008 -14"><span class='ocrx_word' id='word_1_153' title='bbox 255 2181 389 2225; x_wconf 85' lang='lat' dir='ltr'><strong><em>creto</em></strong></span> <span class='ocrx_word' id='word_1_154' title='bbox 416 2173 669 2224; x_wconf 86' lang='lat' dir='ltr'><strong><em>seminare</em></strong></span> <span class='ocrx_word' id='word_1_155' title='bbox 696 2186 799 2222; x_wconf 88' lang='lat' dir='ltr'><strong><em>non</em></strong></span> <span class='ocrx_word' id='word_1_156' title='bbox 826 2169 1113 2239; x_wconf 87' lang='lat' dir='ltr'><strong><em>quiescunt.</em></strong></span> <span class='ocrx_word' id='word_1_157' title='bbox 1151 2164 1286 2220; x_wconf 85' lang='lat' dir='ltr'><strong><em>Sunt</em></strong></span> <span class='ocrx_word' id='word_1_158' title='bbox 1323 2171 1491 2216; x_wconf 87' lang='lat' dir='ltr'><strong><em>autem</em></strong></span> <span class='ocrx_word' id='word_1_159' title='bbox 1520 2161 1604 2229; x_wconf 87' lang='lat' dir='ltr'><strong><em>qui</em></strong></span> <span class='ocrx_word' id='word_1_160' title='bbox 1635 2160 1838 2214; x_wconf 87' lang='lat' dir='ltr'><strong><em>omnino</em></strong></span> 
     </span>
    </p>
   </div>
   <div class='ocr_carea' id='block_1_24' title="bbox 257 2253 1840 2332">
    <p class='ocr_par' dir='ltr' id='par_1_24' title="bbox 257 2253 1840 2332">
     <span class='ocr_line' id='line_1_24' title="bbox 257 2253 1840 2332; baseline -0.008 -16"><span class='ocrx_word' id='word_1_161' title='bbox 257 2263 531 2326; x_wconf 75' lang='lat' dir='ltr'><strong><em>siluerunt,</em></strong></span> <span class='ocrx_word' id='word_1_162' title='bbox 566 2277 751 2332; x_wconf 88' lang='lat' dir='ltr'><strong><em>magno</em></strong></span> <span class='ocrx_word' id='word_1_163' title='bbox 792 2262 971 2314; x_wconf 87' lang='lat' dir='ltr'><strong><em>timore</em></strong></span> <span class='ocrx_word' id='word_1_164' title='bbox 1013 2257 1322 2327; x_wconf 76' lang='lat' dir='ltr'><strong><em>compressi;</em></strong></span> <span class='ocrx_word' id='word_1_165' title='bbox 1353 2255 1442 2308; x_wconf 87' lang='lat' dir='ltr'><strong><em>sed</em></strong></span> <span class='ocrx_word' id='word_1_166' title='bbox 1482 2254 1649 2306; x_wconf 84' lang='lat' dir='ltr'><strong><em>adhuc</em></strong></span> <span class='ocrx_word' id='word_1_167' title='bbox 1689 2253 1840 2305; x_wconf 89' lang='lat' dir='ltr'><strong><em>corde</em></strong></span> 
     </span>
    </p>
   </div>
   <div class='ocr_carea' id='block_1_25' title="bbox 258 2345 1845 2422">
    <p class='ocr_par' dir='ltr' id='par_1_25' title="bbox 258 2345 1845 2422">
     <span class='ocr_line' id='line_1_25' title="bbox 258 2345 1845 2422; baseline -0.006 -18"><span class='ocrx_word' id='word_1_168' title='bbox 258 2354 527 2406; x_wconf 84' lang='lat' dir='ltr'><strong><em>retinentes</em></strong></span> <span class='ocrx_word' id='word_1_169' title='bbox 563 2352 702 2422; x_wconf 86' lang='lat' dir='ltr'><strong><em>quod</em></strong></span> <span class='ocrx_word' id='word_1_170' title='bbox 739 2367 828 2404; x_wconf 88' lang='lat' dir='ltr'><strong><em>ore</em></strong></span> <span class='ocrx_word' id='word_1_171' title='bbox 865 2354 1092 2422; x_wconf 80' lang='lat' dir='ltr'><strong><em>proferre</em></strong></span> <span class='ocrx_word' id='word_1_172' title='bbox 1134 2365 1233 2402; x_wconf 87' lang='lat' dir='ltr'><strong><em>non</em></strong></span> <span class='ocrx_word' id='word_1_173' title='bbox 1272 2347 1499 2411; x_wconf 86' lang='lat' dir='ltr'><strong><em>audent;</em></strong></span> <span class='ocrx_word' id='word_1_174' title='bbox 1544 2345 1630 2413; x_wconf 88' lang='lat' dir='ltr'><strong><em>qui</em></strong></span> <span class='ocrx_word' id='word_1_175' title='bbox 1676 2354 1845 2396; x_wconf 91' lang='lat' dir='ltr'><strong><em>tamen</em></strong></span> 
     </span>
    </p>
   </div>
   <div class='ocr_carea' id='block_1_26' title="bbox 255 2435 1850 2513">
    <p class='ocr_par' dir='ltr' id='par_1_26' title="bbox 255 2435 1850 2513">
     <span class='ocr_line' id='line_1_26' title="bbox 255 2435 1850 2513; baseline -0.004 -17"><span class='ocrx_word' id='word_1_176' title='bbox 255 2459 366 2497; x_wconf 72' lang='lat' dir='ltr'><strong><em>esse</em></strong></span> <span class='ocrx_word' id='word_1_177' title='bbox 395 2444 642 2513; x_wconf 75' lang='lat' dir='ltr'><strong><em>fratribus</em></strong></span> <span class='ocrx_word' id='word_1_178' title='bbox 671 2441 883 2513; x_wconf 85' lang='lat' dir='ltr'><strong><em>possunt</em></strong></span> <span class='ocrx_word' id='word_1_179' title='bbox 912 2458 974 2496; x_wconf 79' lang='lat' dir='ltr'><strong><em>ea:</em></strong></span> <span class='ocrx_word' id='word_1_180' title='bbox 1003 2441 1174 2512; x_wconf 84' lang='lat' dir='ltr'><strong><em>priore</em></strong></span> <span class='ocrx_word' id='word_1_181' title='bbox 1200 2441 1363 2512; x_wconf 81' lang='lat' dir='ltr'><strong><em>ipsius</em></strong></span> <span class='ocrx_word' id='word_1_182' title='bbox 1392 2439 1645 2509; x_wconf 80' lang='lat' dir='ltr'><strong><em>dogmatis</em></strong></span> <span class='ocrx_word' id='word_1_183' title='bbox 1673 2435 1850 2505; x_wconf 72' lang='lat' dir='ltr'><strong><em>delen-</em></strong></span> 
     </span>
    </p>
   </div>
   <div class='ocr_carea' id='block_1_27' title="bbox 327 2598 1189 2670">
    <p class='ocr_par' dir='ltr' id='par_1_27' title="bbox 327 2598 1189 2670">
     <span class='ocr_line' id='line_1_27' title="bbox 327 2598 1189 2670; baseline -0.002 -18"><span class='ocrx_word' id='word_1_184' title='bbox 327 2601 404 2670; x_wconf 86' lang='lat' dir='ltr'><strong><em>(a)</em></strong></span> <span class='ocrx_word' id='word_1_185' title='bbox 443 2600 584 2669; x_wconf 77' lang='lat' dir='ltr'><strong><em>Aug.</em></strong></span> <span class='ocrx_word' id='word_1_186' title='bbox 609 2599 770 2670; x_wconf 82' lang='lat' dir='ltr'><strong><em>epist.</em></strong></span> <span class='ocrx_word' id='word_1_187' title='bbox 800 2599 923 2662; x_wconf 68' lang='grc'><strong><em>194,</em></strong></span> <span class='ocrx_word' id='word_1_188' title='bbox 954 2615 1105 2653; x_wconf 89' lang='lat' dir='ltr'><strong><em>num.</em></strong></span> <span class='ocrx_word' id='word_1_189' title='bbox 1133 2598 1189 2650; x_wconf 74' lang='lat'><strong><em>2.</em></strong></span> 
     </span>
    </p>
   </div>
   <div class='ocr_carea' id='block_1_28' title="bbox 330 2663 1845 2811">
    <p class='ocr_par' dir='ltr' id='par_1_28' title="bbox 330 2663 1845 2811">
     <span class='ocr_line' id='line_1_28' title="bbox 330 2663 1845 2811; baseline -0.005 -88"><span class='ocrx_word' id='word_1_190' title='bbox 330 2663 408 2811; x_wconf 45' lang='lat' dir='ltr'><strong><em>ib}</em></strong></span> <span class='ocrx_word' id='word_1_191' title='bbox 448 2663 842 2751; x_wconf 42' lang='lat' dir='ltr'><strong><em>Prospfcontr.</em></strong></span> <span class='ocrx_word' id='word_1_192' title='bbox 877 2672 1066 2723; x_wconf 74' lang='lat' dir='ltr'><strong><em>Colla-t.</em></strong></span> <span class='ocrx_word' id='word_1_193' title='bbox 1100 2684 1222 2732; x_wconf 86' lang='lat' dir='ltr'><strong><em>cap.</em></strong></span> <span class='ocrx_word' id='word_1_194' title='bbox 1254 2668 1349 2733; x_wconf 70' lang='lat'><strong><em>2|,</em></strong></span> <span class='ocrx_word' id='word_1_195' title='bbox 1377 2665 1445 2720; x_wconf 89' lang='lat' dir='ltr'><strong><em>al.</em></strong></span> <span class='ocrx_word' id='word_1_196' title='bbox 1481 2665 1570 2734; x_wconf 69' lang='grc' dir='ltr'><strong><em>Η,</em></strong></span> <span class='ocrx_word' id='word_1_197' title='bbox 1608 2679 1752 2717; x_wconf 85' lang='lat' dir='ltr'><strong><em>nutu.</em></strong></span> <span class='ocrx_word' id='word_1_198' title='bbox 1782 2663 1845 2716; x_wconf 69' lang='grc'><strong><em>4.</em></strong></span> 
     </span>
     <span class='ocr_line' id='line_1_29' title="bbox 358 2738 1319 2811; baseline -0.003 -19"><span class='ocrx_word' id='word_1_199' title='bbox 358 2757 384 2792; x_wconf 88' lang='lat' dir='ltr'><strong><em>c</em></strong></span> <span class='ocrx_word' id='word_1_200' title='bbox 446 2745 585 2811; x_wconf 84' lang='lat' dir='ltr'><strong><em>Aug.</em></strong></span> <span class='ocrx_word' id='word_1_201' title='bbox 619 2751 776 2809; x_wconf 77' lang='lat' dir='ltr'><strong><em>epist.</em></strong></span> <span class='ocrx_word' id='word_1_202' title='bbox 811 2739 913 2795; x_wconf 71' lang='grc'><strong><em>194</em></strong></span> <span class='ocrx_word' id='word_1_203' title='bbox 941 2741 1060 2808; x_wconf 84' lang='lat' dir='ltr'><strong><em>cit.,</em></strong></span> <span class='ocrx_word' id='word_1_204' title='bbox 1090 2755 1236 2792; x_wconf 78' lang='lat' dir='ltr'><strong><em>nunt.</em></strong></span> <span class='ocrx_word' id='word_1_205' title='bbox 1263 2738 1319 2789; x_wconf 70' lang='lat' dir='ltr'><strong><em>Et.</em></strong></span> 
     </span>
    </p>
   </div>
   <div class='ocr_carea' id='block_1_29' title="bbox 358 2738 1319 2812">
    <p class='ocr_par' dir='ltr' id='par_1_29' title="bbox 358 2738 1319 2812">
     <span class='ocr_line' id='line_1_30' title="bbox 358 2738 1319 2812; baseline -0.003 -20"><span class='ocrx_word' id='word_1_206' title='bbox 358 2738 408 2811; x_wconf 88' lang='lat' dir='ltr'><strong><em>c)</em></strong></span> <span class='ocrx_word' id='word_1_207' title='bbox 446 2745 585 2812; x_wconf 84' lang='lat' dir='ltr'><strong><em>Aug.</em></strong></span> <span class='ocrx_word' id='word_1_208' title='bbox 619 2742 776 2809; x_wconf 83' lang='lat' dir='ltr'><strong><em>epist.</em></strong></span> <span class='ocrx_word' id='word_1_209' title='bbox 811 2739 913 2795; x_wconf 71' lang='grc'><strong><em>194</em></strong></span> <span class='ocrx_word' id='word_1_210' title='bbox 941 2741 1060 2808; x_wconf 84' lang='lat' dir='ltr'><strong><em>cit.,</em></strong></span> <span class='ocrx_word' id='word_1_211' title='bbox 1090 2755 1236 2792; x_wconf 78' lang='lat' dir='ltr'><strong><em>nunt.</em></strong></span> <span class='ocrx_word' id='word_1_212' title='bbox 1263 2738 1319 2789; x_wconf 70' lang='lat' dir='ltr'><strong><em>Et.</em></strong></span> 
     </span>
    </p>
   </div>
   <div class='ocr_carea' id='block_1_30' title="bbox 1912 517 3498 590">
    <p class='ocr_par' dir='ltr' id='par_1_30' title="bbox 1912 517 3498 590">
     <span class='ocr_line' id='line_1_31' title="bbox 1912 517 3498 590; baseline -0.002 -17"><span class='ocrx_word' id='word_1_213' title='bbox 1912 519 2208 590; x_wconf 82' lang='lat' dir='ltr'><strong><em>t&#39;igilatttitts</em></strong></span> <span class='ocrx_word' id='word_1_214' title='bbox 2227 517 2546 587; x_wconf 84' lang='lat' dir='ltr'><strong><em>vestigandi;</em></strong></span> <span class='ocrx_word' id='word_1_215' title='bbox 2567 517 2659 570; x_wconf 88' lang='lat' dir='ltr'><strong><em>alii</em></strong></span> <span class='ocrx_word' id='word_1_216' title='bbox 2681 518 2936 570; x_wconf 84' lang='lat' dir='ltr'><strong><em>tractandi</em></strong></span> <span class='ocrx_word' id='word_1_217' title='bbox 2959 517 3163 586; x_wconf 83' lang='lat' dir='ltr'><strong><em>quidem</em></strong></span> <span class='ocrx_word' id='word_1_218' title='bbox 3193 517 3378 582; x_wconf 86' lang='lat' dir='ltr'><strong><em>lenius,</em></strong></span> <span class='ocrx_word' id='word_1_219' title='bbox 3405 517 3498 570; x_wconf 74' lang='lat' dir='ltr'><strong><em>sed</em></strong></span> 
     </span>
    </p>
   </div>
   <div class='ocr_carea' id='block_1_31' title="bbox 1914 610 3496 682">
    <p class='ocr_par' dir='ltr' id='par_1_31' title="bbox 1914 610 3496 682">
     <span class='ocr_line' id='line_1_32' title="bbox 1914 610 3496 682; baseline -0.002 -15"><span class='ocrx_word' id='word_1_220' title='bbox 1914 630 2017 667; x_wconf 86' lang='lat' dir='ltr'><strong><em>non</em></strong></span> <span class='ocrx_word' id='word_1_221' title='bbox 2045 613 2247 682; x_wconf 83' lang='lat' dir='ltr'><strong><em>segnius</em></strong></span> <span class='ocrx_word' id='word_1_222' title='bbox 2275 611 2491 663; x_wconf 85' lang='lat' dir='ltr'><strong><em>docendi</em></strong></span> <span class='ocrx_word' id='word_1_223' title='bbox 2522 627 2540 663; x_wconf 91' lang='lat'><strong><em>:</em></strong></span> <span class='ocrx_word' id='word_1_224' title='bbox 2579 617 2634 662; x_wconf 88' lang='lat' dir='ltr'><strong><em>ut</em></strong></span> <span class='ocrx_word' id='word_1_225' title='bbox 2661 611 2706 662; x_wconf 87' lang='lat' dir='ltr'><strong><em>si</em></strong></span> <span class='ocrx_word' id='word_1_226' title='bbox 2733 627 2837 663; x_wconf 89' lang='lat' dir='ltr'><strong><em>non</em></strong></span> <span class='ocrx_word' id='word_1_227' title='bbox 2869 611 3132 675; x_wconf 85' lang='lat' dir='ltr'><strong><em>timentur,</em></strong></span> <span class='ocrx_word' id='word_1_228' title='bbox 3155 626 3218 662; x_wconf 88' lang='lat' dir='ltr'><strong><em>ne</em></strong></span> <span class='ocrx_word' id='word_1_229' title='bbox 3244 610 3496 678; x_wconf 80' lang='lat' dir='ltr'><strong><em>perdant;</em></strong></span> 
     </span>
    </p>
   </div>
   <div class='ocr_carea' id='block_1_32' title="bbox 1915 695 2994 772">
    <p class='ocr_par' dir='ltr' id='par_1_32' title="bbox 1915 695 2994 772">
     <span class='ocr_line' id='line_1_33' title="bbox 1915 695 2994 772; baseline -0.005 -15"><span class='ocrx_word' id='word_1_230' title='bbox 1915 721 2017 758; x_wconf 88' lang='lat' dir='ltr'><strong><em>non</em></strong></span> <span class='ocrx_word' id='word_1_231' title='bbox 2047 714 2215 756; x_wconf 87' lang='lat' dir='ltr'><strong><em>tanten</em></strong></span> <span class='ocrx_word' id='word_1_232' title='bbox 2243 701 2588 772; x_wconf 84' lang='lat' dir='ltr'><strong><em>negligantur,</em></strong></span> <span class='ocrx_word' id='word_1_233' title='bbox 2621 716 2684 753; x_wconf 87' lang='lat' dir='ltr'><strong><em>ne</em></strong></span> <span class='ocrx_word' id='word_1_234' title='bbox 2713 708 2939 770; x_wconf 77' lang='lat' dir='ltr'><strong><em>pereant.</em></strong></span> <span class='ocrx_word' id='word_1_235' title='bbox 2962 695 2994 752; x_wconf 70' lang='grc' dir='ltr'><strong><em>ἰ</em></strong></span> 
     </span>
    </p>
   </div>
   <div class='ocr_carea' id='block_1_33' title="bbox 1991 792 3504 863">
    <p class='ocr_par' dir='ltr' id='par_1_33' title="bbox 1991 792 3504 863">
     <span class='ocr_line' id='line_1_34' title="bbox 1991 792 3504 863; baseline -0.002 -14"><span class='ocrx_word' id='word_1_236' title='bbox 1991 797 2044 850; x_wconf 83' lang='grc'><strong><em>5.</em></strong></span> <span class='ocrx_word' id='word_1_237' title='bbox 2089 794 2337 863; x_wconf 87' lang='lat' dir='ltr'><strong><em>Pro‘speri</em></strong></span> <span class='ocrx_word' id='word_1_238' title='bbox 2363 802 2484 845; x_wconf 84' lang='lat' dir='ltr'><strong><em>vota</em></strong></span> <span class='ocrx_word' id='word_1_239' title='bbox 2517 792 2676 846; x_wconf 88' lang='lat' dir='ltr'><strong><em>rebus</em></strong></span> <span class='ocrx_word' id='word_1_240' title='bbox 2711 793 2964 860; x_wconf 77' lang='lat' dir='ltr'><strong><em>praeclare</em></strong></span> <span class='ocrx_word' id='word_1_241' title='bbox 2995 793 3156 859; x_wconf 79' lang='lat' dir='ltr'><strong><em>gestis</em></strong></span> <span class='ocrx_word' id='word_1_242' title='bbox 3183 793 3504 862; x_wconf 78' lang='lat' dir='ltr'><strong><em>comproba-</em></strong></span> 
     </span>
    </p>
   </div>
   <div class='ocr_carea' id='block_1_34' title="bbox 1919 885 3505 957">
    <p class='ocr_par' dir='ltr' id='par_1_34' title="bbox 1919 885 3505 957">
     <span class='ocr_line' id='line_1_35' title="bbox 1919 885 3505 957; baseline -0.003 -16"><span class='ocrx_word' id='word_1_243' title='bbox 1919 889 1995 941; x_wconf 89' lang='lat' dir='ltr'><strong><em>vit</em></strong></span> <span class='ocrx_word' id='word_1_244' title='bbox 2038 887 2238 957; x_wconf 78' lang='lat' dir='ltr'><strong><em>Xystus</em></strong></span> <span class='ocrx_word' id='word_1_245' title='bbox 2282 887 2334 939; x_wconf 92' lang='lat' dir='ltr'><strong><em>in</em></strong></span> <span class='ocrx_word' id='word_1_246' title='bbox 2383 885 2530 939; x_wconf 87' lang='lat' dir='ltr'><strong><em>Petri</em></strong></span> <span class='ocrx_word' id='word_1_247' title='bbox 2575 885 2826 938; x_wconf 82' lang='lat' dir='ltr'><strong><em>cathedra</em></strong></span> <span class='ocrx_word' id='word_1_248' title='bbox 2869 886 3209 940; x_wconf 87' lang='lat' dir='ltr'><strong><em>constitutus.</em></strong></span> <span class='ocrx_word' id='word_1_249' title='bbox 3253 885 3309 940; x_wconf 89' lang='lat' dir='ltr'><strong><em>ld</em></strong></span> <span class='ocrx_word' id='word_1_250' title='bbox 3344 900 3505 954; x_wconf 89' lang='lat' dir='ltr'><strong><em>porro</em></strong></span> 
     </span>
    </p>
   </div>
   <div class='ocr_carea' id='block_1_35' title="bbox 1923 974 3508 1044">
    <p class='ocr_par' dir='ltr' id='par_1_35' title="bbox 1923 974 3508 1044">
     <span class='ocr_line' id='line_1_36' title="bbox 1923 974 3508 1044; baseline -0.001 -13"><span class='ocrx_word' id='word_1_251' title='bbox 1923 978 2196 1031; x_wconf 81' lang='lat' dir='ltr'><strong><em>cumulate</em></strong></span> <span class='ocrx_word' id='word_1_252' title='bbox 2228 975 2360 1030; x_wconf 82' lang='lat' dir='ltr'><strong><em>satis</em></strong></span> <span class='ocrx_word' id='word_1_253' title='bbox 2393 983 2654 1027; x_wconf 81' lang='lat' dir='ltr'><strong><em>testantur</em></strong></span> <span class='ocrx_word' id='word_1_254' title='bbox 2679 974 2795 1042; x_wconf 88' lang='lat' dir='ltr'><strong><em>ejus</em></strong></span> <span class='ocrx_word' id='word_1_255' title='bbox 2823 975 3085 1043; x_wconf 65' lang='lat' dir='ltr'><strong><em>epistolas,</em></strong></span> <span class='ocrx_word' id='word_1_256' title='bbox 3117 990 3247 1044; x_wconf 91' lang='lat' dir='ltr'><strong><em>quas</em></strong></span> <span class='ocrx_word' id='word_1_257' title='bbox 3278 977 3508 1030; x_wconf 87' lang='lat' dir='ltr'><strong><em>Coutan-</em></strong></span> 
     </span>
    </p>
   </div>
   <div class='ocr_carea' id='block_1_36' title="bbox 1925 1065 3506 1132">
    <p class='ocr_par' dir='ltr' id='par_1_36' title="bbox 1925 1065 3506 1132">
     <span class='ocr_line' id='line_1_37' title="bbox 1925 1065 3506 1132; baseline -0.001 -11"><span class='ocrx_word' id='word_1_258' title='bbox 1925 1071 2054 1122; x_wconf 88' lang='lat' dir='ltr'><strong><em>tium</em></strong></span> <span class='ocrx_word' id='word_1_259' title='bbox 2085 1066 2251 1121; x_wconf 88' lang='lat' dir='ltr'><strong><em>secuti</em></strong></span> <span class='ocrx_word' id='word_1_260' title='bbox 2280 1081 2490 1119; x_wconf 86' lang='lat' dir='ltr'><strong><em>rursum</em></strong></span> <span class='ocrx_word' id='word_1_261' title='bbox 2523 1065 2788 1119; x_wconf 83' lang='lat' dir='ltr'><strong><em>edidimus</em></strong></span> <span class='ocrx_word' id='word_1_262' title='bbox 2816 1081 2830 1116; x_wconf 84' lang='lat'><strong>:</strong></span> <span class='ocrx_word' id='word_1_263' title='bbox 2860 1080 2924 1119; x_wconf 81' lang='lat' dir='ltr'><strong><em>ex</em></strong></span> <span class='ocrx_word' id='word_1_264' title='bbox 2950 1079 3174 1132; x_wconf 89' lang='lat' dir='ltr'><strong><em>quarum</em></strong></span> <span class='ocrx_word' id='word_1_265' title='bbox 3205 1081 3307 1118; x_wconf 90' lang='lat' dir='ltr'><strong><em>una</em></strong></span> <span class='ocrx_word' id='word_1_266' title='bbox 3330 1066 3506 1120; x_wconf 90' lang='lat' dir='ltr'><strong><em>locum</em></strong></span> 
     </span>
    </p>
   </div>
   <div class='ocr_carea' id='block_1_37' title="bbox 1927 1153 3508 1224">
    <p class='ocr_par' dir='ltr' id='par_1_37' title="bbox 1927 1153 3508 1224">
     <span class='ocr_line' id='line_1_38' title="bbox 1927 1153 3508 1224; baseline -0.001 -14"><span class='ocrx_word' id='word_1_267' title='bbox 1927 1158 2160 1211; x_wconf 86' lang='lat' dir='ltr'><strong><em>recitans</em></strong></span> <span class='ocrx_word' id='word_1_268' title='bbox 2201 1155 2515 1209; x_wconf 85' lang='lat' dir='ltr'><strong><em>Vincentius</em></strong></span> <span class='ocrx_word' id='word_1_269' title='bbox 2557 1154 2872 1218; x_wconf 84' lang='lat' dir='ltr'><strong><em>Lirinensis,</em></strong></span> <span class='ocrx_word' id='word_1_270' title='bbox 2923 1153 3036 1208; x_wconf 57' lang='lat' dir='ltr'><strong><em>haec</em></strong></span> <span class='ocrx_word' id='word_1_271' title='bbox 3065 1153 3223 1208; x_wconf 82' lang='lat' dir='ltr'><strong><em>habet</em></strong></span> <span class='ocrx_word' id='word_1_272' title='bbox 3266 1154 3386 1224; x_wconf 88' lang='lat' dir='ltr'><strong><em>(d):</em></strong></span> <span class='ocrx_word' id='word_1_273' title='bbox 3429 1156 3508 1208; x_wconf 80' lang='lat' dir='ltr'><strong><em>Ad</em></strong></span> 
     </span>
    </p>
   </div>
   <div class='ocr_carea' id='block_1_38' title="bbox 1927 1244 3508 1315">
    <p class='ocr_par' dir='ltr' id='par_1_38' title="bbox 1927 1244 3508 1315">
     <span class='ocr_line' id='line_1_39' title="bbox 1927 1244 3508 1315; baseline -0.003 -13"><span class='ocrx_word' id='word_1_274' title='bbox 1927 1257 2208 1302; x_wconf 71' lang='lat' dir='ltr'><strong><em>extremum</em></strong></span> <span class='ocrx_word' id='word_1_275' title='bbox 2231 1246 2531 1315; x_wconf 86' lang='lat' dir='ltr'><strong><em>odjecimus.</em></strong></span> <span class='ocrx_word' id='word_1_276' title='bbox 2546 1283 2582 1298; x_wconf 89' lang='lat'><strong><em>..</em></strong></span> <span class='ocrx_word' id='word_1_277' title='bbox 2599 1244 2890 1313; x_wconf 76' lang='lat' dir='ltr'><strong><em>apostolica:</em></strong></span> <span class='ocrx_word' id='word_1_278' title='bbox 2910 1245 3044 1298; x_wconf 86' lang='lat' dir='ltr'><strong><em>sedis</em></strong></span> <span class='ocrx_word' id='word_1_279' title='bbox 3066 1246 3458 1311; x_wconf 84' lang='lat' dir='ltr'><strong><em>auctoritatem,.</em></strong></span> <span class='ocrx_word' id='word_1_280' title='bbox 3471 1284 3508 1298; x_wconf 92' lang='lat'><strong><em>..</em></strong></span> 
     </span>
    </p>
   </div>
   <div class='ocr_carea' id='block_1_39' title="bbox 1929 1335 3514 1407">
    <p class='ocr_par' dir='ltr' id='par_1_39' title="bbox 1929 1335 3514 1407">
     <span class='ocr_line' id='line_1_40' title="bbox 1929 1335 3514 1407; baseline -0.003 -13"><span class='ocrx_word' id='word_1_281' title='bbox 1929 1341 2123 1394; x_wconf 88' lang='lat' dir='ltr'><strong><em>scilicet</em></strong></span> <span class='ocrx_word' id='word_1_282' title='bbox 2152 1340 2317 1393; x_wconf 87' lang='lat' dir='ltr'><strong><em>sancti</em></strong></span> <span class='ocrx_word' id='word_1_283' title='bbox 2349 1353 2496 1407; x_wconf 74' lang='lat' dir='ltr'><strong><em>papa:</em></strong></span> <span class='ocrx_word' id='word_1_284' title='bbox 2525 1335 2700 1404; x_wconf 82' lang='lat' dir='ltr'><strong><em>Xysti,</em></strong></span> <span class='ocrx_word' id='word_1_285' title='bbox 2732 1337 2818 1406; x_wconf 86' lang='lat' dir='ltr'><strong><em>qui</em></strong></span> <span class='ocrx_word' id='word_1_286' title='bbox 2847 1353 2982 1389; x_wconf 90' lang='lat' dir='ltr'><strong><em>nunc</em></strong></span> <span class='ocrx_word' id='word_1_287' title='bbox 3011 1335 3297 1390; x_wconf 79' lang='lat' dir='ltr'><strong><em>Romanam</em></strong></span> <span class='ocrx_word' id='word_1_288' title='bbox 3330 1336 3514 1391; x_wconf 84' lang='lat' dir='ltr'><strong><em>Eccle-</em></strong></span> 
     </span>
    </p>
   </div>
   <div class='ocr_carea' id='block_1_40' title="bbox 1931 1427 3516 1498">
    <p class='ocr_par' dir='ltr' id='par_1_40' title="bbox 1931 1427 3516 1498">
     <span class='ocr_line' id='line_1_41' title="bbox 1931 1427 3516 1498; baseline -0.003 -13"><span class='ocrx_word' id='word_1_289' title='bbox 1931 1433 2063 1486; x_wconf 88' lang='lat' dir='ltr'><strong><em>siam</em></strong></span> <span class='ocrx_word' id='word_1_290' title='bbox 2109 1431 2428 1483; x_wconf 84' lang='lat' dir='ltr'><strong><em>venerandus</em></strong></span> <span class='ocrx_word' id='word_1_291' title='bbox 2478 1427 2827 1481; x_wconf 87' lang='lat' dir='ltr'><strong><em>illustrat.....</em></strong></span> <span class='ocrx_word' id='word_1_292' title='bbox 2879 1429 2963 1480; x_wconf 83' lang='lat' dir='ltr'><strong><em>Ait</em></strong></span> <span class='ocrx_word' id='word_1_293' title='bbox 3013 1429 3085 1480; x_wconf 89' lang='lat' dir='ltr'><strong><em>ita</em></strong></span> <span class='ocrx_word' id='word_1_294' title='bbox 3133 1438 3337 1481; x_wconf 88' lang='lat' dir='ltr'><strong><em>sanctus</em></strong></span> <span class='ocrx_word' id='word_1_295' title='bbox 3383 1445 3516 1498; x_wconf 86' lang='lat' dir='ltr'><strong><em>papa</em></strong></span> 
     </span>
    </p>
   </div>
   <div class='ocr_carea' id='block_1_41' title="bbox 1932 1517 3519 1591">
    <p class='ocr_par' dir='ltr' id='par_1_41' title="bbox 1932 1517 3519 1591">
     <span class='ocr_line' id='line_1_42' title="bbox 1932 1517 3519 1591; baseline -0.004 -15"><span class='ocrx_word' id='word_1_296' title='bbox 1932 1523 2130 1591; x_wconf 80' lang='lat' dir='ltr'><strong><em>Xystus</em></strong></span> <span class='ocrx_word' id='word_1_297' title='bbox 2160 1523 2209 1573; x_wconf 85' lang='lat' dir='ltr'><strong><em>in</em></strong></span> <span class='ocrx_word' id='word_1_298' title='bbox 2242 1519 2455 1590; x_wconf 86' lang='lat' dir='ltr'><strong><em>epistola</em></strong></span> <span class='ocrx_word' id='word_1_299' title='bbox 2482 1536 2635 1588; x_wconf 87' lang='lat' dir='ltr'><strong><em>quam</em></strong></span> <span class='ocrx_word' id='word_1_300' title='bbox 2665 1520 2728 1571; x_wconf 90' lang='lat' dir='ltr'><strong><em>de</em></strong></span> <span class='ocrx_word' id='word_1_301' title='bbox 2757 1535 2912 1571; x_wconf 85' lang='lat' dir='ltr'><strong><em>causa</em></strong></span> <span class='ocrx_word' id='word_1_302' title='bbox 2947 1517 3174 1572; x_wconf 86' lang='lat' dir='ltr'><strong><em>Nestorii</em></strong></span> <span class='ocrx_word' id='word_1_303' title='bbox 3204 1518 3519 1571; x_wconf 81' lang='lat' dir='ltr'><strong><em>Antiocheno</em></strong></span> 
     </span>
    </p>
   </div>
   <div class='ocr_carea' id='block_1_42' title="bbox 1935 1609 3520 1682">
    <p class='ocr_par' dir='ltr' id='par_1_42' title="bbox 1935 1609 3520 1682">
     <span class='ocr_line' id='line_1_43' title="bbox 1935 1609 3520 1682; baseline -0.004 -17"><span class='ocrx_word' id='word_1_304' title='bbox 1935 1615 2072 1666; x_wconf 87' lang='lat' dir='ltr'><strong><em>misit</em></strong></span> <span class='ocrx_word' id='word_1_305' title='bbox 2101 1613 2337 1682; x_wconf 88' lang='lat' dir='ltr'><strong><em>episcopo</em></strong></span> <span class='ocrx_word' id='word_1_306' title='bbox 2363 1613 2436 1679; x_wconf 76' lang='grc' dir='ltr'><strong><em>(ε)</em></strong></span> <span class='ocrx_word' id='word_1_307' title='bbox 2466 1628 2478 1662; x_wconf 89' lang='lat'>:</span> <span class='ocrx_word' id='word_1_308' title='bbox 2509 1609 2709 1678; x_wconf 67' lang='lat' dir='ltr'><strong><em>«Ergo.</em></strong></span> <span class='ocrx_word' id='word_1_309' title='bbox 2744 1611 2928 1678; x_wconf 87' lang='lat' dir='ltr'><strong><em>inquit,</em></strong></span> <span class='ocrx_word' id='word_1_310' title='bbox 2959 1611 3102 1679; x_wconf 88' lang='lat' dir='ltr'><strong><em>quia,</em></strong></span> <span class='ocrx_word' id='word_1_311' title='bbox 3136 1612 3265 1663; x_wconf 86' lang='lat' dir='ltr'><strong><em>sicut</em></strong></span> <span class='ocrx_word' id='word_1_312' title='bbox 3288 1611 3360 1662; x_wconf 86' lang='lat' dir='ltr'><strong><em>ait</em></strong></span> <span class='ocrx_word' id='word_1_313' title='bbox 3383 1613 3520 1681; x_wconf 78' lang='lat' dir='ltr'><strong><em>Apo-</em></strong></span> 
     </span>
    </p>
   </div>
   <div class='ocr_carea' id='block_1_43' title="bbox 1935 1701 3524 1775">
    <p class='ocr_par' dir='ltr' id='par_1_43' title="bbox 1935 1701 3524 1775">
     <span class='ocr_line' id='line_1_44' title="bbox 1935 1701 3524 1775; baseline -0.004 -15"><span class='ocrx_word' id='word_1_314' title='bbox 1935 1706 2118 1769; x_wconf 87' lang='lat' dir='ltr'><strong><em>stolus,</em></strong></span> <span class='ocrx_word' id='word_1_315' title='bbox 2159 1706 2284 1775; x_wconf 83' lang='lat' dir='ltr'><strong><em>ﬁdes</em></strong></span> <span class='ocrx_word' id='word_1_316' title='bbox 2319 1721 2422 1757; x_wconf 92' lang='lat' dir='ltr'><strong><em>una</em></strong></span> <span class='ocrx_word' id='word_1_317' title='bbox 2461 1712 2532 1758; x_wconf 88' lang='lat' dir='ltr'><strong><em>est</em></strong></span> <span class='ocrx_word' id='word_1_318' title='bbox 2569 1719 2679 1770; x_wconf 74' lang='lat' dir='ltr'><strong><em>qua:</em></strong></span> <span class='ocrx_word' id='word_1_319' title='bbox 2717 1704 2974 1756; x_wconf 78' lang='lat' dir='ltr'><strong><em>evidenter</em></strong></span> <span class='ocrx_word' id='word_1_320' title='bbox 3014 1701 3119 1773; x_wconf 77' lang='lat' dir='ltr'><strong><em>[AL</em></strong></span> <span class='ocrx_word' id='word_1_321' title='bbox 3163 1713 3208 1755; x_wconf 90' lang='lat' dir='ltr'><strong><em>et</em></strong></span> <span class='ocrx_word' id='word_1_322' title='bbox 3243 1702 3524 1775; x_wconf 76' lang='lat' dir='ltr'><strong><em>t-incenter}</em></strong></span> 
     </span>
    </p>
   </div>
   <div class='ocr_carea' id='block_1_44' title="bbox 1353 1793 3521 1865">
    <p class='ocr_par' dir='ltr' id='par_1_44' title="bbox 1353 1793 3521 1865">
     <span class='ocr_line' id='line_1_45' title="bbox 1353 1793 3521 1865; baseline -0.001 -16"><span class='ocrx_word' id='word_1_323' title='bbox 1353 1817 1372 1849; x_wconf 75' lang='grc' dir='ltr'>ι</span> <span class='ocrx_word' id='word_1_324' title='bbox 1405 1799 1537 1853; x_wconf 84' lang='lat' dir='ltr'><strong><em>Sunt</em></strong></span> <span class='ocrx_word' id='word_1_325' title='bbox 1564 1799 1696 1850; x_wconf 88' lang='lat' dir='ltr'><strong><em>enim</em></strong></span> <span class='ocrx_word' id='word_1_326' title='bbox 1725 1797 1838 1865; x_wconf 90' lang='lat' dir='ltr'><strong><em>qui-</em></strong></span> <span class='ocrx_word' id='word_1_327' title='bbox 1870 1799 1912 1856; x_wconf 87' lang='lat' dir='ltr'><strong>B</strong></span> <span class='ocrx_word' id='word_1_328' title='bbox 1943 1799 2180 1864; x_wconf 87' lang='lat' dir='ltr'><strong><em>obtinuit,</em></strong></span> <span class='ocrx_word' id='word_1_329' title='bbox 2208 1797 2424 1850; x_wconf 86' lang='lat' dir='ltr'><strong><em>dicenda</em></strong></span> <span class='ocrx_word' id='word_1_330' title='bbox 2446 1795 2735 1856; x_wconf 85' lang='lat' dir='ltr'><strong><em>credamus,</em></strong></span> <span class='ocrx_word' id='word_1_331' title='bbox 2758 1805 2803 1846; x_wconf 88' lang='lat' dir='ltr'><strong><em>et</em></strong></span> <span class='ocrx_word' id='word_1_332' title='bbox 2830 1796 3046 1847; x_wconf 88' lang='lat' dir='ltr'><strong><em>tenenda</em></strong></span> <span class='ocrx_word' id='word_1_333' title='bbox 3074 1793 3324 1848; x_wconf 88' lang='lat' dir='ltr'><strong><em>dicamus.</em></strong></span> <span class='ocrx_word' id='word_1_334' title='bbox 3354 1813 3372 1845; x_wconf 78' lang='grc' dir='ltr'><strong><em>ι</em></strong></span> <span class='ocrx_word' id='word_1_335' title='bbox 3395 1794 3521 1858; x_wconf 72' lang='lat' dir='ltr'><strong><em>Quos</em></strong></span> 
     </span>
    </p>
   </div>
   <div class='ocr_carea' id='block_1_45' title="bbox 1943 1884 3521 1953">
    <p class='ocr_par' dir='ltr' id='par_1_45' title="bbox 1943 1884 3521 1953">
     <span class='ocr_line' id='line_1_46' title="bbox 1943 1884 3521 1953; baseline -0.006 -10"><span class='ocrx_word' id='word_1_336' title='bbox 1943 1899 2065 1944; x_wconf 76' lang='lat' dir='ltr'><strong><em>sunt</em></strong></span> <span class='ocrx_word' id='word_1_337' title='bbox 2103 1889 2306 1940; x_wconf 87' lang='lat' dir='ltr'><strong><em>tandem</em></strong></span> <span class='ocrx_word' id='word_1_338' title='bbox 2347 1887 2439 1940; x_wconf 86' lang='lat' dir='ltr'><strong><em>illa</em></strong></span> <span class='ocrx_word' id='word_1_339' title='bbox 2478 1885 2730 1940; x_wconf 84' lang='lat' dir='ltr'><strong><em>credenda</em></strong></span> <span class='ocrx_word' id='word_1_340' title='bbox 2774 1895 2822 1938; x_wconf 88' lang='lat' dir='ltr'><strong><em>et</em></strong></span> <span class='ocrx_word' id='word_1_341' title='bbox 2868 1884 3123 1937; x_wconf 76' lang='lat' dir='ltr'><strong><em>dicenda?</em></strong></span> <span class='ocrx_word' id='word_1_342' title='bbox 3169 1885 3431 1953; x_wconf 87' lang='lat' dir='ltr'><strong><em>Sequitur,</em></strong></span> <span class='ocrx_word' id='word_1_343' title='bbox 3473 1891 3521 1937; x_wconf 84' lang='lat' dir='ltr'><strong><em>et</em></strong></span> 
     </span>
    </p>
   </div>
   <div class='ocr_carea' id='block_1_46' title="bbox 1945 1973 3522 2043">
    <p class='ocr_par' dir='ltr' id='par_1_46' title="bbox 1945 1973 3522 2043">
     <span class='ocr_line' id='line_1_47' title="bbox 1945 1973 3522 2043; baseline -0.006 -10"><span class='ocrx_word' id='word_1_344' title='bbox 1945 1980 2016 2033; x_wconf 87' lang='lat' dir='ltr'><strong><em>ait</em></strong></span> <span class='ocrx_word' id='word_1_345' title='bbox 2043 1995 2061 2031; x_wconf 91' lang='lat'><strong><em>:</em></strong></span> <span class='ocrx_word' id='word_1_346' title='bbox 2091 1997 2110 2030; x_wconf 70' lang='grc' dir='ltr'>ί</span> <span class='ocrx_word' id='word_1_347' title='bbox 2143 1977 2236 2031; x_wconf 83' lang='lat' dir='ltr'><strong><em>Nil</em></strong></span> <span class='ocrx_word' id='word_1_348' title='bbox 2269 1979 2425 2043; x_wconf 88' lang='lat' dir='ltr'><strong><em>ultra,</em></strong></span> <span class='ocrx_word' id='word_1_349' title='bbox 2451 1977 2634 2042; x_wconf 86' lang='lat' dir='ltr'><strong><em>inquit,</em></strong></span> <span class='ocrx_word' id='word_1_350' title='bbox 2659 1976 2809 2028; x_wconf 88' lang='lat' dir='ltr'><strong><em>liceat</em></strong></span> <span class='ocrx_word' id='word_1_351' title='bbox 2840 1975 3072 2034; x_wconf 82' lang='lat' dir='ltr'><strong><em>novitati,</em></strong></span> <span class='ocrx_word' id='word_1_352' title='bbox 3096 1975 3216 2043; x_wconf 86' lang='lat' dir='ltr'><strong><em>quia</em></strong></span> <span class='ocrx_word' id='word_1_353' title='bbox 3247 1973 3374 2026; x_wconf 82' lang='lat' dir='ltr'><strong><em>nihil</em></strong></span> <span class='ocrx_word' id='word_1_354' title='bbox 3398 1973 3522 2025; x_wconf 86' lang='lat' dir='ltr'><strong><em>addi</em></strong></span> 
     </span>
    </p>
   </div>
   <div class='ocr_carea' id='block_1_47' title="bbox 1947 2065 3523 2135">
    <p class='ocr_par' dir='ltr' id='par_1_47' title="bbox 1947 2065 3523 2135">
     <span class='ocr_line' id='line_1_48' title="bbox 1947 2065 3523 2135; baseline -0.006 -11"><span class='ocrx_word' id='word_1_355' title='bbox 1947 2071 2177 2124; x_wconf 82' lang='lat' dir='ltr'><strong><em>convenit</em></strong></span> <span class='ocrx_word' id='word_1_356' title='bbox 2215 2069 2468 2123; x_wconf 80' lang='lat' dir='ltr'><strong><em>vetustati.</em></strong></span> <span class='ocrx_word' id='word_1_357' title='bbox 2509 2068 2787 2135; x_wconf 85' lang='lat' dir='ltr'><strong><em>Perspicua</em></strong></span> <span class='ocrx_word' id='word_1_358' title='bbox 2817 2069 3069 2133; x_wconf 75' lang='lat' dir='ltr'><strong><em>majorum</em></strong></span> <span class='ocrx_word' id='word_1_359' title='bbox 3103 2067 3227 2128; x_wconf 82' lang='lat' dir='ltr'><strong><em>ﬁdes</em></strong></span> <span class='ocrx_word' id='word_1_360' title='bbox 3257 2074 3303 2118; x_wconf 90' lang='lat' dir='ltr'><strong><em>et</em></strong></span> <span class='ocrx_word' id='word_1_361' title='bbox 3341 2065 3523 2118; x_wconf 88' lang='lat' dir='ltr'><strong><em>credu-</em></strong></span> 
     </span>
    </p>
   </div>
   <div class='ocr_carea' id='block_1_48' title="bbox 1947 2156 3523 2229">
    <p class='ocr_par' dir='ltr' id='par_1_48' title="bbox 1947 2156 3523 2229">
     <span class='ocr_line' id='line_1_49' title="bbox 1947 2156 3523 2229; baseline -0.005 -14"><span class='ocrx_word' id='word_1_362' title='bbox 1947 2163 2064 2215; x_wconf 85' lang='lat' dir='ltr'><strong><em>litas</em></strong></span> <span class='ocrx_word' id='word_1_363' title='bbox 2098 2161 2243 2215; x_wconf 87' lang='lat' dir='ltr'><strong><em>nulla</em></strong></span> <span class='ocrx_word' id='word_1_364' title='bbox 2273 2161 2398 2214; x_wconf 73' lang='lat' dir='ltr'><strong><em>caeni</em></strong></span> <span class='ocrx_word' id='word_1_365' title='bbox 2439 2159 2773 2229; x_wconf 75' lang='lat' dir='ltr'><strong><em>permixtione</em></strong></span> <span class='ocrx_word' id='word_1_366' title='bbox 2799 2159 3046 2210; x_wconf 83' lang='lat' dir='ltr'><strong><em>turbetur.</em></strong></span> <span class='ocrx_word' id='word_1_367' title='bbox 3087 2175 3106 2208; x_wconf 67' lang='grc' dir='ltr'>ι</span> <span class='ocrx_word' id='word_1_368' title='bbox 3145 2156 3362 2210; x_wconf 88' lang='lat' dir='ltr'><strong><em>Omnino</em></strong></span> <span class='ocrx_word' id='word_1_369' title='bbox 3392 2172 3523 2220; x_wconf 87' lang='lat' dir='ltr'><strong><em>apo-</em></strong></span> 
     </span>
    </p>
   </div>
   <div class='ocr_carea' id='block_1_49' title="bbox 1945 2239 3526 2322">
    <p class='ocr_par' dir='ltr' id='par_1_49' title="bbox 1945 2239 3526 2322">
     <span class='ocr_line' id='line_1_50' title="bbox 1945 2239 3526 2322; baseline -0.006 -16"><span class='ocrx_word' id='word_1_370' title='bbox 1945 2253 2121 2307; x_wconf 86' lang='lat' dir='ltr'><strong><em>stolice</em></strong></span> <span class='ocrx_word' id='word_1_371' title='bbox 2144 2268 2162 2305; x_wconf 94' lang='lat'><strong><em>:</em></strong></span> <span class='ocrx_word' id='word_1_372' title='bbox 2190 2261 2242 2304; x_wconf 92' lang='lat' dir='ltr'><strong><em>ut</em></strong></span> <span class='ocrx_word' id='word_1_373' title='bbox 2269 2254 2524 2322; x_wconf 83' lang='lat' dir='ltr'><strong><em>majorum</em></strong></span> <span class='ocrx_word' id='word_1_374' title='bbox 2552 2247 2907 2302; x_wconf 85' lang='lat' dir='ltr'><strong><em>crrduli:atem</em></strong></span> <span class='ocrx_word' id='word_1_375' title='bbox 2939 2239 3315 2316; x_wconf 79' lang='lat' dir='ltr'><strong><em>perspicuitatis</em></strong></span> <span class='ocrx_word' id='word_1_376' title='bbox 3336 2243 3526 2296; x_wconf 80' lang='lat' dir='ltr'><strong><em>lumine</em></strong></span> 
     </span>
    </p>
   </div>
   <div class='ocr_carea' id='block_1_50' title="bbox 1953 2336 3530 2411">
    <p class='ocr_par' dir='ltr' id='par_1_50' title="bbox 1953 2336 3530 2411">
     <span class='ocr_line' id='line_1_51' title="bbox 1953 2336 3530 2411; baseline -0.008 -12"><span class='ocrx_word' id='word_1_377' title='bbox 1953 2353 2177 2408; x_wconf 87' lang='lat' dir='ltr'><strong><em>ornaret,</em></strong></span> <span class='ocrx_word' id='word_1_378' title='bbox 2224 2345 2437 2396; x_wconf 71' lang='lat' dir='ltr'><strong><em>nositias</em></strong></span> <span class='ocrx_word' id='word_1_379' title='bbox 2480 2357 2596 2396; x_wconf 74' lang='lat' dir='ltr'><strong><em>vero</em></strong></span> <span class='ocrx_word' id='word_1_380' title='bbox 2643 2341 2986 2411; x_wconf 76' lang='lat' dir='ltr'><strong><em>profanitutee</em></strong></span> <span class='ocrx_word' id='word_1_381' title='bbox 3025 2338 3154 2390; x_wconf 70' lang='lat' dir='ltr'><strong><em>cani</em></strong></span> <span class='ocrx_word' id='word_1_382' title='bbox 3196 2336 3530 2407; x_wconf 75' lang='lat' dir='ltr'><strong><em>permixtione</em></strong></span> 
     </span>
    </p>
   </div>
   <div class='ocr_carea' id='block_1_51' title="bbox 1957 2433 2280 2488">
    <p class='ocr_par' dir='ltr' id='par_1_51' title="bbox 1957 2433 2280 2488">
     <span class='ocr_line' id='line_1_52' title="bbox 1957 2433 2280 2488; baseline -0.006 0"><span class='ocrx_word' id='word_1_383' title='bbox 1957 2433 2280 2488; x_wconf 79' lang='lat' dir='ltr'><strong><em>describeret.</em></strong></span> 
     </span>
    </p>
   </div>
   <div class='ocr_carea' id='block_1_52' title="bbox 2022 2585 3100 2658">
    <p class='ocr_par' dir='ltr' id='par_1_52' title="bbox 2022 2585 3100 2658">
     <span class='ocr_line' id='line_1_53' title="bbox 2022 2585 3100 2658; baseline -0.004 -15"><span class='ocrx_word' id='word_1_384' title='bbox 2022 2592 2100 2658; x_wconf 75' lang='lat' dir='ltr'><strong><em>(tl)</em></strong></span> <span class='ocrx_word' id='word_1_385' title='bbox 2145 2591 2294 2644; x_wconf 85' lang='lat' dir='ltr'><strong><em>Viue.</em></strong></span> <span class='ocrx_word' id='word_1_386' title='bbox 2327 2589 2436 2644; x_wconf 86' lang='lat' dir='ltr'><strong><em>Ltr.</em></strong></span> <span class='ocrx_word' id='word_1_387' title='bbox 2464 2592 2747 2648; x_wconf 90' lang='lat' dir='ltr'><strong><em>Common.</em></strong></span> <span class='ocrx_word' id='word_1_388' title='bbox 2776 2588 2831 2641; x_wconf 72' lang='grc'>2.</span> <span class='ocrx_word' id='word_1_389' title='bbox 2857 2601 2988 2658; x_wconf 78' lang='lat' dir='ltr'><strong><em>cap.</em></strong></span> <span class='ocrx_word' id='word_1_390' title='bbox 3012 2585 3100 2641; x_wconf 65' lang='grc' dir='ltr'><strong><em>ὅτε.</em></strong></span> 
     </span>
    </p>
   </div>
   <div class='ocr_carea' id='block_1_53' title="bbox 2021 2657 2945 2732">
    <p class='ocr_par' dir='ltr' id='par_1_53' title="bbox 2021 2657 2945 2732">
     <span class='ocr_line' id='line_1_54' title="bbox 2021 2657 2945 2732; baseline -0.002 -20"><span class='ocrx_word' id='word_1_391' title='bbox 2021 2657 2091 2732; x_wconf 69' lang='lat' dir='ltr'><strong><em>(2e)</em></strong></span> <span class='ocrx_word' id='word_1_392' title='bbox 2133 2661 2286 2732; x_wconf 71' lang='lat' dir='ltr'><strong><em>Xyst.</em></strong></span> <span class='ocrx_word' id='word_1_393' title='bbox 2321 2677 2414 2728; x_wconf 79' lang='lat' dir='ltr'><strong><em>cp.</em></strong></span> <span class='ocrx_word' id='word_1_394' title='bbox 2439 2662 2492 2725; x_wconf 82' lang='lat'><strong><em>6,</em></strong></span> <span class='ocrx_word' id='word_1_395' title='bbox 2525 2675 2673 2712; x_wconf 89' lang='lat' dir='ltr'><strong><em>num.</em></strong></span> <span class='ocrx_word' id='word_1_396' title='bbox 2703 2659 2758 2724; x_wconf 89' lang='lat'><strong><em>7,</em></strong></span> <span class='ocrx_word' id='word_1_397' title='bbox 2790 2657 2945 2711; x_wconf 75' lang='lat' dir='ltr'><strong><em>intra.</em></strong></span> 
     </span>
    </p>
   </div>
   <div class='ocr_carea' id='block_1_54' title="bbox 1277 2871 3535 2911">
    <p class='ocr_par' dir='ltr' id='par_1_54' title="bbox 1277 2871 3535 2911">
     <span class='ocr_line' id='line_1_55' title="bbox 1277 2871 3535 2911; baseline -0.008 0"><span class='ocrx_word' id='word_1_398' title='bbox 1277 2871 3535 2911; x_wconf 60' lang='lat'><strong><em>—_______——————_——————&#39;—__——-&#39;..</em></strong></span> 
     </span>
    </p>
   </div>
   <div class='ocr_carea' id='block_1_55' title="bbox 1376 2983 2390 3057">
    <p class='ocr_par' dir='ltr' id='par_1_55' title="bbox 1376 2983 2390 3057">
     <span class='ocr_line' id='line_1_56' title="bbox 1376 2983 2390 3057; baseline -0.018 0"><span class='ocrx_word' id='word_1_399' title='bbox 1376 2993 1705 3057; x_wconf 74' lang='grc' dir='ltr'><strong><em>ΝΟΤΙΤΙᾹ</em></strong></span> <span class='ocrx_word' id='word_1_400' title='bbox 1751 2983 2390 3050; x_wconf 79' lang='lat' dir='ltr'><strong><em>SCHOENEMANNI.</em></strong></span> 
     </span>
    </p>
   </div>
   <div class='ocr_carea' id='block_1_56' title="bbox 1320 3122 2448 3202">
    <p class='ocr_par' dir='ltr' id='par_1_56' title="bbox 1320 3122 2448 3202">
     <span class='ocr_line' id='line_1_57' title="bbox 1320 3122 2448 3202; baseline -0.016 -12"><span class='ocrx_word' id='word_1_401' title='bbox 1320 3140 1424 3202; x_wconf 77' lang='lat' dir='ltr'><strong><em>(Ex</em></strong></span> <span class='ocrx_word' id='word_1_402' title='bbox 1473 3138 1671 3188; x_wconf 70' lang='lat' dir='ltr'><strong><em>Schmn.</em></strong></span> <span class='ocrx_word' id='word_1_403' title='bbox 1712 3131 1839 3182; x_wconf 88' lang='lat' dir='ltr'><strong><em>Bibl.</em></strong></span> <span class='ocrx_word' id='word_1_404' title='bbox 1886 3129 2016 3179; x_wconf 80' lang='lat' dir='ltr'><strong><em>Hist.</em></strong></span> <span class='ocrx_word' id='word_1_405' title='bbox 2053 3127 2146 3176; x_wconf 86' lang='lat' dir='ltr'><strong><em>litt.</em></strong></span> <span class='ocrx_word' id='word_1_406' title='bbox 2189 3134 2302 3176; x_wconf 90' lang='lat' dir='ltr'><strong><em>tom.</em></strong></span> <span class='ocrx_word' id='word_1_407' title='bbox 2351 3122 2448 3187; x_wconf 85' lang='lat' dir='ltr'><strong><em>ll.)</em></strong></span> 
     </span>
    </p>
   </div>
   <div class='ocr_carea' id='block_1_57' title="bbox 739 3274 1389 3351">
    <p class='ocr_par' dir='ltr' id='par_1_57' title="bbox 739 3274 1389 3351">
     <span class='ocr_line' id='line_1_58' title="bbox 739 3274 1389 3351; baseline -0.014 -19"><span class='ocrx_word' id='word_1_408' title='bbox 739 3279 836 3351; x_wconf 72' lang='lat' dir='ltr'><strong><em>§l.</em></strong></span> <span class='ocrx_word' id='word_1_409' title='bbox 882 3276 996 3331; x_wconf 81' lang='lat' dir='ltr'><strong><em>Vita</em></strong></span> <span class='ocrx_word' id='word_1_410' title='bbox 1034 3274 1184 3344; x_wconf 80' lang='lat' dir='ltr'><strong><em>Xysti</em></strong></span> <span class='ocrx_word' id='word_1_411' title='bbox 1221 3286 1389 3342; x_wconf 66' lang='lat' dir='ltr'><strong><em>paper.</em></strong></span> 
     </span>
    </p>
   </div>
   <div class='ocr_carea' id='block_1_58' title="bbox 337 3354 1853 3434">
    <p class='ocr_par' dir='ltr' id='par_1_58' title="bbox 337 3354 1853 3434">
     <span class='ocr_line' id='line_1_59' title="bbox 337 3354 1853 3434; baseline -0.018 -3"><span class='ocrx_word' id='word_1_412' title='bbox 337 3377 471 3432; x_wconf 89' lang='lat' dir='ltr'><strong><em>Ortu</em></strong></span> <span class='ocrx_word' id='word_1_413' title='bbox 505 3373 804 3434; x_wconf 73' lang='lat' dir='ltr'><strong><em>Romanus,</em></strong></span> <span class='ocrx_word' id='word_1_414' title='bbox 833 3367 1126 3424; x_wconf 59' lang='lat' dir='ltr'><strong><em>Caelestino</em></strong></span> <span class='ocrx_word' id='word_1_415' title='bbox 1155 3360 1416 3418; x_wconf 86' lang='lat' dir='ltr'><strong><em>successit</em></strong></span> <span class='ocrx_word' id='word_1_416' title='bbox 1444 3371 1583 3411; x_wconf 87' lang='lat' dir='ltr'><strong><em>anno</em></strong></span> <span class='ocrx_word' id='word_1_417' title='bbox 1607 3354 1736 3418; x_wconf 68' lang='grc'><strong><em>4³59,</em></strong></span> <span class='ocrx_word' id='word_1_418' title='bbox 1766 3366 1853 3405; x_wconf 89' lang='lat' dir='ltr'><strong><em>or-</em></strong></span> 
     </span>
    </p>
   </div>
   <div class='ocr_carea' id='block_1_59' title="bbox 268 3444 1858 3522">
    <p class='ocr_par' dir='ltr' id='par_1_59' title="bbox 268 3444 1858 3522">
     <span class='ocr_line' id='line_1_60' title="bbox 268 3444 1858 3522; baseline -0.016 0"><span class='ocrx_word' id='word_1_419' title='bbox 268 3469 484 3522; x_wconf 86' lang='lat' dir='ltr'><strong><em>dinatus</em></strong></span> <span class='ocrx_word' id='word_1_420' title='bbox 517 3463 810 3520; x_wconf 88' lang='lat' dir='ltr'><strong><em>secundum</em></strong></span> <span class='ocrx_word' id='word_1_421' title='bbox 844 3459 1126 3515; x_wconf 86' lang='lat' dir='ltr'><strong><em>Baronium</em></strong></span> <span class='ocrx_word' id='word_1_422' title='bbox 1147 3455 1215 3509; x_wconf 75' lang='grc'><strong><em>26</em></strong></span> <span class='ocrx_word' id='word_1_423' title='bbox 1244 3454 1328 3508; x_wconf 90' lang='lat' dir='ltr'><strong><em>die</em></strong></span> <span class='ocrx_word' id='word_1_424' title='bbox 1347 3452 1559 3520; x_wconf 80' lang='lat' dir='ltr'><strong><em>Aprilis,</em></strong></span> <span class='ocrx_word' id='word_1_425' title='bbox 1587 3447 1746 3516; x_wconf 83' lang='lat' dir='ltr'><strong><em>Pagio</em></strong></span> <span class='ocrx_word' id='word_1_426' title='bbox 1768 3444 1858 3514; x_wconf 87' lang='lat' dir='ltr'><strong><em>ju-</em></strong></span> 
     </span>
    </p>
   </div>
   <div class='ocr_carea' id='block_1_60' title="bbox 268 3535 1853 3613">
    <p class='ocr_par' dir='ltr' id='par_1_60' title="bbox 268 3535 1853 3613">
     <span class='ocr_line' id='line_1_61' title="bbox 268 3535 1853 3613; baseline -0.016 -2"><span class='ocrx_word' id='word_1_427' title='bbox 268 3560 384 3613; x_wconf 81' lang='lat' dir='ltr'><strong><em>dice</em></strong></span> <span class='ocrx_word' id='word_1_428' title='bbox 400 3555 572 3611; x_wconf 60' lang='grc' dir='ltr'><strong><em>«Περι</em></strong></span> <span class='ocrx_word' id='word_1_429' title='bbox 588 3553 786 3608; x_wconf 89' lang='lat' dir='ltr'><strong><em>mensis</em></strong></span> <span class='ocrx_word' id='word_1_430' title='bbox 807 3543 951 3607; x_wconf 68' lang='lat' dir='ltr'><strong><em>Iulii.</em></strong></span> <span class='ocrx_word' id='word_1_431' title='bbox 984 3549 1083 3603; x_wconf 84' lang='lat' dir='ltr'><strong><em>llic</em></strong></span> <span class='ocrx_word' id='word_1_432' title='bbox 1099 3547 1224 3601; x_wconf 90' lang='lat' dir='ltr'><strong><em>dum</em></strong></span> <span class='ocrx_word' id='word_1_433' title='bbox 1254 3543 1429 3598; x_wconf 88' lang='lat' dir='ltr'><strong><em>adhuc</em></strong></span> <span class='ocrx_word' id='word_1_434' title='bbox 1450 3543 1502 3595; x_wconf 90' lang='lat' dir='ltr'><strong><em>in</em></strong></span> <span class='ocrx_word' id='word_1_435' title='bbox 1521 3535 1853 3609; x_wconf 84' lang='lat' dir='ltr'><strong><em>presbyterio</em></strong></span> 
     </span>
    </p>
   </div>
   <div class='ocr_carea' id='block_1_61' title="bbox 273 3627 1851 3707">
    <p class='ocr_par' dir='ltr' id='par_1_61' title="bbox 273 3627 1851 3707">
     <span class='ocr_line' id='line_1_62' title="bbox 273 3627 1851 3707; baseline -0.016 -5"><span class='ocrx_word' id='word_1_436' title='bbox 273 3649 605 3703; x_wconf 82' lang='lat' dir='ltr'><strong><em>constitutus</em></strong></span> <span class='ocrx_word' id='word_1_437' title='bbox 656 3653 837 3707; x_wconf 81' lang='lat' dir='ltr'><strong><em>esset,</em></strong></span> <span class='ocrx_word' id='word_1_438' title='bbox 885 3641 1007 3696; x_wconf 91' lang='lat' dir='ltr'><strong><em>odio</em></strong></span> <span class='ocrx_word' id='word_1_439' title='bbox 1056 3639 1110 3692; x_wconf 91' lang='lat' dir='ltr'><strong><em>in</em></strong></span> <span class='ocrx_word' id='word_1_440' title='bbox 1161 3635 1433 3702; x_wconf 85' lang='lat' dir='ltr'><strong><em>Pelagium</em></strong></span> <span class='ocrx_word' id='word_1_441' title='bbox 1458 3642 1511 3687; x_wconf 89' lang='lat' dir='ltr'><strong><em>et</em></strong></span> <span class='ocrx_word' id='word_1_442' title='bbox 1538 3627 1851 3705; x_wconf 76' lang='lat' dir='ltr'><strong><em>leeSIium</em></strong></span> 
     </span>
    </p>
   </div>
   <div class='ocr_carea' id='block_1_62' title="bbox 274 3720 1855 3805">
    <p class='ocr_par' dir='ltr' id='par_1_62' title="bbox 274 3720 1855 3805">
     <span class='ocr_line' id='line_1_63' title="bbox 274 3720 1855 3805; baseline -0.015 -13"><span class='ocrx_word' id='word_1_443' title='bbox 274 3756 472 3794; x_wconf 88' lang='lat' dir='ltr'><strong><em>nomen</em></strong></span> <span class='ocrx_word' id='word_1_444' title='bbox 505 3752 664 3790; x_wconf 90' lang='lat' dir='ltr'><strong><em>suum</em></strong></span> <span class='ocrx_word' id='word_1_445' title='bbox 698 3736 952 3805; x_wconf 80' lang='lat' dir='ltr'><strong><em>inclytum</em></strong></span> <span class='ocrx_word' id='word_1_446' title='bbox 1001 3729 1150 3785; x_wconf 83' lang='lat' dir='ltr'><strong><em>fecit.</em></strong></span> <span class='ocrx_word' id='word_1_447' title='bbox 1192 3726 1322 3781; x_wconf 82' lang='lat' dir='ltr'><strong><em>Nam</em></strong></span> <span class='ocrx_word' id='word_1_448' title='bbox 1364 3738 1483 3778; x_wconf 85' lang='lat' dir='ltr'><strong><em>cum</em></strong></span> <span class='ocrx_word' id='word_1_449' title='bbox 1527 3720 1708 3775; x_wconf 87' lang='lat' dir='ltr'><strong><em>nescio</em></strong></span> <span class='ocrx_word' id='word_1_450' title='bbox 1749 3730 1855 3786; x_wconf 88' lang='lat' dir='ltr'><strong><em>quo</em></strong></span> 
     </span>
    </p>
   </div>
   <div class='ocr_carea' id='block_1_63' title="bbox 274 3809 1852 3896">
    <p class='ocr_par' dir='ltr' id='par_1_63' title="bbox 274 3809 1852 3896">
     <span class='ocr_line' id='line_1_64' title="bbox 274 3809 1852 3896; baseline -0.015 -14"><span class='ocrx_word' id='word_1_451' title='bbox 274 3839 430 3896; x_wconf 85' lang='lat' dir='ltr'><strong><em>pacto</em></strong></span> <span class='ocrx_word' id='word_1_452' title='bbox 460 3828 605 3881; x_wconf 80' lang='lat' dir='ltr'><strong><em>fatua</em></strong></span> <span class='ocrx_word' id='word_1_453' title='bbox 631 3825 808 3893; x_wconf 89' lang='lat' dir='ltr'><strong><em>aliqua</em></strong></span> <span class='ocrx_word' id='word_1_454' title='bbox 837 3823 1056 3876; x_wconf 87' lang='lat' dir='ltr'><strong><em>suborta</em></strong></span> <span class='ocrx_word' id='word_1_455' title='bbox 1080 3825 1248 3883; x_wconf 87' lang='lat' dir='ltr'><strong><em>esset,</em></strong></span> <span class='ocrx_word' id='word_1_456' title='bbox 1287 3815 1512 3887; x_wconf 79' lang='lat' dir='ltr'><strong><em>Xystum</em></strong></span> <span class='ocrx_word' id='word_1_457' title='bbox 1546 3826 1650 3865; x_wconf 92' lang='lat' dir='ltr'><strong><em>non</em></strong></span> <span class='ocrx_word' id='word_1_458' title='bbox 1681 3809 1852 3862; x_wconf 89' lang='lat' dir='ltr'><strong><em>solum</em></strong></span> 
     </span>
    </p>
   </div>
   <div class='ocr_carea' id='block_1_64' title="bbox 275 3897 1858 3993">
    <p class='ocr_par' dir='ltr' id='par_1_64' title="bbox 275 3897 1858 3993">
     <span class='ocr_line' id='line_1_65' title="bbox 275 3897 1858 3993; baseline -0.015 -21"><span class='ocrx_word' id='word_1_459' title='bbox 275 3919 480 3993; x_wconf 71' lang='lat' dir='ltr'><strong><em>Pelagii</em></strong></span> <span class='ocrx_word' id='word_1_460' title='bbox 504 3915 764 3970; x_wconf 83' lang='lat' dir='ltr'><strong><em>doctrinae</em></strong></span> <span class='ocrx_word' id='word_1_461' title='bbox 810 3911 1013 3977; x_wconf 84' lang='lat' dir='ltr'><strong><em>lavere,</em></strong></span> <span class='ocrx_word' id='word_1_462' title='bbox 1038 3907 1132 3964; x_wconf 85' lang='lat' dir='ltr'><strong><em>sed</em></strong></span> <span class='ocrx_word' id='word_1_463' title='bbox 1165 3909 1398 3976; x_wconf 88' lang='lat' dir='ltr'><strong><em>ipsorum</em></strong></span> <span class='ocrx_word' id='word_1_464' title='bbox 1427 3902 1587 3957; x_wconf 88' lang='lat' dir='ltr'><strong><em>etiam</em></strong></span> <span class='ocrx_word' id='word_1_465' title='bbox 1620 3897 1858 3965; x_wconf 84' lang='lat' dir='ltr'><strong><em>Pelagia-</em></strong></span> 
     </span>
    </p>
   </div>
   <div class='ocr_carea' id='block_1_65' title="bbox 275 3987 1857 4070">
    <p class='ocr_par' dir='ltr' id='par_1_65' title="bbox 275 3987 1857 4070">
     <span class='ocr_line' id='line_1_66' title="bbox 275 3987 1857 4070; baseline -0.015 -8"><span class='ocrx_word' id='word_1_466' title='bbox 275 4025 468 4063; x_wconf 76' lang='lat' dir='ltr'><strong><em>norum</em></strong></span> <span class='ocrx_word' id='word_1_467' title='bbox 499 4008 731 4061; x_wconf 88' lang='lat' dir='ltr'><strong><em>amicum</em></strong></span> <span class='ocrx_word' id='word_1_468' title='bbox 767 4019 828 4059; x_wconf 86' lang='lat' dir='ltr'><strong><em>ac</em></strong></span> <span class='ocrx_word' id='word_1_469' title='bbox 859 4011 1141 4070; x_wconf 87' lang='lat' dir='ltr'><strong><em>patronum</em></strong></span> <span class='ocrx_word' id='word_1_470' title='bbox 1183 4012 1341 4052; x_wconf 85' lang='lat' dir='ltr'><strong><em>esse:</em></strong></span> <span class='ocrx_word' id='word_1_471' title='bbox 1388 3994 1526 4048; x_wconf 83' lang='lat' dir='ltr'><strong><em>adeo</em></strong></span> <span class='ocrx_word' id='word_1_472' title='bbox 1551 3987 1730 4045; x_wconf 86' lang='lat' dir='ltr'><strong><em>animo</em></strong></span> <span class='ocrx_word' id='word_1_473' title='bbox 1776 3989 1857 4040; x_wconf 86' lang='lat' dir='ltr'><strong><em>in-</em></strong></span> 
     </span>
    </p>
   </div>
   <div class='ocr_carea' id='block_1_66' title="bbox 273 4079 1856 4154">
    <p class='ocr_par' dir='ltr' id='par_1_66' title="bbox 273 4079 1856 4154">
     <span class='ocr_line' id='line_1_67' title="bbox 273 4079 1856 4154; baseline -0.013 -2"><span class='ocrx_word' id='word_1_474' title='bbox 273 4114 475 4154; x_wconf 79' lang='lat' dir='ltr'><strong><em>census</em></strong></span> <span class='ocrx_word' id='word_1_475' title='bbox 499 4107 582 4152; x_wconf 87' lang='lat' dir='ltr'><strong><em>est</em></strong></span> <span class='ocrx_word' id='word_1_476' title='bbox 614 4095 680 4149; x_wconf 91' lang='lat' dir='ltr'><strong><em>ad</em></strong></span> <span class='ocrx_word' id='word_1_477' title='bbox 711 4095 850 4148; x_wconf 85' lang='lat' dir='ltr'><strong><em>hanc</em></strong></span> <span class='ocrx_word' id='word_1_478' title='bbox 871 4089 1194 4147; x_wconf 79' lang='lat' dir='ltr'><strong><em>calumniam</em></strong></span> <span class='ocrx_word' id='word_1_479' title='bbox 1221 4084 1549 4147; x_wconf 87' lang='lat' dir='ltr'><strong><em>diluendam,</em></strong></span> <span class='ocrx_word' id='word_1_480' title='bbox 1573 4089 1630 4134; x_wconf 93' lang='lat' dir='ltr'><strong><em>ut</em></strong></span> <span class='ocrx_word' id='word_1_481' title='bbox 1654 4079 1856 4147; x_wconf 84' lang='lat' dir='ltr'><strong><em>primus</em></strong></span> 
     </span>
    </p>
   </div>
   <div class='ocr_carea' id='block_1_67' title="bbox 274 4166 1855 4245">
    <p class='ocr_par' dir='ltr' id='par_1_67' title="bbox 274 4166 1855 4245">
     <span class='ocr_line' id='line_1_68' title="bbox 274 4166 1855 4245; baseline -0.014 -3"><span class='ocrx_word' id='word_1_482' title='bbox 274 4191 324 4244; x_wconf 90' lang='lat' dir='ltr'><strong><em>in</em></strong></span> <span class='ocrx_word' id='word_1_483' title='bbox 347 4189 588 4245; x_wconf 89' lang='lat' dir='ltr'><strong><em>concilio</em></strong></span> <span class='ocrx_word' id='word_1_484' title='bbox 620 4174 860 4241; x_wconf 74' lang='lat' dir='ltr'><strong><em>leestii</em></strong></span> <span class='ocrx_word' id='word_1_485' title='bbox 890 4197 1049 4237; x_wconf 86' lang='lat' dir='ltr'><strong><em>causa</em></strong></span> <span class='ocrx_word' id='word_1_486' title='bbox 1078 4196 1129 4234; x_wconf 85' lang='lat' dir='ltr'><strong><em>a.</em></strong></span> <span class='ocrx_word' id='word_1_487' title='bbox 1157 4178 1262 4234; x_wconf 69' lang='grc'><strong><em>418</em></strong></span> <span class='ocrx_word' id='word_1_488' title='bbox 1289 4176 1471 4230; x_wconf 89' lang='lat' dir='ltr'><strong><em>habito</em></strong></span> <span class='ocrx_word' id='word_1_489' title='bbox 1498 4171 1776 4226; x_wconf 84' lang='lat' dir='ltr'><strong><em>anathema</em></strong></span> <span class='ocrx_word' id='word_1_490' title='bbox 1802 4166 1855 4221; x_wconf 91' lang='lat' dir='ltr'><strong><em>in</em></strong></span> 
     </span>
    </p>
   </div>
   <div class='ocr_carea' id='block_1_68' title="bbox 271 4261 1855 4352">
    <p class='ocr_par' dir='ltr' id='par_1_68' title="bbox 271 4261 1855 4352">
     <span class='ocr_line' id='line_1_69' title="bbox 271 4261 1855 4352; baseline -0.014 -15"><span class='ocrx_word' id='word_1_491' title='bbox 271 4297 394 4338; x_wconf 86' lang='lat' dir='ltr'><strong><em>eum</em></strong></span> <span class='ocrx_word' id='word_1_492' title='bbox 427 4280 829 4352; x_wconf 86' lang='lat' dir='ltr'><strong><em>pronuntiaret.</em></strong></span> <span class='ocrx_word' id='word_1_493' title='bbox 862 4275 980 4330; x_wconf 81' lang='lat' dir='ltr'><strong><em>Mox</em></strong></span> <span class='ocrx_word' id='word_1_494' title='bbox 1007 4274 1164 4338; x_wconf 83' lang='lat' dir='ltr'><strong><em>etiam</em></strong></span> <span class='ocrx_word' id='word_1_495' title='bbox 1192 4270 1384 4325; x_wconf 85' lang='lat' dir='ltr'><strong><em>litteris</em></strong></span> <span class='ocrx_word' id='word_1_496' title='bbox 1411 4267 1476 4321; x_wconf 88' lang='lat' dir='ltr'><strong><em>ad</em></strong></span> <span class='ocrx_word' id='word_1_497' title='bbox 1501 4261 1855 4334; x_wconf 82' lang='lat' dir='ltr'><strong><em>Augustinum</em></strong></span> 
     </span>
    </p>
   </div>
   <div class='ocr_carea' id='block_1_69' title="bbox 270 4351 1856 4445">
    <p class='ocr_par' dir='ltr' id='par_1_69' title="bbox 270 4351 1856 4445">
     <span class='ocr_line' id='line_1_70' title="bbox 270 4351 1856 4445; baseline -0.015 -15"><span class='ocrx_word' id='word_1_498' title='bbox 270 4388 325 4430; x_wconf 86' lang='lat' dir='ltr'><strong><em>et</em></strong></span> <span class='ocrx_word' id='word_1_499' title='bbox 373 4351 636 4445; x_wconf 79' lang='lat' dir='ltr'><strong><em>Alypium</em></strong></span> <span class='ocrx_word' id='word_1_500' title='bbox 668 4369 881 4439; x_wconf 88' lang='lat' dir='ltr'><strong><em>scriptis</em></strong></span> <span class='ocrx_word' id='word_1_501' title='bbox 930 4367 1229 4422; x_wconf 87' lang='lat' dir='ltr'><strong><em>doctrinam</em></strong></span> <span class='ocrx_word' id='word_1_502' title='bbox 1275 4375 1426 4416; x_wconf 89' lang='lat' dir='ltr'><strong><em>suam</em></strong></span> <span class='ocrx_word' id='word_1_503' title='bbox 1473 4359 1540 4414; x_wconf 88' lang='lat' dir='ltr'><strong><em>de</em></strong></span> <span class='ocrx_word' id='word_1_504' title='bbox 1588 4356 1755 4425; x_wconf 82' lang='lat' dir='ltr'><strong><em>gratia</em></strong></span> <span class='ocrx_word' id='word_1_505' title='bbox 1785 4351 1856 4408; x_wconf 88' lang='lat' dir='ltr'><strong><em>ita</em></strong></span> 
     </span>
    </p>
   </div>
   <div class='ocr_carea' id='block_1_70' title="bbox 272 4450 1858 4540">
    <p class='ocr_par' dir='ltr' id='par_1_70' title="bbox 272 4450 1858 4540">
     <span class='ocr_line' id='line_1_71' title="bbox 272 4450 1858 4540; baseline -0.013 -17"><span class='ocrx_word' id='word_1_506' title='bbox 272 4470 587 4540; x_wconf 77' lang='lat' dir='ltr'><strong><em>explicavit,</em></strong></span> <span class='ocrx_word' id='word_1_507' title='bbox 623 4477 677 4520; x_wconf 91' lang='lat' dir='ltr'><strong><em>ut</em></strong></span> <span class='ocrx_word' id='word_1_508' title='bbox 707 4467 802 4519; x_wconf 88' lang='lat' dir='ltr'><strong><em>ille</em></strong></span> <span class='ocrx_word' id='word_1_509' title='bbox 833 4463 932 4518; x_wconf 89' lang='lat' dir='ltr'><strong><em>sibi</em></strong></span> <span class='ocrx_word' id='word_1_510' title='bbox 958 4472 1284 4530; x_wconf 77' lang='lat' dir='ltr'><strong><em>magnopere</em></strong></span> <span class='ocrx_word' id='word_1_511' title='bbox 1311 4469 1426 4510; x_wconf 87' lang='lat' dir='ltr'><strong><em>eam</em></strong></span> <span class='ocrx_word' id='word_1_512' title='bbox 1457 4450 1670 4522; x_wconf 88' lang='lat' dir='ltr'><strong><em>probari</em></strong></span> <span class='ocrx_word' id='word_1_513' title='bbox 1700 4459 1858 4516; x_wconf 87' lang='lat' dir='ltr'><strong><em>atque</em></strong></span> 
     </span>
    </p>
   </div>
   <div class='ocr_carea' id='block_1_71' title="bbox 272 4539 1851 4629">
    <p class='ocr_par' dir='ltr' id='par_1_71' title="bbox 272 4539 1851 4629">
     <span class='ocr_line' id='line_1_72' title="bbox 272 4539 1851 4629; baseline -0.016 -15"><span class='ocrx_word' id='word_1_514' title='bbox 272 4539 492 4629; x_wconf 86' lang='lat' dir='ltr'><strong><em>placere</em></strong></span> <span class='ocrx_word' id='word_1_515' title='bbox 521 4557 766 4627; x_wconf 86' lang='lat' dir='ltr'><strong><em>epistolis</em></strong></span> <span class='ocrx_word' id='word_1_516' title='bbox 793 4556 1085 4610; x_wconf 89' lang='lat' dir='ltr'><strong><em>etiamnum</em></strong></span> <span class='ocrx_word' id='word_1_517' title='bbox 1107 4545 1484 4618; x_wconf 88' lang='lat' dir='ltr'><strong><em>superstitibus</em></strong></span> <span class='ocrx_word' id='word_1_518' title='bbox 1510 4539 1851 4611; x_wconf 63' lang='lat' dir='ltr'><strong><em>significaret.</em></strong></span> 
     </span>
    </p>
   </div>
   <div class='ocr_carea' id='block_1_72' title="bbox 273 4629 1938 4720">
    <p class='ocr_par' dir='ltr' id='par_1_72' title="bbox 273 4629 1938 4720">
     <span class='ocr_line' id='line_1_73' title="bbox 273 4629 1938 4720; baseline -0.014 -15"><span class='ocrx_word' id='word_1_519' title='bbox 273 4652 404 4720; x_wconf 75' lang='lat' dir='ltr'><strong><em>Quce</em></strong></span> <span class='ocrx_word' id='word_1_520' title='bbox 433 4653 620 4706; x_wconf 63' lang='lat' dir='ltr'><strong><em>«turnia</em></strong></span> <span class='ocrx_word' id='word_1_521' title='bbox 643 4652 688 4704; x_wconf 85' lang='lat' dir='ltr'><strong><em>ei</em></strong></span> <span class='ocrx_word' id='word_1_522' title='bbox 717 4666 820 4703; x_wconf 88' lang='lat' dir='ltr'><strong><em>non</em></strong></span> <span class='ocrx_word' id='word_1_523' title='bbox 851 4653 1133 4716; x_wconf 90' lang='lat' dir='ltr'><strong><em>potuerunt</em></strong></span> <span class='ocrx_word' id='word_1_524' title='bbox 1165 4656 1269 4695; x_wconf 89' lang='lat' dir='ltr'><strong><em>non</em></strong></span> <span class='ocrx_word' id='word_1_525' title='bbox 1297 4637 1551 4708; x_wconf 89' lang='lat' dir='ltr'><strong><em>prodesse</em></strong></span> <span class='ocrx_word' id='word_1_526' title='bbox 1573 4634 1637 4687; x_wconf 86' lang='lat' dir='ltr'><strong><em>ad</em></strong></span> <span class='ocrx_word' id='word_1_527' title='bbox 1669 4644 1861 4685; x_wconf 88' lang='lat' dir='ltr'><strong><em>conse-</em></strong></span> <span class='ocrx_word' id='word_1_528' title='bbox 1886 4629 1938 4688; x_wconf 91' lang='lat' dir='ltr'><strong>D</strong></span> 
     </span>
    </p>
   </div>
   <div class='ocr_carea' id='block_1_73' title="bbox 275 4724 1860 4815">
    <p class='ocr_par' dir='ltr' id='par_1_73' title="bbox 275 4724 1860 4815">
     <span class='ocr_line' id='line_1_74' title="bbox 275 4724 1860 4815; baseline -0.017 -14"><span class='ocrx_word' id='word_1_529' title='bbox 275 4747 560 4815; x_wconf 76' lang='lat' dir='ltr'><strong><em>quendam</em></strong></span> <span class='ocrx_word' id='word_1_530' title='bbox 593 4757 861 4797; x_wconf 88' lang='lat' dir='ltr'><strong><em>summum</em></strong></span> <span class='ocrx_word' id='word_1_531' title='bbox 915 4735 1291 4794; x_wconf 74' lang='lat' dir='ltr'><strong><em>ecelesiasticre</em></strong></span> <span class='ocrx_word' id='word_1_532' title='bbox 1329 4729 1598 4801; x_wconf 81' lang='lat' dir='ltr'><strong><em>dignitatis</em></strong></span> <span class='ocrx_word' id='word_1_533' title='bbox 1629 4724 1860 4794; x_wconf 86' lang='lat' dir='ltr'><strong><em>apicem.</em></strong></span> 
     </span>
    </p>
   </div>
   <div class='ocr_carea' id='block_1_74' title="bbox 276 4815 1866 4907">
    <p class='ocr_par' dir='ltr' id='par_1_74' title="bbox 276 4815 1866 4907">
     <span class='ocr_line' id='line_1_75' title="bbox 276 4815 1866 4907; baseline -0.016 -17"><span class='ocrx_word' id='word_1_534' title='bbox 276 4837 526 4907; x_wconf 77' lang='lat' dir='ltr'><strong><em>Contigit</em></strong></span> <span class='ocrx_word' id='word_1_535' title='bbox 554 4842 756 4896; x_wconf 83' lang='lat' dir='ltr'><strong><em>autem,</em></strong></span> <span class='ocrx_word' id='word_1_536' title='bbox 786 4842 845 4885; x_wconf 86' lang='lat' dir='ltr'><strong><em>ut</em></strong></span> <span class='ocrx_word' id='word_1_537' title='bbox 875 4831 926 4884; x_wconf 92' lang='lat' dir='ltr'><strong><em>in</em></strong></span> <span class='ocrx_word' id='word_1_538' title='bbox 955 4831 1071 4899; x_wconf 84' lang='lat' dir='ltr'><strong><em>ipsa</em></strong></span> <span class='ocrx_word' id='word_1_539' title='bbox 1099 4823 1434 4881; x_wconf 89' lang='lat' dir='ltr'><strong><em>ordinatione</em></strong></span> <span class='ocrx_word' id='word_1_540' title='bbox 1475 4819 1591 4887; x_wconf 87' lang='lat' dir='ltr'><strong><em>ejus</em></strong></span> <span class='ocrx_word' id='word_1_541' title='bbox 1614 4815 1866 4869; x_wconf 83' lang='lat' dir='ltr'><strong><em>adessent</em></strong></span> 
     </span>
    </p>
   </div>
   <div class='ocr_carea' id='block_1_75' title="bbox 277 4910 1863 4997">
    <p class='ocr_par' dir='ltr' id='par_1_75' title="bbox 277 4910 1863 4997">
     <span class='ocr_line' id='line_1_76' title="bbox 277 4910 1863 4997; baseline -0.017 -13"><span class='ocrx_word' id='word_1_542' title='bbox 277 4933 440 4997; x_wconf 59' lang='lat' dir='ltr'><strong><em>legati</em></strong></span> <span class='ocrx_word' id='word_1_543' title='bbox 489 4927 680 4997; x_wconf 81' lang='lat' dir='ltr'><strong><em>Cyrilli</em></strong></span> <span class='ocrx_word' id='word_1_544' title='bbox 730 4921 1078 4979; x_wconf 76' lang='lat' dir='ltr'><strong><em>Alexandrini</em></strong></span> <span class='ocrx_word' id='word_1_545' title='bbox 1115 4921 1450 4983; x_wconf 85' lang='lat' dir='ltr'><strong><em>aliorumque</em></strong></span> <span class='ocrx_word' id='word_1_546' title='bbox 1491 4910 1863 4979; x_wconf 83' lang='lat' dir='ltr'><strong><em>episcoporum</em></strong></span> 
     </span>
    </p>
   </div>
   <div class='ocr_carea' id='block_1_76' title="bbox 280 5003 1864 5087">
    <p class='ocr_par' dir='ltr' id='par_1_76' title="bbox 280 5003 1864 5087">
     <span class='ocr_line' id='line_1_77' title="bbox 280 5003 1864 5087; baseline -0.017 -11"><span class='ocrx_word' id='word_1_547' title='bbox 280 5024 428 5087; x_wconf 75' lang='lat' dir='ltr'><strong><em>pacis</em></strong></span> <span class='ocrx_word' id='word_1_548' title='bbox 461 5022 515 5073; x_wconf 89' lang='lat' dir='ltr'><strong><em>in</em></strong></span> <span class='ocrx_word' id='word_1_549' title='bbox 550 5017 769 5073; x_wconf 86' lang='lat' dir='ltr'><strong><em>Oriente</em></strong></span> <span class='ocrx_word' id='word_1_550' title='bbox 798 5009 1179 5082; x_wconf 65' lang='lat' dir='ltr'><strong><em>componendas</em></strong></span> <span class='ocrx_word' id='word_1_551' title='bbox 1201 5022 1360 5062; x_wconf 87' lang='lat' dir='ltr'><strong><em>causa</em></strong></span> <span class='ocrx_word' id='word_1_552' title='bbox 1391 5003 1456 5058; x_wconf 88' lang='lat' dir='ltr'><strong><em>ad</em></strong></span> <span class='ocrx_word' id='word_1_553' title='bbox 1485 5011 1864 5071; x_wconf 78' lang='lat' dir='ltr'><strong><em>pra-cessorem</em></strong></span> 
     </span>
    </p>
   </div>
   <div class='ocr_carea' id='block_1_77' title="bbox 281 5087 1867 5179">
    <p class='ocr_par' dir='ltr' id='par_1_77' title="bbox 281 5087 1867 5179">
     <span class='ocr_line' id='line_1_78' title="bbox 281 5087 1867 5179; baseline -0.014 -16"><span class='ocrx_word' id='word_1_554' title='bbox 281 5113 398 5179; x_wconf 75' lang='lat' dir='ltr'><strong><em>ejus</em></strong></span> <span class='ocrx_word' id='word_1_555' title='bbox 453 5110 647 5172; x_wconf 88' lang='lat' dir='ltr'><strong><em>missi;</em></strong></span> <span class='ocrx_word' id='word_1_556' title='bbox 700 5113 1022 5175; x_wconf 78' lang='lat' dir='ltr'><strong><em>quapropter</em></strong></span> <span class='ocrx_word' id='word_1_557' title='bbox 1071 5099 1266 5155; x_wconf 81' lang='lat' dir='ltr'><strong><em>eximie</em></strong></span> <span class='ocrx_word' id='word_1_558' title='bbox 1311 5096 1523 5149; x_wconf 72' lang='lat' dir='ltr'><strong><em>lmtatur</em></strong></span> <span class='ocrx_word' id='word_1_559' title='bbox 1562 5093 1612 5145; x_wconf 91' lang='lat' dir='ltr'><strong><em>in</em></strong></span> <span class='ocrx_word' id='word_1_560' title='bbox 1640 5087 1867 5157; x_wconf 86' lang='lat' dir='ltr'><strong><em>epistola</em></strong></span> 
     </span>
    </p>
   </div>
   <div class='ocr_carea' id='block_1_78' title="bbox 285 5185 1868 5273">
    <p class='ocr_par' dir='ltr' id='par_1_78' title="bbox 285 5185 1868 5273">
     <span class='ocr_line' id='line_1_79' title="bbox 285 5185 1868 5273; baseline -0.015 -16"><span class='ocrx_word' id='word_1_561' title='bbox 285 5205 350 5257; x_wconf 80' lang='lat' dir='ltr'><strong><em>ad</em></strong></span> <span class='ocrx_word' id='word_1_562' title='bbox 381 5201 652 5273; x_wconf 80' lang='lat' dir='ltr'><strong><em>Cyrillum</em></strong></span> <span class='ocrx_word' id='word_1_563' title='bbox 675 5200 743 5254; x_wconf 92' lang='lat' dir='ltr'><strong><em>de</em></strong></span> <span class='ocrx_word' id='word_1_564' title='bbox 769 5197 1103 5253; x_wconf 85' lang='lat' dir='ltr'><strong><em>ordinatione</em></strong></span> <span class='ocrx_word' id='word_1_565' title='bbox 1124 5207 1216 5248; x_wconf 89' lang='lat' dir='ltr'><strong><em>sua</em></strong></span> <span class='ocrx_word' id='word_1_566' title='bbox 1245 5191 1386 5245; x_wconf 86' lang='lat' dir='ltr'><strong><em>data.</em></strong></span> <span class='ocrx_word' id='word_1_567' title='bbox 1420 5185 1620 5258; x_wconf 78' lang='lat' dir='ltr'><strong><em>Cyrillo</em></strong></span> <span class='ocrx_word' id='word_1_568' title='bbox 1641 5185 1782 5237; x_wconf 88' lang='lat' dir='ltr'><strong><em>enim</em></strong></span> <span class='ocrx_word' id='word_1_569' title='bbox 1813 5188 1868 5235; x_wconf 90' lang='lat' dir='ltr'><strong><em>et</em></strong></span> 
     </span>
    </p>
   </div>
   <div class='ocr_carea' id='block_1_79' title="bbox 283 5272 1870 5358">
    <p class='ocr_par' dir='ltr' id='par_1_79' title="bbox 283 5272 1870 5358">
     <span class='ocr_line' id='line_1_80' title="bbox 283 5272 1870 5358; baseline -0.014 -11"><span class='ocrx_word' id='word_1_570' title='bbox 283 5272 548 5358; x_wconf 80' lang='lat' dir='ltr'><strong><em>Epltcsiui</em></strong></span> <span class='ocrx_word' id='word_1_571' title='bbox 579 5289 794 5346; x_wconf 90' lang='lat' dir='ltr'><strong><em>concilii</em></strong></span> <span class='ocrx_word' id='word_1_572' title='bbox 827 5286 1036 5356; x_wconf 87' lang='lat' dir='ltr'><strong><em>placitis</em></strong></span> <span class='ocrx_word' id='word_1_573' title='bbox 1062 5282 1337 5338; x_wconf 72' lang='lat' dir='ltr'><strong><em>leestiui</em></strong></span> <span class='ocrx_word' id='word_1_574' title='bbox 1382 5275 1630 5344; x_wconf 78' lang='lat' dir='ltr'><strong><em>exemplo</em></strong></span> <span class='ocrx_word' id='word_1_575' title='bbox 1659 5272 1870 5327; x_wconf 79' lang='lat' dir='ltr'><strong><em>fortiter</em></strong></span> 
     </span>
    </p>
   </div>
   <div class='ocr_carea' id='block_1_80' title="bbox 283 5361 1870 5446">
    <p class='ocr_par' dir='ltr' id='par_1_80' title="bbox 283 5361 1870 5446">
     <span class='ocr_line' id='line_1_81' title="bbox 283 5361 1870 5446; baseline -0.012 -12"><span class='ocrx_word' id='word_1_576' title='bbox 283 5384 523 5437; x_wconf 67' lang='lat' dir='ltr'><strong><em>adhaasit</em></strong></span> <span class='ocrx_word' id='word_1_577' title='bbox 564 5381 867 5446; x_wconf 77' lang='lat' dir='ltr'><strong><em>frustraque</em></strong></span> <span class='ocrx_word' id='word_1_578' title='bbox 915 5378 981 5429; x_wconf 88' lang='lat' dir='ltr'><strong><em>ab</em></strong></span> <span class='ocrx_word' id='word_1_579' title='bbox 1027 5375 1214 5428; x_wconf 88' lang='lat' dir='ltr'><strong><em>iisdem</em></strong></span> <span class='ocrx_word' id='word_1_580' title='bbox 1262 5385 1382 5426; x_wconf 88' lang='lat' dir='ltr'><strong><em>eum</em></strong></span> <span class='ocrx_word' id='word_1_581' title='bbox 1416 5367 1653 5422; x_wconf 87' lang='lat' dir='ltr'><strong><em>alienare</em></strong></span> <span class='ocrx_word' id='word_1_582' title='bbox 1691 5361 1870 5418; x_wconf 83' lang='lat' dir='ltr'><strong><em>conati</em></strong></span> 
     </span>
    </p>
   </div>
   <div class='ocr_carea' id='block_1_81' title="bbox 284 5453 1865 5540">
    <p class='ocr_par' dir='ltr' id='par_1_81' title="bbox 284 5453 1865 5540">
     <span class='ocr_line' id='line_1_82' title="bbox 284 5453 1865 5540; baseline -0.015 -11"><span class='ocrx_word' id='word_1_583' title='bbox 284 5487 409 5529; x_wconf 88' lang='lat' dir='ltr'><strong><em>sunt</em></strong></span> <span class='ocrx_word' id='word_1_584' title='bbox 463 5472 756 5528; x_wconf 86' lang='lat' dir='ltr'><strong><em>Eutherius</em></strong></span> <span class='ocrx_word' id='word_1_585' title='bbox 787 5467 1122 5540; x_wconf 85' lang='lat' dir='ltr'><strong><em>&#39;t‘hyanensis</em></strong></span> <span class='ocrx_word' id='word_1_586' title='bbox 1151 5473 1205 5520; x_wconf 92' lang='lat' dir='ltr'><strong><em>ct</em></strong></span> <span class='ocrx_word' id='word_1_587' title='bbox 1230 5461 1506 5517; x_wconf 84' lang='lat' dir='ltr'><strong><em>Helladius</em></strong></span> <span class='ocrx_word' id='word_1_588' title='bbox 1553 5453 1865 5519; x_wconf 87' lang='lat' dir='ltr'><strong><em>Tarsensis,</em></strong></span> 
     </span>
    </p>
   </div>
   <div class='ocr_carea' id='block_1_82' title="bbox 286 5545 1869 5635">
    <p class='ocr_par' dir='ltr' id='par_1_82' title="bbox 286 5545 1869 5635">
     <span class='ocr_line' id='line_1_83' title="bbox 286 5545 1869 5635; baseline -0.014 -15"><span class='ocrx_word' id='word_1_589' title='bbox 286 5564 558 5635; x_wconf 84' lang='lat' dir='ltr'><strong><em>episcopi,</em></strong></span> <span class='ocrx_word' id='word_1_590' title='bbox 590 5565 714 5618; x_wconf 89' lang='lat' dir='ltr'><strong><em>licet</em></strong></span> <span class='ocrx_word' id='word_1_591' title='bbox 742 5576 870 5616; x_wconf 85' lang='lat' dir='ltr'><strong><em>vere</em></strong></span> <span class='ocrx_word' id='word_1_592' title='bbox 907 5575 1009 5614; x_wconf 87' lang='lat' dir='ltr'><strong><em>non</em></strong></span> <span class='ocrx_word' id='word_1_593' title='bbox 1065 5557 1242 5613; x_wconf 89' lang='lat' dir='ltr'><strong><em>minus</em></strong></span> <span class='ocrx_word' id='word_1_594' title='bbox 1287 5568 1445 5622; x_wconf 87' lang='lat' dir='ltr'><strong><em>quam</em></strong></span> <span class='ocrx_word' id='word_1_595' title='bbox 1492 5550 1726 5620; x_wconf 81' lang='lat' dir='ltr'><strong><em>graviter</em></strong></span> <span class='ocrx_word' id='word_1_596' title='bbox 1767 5545 1869 5614; x_wconf 89' lang='lat' dir='ltr'><strong><em>ipsi</em></strong></span> 
     </span>
    </p>
   </div>
   <div class='ocr_carea' id='block_1_83' title="bbox 287 5636 1874 5728">
    <p class='ocr_par' dir='ltr' id='par_1_83' title="bbox 287 5636 1874 5728">
     <span class='ocr_line' id='line_1_84' title="bbox 287 5636 1874 5728; baseline -0.016 -16"><span class='ocrx_word' id='word_1_597' title='bbox 287 5649 660 5728; x_wconf 73' lang='lat' dir='ltr'><strong><em>scripsiSsent,</em></strong></span> <span class='ocrx_word' id='word_1_598' title='bbox 695 5653 997 5708; x_wconf 77' lang='lat' dir='ltr'><strong><em>Nestorium</em></strong></span> <span class='ocrx_word' id='word_1_599' title='bbox 1037 5663 1187 5713; x_wconf 67' lang='lat' dir='ltr'><strong><em>teque</em></strong></span> <span class='ocrx_word' id='word_1_600' title='bbox 1216 5661 1278 5701; x_wconf 90' lang='lat' dir='ltr'><strong><em>ac</em></strong></span> <span class='ocrx_word' id='word_1_601' title='bbox 1307 5644 1440 5698; x_wconf 88' lang='lat' dir='ltr'><strong><em>alios</em></strong></span> <span class='ocrx_word' id='word_1_602' title='bbox 1470 5641 1750 5709; x_wconf 85' lang='lat' dir='ltr'><strong><em>episcopos</em></strong></span> <span class='ocrx_word' id='word_1_603' title='bbox 1791 5636 1874 5689; x_wconf 90' lang='lat' dir='ltr'><strong><em>in-</em></strong></span> 
     </span>
    </p>
   </div>
   <div class='ocr_carea' id='block_1_84' title="bbox 287 5725 1874 5815">
    <p class='ocr_par' dir='ltr' id='par_1_84' title="bbox 287 5725 1874 5815">
     <span class='ocr_line' id='line_1_85' title="bbox 287 5725 1874 5815; baseline -0.015 -11"><span class='ocrx_word' id='word_1_604' title='bbox 287 5725 434 5815; x_wconf 73' lang='lat' dir='ltr'><strong><em>iuste</em></strong></span> <span class='ocrx_word' id='word_1_605' title='bbox 460 5759 587 5802; x_wconf 88' lang='lat' dir='ltr'><strong><em>esse</em></strong></span> <span class='ocrx_word' id='word_1_606' title='bbox 613 5745 914 5810; x_wconf 83' lang='lat' dir='ltr'><strong><em>damnatos,</em></strong></span> <span class='ocrx_word' id='word_1_607' title='bbox 948 5739 1229 5796; x_wconf 81' lang='lat' dir='ltr'><strong><em>duodecim</em></strong></span> <span class='ocrx_word' id='word_1_608' title='bbox 1263 5733 1444 5807; x_wconf 85' lang='lat' dir='ltr'><strong><em>Cyrilli</em></strong></span> <span class='ocrx_word' id='word_1_609' title='bbox 1473 5729 1704 5802; x_wconf 81' lang='lat' dir='ltr'><strong><em>capitula</em></strong></span> <span class='ocrx_word' id='word_1_610' title='bbox 1757 5725 1874 5783; x_wconf 80' lang='lat' dir='ltr'><strong><em>bla-</em></strong></span> 
     </span>
    </p>
   </div>
   <div class='ocr_carea' id='block_1_85' title="bbox 1880 3250 3534 3323">
    <p class='ocr_par' dir='ltr' id='par_1_85' title="bbox 1880 3250 3534 3323">
     <span class='ocr_line' id='line_1_86' title="bbox 1880 3250 3534 3323; baseline -0.001 -13"><span class='ocrx_word' id='word_1_611' title='bbox 1880 3258 1926 3321; x_wconf 85' lang='lat' dir='ltr'>C</span> <span class='ocrx_word' id='word_1_612' title='bbox 1957 3256 2232 3323; x_wconf 82' lang='lat' dir='ltr'><strong><em>Sphemam</em></strong></span> <span class='ocrx_word' id='word_1_613' title='bbox 2263 3267 2382 3306; x_wconf 90' lang='lat' dir='ltr'><strong><em>esse</em></strong></span> <span class='ocrx_word' id='word_1_614' title='bbox 2429 3250 2716 3306; x_wconf 79' lang='lat' dir='ltr'><strong><em>novitatem</em></strong></span> <span class='ocrx_word' id='word_1_615' title='bbox 2768 3251 3039 3306; x_wconf 71' lang='lat' dir='ltr'><strong><em>universa:</em></strong></span> <span class='ocrx_word' id='word_1_616' title='bbox 3061 3252 3352 3322; x_wconf 58' lang='lat' dir='ltr'><strong><em>Scriptura:</em></strong></span> <span class='ocrx_word' id='word_1_617' title='bbox 3399 3267 3534 3308; x_wconf 92' lang='lat' dir='ltr'><strong><em>con-</em></strong></span> 
     </span>
    </p>
   </div>
   <div class='ocr_carea' id='block_1_86' title="bbox 1960 3343 3539 3412">
    <p class='ocr_par' dir='ltr' id='par_1_86' title="bbox 1960 3343 3539 3412">
     <span class='ocr_line' id='line_1_87' title="bbox 1960 3343 3539 3412; baseline -0.003 -12"><span class='ocrx_word' id='word_1_618' title='bbox 1960 3347 2198 3410; x_wconf 88' lang='lat' dir='ltr'><strong><em>trariam,</em></strong></span> <span class='ocrx_word' id='word_1_619' title='bbox 2232 3343 2599 3412; x_wconf 86' lang='lat' dir='ltr'><strong><em>legitimasquc</em></strong></span> <span class='ocrx_word' id='word_1_620' title='bbox 2629 3354 2684 3396; x_wconf 88' lang='lat' dir='ltr'><strong><em>et</em></strong></span> <span class='ocrx_word' id='word_1_621' title='bbox 2709 3343 2956 3411; x_wconf 82' lang='lat' dir='ltr'><strong><em>antiquas</em></strong></span> <span class='ocrx_word' id='word_1_622' title='bbox 2977 3352 3284 3397; x_wconf 85' lang='lat' dir='ltr'><strong><em>sanctorum</em></strong></span> <span class='ocrx_word' id='word_1_623' title='bbox 3319 3343 3539 3396; x_wconf 85' lang='lat' dir='ltr'><strong><em>Patrum</em></strong></span> 
     </span>
    </p>
   </div>
   <div class='ocr_carea' id='block_1_87' title="bbox 1958 3424 3527 3504">
    <p class='ocr_par' dir='ltr' id='par_1_87' title="bbox 1958 3424 3527 3504">
     <span class='ocr_line' id='line_1_88' title="bbox 1958 3424 3527 3504; baseline -0.003 -12"><span class='ocrx_word' id='word_1_624' title='bbox 1958 3437 2274 3493; x_wconf 88' lang='lat' dir='ltr'><strong><em>traditiones</em></strong></span> <span class='ocrx_word' id='word_1_625' title='bbox 2330 3435 2894 3498; x_wconf 85' lang='lat' dir='ltr'><strong><em>anathematizantem,</em></strong></span> <span class='ocrx_word' id='word_1_626' title='bbox 2945 3424 3090 3504; x_wconf 86' lang='lat' dir='ltr'><strong><em>gesta</em></strong></span> <span class='ocrx_word' id='word_1_627' title='bbox 3142 3435 3285 3489; x_wconf 91' lang='lat' dir='ltr'><strong><em>illius</em></strong></span> <span class='ocrx_word' id='word_1_628' title='bbox 3315 3436 3527 3489; x_wconf 88' lang='lat' dir='ltr'><strong><em>concilii</em></strong></span> 
     </span>
    </p>
   </div>
   <div class='ocr_carea' id='block_1_88' title="bbox 1957 3526 3541 3594">
    <p class='ocr_par' dir='ltr' id='par_1_88' title="bbox 1957 3526 3541 3594">
     <span class='ocr_line' id='line_1_89' title="bbox 1957 3526 3541 3594; baseline -0.003 -10"><span class='ocrx_word' id='word_1_629' title='bbox 1957 3529 2074 3584; x_wconf 88' lang='lat' dir='ltr'><strong><em>sine</em></strong></span> <span class='ocrx_word' id='word_1_630' title='bbox 2101 3528 2306 3582; x_wconf 89' lang='lat' dir='ltr'><strong><em>ratione</em></strong></span> <span class='ocrx_word' id='word_1_631' title='bbox 2333 3537 2388 3581; x_wconf 93' lang='lat' dir='ltr'><strong><em>et</em></strong></span> <span class='ocrx_word' id='word_1_632' title='bbox 2417 3526 2623 3594; x_wconf 80' lang='lat' dir='ltr'><strong><em>legibus</em></strong></span> <span class='ocrx_word' id='word_1_633' title='bbox 2650 3535 2701 3580; x_wconf 90' lang='lat' dir='ltr'><strong><em>et</em></strong></span> <span class='ocrx_word' id='word_1_634' title='bbox 2736 3527 2801 3577; x_wconf 91' lang='lat' dir='ltr'><strong><em>ah</em></strong></span> <span class='ocrx_word' id='word_1_635' title='bbox 2833 3527 2950 3594; x_wconf 88' lang='lat' dir='ltr'><strong><em>ipso</em></strong></span> <span class='ocrx_word' id='word_1_636' title='bbox 2979 3526 3219 3593; x_wconf 77' lang='lat' dir='ltr'><strong><em>print-ipe</em></strong></span> <span class='ocrx_word' id='word_1_637' title='bbox 3250 3526 3541 3592; x_wconf 72' lang='lat' dir='ltr'><strong><em>reprobatat</em></strong></span> 
     </span>
    </p>
   </div>
   <div class='ocr_carea' id='block_1_89' title="bbox 1957 3615 3545 3686">
    <p class='ocr_par' dir='ltr' id='par_1_89' title="bbox 1957 3615 3545 3686">
     <span class='ocr_line' id='line_1_90' title="bbox 1957 3615 3545 3686; baseline -0.001 -14"><span class='ocrx_word' id='word_1_638' title='bbox 1957 3619 2285 3686; x_wconf 88' lang='lat' dir='ltr'><strong><em>omninoque</em></strong></span> <span class='ocrx_word' id='word_1_639' title='bbox 2308 3615 2489 3686; x_wconf 86' lang='lat' dir='ltr'><strong><em>Cyrilli</em></strong></span> <span class='ocrx_word' id='word_1_640' title='bbox 2513 3616 2826 3670; x_wconf 69' lang='lat' dir='ltr'><strong><em>effrenatam</em></strong></span> <span class='ocrx_word' id='word_1_641' title='bbox 2859 3615 2910 3668; x_wconf 93' lang='lat' dir='ltr'><strong><em>in</em></strong></span> <span class='ocrx_word' id='word_1_642' title='bbox 2940 3616 3043 3667; x_wconf 91' lang='lat' dir='ltr'><strong><em>illis</em></strong></span> <span class='ocrx_word' id='word_1_643' title='bbox 3067 3615 3227 3669; x_wconf 80' lang='lat' dir='ltr'><strong><em>fuisse</em></strong></span> <span class='ocrx_word' id='word_1_644' title='bbox 3249 3615 3545 3670; x_wconf 81' lang='lat' dir='ltr'><strong><em>licentiam.</em></strong></span> 
     </span>
    </p>
   </div>
   <div class='ocr_carea' id='block_1_90' title="bbox 1958 3704 3545 3776">
    <p class='ocr_par' dir='ltr' id='par_1_90' title="bbox 1958 3704 3545 3776">
     <span class='ocr_line' id='line_1_91' title="bbox 1958 3704 3545 3776; baseline -0.004 -13"><span class='ocrx_word' id='word_1_645' title='bbox 1958 3710 2127 3763; x_wconf 86' lang='lat' dir='ltr'><strong><em>Tanto</em></strong></span> <span class='ocrx_word' id='word_1_646' title='bbox 2159 3709 2328 3776; x_wconf 83' lang='lat' dir='ltr'><strong><em>majus</em></strong></span> <span class='ocrx_word' id='word_1_647' title='bbox 2363 3709 2458 3776; x_wconf 78' lang='lat' dir='ltr'><strong><em>ipsi</em></strong></span> <span class='ocrx_word' id='word_1_648' title='bbox 2492 3708 2741 3775; x_wconf 88' lang='lat' dir='ltr'><strong><em>gaudium</em></strong></span> <span class='ocrx_word' id='word_1_649' title='bbox 2789 3704 2888 3757; x_wconf 79' lang='lat' dir='ltr'><strong><em>fuit</em></strong></span> <span class='ocrx_word' id='word_1_650' title='bbox 2933 3706 3156 3757; x_wconf 87' lang='lat' dir='ltr'><strong><em>mutatio</em></strong></span> <span class='ocrx_word' id='word_1_651' title='bbox 3185 3706 3406 3758; x_wconf 85' lang='lat' dir='ltr'><strong><em>Joannis</em></strong></span> <span class='ocrx_word' id='word_1_652' title='bbox 3430 3706 3545 3758; x_wconf 77' lang='lat' dir='ltr'><strong><em>An-</em></strong></span> 
     </span>
    </p>
   </div>
   <div class='ocr_carea' id='block_1_91' title="bbox 1960 3793 3546 3865">
    <p class='ocr_par' dir='ltr' id='par_1_91' title="bbox 1960 3793 3546 3865">
     <span class='ocr_line' id='line_1_92' title="bbox 1960 3793 3546 3865; baseline -0.003 -13"><span class='ocrx_word' id='word_1_653' title='bbox 1960 3799 2208 3859; x_wconf 86' lang='lat' dir='ltr'><strong><em>tiocheni,</em></strong></span> <span class='ocrx_word' id='word_1_654' title='bbox 2261 3800 2350 3865; x_wconf 89' lang='lat' dir='ltr'><strong><em>qui</em></strong></span> <span class='ocrx_word' id='word_1_655' title='bbox 2405 3797 2521 3862; x_wconf 88' lang='lat' dir='ltr'><strong><em>ipso</em></strong></span> <span class='ocrx_word' id='word_1_656' title='bbox 2572 3796 2894 3862; x_wconf 87' lang='lat' dir='ltr'><strong><em>imperatore</em></strong></span> <span class='ocrx_word' id='word_1_657' title='bbox 2926 3793 3172 3846; x_wconf 87' lang='lat' dir='ltr'><strong><em>hortante</em></strong></span> <span class='ocrx_word' id='word_1_658' title='bbox 3227 3795 3440 3848; x_wconf 86' lang='lat' dir='ltr'><strong><em>tandem</em></strong></span> <span class='ocrx_word' id='word_1_659' title='bbox 3480 3810 3546 3848; x_wconf 81' lang='lat' dir='ltr'><strong><em>so</em></strong></span> 
     </span>
    </p>
   </div>
   <div class='ocr_carea' id='block_1_92' title="bbox 1958 3885 3539 3952">
    <p class='ocr_par' dir='ltr' id='par_1_92' title="bbox 1958 3885 3539 3952">
     <span class='ocr_line' id='line_1_93' title="bbox 1958 3885 3539 3952; baseline -0.003 -9"><span class='ocrx_word' id='word_1_660' title='bbox 1958 3890 2242 3943; x_wconf 79' lang='lat' dir='ltr'><strong><em>sententia:</em></strong></span> <span class='ocrx_word' id='word_1_661' title='bbox 2269 3889 2321 3940; x_wconf 92' lang='lat' dir='ltr'><strong><em>in</em></strong></span> <span class='ocrx_word' id='word_1_662' title='bbox 2363 3886 2666 3940; x_wconf 85' lang='lat' dir='ltr'><strong><em>Nestorium</em></strong></span> <span class='ocrx_word' id='word_1_663' title='bbox 2719 3885 2937 3952; x_wconf 67' lang='lat' dir='ltr'><strong><em>prolata:</em></strong></span> <span class='ocrx_word' id='word_1_664' title='bbox 2983 3885 3244 3940; x_wconf 88' lang='lat' dir='ltr'><strong><em>assentire</em></strong></span> <span class='ocrx_word' id='word_1_665' title='bbox 3288 3895 3342 3939; x_wconf 89' lang='lat' dir='ltr'><strong><em>et</em></strong></span> <span class='ocrx_word' id='word_1_666' title='bbox 3372 3886 3539 3939; x_wconf 61' lang='lat' dir='ltr'><strong><em>Maxio</em></strong></span> 
     </span>
    </p>
   </div>
   <div class='ocr_carea' id='block_1_93' title="bbox 1959 3977 3548 4048">
    <p class='ocr_par' dir='ltr' id='par_1_93' title="bbox 1959 3977 3548 4048">
     <span class='ocr_line' id='line_1_94' title="bbox 1959 3977 3548 4048; baseline 0.001 -15"><span class='ocrx_word' id='word_1_667' title='bbox 1959 3980 2193 4033; x_wconf 89' lang='lat' dir='ltr'><strong><em>mianum</em></strong></span> <span class='ocrx_word' id='word_1_668' title='bbox 2218 3993 2314 4048; x_wconf 91' lang='lat' dir='ltr'><strong><em>pro</em></strong></span> <span class='ocrx_word' id='word_1_669' title='bbox 2343 3979 2596 4046; x_wconf 87' lang='lat' dir='ltr'><strong><em>episcopo</em></strong></span> <span class='ocrx_word' id='word_1_670' title='bbox 2625 3977 3217 4044; x_wconf 86' lang='lat' dir='ltr'><strong><em>Constantinopolitano</em></strong></span> <span class='ocrx_word' id='word_1_671' title='bbox 3245 3993 3548 4044; x_wconf 71' lang='lat' dir='ltr'><strong><em>agnoscere</em></strong></span> 
     </span>
    </p>
   </div>
   <div class='ocr_carea' id='block_1_94' title="bbox 1958 4068 3550 4138">
    <p class='ocr_par' dir='ltr' id='par_1_94' title="bbox 1958 4068 3550 4138">
     <span class='ocr_line' id='line_1_95' title="bbox 1958 4068 3550 4138; baseline 0.001 -14"><span class='ocrx_word' id='word_1_672' title='bbox 1958 4069 2236 4138; x_wconf 80' lang='lat' dir='ltr'><strong><em>professus</em></strong></span> <span class='ocrx_word' id='word_1_673' title='bbox 2283 4077 2420 4123; x_wconf 87' lang='lat' dir='ltr'><strong><em>erat.</em></strong></span> <span class='ocrx_word' id='word_1_674' title='bbox 2463 4069 2607 4123; x_wconf 91' lang='lat' dir='ltr'><strong><em>lnter</em></strong></span> <span class='ocrx_word' id='word_1_675' title='bbox 2655 4079 2925 4122; x_wconf 78' lang='lat' dir='ltr'><strong><em>extremas</em></strong></span> <span class='ocrx_word' id='word_1_676' title='bbox 2957 4068 3070 4135; x_wconf 79' lang='lat' dir='ltr'><strong><em>ejus</em></strong></span> <span class='ocrx_word' id='word_1_677' title='bbox 3103 4068 3288 4122; x_wconf 87' lang='lat' dir='ltr'><strong><em>laudes</em></strong></span> <span class='ocrx_word' id='word_1_678' title='bbox 3340 4071 3550 4126; x_wconf 67' lang='lat' dir='ltr'><strong><em>referre:</em></strong></span> 
     </span>
    </p>
   </div>
   <div class='ocr_carea' id='block_1_95' title="bbox 1962 4160 3549 4230">
    <p class='ocr_par' dir='ltr' id='par_1_95' title="bbox 1962 4160 3549 4230">
     <span class='ocr_line' id='line_1_96' title="bbox 1962 4160 3549 4230; baseline -0.001 -12"><span class='ocrx_word' id='word_1_679' title='bbox 1962 4163 2158 4230; x_wconf 87' lang='lat' dir='ltr'><strong><em>solent,</em></strong></span> <span class='ocrx_word' id='word_1_680' title='bbox 2179 4161 2318 4230; x_wconf 89' lang='lat' dir='ltr'><strong><em>quod</em></strong></span> <span class='ocrx_word' id='word_1_681' title='bbox 2340 4176 2365 4213; x_wconf 86' lang='lat' dir='ltr'><strong><em>a</em></strong></span> <span class='ocrx_word' id='word_1_682' title='bbox 2394 4160 2656 4229; x_wconf 82' lang='lat' dir='ltr'><strong><em>Prospero</em></strong></span> <span class='ocrx_word' id='word_1_683' title='bbox 2674 4160 2994 4229; x_wconf 83' lang='lat' dir='ltr'><strong><em>accepimus,</em></strong></span> <span class='ocrx_word' id='word_1_684' title='bbox 3011 4176 3131 4214; x_wconf 89' lang='lat' dir='ltr'><strong><em>eum</em></strong></span> <span class='ocrx_word' id='word_1_685' title='bbox 3154 4160 3346 4215; x_wconf 75' lang='lat' dir='ltr'><strong><em>Juliani</em></strong></span> <span class='ocrx_word' id='word_1_686' title='bbox 3375 4171 3549 4228; x_wconf 83' lang='lat' dir='ltr'><strong><em>artes,</em></strong></span> 
     </span>
    </p>
   </div>
   <div class='ocr_carea' id='block_1_96' title="bbox 1958 4253 3545 4324">
    <p class='ocr_par' dir='ltr' id='par_1_96' title="bbox 1958 4253 3545 4324">
     <span class='ocr_line' id='line_1_97' title="bbox 1958 4253 3545 4324; baseline -0.001 -15"><span class='ocrx_word' id='word_1_687' title='bbox 1958 4257 2362 4324; x_wconf 88' lang='lat' dir='ltr'><strong><em>quibusiterum</em></strong></span> <span class='ocrx_word' id='word_1_688' title='bbox 2403 4254 2456 4308; x_wconf 92' lang='lat' dir='ltr'><strong><em>in</em></strong></span> <span class='ocrx_word' id='word_1_689' title='bbox 2487 4253 2738 4308; x_wconf 84' lang='lat' dir='ltr'><strong><em>Ecclesiae</em></strong></span> <span class='ocrx_word' id='word_1_690' title='bbox 2777 4253 3056 4308; x_wconf 72' lang='lat' dir='ltr'><strong><em>catholica:</em></strong></span> <span class='ocrx_word' id='word_1_691' title='bbox 3102 4255 3545 4309; x_wconf 83' lang='lat' dir='ltr'><strong><em>communionem</em></strong></span> 
     </span>
    </p>
   </div>
   <div class='ocr_carea' id='block_1_97' title="bbox 1956 4344 3540 4418">
    <p class='ocr_par' dir='ltr' id='par_1_97' title="bbox 1956 4344 3540 4418">
     <span class='ocr_line' id='line_1_98' title="bbox 1956 4344 3540 4418; baseline -0.003 -16"><span class='ocrx_word' id='word_1_692' title='bbox 1956 4349 2197 4418; x_wconf 88' lang='lat' dir='ltr'><strong><em>irrepere</em></strong></span> <span class='ocrx_word' id='word_1_693' title='bbox 2232 4356 2457 4401; x_wconf 89' lang='lat' dir='ltr'><strong><em>conatus</em></strong></span> <span class='ocrx_word' id='word_1_694' title='bbox 2488 4347 2577 4408; x_wconf 88' lang='lat' dir='ltr'><strong><em>sit,</em></strong></span> <span class='ocrx_word' id='word_1_695' title='bbox 2601 4345 2869 4411; x_wconf 77' lang='lat' dir='ltr'><strong><em>vigilantia</em></strong></span> <span class='ocrx_word' id='word_1_696' title='bbox 2896 4360 2989 4398; x_wconf 88' lang='lat' dir='ltr'><strong><em>sua</em></strong></span> <span class='ocrx_word' id='word_1_697' title='bbox 3021 4345 3269 4398; x_wconf 84' lang='lat' dir='ltr'><strong><em>elusisse.</em></strong></span> <span class='ocrx_word' id='word_1_698' title='bbox 3301 4344 3446 4400; x_wconf 90' lang='lat' dir='ltr'><strong><em>Obiit</em></strong></span> <span class='ocrx_word' id='word_1_699' title='bbox 3471 4359 3540 4400; x_wconf 69' lang='lat' dir='ltr'><strong><em>es</em></strong></span> 
     </span>
    </p>
   </div>
   <div class='ocr_carea' id='block_1_98' title="bbox 1960 4434 3545 4502">
    <p class='ocr_par' dir='ltr' id='par_1_98' title="bbox 1960 4434 3545 4502">
     <span class='ocr_line' id='line_1_99' title="bbox 1960 4434 3545 4502; baseline -0.002 -11"><span class='ocrx_word' id='word_1_700' title='bbox 1960 4437 2173 4492; x_wconf 87' lang='lat' dir='ltr'><strong><em>Baronii</em></strong></span> <span class='ocrx_word' id='word_1_701' title='bbox 2194 4437 2398 4490; x_wconf 89' lang='lat' dir='ltr'><strong><em>calculo</em></strong></span> <span class='ocrx_word' id='word_1_702' title='bbox 2421 4436 2507 4490; x_wconf 87' lang='lat' dir='ltr'><strong><em>die</em></strong></span> <span class='ocrx_word' id='word_1_703' title='bbox 2531 4435 2600 4489; x_wconf 69' lang='lat'><strong><em>28</em></strong></span> <span class='ocrx_word' id='word_1_704' title='bbox 2614 4434 2974 4502; x_wconf 78' lang='lat' dir='ltr'><strong><em>Martii,juxta</em></strong></span> <span class='ocrx_word' id='word_1_705' title='bbox 2991 4434 3231 4502; x_wconf 87' lang='lat' dir='ltr'><strong><em>Pagium,</em></strong></span> <span class='ocrx_word' id='word_1_706' title='bbox 3248 4435 3334 4488; x_wconf 88' lang='lat' dir='ltr'><strong><em>die</em></strong></span> <span class='ocrx_word' id='word_1_707' title='bbox 3355 4434 3410 4488; x_wconf 81' lang='lat' dir='ltr'><strong><em>ll</em></strong></span> <span class='ocrx_word' id='word_1_708' title='bbox 3435 4439 3545 4488; x_wconf 80' lang='lat' dir='ltr'><strong><em>Au-</em></strong></span> 
     </span>
    </p>
   </div>
   <div class='ocr_carea' id='block_1_99' title="bbox 1960 4524 3543 4600">
    <p class='ocr_par' dir='ltr' id='par_1_99' title="bbox 1960 4524 3543 4600">
     <span class='ocr_line' id='line_1_100' title="bbox 1960 4524 3543 4600; baseline -0.003 -16"><span class='ocrx_word' id='word_1_709' title='bbox 1960 4529 2283 4600; x_wconf 82' lang='lat' dir='ltr'><strong><em>gusti,juxta</em></strong></span> <span class='ocrx_word' id='word_1_710' title='bbox 2307 4527 2676 4581; x_wconf 86' lang='lat' dir='ltr'><strong><em>Constantium</em></strong></span> <span class='ocrx_word' id='word_1_711' title='bbox 2702 4541 2826 4580; x_wconf 83' lang='lat' dir='ltr'><strong><em>vero</em></strong></span> <span class='ocrx_word' id='word_1_712' title='bbox 2857 4527 2956 4580; x_wconf 91' lang='lat' dir='ltr'><strong><em>sub</em></strong></span> <span class='ocrx_word' id='word_1_713' title='bbox 2985 4527 3185 4580; x_wconf 79' lang='lat' dir='ltr'><strong><em>exitum</em></strong></span> <span class='ocrx_word' id='word_1_714' title='bbox 3203 4525 3329 4581; x_wconf 81' lang='lat' dir='ltr'><strong><em>Julii</em></strong></span> <span class='ocrx_word' id='word_1_715' title='bbox 3348 4524 3543 4582; x_wconf 53' lang='lat' dir='ltr'><strong><em>tuo.</em></strong></span> 
     </span>
    </p>
   </div>
   <div class='ocr_carea' id='block_1_100' title="bbox 2355 4615 3146 4689">
    <p class='ocr_par' dir='ltr' id='par_1_100' title="bbox 2355 4615 3146 4689">
     <span class='ocr_line' id='line_1_101' title="bbox 2355 4615 3146 4689; baseline -0.004 -16"><span class='ocrx_word' id='word_1_716' title='bbox 2355 4618 2382 4689; x_wconf 83' lang='lat'><strong>§</strong></span> <span class='ocrx_word' id='word_1_717' title='bbox 2424 4619 2488 4673; x_wconf 92' lang='lat' dir='ltr'><strong><em>ll.</em></strong></span> <span class='ocrx_word' id='word_1_718' title='bbox 2531 4618 2739 4686; x_wconf 88' lang='lat' dir='ltr'><strong><em>Scripta</em></strong></span> <span class='ocrx_word' id='word_1_719' title='bbox 2781 4615 2935 4686; x_wconf 82' lang='lat' dir='ltr'><strong><em>Xysti</em></strong></span> <span class='ocrx_word' id='word_1_720' title='bbox 2982 4633 3146 4687; x_wconf 70' lang='lat' dir='ltr'><strong><em>papa&#39;.</em></strong></span> 
     </span>
    </p>
   </div>
   <div class='ocr_carea' id='block_1_101' title="bbox 2037 4707 3552 4784">
    <p class='ocr_par' dir='ltr' id='par_1_101' title="bbox 2037 4707 3552 4784">
     <span class='ocr_line' id='line_1_102' title="bbox 2037 4707 3552 4784; baseline -0.005 -18"><span class='ocrx_word' id='word_1_721' title='bbox 2037 4712 2292 4784; x_wconf 64' lang='lat' dir='ltr'><strong><em>Epistolas</em></strong></span> <span class='ocrx_word' id='word_1_722' title='bbox 2332 4714 2448 4782; x_wconf 88' lang='lat' dir='ltr'><strong><em>ejus</em></strong></span> <span class='ocrx_word' id='word_1_723' title='bbox 2477 4711 2797 4778; x_wconf 76' lang='lat' dir='ltr'><strong><em>superstites</em></strong></span> <span class='ocrx_word' id='word_1_724' title='bbox 2825 4708 3038 4778; x_wconf 67' lang='lat' dir='ltr'><strong><em>scripta:</em></strong></span> <span class='ocrx_word' id='word_1_725' title='bbox 3079 4717 3238 4764; x_wconf 89' lang='lat' dir='ltr'><strong><em>sunt:</em></strong></span> <span class='ocrx_word' id='word_1_726' title='bbox 3267 4707 3288 4762; x_wconf 90' lang='lat' dir='ltr'><strong><em>l</em></strong></span> <span class='ocrx_word' id='word_1_727' title='bbox 3317 4717 3372 4764; x_wconf 90' lang='lat' dir='ltr'><strong><em>et</em></strong></span> <span class='ocrx_word' id='word_1_728' title='bbox 3396 4707 3439 4762; x_wconf 91' lang='lat' dir='ltr'><strong><em>ll</em></strong></span> <span class='ocrx_word' id='word_1_729' title='bbox 3479 4707 3552 4759; x_wconf 76' lang='lat' dir='ltr'><strong><em>ad</em></strong></span> 
     </span>
    </p>
   </div>
   <div class='ocr_carea' id='block_1_102' title="bbox 1967 4798 3545 4875">
    <p class='ocr_par' dir='ltr' id='par_1_102' title="bbox 1967 4798 3545 4875">
     <span class='ocr_line' id='line_1_103' title="bbox 1967 4798 3545 4875; baseline -0.006 -16"><span class='ocrx_word' id='word_1_730' title='bbox 1967 4804 2216 4875; x_wconf 80' lang='lat' dir='ltr'><strong><em>Cyrillum</em></strong></span> <span class='ocrx_word' id='word_1_731' title='bbox 2238 4803 2566 4859; x_wconf 70' lang='lat' dir='ltr'><strong><em>Alexandria:</em></strong></span> <span class='ocrx_word' id='word_1_732' title='bbox 2579 4803 2895 4873; x_wconf 81' lang='lat' dir='ltr'><strong><em>episwpum,</em></strong></span> <span class='ocrx_word' id='word_1_733' title='bbox 2923 4815 3030 4856; x_wconf 91' lang='lat' dir='ltr'><strong><em>scr.</em></strong></span> <span class='ocrx_word' id='word_1_734' title='bbox 3059 4801 3235 4856; x_wconf 90' lang='lat' dir='ltr'><strong><em>medio</em></strong></span> <span class='ocrx_word' id='word_1_735' title='bbox 3257 4816 3397 4854; x_wconf 89' lang='lat' dir='ltr'><strong><em>anno</em></strong></span> <span class='ocrx_word' id='word_1_736' title='bbox 3418 4798 3545 4853; x_wconf 69' lang='grc'><strong><em>452.</em></strong></span> 
     </span>
    </p>
   </div>
   <div class='ocr_carea' id='block_1_103' title="bbox 1967 4892 3556 4963">
    <p class='ocr_par' dir='ltr' id='par_1_103' title="bbox 1967 4892 3556 4963">
     <span class='ocr_line' id='line_1_104' title="bbox 1967 4892 3556 4963; baseline -0.005 -13"><span class='ocrx_word' id='word_1_737' title='bbox 1967 4895 2192 4950; x_wconf 75' lang='lat' dir='ltr'><strong><em>Nonnisi</em></strong></span> <span class='ocrx_word' id='word_1_738' title='bbox 2220 4911 2283 4950; x_wconf 82' lang='lat' dir='ltr'><strong><em>ex</em></strong></span> <span class='ocrx_word' id='word_1_739' title='bbox 2315 4894 2754 4963; x_wconf 90' lang='lat' dir='ltr'><strong><em>interpretatione</em></strong></span> <span class='ocrx_word' id='word_1_740' title='bbox 2799 4894 2982 4948; x_wconf 69' lang='lat' dir='ltr'><strong><em>Grazca</em></strong></span> <span class='ocrx_word' id='word_1_741' title='bbox 3032 4892 3185 4947; x_wconf 90' lang='lat' dir='ltr'><strong><em>nobis</em></strong></span> <span class='ocrx_word' id='word_1_742' title='bbox 3219 4894 3556 4944; x_wconf 62' lang='lat' dir='ltr'><strong><em>transmissae</em></strong></span> 
     </span>
    </p>
   </div>
   <div class='ocr_carea' id='block_1_104' title="bbox 1969 4980 3553 5050">
    <p class='ocr_par' dir='ltr' id='par_1_104' title="bbox 1969 4980 3553 5050">
     <span class='ocr_line' id='line_1_105' title="bbox 1969 4980 3553 5050; baseline -0.005 -11"><span class='ocrx_word' id='word_1_743' title='bbox 1969 4994 2114 5050; x_wconf 86' lang='lat' dir='ltr'><strong><em>sunt,</em></strong></span> <span class='ocrx_word' id='word_1_744' title='bbox 2157 4984 2348 5038; x_wconf 88' lang='lat' dir='ltr'><strong><em>Latine</em></strong></span> <span class='ocrx_word' id='word_1_745' title='bbox 2392 4982 2691 5038; x_wconf 89' lang='lat' dir='ltr'><strong><em>Cotelerius</em></strong></span> <span class='ocrx_word' id='word_1_746' title='bbox 2729 4983 2924 5045; x_wconf 81' lang='lat' dir='ltr'><strong><em>vertit,</em></strong></span> <span class='ocrx_word' id='word_1_747' title='bbox 2968 4982 3056 5050; x_wconf 91' lang='lat' dir='ltr'><strong><em>qui</em></strong></span> <span class='ocrx_word' id='word_1_748' title='bbox 3103 4983 3260 5034; x_wconf 86' lang='lat' dir='ltr'><strong><em>etiam</em></strong></span> <span class='ocrx_word' id='word_1_749' title='bbox 3298 4980 3553 5032; x_wconf 75' lang='lat' dir='ltr'><strong><em>observat</em></strong></span> 
     </span>
    </p>
   </div>
   <div class='ocr_carea' id='block_1_105' title="bbox 1973 5072 3553 5145">
    <p class='ocr_par' dir='ltr' id='par_1_105' title="bbox 1973 5072 3553 5145">
     <span class='ocr_line' id='line_1_106' title="bbox 1973 5072 3553 5145; baseline -0.008 -14"><span class='ocrx_word' id='word_1_750' title='bbox 1973 5076 2226 5145; x_wconf 84' lang='lat' dir='ltr'><strong><em>priorem,</em></strong></span> <span class='ocrx_word' id='word_1_751' title='bbox 2258 5075 2356 5128; x_wconf 89' lang='lat' dir='ltr'><strong><em>etsi</em></strong></span> <span class='ocrx_word' id='word_1_752' title='bbox 2387 5073 2487 5127; x_wconf 91' lang='lat' dir='ltr'><strong><em>soli</em></strong></span> <span class='ocrx_word' id='word_1_753' title='bbox 2515 5072 2717 5144; x_wconf 86' lang='lat' dir='ltr'><strong><em>Cyrillo</em></strong></span> <span class='ocrx_word' id='word_1_754' title='bbox 2762 5073 3099 5140; x_wconf 88' lang='lat' dir='ltr'><strong><em>inscriptam,</em></strong></span> <span class='ocrx_word' id='word_1_755' title='bbox 3152 5083 3334 5123; x_wconf 70' lang='lat' dir='ltr'><strong><em>revera</em></strong></span> <span class='ocrx_word' id='word_1_756' title='bbox 3384 5082 3553 5137; x_wconf 75' lang='lat' dir='ltr'><strong><em>ency-</em></strong></span> 
     </span>
    </p>
   </div>
   <div class='ocr_carea' id='block_1_106' title="bbox 1974 5158 3555 5230">
    <p class='ocr_par' dir='ltr' id='par_1_106' title="bbox 1974 5158 3555 5230">
     <span class='ocr_line' id='line_1_107' title="bbox 1974 5158 3555 5230; baseline -0.006 -8"><span class='ocrx_word' id='word_1_757' title='bbox 1974 5168 2158 5222; x_wconf 89' lang='lat' dir='ltr'><strong><em>clicam</em></strong></span> <span class='ocrx_word' id='word_1_758' title='bbox 2178 5167 2362 5220; x_wconf 79' lang='lat' dir='ltr'><strong><em>fuisse.</em></strong></span> <span class='ocrx_word' id='word_1_759' title='bbox 2413 5165 2498 5230; x_wconf 85' lang='lat' dir='ltr'><strong><em>Ill,</em></strong></span> <span class='ocrx_word' id='word_1_760' title='bbox 2552 5164 2620 5216; x_wconf 86' lang='lat' dir='ltr'><strong><em>ad</em></strong></span> <span class='ocrx_word' id='word_1_761' title='bbox 2661 5164 2911 5228; x_wconf 88' lang='lat' dir='ltr'><strong><em>eumdem,</em></strong></span> <span class='ocrx_word' id='word_1_762' title='bbox 2953 5176 3057 5215; x_wconf 87' lang='lat' dir='ltr'><strong><em>scr.</em></strong></span> <span class='ocrx_word' id='word_1_763' title='bbox 3091 5175 3141 5213; x_wconf 85' lang='lat' dir='ltr'><strong><em>a.</em></strong></span> <span class='ocrx_word' id='word_1_764' title='bbox 3183 5160 3311 5214; x_wconf 70' lang='grc'><strong><em>455.</em></strong></span> <span class='ocrx_word' id='word_1_765' title='bbox 3360 5158 3448 5225; x_wconf 80' lang='grc' dir='ltr'><strong><em>ιν,</em></strong></span> <span class='ocrx_word' id='word_1_766' title='bbox 3479 5160 3555 5212; x_wconf 75' lang='lat' dir='ltr'><strong><em>ad</em></strong></span> 
     </span>
    </p>
   </div>
   <div class='ocr_carea' id='block_1_107' title="bbox 1974 5251 3548 5326">
    <p class='ocr_par' dir='ltr' id='par_1_107' title="bbox 1974 5251 3548 5326">
     <span class='ocr_line' id='line_1_108' title="bbox 1974 5251 3548 5326; baseline -0.004 -14"><span class='ocrx_word' id='word_1_767' title='bbox 1974 5257 2230 5312; x_wconf 84' lang='lat' dir='ltr'><strong><em>Joannem</em></strong></span> <span class='ocrx_word' id='word_1_768' title='bbox 2260 5257 2556 5326; x_wconf 86' lang='lat' dir='ltr'><strong><em>episcopum</em></strong></span> <span class='ocrx_word' id='word_1_769' title='bbox 2581 5255 2973 5316; x_wconf 78' lang='lat' dir='ltr'><strong><em>Antiochenam,</em></strong></span> <span class='ocrx_word' id='word_1_770' title='bbox 3021 5266 3127 5306; x_wconf 91' lang='lat' dir='ltr'><strong><em>ser.</em></strong></span> <span class='ocrx_word' id='word_1_771' title='bbox 3160 5251 3351 5306; x_wconf 83' lang='lat' dir='ltr'><strong><em>eodem</em></strong></span> <span class='ocrx_word' id='word_1_772' title='bbox 3382 5266 3548 5305; x_wconf 83' lang='lat' dir='ltr'><strong><em>anno.</em></strong></span> 
     </span>
    </p>
   </div>
   <div class='ocr_carea' id='block_1_108' title="bbox 1976 5348 3559 5422">
    <p class='ocr_par' dir='ltr' id='par_1_108' title="bbox 1976 5348 3559 5422">
     <span class='ocr_line' id='line_1_109' title="bbox 1976 5348 3559 5422; baseline -0.007 -15"><span class='ocrx_word' id='word_1_773' title='bbox 1976 5353 2041 5414; x_wconf 82' lang='lat' dir='ltr'><strong><em>V,</em></strong></span> <span class='ocrx_word' id='word_1_774' title='bbox 2069 5352 2136 5404; x_wconf 89' lang='lat' dir='ltr'><strong><em>ad</em></strong></span> <span class='ocrx_word' id='word_1_775' title='bbox 2165 5351 2464 5422; x_wconf 85' lang='lat' dir='ltr'><strong><em>Perigenem</em></strong></span> <span class='ocrx_word' id='word_1_776' title='bbox 2492 5348 2872 5404; x_wconf 82' lang='lat' dir='ltr'><strong><em>Corinthiorum</em></strong></span> <span class='ocrx_word' id='word_1_777' title='bbox 2898 5348 3214 5414; x_wconf 80' lang='lat' dir='ltr'><strong><em>episcOpum.</em></strong></span> <span class='ocrx_word' id='word_1_778' title='bbox 3261 5359 3370 5398; x_wconf 80' lang='lat' dir='ltr'><strong><em>scr.</em></strong></span> <span class='ocrx_word' id='word_1_779' title='bbox 3409 5359 3559 5397; x_wconf 79' lang='lat' dir='ltr'><strong><em>anno</em></strong></span> 
     </span>
    </p>
   </div>
   <div class='ocr_carea' id='block_1_109' title="bbox 1976 5434 3554 5510">
    <p class='ocr_par' dir='ltr' id='par_1_109' title="bbox 1976 5434 3554 5510">
     <span class='ocr_line' id='line_1_110' title="bbox 1976 5434 3554 5510; baseline -0.008 -14"><span class='ocrx_word' id='word_1_780' title='bbox 1976 5441 2101 5498; x_wconf 71' lang='lat'><strong><em>455.</em></strong></span> <span class='ocrx_word' id='word_1_781' title='bbox 2139 5441 2222 5506; x_wconf 79' lang='lat' dir='ltr'><strong><em>Vl,</em></strong></span> <span class='ocrx_word' id='word_1_782' title='bbox 2273 5441 2340 5493; x_wconf 83' lang='lat' dir='ltr'><strong><em>ad</em></strong></span> <span class='ocrx_word' id='word_1_783' title='bbox 2393 5440 2649 5510; x_wconf 82' lang='lat' dir='ltr'><strong><em>synodum</em></strong></span> <span class='ocrx_word' id='word_1_784' title='bbox 2693 5435 3072 5490; x_wconf 79' lang='lat' dir='ltr'><strong><em>Thessalonij</em></strong></span> <span class='ocrx_word' id='word_1_785' title='bbox 3109 5434 3554 5506; x_wconf 76' lang='lat' dir='ltr'><strong><em>congregandam,</em></strong></span> 
     </span>
    </p>
   </div>
   <div class='ocr_carea' id='block_1_110' title="bbox 1978 5524 3550 5600">
    <p class='ocr_par' dir='ltr' id='par_1_110' title="bbox 1978 5524 3550 5600">
     <span class='ocr_line' id='line_1_111' title="bbox 1978 5524 3550 5600; baseline -0.01 -9"><span class='ocrx_word' id='word_1_786' title='bbox 1978 5551 2085 5591; x_wconf 90' lang='lat' dir='ltr'><strong><em>scr.</em></strong></span> <span class='ocrx_word' id='word_1_787' title='bbox 2123 5543 2180 5589; x_wconf 92' lang='lat' dir='ltr'><strong><em>ut</em></strong></span> <span class='ocrx_word' id='word_1_788' title='bbox 2204 5542 2258 5588; x_wconf 92' lang='lat' dir='ltr'><strong><em>et</em></strong></span> <span class='ocrx_word' id='word_1_789' title='bbox 2284 5547 2515 5600; x_wconf 78' lang='lat' dir='ltr'><strong><em>sequens</em></strong></span> <span class='ocrx_word' id='word_1_790' title='bbox 2543 5545 2593 5584; x_wconf 87' lang='lat' dir='ltr'><strong><em>a.</em></strong></span> <span class='ocrx_word' id='word_1_791' title='bbox 2626 5528 2754 5584; x_wconf 75' lang='grc'><strong><em>455.</em></strong></span> <span class='ocrx_word' id='word_1_792' title='bbox 2785 5528 2894 5593; x_wconf 76' lang='lat' dir='ltr'><strong><em>V&#39;ll,</em></strong></span> <span class='ocrx_word' id='word_1_793' title='bbox 2919 5527 2987 5581; x_wconf 91' lang='lat' dir='ltr'><strong><em>ad</em></strong></span> <span class='ocrx_word' id='word_1_794' title='bbox 3021 5525 3266 5580; x_wconf 86' lang='lat' dir='ltr'><strong><em>Proetum</em></strong></span> <span class='ocrx_word' id='word_1_795' title='bbox 3295 5524 3550 5579; x_wconf 83' lang='lat' dir='ltr'><strong><em>Constan-</em></strong></span> 
     </span>
    </p>
   </div>
   <div class='ocr_carea' id='block_1_111' title="bbox 1977 5614 3550 5698">
    <p class='ocr_par' dir='ltr' id='par_1_111' title="bbox 1977 5614 3550 5698">
     <span class='ocr_line' id='line_1_112' title="bbox 1977 5614 3550 5698; baseline -0.006 -17"><span class='ocrx_word' id='word_1_796' title='bbox 1977 5628 2368 5698; x_wconf 87' lang='lat' dir='ltr'><strong><em>tinopolitanum</em></strong></span> <span class='ocrx_word' id='word_1_797' title='bbox 2419 5623 2735 5692; x_wconf 77' lang='lat' dir='ltr'><strong><em>episcOpun&#39;t,</em></strong></span> <span class='ocrx_word' id='word_1_798' title='bbox 2776 5635 2881 5674; x_wconf 90' lang='lat' dir='ltr'><strong><em>scr.</em></strong></span> <span class='ocrx_word' id='word_1_799' title='bbox 2915 5634 3036 5675; x_wconf 90' lang='lat' dir='ltr'><strong><em>cum</em></strong></span> <span class='ocrx_word' id='word_1_800' title='bbox 3069 5617 3392 5690; x_wconf 79' lang='lat' dir='ltr'><strong><em>sequentia.</em></strong></span> <span class='ocrx_word' id='word_1_801' title='bbox 3423 5614 3550 5672; x_wconf 61' lang='lat'><strong><em>437&#39;.</em></strong></span> 
     </span>
    </p>
   </div>
   <div class='ocr_carea' id='block_1_112' title="bbox 1977 5697 3496 5786">
    <p class='ocr_par' dir='ltr' id='par_1_112' title="bbox 1977 5697 3496 5786">
     <span class='ocr_line' id='line_1_113' title="bbox 1977 5697 3496 5786; baseline -0.01 -9"><span class='ocrx_word' id='word_1_802' title='bbox 1977 5697 2116 5784; x_wconf 74' lang='lat' dir='ltr'><strong><em>Vill,</em></strong></span> <span class='ocrx_word' id='word_1_803' title='bbox 2158 5719 2225 5774; x_wconf 91' lang='lat' dir='ltr'><strong><em>ad</em></strong></span> <span class='ocrx_word' id='word_1_804' title='bbox 2251 5719 2402 5775; x_wconf 88' lang='lat' dir='ltr'><strong><em>totius</em></strong></span> <span class='ocrx_word' id='word_1_805' title='bbox 2429 5715 2632 5786; x_wconf 75' lang='lat' dir='ltr'><strong><em>Illyrici</em></strong></span> <span class='ocrx_word' id='word_1_806' title='bbox 2665 5714 2951 5786; x_wconf 83' lang='lat' dir='ltr'><strong><em>episcopos.</em></strong></span> <span class='ocrx_word' id='word_1_807' title='bbox 3493 5697 3496 5701; x_wconf 68' lang='grc'><strong>’</strong></span> 
     </span>
    </p>
   </div>
  </div>
