3916 6178
410 276 516 332 579

1391 269 1449 326 S.
1495 266 1764 325 XVSTUS
1802 266 1867 323 III
1904 265 2110 325 PAPA.
2147 265 2681 331 PRQLEGOIIENA.
3574 275 3677 331 '80

489 390 900 455 Deperditarum,
927 401 1061 456 quas
1106 395 1215 439 tum
1264 391 1389 438 ante
1436 382 1824 451 pontilicatum,
1875 390 1985 433 tum
2017 382 2065 440 Α
2090 378 2193 434 nite
2217 394 2270 433 a.
2317 378 2478 445 1550,
2513 382 2563 433 in
2599 382 2722 449 Iol.)
2749 380 2874 435 folio
2901 396 3137 437 cutt—
3160 398 3444 450 CI.\XM'Il,‘
3475 397 3529 441 et
3568 397 3670 441 ter-

372 520 375 527 ‹
410 498 479 538 eo
523 456 753 537 durante
798 480 1032 548 scripsit,
1088 475 1329 531 notitiam
1383 475 1590 544 prmbet
1650 471 1995 527 Constantius
2098 468 2183 521 tia:
2213 467 2479 536 (Parisiis,
2514 470 2675 534 1535,
2703 472 2878 542 iit-8°)
2908 472 3033 526 folio
3061 490 3324 530 cc—ccr.

411 576 511 644 (a).
557 573 688 627 Iluic
733 580 909 624 autem
959 568 1127 639 Xysto
1169 582 1199 620 a
1242 565 1443 619 Iacobo
1496 563 1711 619 Salonio
1760 562 1992 632 primum

409 664 590 715 tributi
616 670 762 727 sunt,
796 654 1118 728 post'etiam
1159 658 1422 712 aJoaone
1469 655 1729 712 Garnerio
1778 655 1991 723 adjudi-

2168 558 2322 615 1338.
2358 560 2606 629 Colonia,
2637 564 2778 634 apud
2810 564 3020 618 Petrum
3062 566 3307 632 Quentel;
3350 568 3532 639 in-{oL
3566 570 3673 624 Dc-

2092 660 2236 704 creta
2266 653 2401 706 Sixti
2435 670 2584 722 papa:
2632 655 2722 721 III,
2755 671 2850 712 seu
2889 658 3127 727 Epistula
3157 660 3221 712 ad
3253 658 3583 727 Orientales;
3615 663 3668 716 in

405 751 533 814 cati,
567 751 683 802 libri
732 761 854 813 tres,
902 748 965 801 de
993 748 1205 812 divitiis,
1246 749 1309 798 de
1333 744 1485 799 malis
1529 744 1825 799 doctoribus
1846 754 1900 799 et
1928 747 1993 801 tle
2090 738 2336 798 conciliis
2377 744 2525 800 Petri
2573 747 2785 811 Crabbe.
2828 750 2889 803 Τ.
2924 751 2961 813 I,
3010 750 3103 804 fol.
3150 767 3667 811 ccchIr—cccn.

403 847 642 915 operibus
684 845 829 913 fidei,
859 854 912 897 et
951 844 1013 897 de
1042 845 1309 907 castitate;
1340 842 1433 896 sed
1477 840 1753 897 fatendum
1782 852 1864 898 est
1892 858 1989 899 eos

402 938 711 1007 conjectura
759 938 949 1006 magis,
995 950 1154 1004 quam
1199 935 1312 989 ullo
1366 934 1626 1004 probabili
1673 946 1988 1006 argumento

403 1031 522 1084 niti.
552 1029 697 1083 Idem
718 1044 851 1083 vero
877 1029 1107 1083 Joannes
1137 1027 1435 1082 Garuerius
1459 1027 1745 1082 admodum
1778 1028 1985 1098 prolixa

400 1121 785 1177 dissertatione
801 1120 867 1173 ad
898 1119 1073 1188 Opera
1091 1118 1238 1171 Marii
1261 1116 1577 1172 Mercatoris
1600 1118 1649 1173 id
1673 1119 1777 1188 egit
1804 1120 1902 1188 (b),
1927 1129 1985 1175 ut

398 1216 565 1267 libros
591 1213 1037 1284 Hypomnesticgon
1063 1212 1200 1279 apud
1228 1210 1584 1280 Augustinum
1613 1212 1663 1265 in
1686 1214 1982 1282 appendice

401 1306 526 1358 tomi
556 1303 598 1359 X
629 1307 713 1358 etl.
747 1302 1214 1358 Benediclinorum
1260 1302 1503 1371 vulgatos
1530 1301 1700 1373 Xysto
1745 1302 1867 1357 huic
1894 1318 1982 1358 as-

397 1408 621 1451 sereret.
655 1398 759 1453 Sed
792 1397 984 1450 refellit
1012 1412 1131 1449 eum
1164 1394 1365 1447 Natalis
1412 1394 1719 1448 Alexander
1746 1409 1871 1450 saec.
1904 1411 1933 1448 v
1957 1434 1974 1463 ,

397 1504 551 1557 pagg.
585 1488 654 1543 49
686 1505 765 1557 sq.
790 1486 943 1541 Gesta
967 1489 1030 1540 de
1049 1486 1204 1556 Xysti
1234 1488 1535 1558 purgatione
1557 1496 1603 1540 et
1639 1486 1979 1557 Polychronii

395 1578 860 1650 Hierosolymitaui
908 1579 1135 1646 episcopi
1182 1578 1547 1647 accusatione,
1609 1578 1773 1649 ipsius
1819 1577 1976 1649 Xystt'

2092 830 2227 885 Item
2278 832 2611 891 Collectiones
2644 838 2781 893 Sixti
2830 856 2980 909 papa:
3005 842 3067 895 de
3114 841 3498 913 Expurgatione
3541 863 3659 905 sua.

2095 940 2226 993 quas
2268 928 2474 997 collegit
2504 930 2761 999 impetitus
2809 949 2840 985 a
2890 932 3187 987 Mariniano
3236 944 3286 988 et
3330 933 3515 1005 Basso,
3569 937 3669 993 fol.

2085 1027 2594 1074 CCCXXI—CCCXXV.

2156 1105 2283 1161 Ilazc
2315 1116 2399 1161 est
2426 1109 2595 1178 prima
2624 1111 2791 1165 editio
2818 1110 3227 1184 Expurgatiouis
3267 1117 3409 1171 illius
3436 1116 3589 1189 Xysti
3606 1128 3667 1173 et

2085 1192 2453 1266 Polychronii,
2483 1217 2640 1269 quant
2675 1202 2864 1258 Petrus
2907 1203 3173 1262 Crabbius
3202 1209 3251 1262 in
3280 1209 3486 1265 duobus
3512 1222 3668 1265 vetu-

2081 1291 2200 1355 stis,
2231 1292 2519 1348 admodum
2551 1296 2826 1351 mendosis
2854 1313 2916 1352 ac
2937 1299 3241 1367 depravatis
3263 1304 3665 1372 exemplaribus

2080 1383 2458 1451 deprehendit.
2498 1387 2630 1453 Qua:
2658 1402 2778 1441 cum
2803 1388 3022 1443 horrida
3051 1393 3278 1459 quadam
3308 1394 3563 1448 barbarie
3588 1398 3663 1451 ita

2079 1471 2223 1527 inter
2248 1489 2309 1528 se
2334 1478 2746 1542 concordarent,
2777 1489 2831 1533 ut
2856 1480 3187 1536 dissiderent
3209 1485 3441 1538 maxime
3466 1486 3665 1541 verbo-

2076 1579 2194 1616 rum
2225 1569 2724 1639 sententiarumque
2750 1572 3085 1640 singularum
3113 1576 3398 1643 varietate,
3433 1579 3518 1632 ille
3550 1596 3659 1635 non

391 1674 534 1737 iussu
562 1673 796 1735 collecta,
846 1687 964 1740 quae
993 1671 1182 1724 Petrus
1209 1669 1469 1723 Crabbius
1498 1669 1549 1723 in
1589 1670 1830 1723 conciliis
1855 1685 1883 1723 a
1910 1686 1954 1724 se

2076 1656 2241 1709 modo
2274 1673 2377 1711 non
2408 1658 2689 1728 indignum
2730 1663 3057 1717 existimavit
3104 1668 3386 1736 utriusque
3427 1678 3655 1737 textum,

390 1766 547 1818 cuius
578 1766 807 1832 primum
838 1763 1123 1832 (ποίμνη,
1163 1778 1266 1816 non
1289 1764 1461 1816 solum
1496 1762 1714 1816 ιιοιτωο
1742 1779 1805 1816 ac
1840 1763 1966 1816 bar-
1998 1751 2044 1810 Β
2074 1747 2222 1801 nulla
2242 1748 2379 1803 facta
2400 1752 3652 1826 mutatione,duabuscolumnisreprmsentare,

390 1855 520 1908 baro
548 1871 796 1909 sermone
821 1896 836 1921 ,
883 1855 977 1908 sed
1022 1855 1317 1908 innumeris
1359 1854 1521 1907 etiam
1571 1852 1623 1906 in
1655 1852 1966 1909 bistoricam

388 1947 667 1998 veritatem
702 1944 934 2012 peccatis
984 1943 1255 1997 inﬁcetum
1316 1943 1663 2012 impostorem
1712 1944 1963 2013 produnt.

387 2035 730 2088 Constantius
756 2052 817 2088 ex
848 2035 1036 2089 eadem
1083 2033 1295 2089 officina
1328 2034 1592 2103 prodiisse
1621 2036 1921 2105 suspicatur
1945 2075 1962 2101 ,

387 2144 488 2193 qua
517 2128 855 2181 Sinnessanze
879 2126 1068 2197 synodi
1098 2125 1199 2179 sub
1221 2125 1548 2192 Marcellino,
1581 2126 1836 2180 Romana:
1864 2125 1965 2181 sub

380 2219 665 2289 Sylvestt-o
696 2230 750 2274 et
776 2220 985 2273 Liberio
1014 2229 1195 2288 gesta,
1240 2218 1309 2273 de
1332 2218 1527 2288 quibus
1556 2217 1670 2274 suis
1717 2218 1805 2273 ille
1830 2219 1963 2273 Iocis

380 2312 688 2365 acutissime
732 2317 787 2364 et
833 2310 1141 2365 doctissime
1165 2309 1439 2375 disseruit,
1474 2323 1701 2379 procusa
1736 2310 1956 2377 fuerint,

380 2418 573 2470 nempe
622 2401 930 2472 Symmachi
984 2416 1133 2471 papae
1178 2402 1508 2470 temporibus
1552 2409 1609 2454 et
1650 2402 1703 2454 in
1733 2401 1959 2470 gratiam

377 2496 585 2566 judicii,
619 2494 757 2561 quod
787 2495 1022 2547 Romana
1066 2494 1302 2564 synodus
1349 2494 1564 2547 ineunte
1588 2494 1786 2547 saaculo
1813 2507 1865 2547 vt
1890 2493 1959 2548 de

376 2604 537 2642 causa
594 2587 751 2655 hujus
801 2585 1069 2652 pontiﬁcis
1122 2585 1364 2654 protulit.
1418 2586 1601 2653 Itaque
1650 2584 1765 2639 haec
1814 2586 1957 2639 fraus

376 2681 531 2747 longe
579 2676 767 2731 Isidori
816 2677 1127 2731 Mercatoris
1172 2675 1481 2744 imposruris
1518 2684 1604 2731 est
1651 2676 1953 2743 antiquior,

376 2768 471 2836 qui
496 2779 672 2823 tamen
697 2768 812 2837 ipse
842 2767 1062 2821 minime
1085 2768 1287 2820 otiosus
1311 2766 1431 2833 fuit,
1455 2768 1549 2821 sed
1580 2766 1751 2839 Xysto
1781 2768 1845 2822 III
1874 2767 1956 2821 af-

372 2858 527 2914 iinsit
556 2858 842 2929 Epistolam
887 2858 954 2912 ad
1004 2857 1316 2925 Orientales,
1345 2862 1429 2913 cui
1480 2869 1535 2914 et
1562 2859 1953 2916 criminationis

373 2951 523 3005 Bassi
577 2960 631 3005 et
681 2951 1014 3020 purgationis
1063 2947 1219 3020 Xysti
1274 2948 1506 3003 fabulam
1559 2950 1803 3017 inseruit,
1853 2949 1950 3005 sed

371 3042 625 3112 quidquid
655 3042 725 3095 ibi
759 3042 1001 3107 disserit,
1047 3040 1175 3094 illud
1198 3056 1267 3095 ex
1297 3057 1404 3095 uno
1428 3041 1709 3095 Anastasio
1735 3040 1950 3109 vulgato

2069 1839 2167 1892 sed
2222 1843 2504 1911 utriusque
2548 1844 2940 1913 discrepantias
2972 1849 3135 1902 etiam
3174 1850 3504 1918 conjecturae
3552 1869 3658 1923 0pc

2067 1942 2395 1998 componere
2432 1943 2489 1988 et
2532 1933 2600 1988 ad
2645 1936 2915 1991 saniorem
2958 1953 3179 1993 sensum
3238 1943 3657 2012 politioremque

2066 2022 2367 2076 orationem
2392 2024 2654 2080 reducere
2676 2027 2826 2081 nisus
2853 2038 2958 2082 est.
2982 2029 3160 2098 Atque
3187 2031 3322 2097 haec,
3347 2050 3506 2101 quam
3540 2037 3655 2103 ipse

2066 2110 2322 2167 conﬂavit
2345 2116 2611 2183 narratio,
2654 2118 2890 2173 medium
2920 2119 3065 2175 inter
3095 2133 3349 2192 utrasque
3368 2124 3653 2181 columnas

2064 2200 2241 2274 locum
2270 2216 2521 2274 occupat.

2135 2294 2295 2351 1589.
2323 2296 2582 2366 Parisiis;
2609 2300 2793 2373 iit-fol.
2824 2302 2961 2358 Sixti
2995 2302 3065 2359 III
3097 2304 3157 2360 P.
3184 2305 3255 2360 Μ.
3279 2305 3440 2362 Liber
3466 2307 3537 2363 de
3561 2308 3651 2364 di-

2060 2385 2236 2452 vitiis;
2272 2389 2514 2456 ejusdem
2545 2391 2785 2460 Epistola
2808 2394 2878 2450 de
2908 2395 3067 2452 malis
3095 2397 3409 2453 doctoribus
3436 2412 3491 2456 et
3518 2416 3648 2469 opo-

2068 2474 2217 2529 ribus
2246 2477 2391 2544 iidei,
2425 2489 2480 2533 et
2522 2480 2590 2535 de
2614 2482 2823 2550 judicio
2852 2484 3073 2550 futuro;
3118 2488 3360 2555 ejusdem
3387 2488 3549 2544 Liber
3576 2491 3651 2547 do

2057 2571 2305 2624 castitate
2345 2570 2411 2624 ad
2459 2573 2744 2640 quemdam
2800 2591 2929 2630 vere
2954 2574 3364 2640 Christianum:
3413 2582 3471 2635 in
3498 2580 3640 2640 Bibl.

2057 2654 2178 2710 PP.
2207 2655 2365 2729 Bign.
2394 2661 2649 2717 secundae
2675 2664 2764 2718 ed.
2791 2672 2939 2721 tomo
2968 2666 3032 2727 V.

2128 2746 2290 2801 I59I.
2339 2748 2553 2817 Romae;
2588 2752 2767 2821 in-{ol.
2813 2755 2953 2811 Sixti
3002 2772 3156 2829 papas
3199 2758 3268 2816 III
3301 2762 3539 2832 Epistula
3568 2767 3641 2821 ad

2052 2834 2383 2905 Orientales;
2414 2840 2468 2894 in
2496 2840 2812 2900 Collectioue
2840 2846 3127 2918 Epistolar.
3174 2849 3388 2908 Decret.
3434 2853 3638 2920 Pontif.

2052 2924 2208 2983 Rom.
2231 2929 2355 2985 Ant.
2382 2930 2541 2987 Card.
2574 2934 2800 3005 Carafc.
2840 2938 2903 2993 Τ.
2927 2938 2969 2995 I.

2126 3020 2285 3077 1594.
2314 3022 2515 3091 Romae,
2549 3043 2577 3080 e
2602 3037 2804 3099 typogr.
2827 3029 2987 3098 Vat.;
3014 3033 3200 3103 in—fol.
3233 3035 3369 3092 Sixti
3404 3053 3552 3107 papa:
3570 3039 3637 3096 III

370 3152 465 3188 seu
502 3133 789 3201 pontificali
817 3132 951 3186 libro
981 3141 1279 3185 mutuatum
1307 3146 1428 3186 esse
1460 3141 1643 3186 monet
1675 3130 1942 3186 Constan-

2070 3113 2305 3183 Epistola:
2320 3116 2460 3182 duas,
2480 3119 2757 3175 videlicet:
2786 3123 2845 3177 1ο
2863 3125 2932 3177 ad
2953 3124 3203 3195 Cyrillum
3223 3128 3638 3185 Alexandrinum

371 3234 497 3276 ltus.

653 3309 680 3382 ᾗ
723 3310 811 3365 III.
857 3310 1117 3365 Editiones
1157 3310 1462 3383 scriptorum
1488 3309 1662 3382 Xysti.

440 3426 575 3478 Ante
612 3422 892 3476 Baronium
924 3422 1057 3476 nihil
1086 3423 1379 3478 litterarum
1411 3423 1760 3491 genuinarum
1796 3431 1944 3494 aystt

371 3519 666 3584 prostabat.
702 3516 885 3569 Isidori
916 3514 1079 3570 fetum
1118 3515 1363 3569 ediderat
1394 3515 1642 3569 Merlinus
1667 3526 1719 3570 et
1751 3516 1945 3570 iterum

369 3606 641 3671 Crabbius,
676 3605 902 3660 fortasse
930 3605 982 3657 in
1014 3607 1303 3659 Itomanam
1348 3621 1559 3675 quoque
1586 3607 1943 3674 Epistolarum

366 3695 725 3750 Decretalium
755 3696 1126 3750 collectionem
1155 3705 1401 3764 receptus
1424 3696 1540 3750 fuit.
1563 3696 1675 3763 Qua
1698 3697 1942 3752 absoluta

364 3788 578 3841 demum
607 3788 738 3840 duas
761 3789 1037 3856 epistolas,
1065 3786 1132 3842 III
1155 3787 1428 3843 scilicetet
1446 3788 1532 3855 IV,
1555 3804 1587 3844 e
1612 3804 1739 3843 mss.
1758 3804 1945 3844 exem-

365 3879 601 3946 plaribus
641 3878 913 3933 Vaticanis
958 3889 1143 3933 nactus
1188 3889 1271 3934 est
1315 3880 1568 3934 Antonius
1624 3881 1687 3934 de
1738 3881 1945 3951 Aquino

363 3983 420 4023 et
449 3984 568 4023 cum
616 3968 841 4021 Baronio
883 3969 1315 4036 communicavit,
1351 3970 1443 4040 qui
1475 3970 1526 4024 in
1566 3970 1848 4023 Annalibus
1872 3970 1940 4026 ad

361 4075 562 4113 annum
595 4060 699 4114 155
732 4075 822 4112 eas
854 4059 1151 4127 proposuit.
1182 4059 1312 4112 Post
1350 4060 1566 4127 longum
1609 4061 1739 4114 satis
1770 4062 1940 4115 inter-

361 4153 557 4206 vallum
585 4161 807 4221 quatuor
836 4165 999 4203 novas
1029 4150 1094 4215 V,
1139 4148 1223 4210 VI,
1252 4149 1366 4217 VII,
1399 4149 1588 4216 VIII,in
1602 4152 1841 4220 ejusdem
1855 4152 1939 4207 bi-

362 4241 651 4295 bliothecae
701 4240 978 4294 codicibus
1027 4239 1380 4308 deprehendit
1422 4240 1591 4294 Lucas
1637 4240 1939 4297 Holstenius

359 4348 559 4402 easque
589 4332 692 4387 luci
720 4332 869 4387 dedit
896 4332 1047 4387 card.
1075 4332 1420 4389 Barberinius
1442 4334 1493 4389 in
1525 4332 1835 4389 Collectione
1856 4334 1943 4390 Bi-

364 4424 554 4491 pnrtt'ta
579 4422 811 4477 Romana
835 4438 900 4477 ex
923 4424 1138 4478 schedia
1167 4423 1423 4479 Ilolstenii
1452 4434 1570 4495 post
1590 4424 1793 4480 obitum
1820 4425 1936 4496 ejus

365 4514 532 4568 edita.
577 4514 814 4570 Tandem
843 4513 1075 4582 reliquas
1102 4514 1234 4567 duas
1278 4515 1480 4570 invenit
1505 4513 1809 4581 Cotelerius,
1840 4517 1934 4573 sed

360 4605 547 4661 Graece
575 4616 802 4659 tantum.
828 4606 1088 4673 Quocirca
1117 4605 1186 4660 de
1209 4621 1307 4660 suo
1330 4606 1418 4662 ille
1450 4608 1503 4660 in
1534 4607 1780 4662 Latinum
1812 4624 1936 4663 ver-

362 4699 445 4761 tit,
474 4706 532 4752 et
562 4698 612 4750 in
656 4696 998 4752 Monumentis
1030 4695 1172 4751 Eccl.
1202 4694 1396 4753 Greca
1425 4698 1653 4767 imprimi
1687 4701 1933 4769 curavit,

356 4790 683 4859 easdemque
727 4798 1178 4858 repraesentarnnt
1227 4788 1477 4845 Balusius
1511 4800 1567 4846 et
1602 4789 1934 4849 Harduinus.

354 4883 617 4937 Omnibus
642 4883 874 4952 denique
903 4882 1267 4937 emaculandis
1283 4891 1338 4937 et
1363 4884 1695 4940 illustrandis
1716 4901 1933 4943 manum

355 4975 589 5029 alntovit
619 4971 966 5040 Constantius,
996 4988 1153 5042 quem
1184 4975 1425 5045 sequitur
1452 4972 1784 5033 Gallandius.

960 5122 1175 5166 διουιο
1210 5125 1321 5167 XVI.

434 5221 585 5276 I325.
619 5220 863 5287 Parisiis;
883 5222 1059 5293 iit-fol.
1078 5223 1212 5278 Sixti
1237 5240 1384 5294 papae
1404 5224 1640 5287 decreta.
1668 5227 1703 5282 i.
1726 5243 1776 5282 e.
1799 5226 1930 5297 Epi-

350 5311 484 5364 stola
513 5313 581 5364 ad
614 5312 904 5368 Orientales
927 5312 995 5369 ab
1024 5313 1228 5369 Isidoro
1253 5315 1547 5374 Mercatore
1581 5317 1838 5385 conficta;
1871 5321 1923 5376 in

350 5402 468 5454 Jac.
503 5400 712 5458 Hcrlini
741 5404 984 5460 Consiliis
1012 5405 1075 5460 Τ.
1118 5405 1170 5472 I;
1214 5406 1465 5463 editionis
1489 5408 1709 5466 alterius
1736 5410 1919 5484 (Colo-

423 5597 500 5663 (τι)
530 5598 675 5653 Hanc
696 5602 937 5657 notitiam
967 5604 1087 5660 vide
1118 5604 1275 5660 infra.
1311 5606 1464 5661 Eutr.

424 5668 500 5732 (bi
547 5670 780 5726 [labetur
830 5675 945 5731 haec
981 5674 1292 5733 dissertatio
1345 5675 1594 5735 Garnerii
1648 5679 1701 5735 in
1743 5689 1927 5765 nostro

2049 3205 2118 3260 de
2146 3216 2329 3262 amoto
2358 3208 2612 3266 Nestorio
2640 3222 2693 3268 et
2722 3213 2990 3272 damnatis
3018 3219 3135 3287 ejus
3168 3220 3483 3292 Inmresibus,
3512 3240 3637 3293 gra-

2054 3297 2343 3364 tulatoria;
2377 3301 2435 3352 2’
2460 3304 2528 3354 ad
2556 3302 2815 3359 Joannem
2859 3307 3231 3365 Antiochenam
3272 3314 3519 3381 eju~dem
3546 3330 3636 3371 ar-

2046 3393 2325 3459 gumenti;
2352 3408 2418 3449 ex
2448 3393 2709 3451 Vaticano
2739 3400 2928 3455 codice
2946 3402 3105 3456 edita:
3133 3406 3187 3457 in
3212 3402 3429 3459 Barom'i
3458 3408 3634 3461 Anna-

2045 3482 2179 3536 libus
2207 3483 2275 3538 ad
2302 3499 2354 3539 a.
2379 3484 2505 3548 453,
2541 3504 2670 3541 num
2720 3488 2882 3545 I2-2I
2934 3503 3067 3546 tom.
3102 3493 3175 3560 V;
3206 3496 3290 3550 ed.
3323 3499 3551 3566 repetita:
3574 3514 3628 3555 a.

2046 3574 2208 3638 1607,
2262 3591 2386 3648 pag.
2438 3578 2673 3645 635-57;
2724 3582 2814 3635 ed.
2844 3583 3026 3638 Colon.
3075 3589 3203 3658 Agr.
3252 3589 3411 3654 1624,
3467 3605 3623 3660 pagg.

2045 3663 2311 3732 718,7I9;
2339 3668 2427 3722 ed.
2461 3668 2754 3725 Hansiame
2792 3681 2924 3729 tom.
2956 3674 3067 3741 VII,
3098 3678 3318 3732 451-55.
3358 3679 3487 3733 Acta
3520 3682 3629 3735 Ea:-

2040 3758 2363 3827 purgationis
2400 3760 2554 3829 Syxti
2591 3762 2746 3828 juxta
2777 3766 3095 3821 mendosum
3132 3769 3413 3838 exemplar
3459 3771 3626 3827 babes

2042 3847 2242 3904 ibidem
2273 3866 2424 3908 num.
2453 3850 2525 3906 δί
2543 3866 2662 3925 seq.

2638 3960 2853 4003 δεουιο
2892 3965 2924 4003 Χ
2935 3963 3026 4004 νη.

2115 4030 2276 4089 1606.
2315 4033 2543 4091 Colonia!
2594 4039 2853 4108 Agripp.;
2884 4042 3060 4112 iit-fol.
3110 4042 3250 4110 Vita,
3288 4045 3540 4114 Epistula:
3566 4055 3622 4103 et

2040 4121 2269 4179 Decreta
2296 4124 2436 4180 Sixti
2466 4143 2616 4197 papa:
2643 4129 2742 4197 III;
2775 4132 2829 4185 in
2854 4130 3098 4189 Conciliis
3127 4133 3250 4191 Ser.
3284 4134 3443 4198 Binii,
3481 4137 3542 4192 Τ.
3575 4138 3613 4207 I,

2040 4209 2135 4267 fol.
2168 4213 2392 4271 922-26.
2427 4217 2633 4289 Nempe
2660 4222 2781 4277 dua:
2826 4223 3004 4278 insunt
3053 4240 3120 4279 ex
3151 4225 3383 4281 Baronio
3410 4236 3463 4282 et
3510 4230 3618 4294 epi-

2038 4305 2170 4360 stola
2209 4307 2278 4361 ad
2315 4306 2627 4367 Orientales.
2657 4313 2785 4368 Acta
2825 4313 3235 4387 Ezpurgationis
3282 4316 3419 4374 Sitti
3461 4319 3614 4389 juxta

2038 4398 2131 4454 ed.
2160 4398 2388 4457 Crabbei
2412 4404 2556 4459 edita
2586 4415 2716 4459 sunt
2735 4404 2833 4460 fol.
2866 4406 3127 4463 928-929.

1961 4469 2013 4529 D
2112 4491 2275 4547 1618.
2313 4491 2547 4551 Coloniae
2590 4497 2753 4569 Agr.;
2800 4497 2969 4568 in-fol.
3004 4498 3139 4554 Sisti
3173 4515 3325 4570 papae
3359 4500 3425 4556 III
3462 4499 3615 4557 Liber

2036 4581 2106 4637 de
2131 4583 2353 4648 divitiis,
2378 4586 2531 4641 malis
2554 4586 2873 4643 doctoribus
2898 4600 2952 4645 et
2987 4590 3268 4656 castitate;
3292 4591 3343 4646 in
3373 4591 3452 4648 Η.
3478 4590 3610 4646 Bibl.

2037 4670 2157 4728 PP.
2191 4683 2321 4728 tom.
2354 4674 2417 4740 V,
2449 4691 2501 4744 p.
2534 4691 2594 4731 II.

2109 4763 2271 4818 16M.
2305 4762 2552 4833 Parisiis,
2580 4782 2608 4821 e
2638 4775 2845 4840 typogr.
2878 4767 3074 4842 Regia;
3100 4770 3448 4844 in-fol.Vita,
3483 4772 3609 4840 Epi-

2034 4855 2188 4910 stolte
2209 4865 2261 4910 et
2287 4855 2511 4911 Decreta
2539 4858 2674 4913 Sixti
2704 4875 2857 4928 papa:
2876 4858 2965 4928 III,
2990 4876 3112 4916 cum
3130 4864 3270 4917 notis
3295 4861 3417 4918 Ser.
3444 4862 3601 4925 Binii,

2037 4946 2091 5001 in
2120 4944 2253 5000 Coll.
2283 4944 2444 5017 Regia
2472 4945 2819 5002 Coneiliorum
2844 4950 2904 5003 T.
2942 4950 3054 5015 VII,
3092 4967 3247 5021 pagg.
3287 4952 3433 5007 I-IZ.

2110 5039 2265 5097 1662.
2299 5039 2498 5105 Βοηιω,
2530 5041 2662 5111 typis
2690 5040 2809 5093 Jac.
2854 5042 3193 5114 Drngondelli
3212 5059 3229 5105 ,'
3258 5042 3422 5098 iit-8'.
3461 5039 3607 5113 Xysti

2036 5148 2185 5202 papas
2212 5132 2282 5187 III
2312 5134 2569 5201 Epistolas
2598 5142 2826 5203 quatuor
2852 5149 2882 5187 e
2913 5133 3071 5187 codd.
3106 5132 3377 5188 Vaticanis
3423 5149 3611 5188 recens

2033 5236 2224 5290 erutae,
2248 5227 2497 5281 videlicet
2523 5244 2536 5279 :
2562 5226 2624 5280 1ο
2651 5226 2721 5278 ad
2748 5224 3053 5297 Perigenem
3094 5225 3473 5279 Corinthiorum
3502 5227 3599 5295 epi-

2030 5334 2272 5388 scopum;
2292 5320 2356 5373 20
2387 5321 2454 5371 ad
2472 5320 2734 5373 universos
2763 5319 3025 5388 episcopos
3053 5319 3249 5387 synodo
3277 5318 3421 5388 apud
3450 5314 3602 5368 Thes-

2028 5410 2316 5467 salonicam
2340 5411 2758 5483 congregandos;
2780 5412 2843 5467 5°
2869 5410 2937 5462 ad
2983 5407 3223 5462 Proclum
3242 5424 3262 5473 ,'
3305 5407 3368 5461 4ο
3390 5408 3459 5461 ad
3491 5404 3600 5459 uni-

2032 5611 2193 5736 paulo
2216 5612 2481 5737 Euperiori
2512 5621 2658 5670 tomo
2682 5613 2915 5681 XLVIII,
2947 5615 3011 5670 ad
3034 5628 3199 5683 opera
3232 5612 3379 5670 Marii
3412 5608 3603 5663 Ilerca-

2056 5697 2184 5736 orts.
2260 5697 2368 5737 orr.

2056 5697 2184 5736 una.
2219 5697 2368 5739 ιυιτ.
