3916 6178
285 297 381 351 581

1099 296 1411 353 ΜΟΝιΤυΜ
1449 298 1515 353 IN
1558 298 1737 354 DUAS
1778 300 1903 355 [Pii

1966 302 2151 358 ὈιΛὸ
2191 302 2621 369 SEQUENTES.
3438 327 3540 379 i382

282 423 446 460 versos
475 408 740 479 episcopos
763 424 853 475 per
882 405 1155 479 Illyricum
1182 410 1707 475 consistentesﬂnter
1732 411 1859 464 Acta
1888 418 1935 473 Α
1965 422 2017 466 et
2053 413 2297 482 Decreta,
2326 417 2682 488 undeqnaque
2701 422 2945 479 collecta:
2972 439 3024 485 et
3045 427 3425 500 chronologlcc
3454 451 3542 490 οι·-

286 497 485 566 Synodi
517 498 668 552 Rom.
699 497 798 551 sub
828 497 1105 552 Bonifacio
1130 498 1170 552 ll
1193 514 1219 551 a
1251 498 1393 552 Luca
1423 497 1697 553 Ilolstenio
1739 514 1863 568 pro.
1963 501 2185 570 dinataa,
2218 505 2440 573 insuper
2480 510 2619 562 notis
2648 511 2854 566 criticis
2884 525 2936 568 et
2969 515 3242 573 historicis
3271 497 3332 575 et
3350 522 3542 579 admo-

283 590 438 640 ducta
464 588 516 639 in
544 584 856 641 Collectione
878 587 1081 656 Bipart.
1117 588 1265 643 Rom.
1292 597 1429 657 part.
1457 604 1473 643 ι
1500 604 1619 660 pag.
1649 590 1719 646 90
1739 606 1857 660 sqq.

356 676 488 731 1614
512 686 558 730 et
585 677 740 732 1651.
772 677 1021 743 Parisiis;
1043 678 1219 746 in-fol.
1248 677 1382 733 Sixti
1406 678 1473 732 Ill
1500 680 1559 734 P.
1590 679 1861 748 ascriptus

283 769 449 842 Liber
489 769 556 824 de
601 769 803 823 divitiis
831 779 886 823 et
918 769 1159 837 Epistola
1191 770 1257 823 de
1306 770 1460 823 malis
1506 769 1817 824 doctoribus
1842 813 1857 840 ,

282 858 532 925 aperibus
558 857 684 913 lidei
711 868 765 913 et
790 859 857 912 de
874 858 1079 927 judicio
1106 860 1314 923 futuro;
1339 861 1465 913 item
1489 859 1652 914 Liber
1674 860 1743 914 de
1765 874 1859 915 ca-

281 952 463 1004 stitate
489 951 557 1003 ad
586 950 873 1019 quemdam
896 964 1034 1004 atere
1060 948 1462 1015 Christianum;
1487 950 1538 1004 in
1569 949 1705 1004 Bibl.
1735 949 1856 1004 PP.

280 1042 341 1095 Τ.
375 1040 439 1095 ν.

352 1132 510 1186 1671.
535 1129 750 1186 Lutetiae
772 1130 1097 1185 Parisiorum
1114 1149 1132 1197 ;
1149 1131 1325 1200 ἔνι-[οι.
1351 1131 1496 1200 Vita,
1522 1132 1778 1203 Epistulae
1804 1142 1861 1189 et

284 1225 507 1279 Decreta
542 1224 676 1279 Sixti
704 1240 857 1295 papa:
881 1224 980 1291 lll;
1007 1225 1061 1278 in
1087 1224 1327 1279 Consiliis
1353 1224 1539 1280 Labbei
1567 1235 1622 1281 et
1647 1226 1861 1280 Cassar-

278 1318 335 1369 tii
366 1316 428 1370 Τ.
455 1316 518 1370 III
546 1333 562 1371 :
593 1316 843 1371 videlicet
876 1334 890 1371 :
924 1318 986 1371 1ο
1012 1318 1082 1371 ad
1111 1315 1361 1388 Cyrillum
1396 1320 1536 1373 inter
1561 1321 1686 1372 Acta
1707 1334 1856 1371 conc.

282 1406 472 1475 Ephes.
507 1417 650 1477 part.
670 1424 747 1475 ut,
776 1408 1008 1477 (ταμίη,
1040 1423 1197 1479 pagg.
1225 1409 1392 1474 “75;
1419 1409 1480 1462 2‘
1509 1410 1577 1462 ad
1601 1407 1856 1462 Joannem

275 1498 686 1557 Antiochenam.
737 1497 937 1552 ibidem
978 1514 1137 1568 pagg.
1184 1499 1343 1565 1178,
1377 1500 1650 1554 etitcrum
1697 1514 1851 1569 pagg.

278 1588 439 1653 1261,
479 1588 651 1653 1Ξ62ς
697 1587 758 1641 5°
797 1589 866 1641 ad
916 1588 1226 1651 Orientales,
1271 1605 1428 1661 pagg.
1465 1590 1720 1645 1365-65.
1752 1588 1859 1643 lbi-

276 1679 402 1734 dem
436 1678 702 1747 incipiunt
738 1678 868 1731 Acta
890 1679 1277 1749 expurgationis
1308 1689 1355 1733 et
1387 1681 1725 1733 accusationis
1752 1678 1859 1732 Po-

1964 592 2260 649 nitionibus
2299 597 2580 653 illustratus
2603 615 2633 653 a
2665 599 2821 655 Petro
2852 602 3172 673 Constantio,
3209 610 3260 663 in
3294 608 3544 676 Epistolis

1962 681 2163 756 Pontif.
2222 685 2375 741 Rom.
2419 689 2482 743 Τ.
2523 689 2565 757 1,
2612 706 2764 759 pagg.
2799 695 3053 749 1229-72.
3103 696 3325 754 Inserta:
3370 714 3537 760 sunt:

1963 774 2024 828 1ο
2058 783 2179 843 post
2219 780 2513 835 secundum
2542 824 2556 848 ,
2596 780 2826 851 Epistula
2872 782 3091 840 Joannis
3136 790 3436 846 Amice/teni
3470 797 3541 847 ad

1958 862 2205 935 Xystum,
2255 866 2349 922 Gr.
2412 868 2531 922 Lat.
2584 884 2692 924 scr.
2746 875 2888 927 circa
2933 889 2985 930 ο.
3038 874 3163 942 455,
3206 890 3261 934 et
3308 881 3537 948 ibidem;

1959 954 2019 1007 2°
2068 956 2287 1025 epistola
2329 957 2563 1012 Eutherii
2614 961 2935 1032 Thganensis
2963 969 3189 1037 episwpi
3222 978 3267 1025 et
3304 971 3539 1028 Ilcllutlt'i

1998 1043 2267 1101 Tarsensis
2288 1050 2356 1102 ad
2384 1051 2639 1117 eumdem,
2690 1067 2797 1107 scr.
2830 1056 3018 1109 eodem
3047 1073 3211 1115 anno.
3243 1063 3464 1118 Accedit
3505 1082 3538 1119 a

1960 1148 2112 1204 pagg.
2156 1136 2295 1189 1275
2334 1138 2400 1192 ad
2435 1139 2572 1195 1280
2609 1141 2813 1195 Notitia
2851 1146 3174 1215 reliquorum
3204 1152 3532 1221 scriptorum,

1957 1241 2071 1294 qua:
2091 1228 2159 1280 ad
2180 1227 2405 1298 Xyslum
2447 1235 2685 1297 attinent,
2722 1245 2774 1288 et
2806 1236 2857 1290 in
2896 1237 3187 1305 Appendice
3219 1243 3373 1311 hujus
3405 1248 3536 1302 tomi

1960 1315 2115 1371 Gesta
2147 1317 2552 1389 Eapurgationis
2578 1321 2732 1393 Χειδιὶ
2762 1339 2884 1379 cum
2918 1330 3058 1381 notis
3088 1340 3140 1384 et
3170 1333 3538 1392 admonitione

1959 1423 2111 1481 pagg.
2147 1412 2407 1466 ill-124.
2438 1416 2615 1482 Atque
2655 1418 2708 1469 in
2750 1417 2829 1470 his
2859 1424 3034 1473 OtlllllS
3060 1422 3174 1477 hac
3205 1430 3538 1490 pra'stantis-

1956 1502 2091 1555 sima
2134 1501 2421 1556 Constantii
2468 1519 2633 1573 Opera
2661 1509 2926 1563 subsistit.
2961 1511 3037 1564 Ex
3072 1514 3383 1581 prmlatione
3420 1521 3539 1585 qui-

1956 1590 2076 1645 dem
2107 1590 2389 1662 discimus,
2420 1609 2667 1661 magnam
2717 1597 2893 1652 adhuc
2938 1611 3139 1668 partem
3172 1605 3289 1673 ejus
3322 1606 3373 1659 'ru
3400 1624 3533 1662 mss.

1958 1684 2311 1751 autographis
2338 1683 2475 1739 thCli
2507 1688 2741 1742 auctoris
2785 1692 2975 1757 latere,
3008 1704 3062 1746 et
3087 1702 3455 1766 sperabamus,
3489 1702 3535 1756 si

278 1769 540 1838 lychronii
562 1769 717 1838 juxta
741 1780 848 1824 tres
871 1766 1086 1825 Crabbii
1124 1770 1387 1826 editiones
1410 1786 1578 1841 usque
1600 1771 1665 1825 ad
1696 1785 1850 1841 pagg.
1889 1783 1930 1840 Β
1960 1787 2066 1825 non
2115 1789 2331 1827 omnem
2382 1774 2584 1830 laudati
2618 1778 2713 1831 viri
2766 1779 3190 1839 lucubrationem
3240 1787 3431 1856 aliquis
3468 1806 3535 1845 ex

277 1859 436 1915 1285.

344 1952 506 2005 1677.
542 1950 760 2006 Lutetia
790 1950 1138 2018 Parisiorum,
1172 1952 1315 2023 apud
1355 1950 1553 2008 Franc.
1602 1952 1856 2025 Muguet;

272 2042 433 2096 ἔπι-4⁵.
467 2043 621 2114 Xysti
646 2059 795 2113 papa:
828 2044 1037 2111 Romae,
1085 2047 1414 2101 successoris
1459 2045 1760 2110 leestini,
1789 2046 1857 2100 ad

271 2138 539 2208 Cyrillum
593 2138 846 2207 Epistola:
878 2138 1029 2202 duae,
1061 2151 1127 2193 ex
1174 2137 1360 2194 codice
1398 2153 1499 2205 ms.
1540 2137 1858 2192 Colbertino

274 2241 472 2281 recens
510 2227 671 2283 editae
717 2227 906 2283 Graece
933 2243 1056 2281 cum
1106 2226 1294 2282 Latina
1345 2228 1597 2283 versione
1636 2227 1859 2282 editoris

271 2318 431 2373 Joan.
460 2318 612 2384 Bapt.
642 2316 876 2372 Cotelerii
902 2318 954 2372 in
981 2318 1215 2372 Monum.
1242 2318 1382 2371 Eccl.
1416 2317 1506 2371 Cr.
1535 2318 1599 2372 T.
1632 2316 1675 2380 1,
1699 2333 1854 2388 pagg.

271 2410 465 2466 42-47.
494 2409 687 2480 Incipit
716 2410 862 2479 prior
897 2407 1127 2464 Lanatus
1166 2425 1301 2475 sum,
1339 2409 1477 2464 alter
1505 2406 1739 2462 Gratiam
1759 2407 1859 2463 Ita—

276 2505 453 2557 bentes
484 2502 613 2556 Deo.

346 2594 505 2648 1677.
542 2591 786 2663 Lugduni
817 2607 838 2658 ,'
867 2588 1044 2662 ἔνι-[οι.
1101 2588 1244 2646 Sixti
1285 2588 1353 2644 [Il
1391 2589 1451 2643 P.
1484 2588 1556 2643 M.
1601 2588 1764 2647 Liber
1793 2587 1862 2643 de

273 2686 503 2751 divitiis,
546 2683 706 2739 Liber
731 2682 798 2737 de
829 2682 1098 2749 castitate,
1133 2690 1190 2736 et
1220 2679 1457 2750 Epistola
1484 2680 1553 2736 de
1582 2681 1735 2734 malis
1762 2679 1861 2735 do-

274 2776 541 2840 ctoribus,
569 2788 685 2843 qua)
726 2787 1012 2842 perperam
1044 2764 1257 2844 pridem
1287 2770 1464 2827 eidem
1512 2771 1858 2836 tribuuntur;

276 2868 330 2921 in
358 2863 504 2920 Max.
537 2862 675 2917 Bibl.
704 2862 823 2919 PP.
857 2863 918 2917 Τ.
949 2861 1063 2918 γιι.

350 2958 515 3013 1685.
544 2955 781 3021 Parisiis,
814 2957 953 3025 apud
979 2953 1180 3011 Franc.
1211 2953 1460 3026 Huguet;
1488 2956 1669 3028 in-fol.
1701 2955 1862 3030 Xysti

282 3060 436 3115 papae
468 3047 725 3116 Epistolte
750 3047 870 3102 dua:
894 3047 981 3102 'ad
1026 3032 1290 3122 Cyrillum
1323 3062 1349 3098 a
1378 3047 1649 3102 Cotelerio
1685 3047 1779 3103 Gr.
1810 3054 1864 3102 et

1957 1864 2376 1931 congregatione
2408 1865 2647 1920 Maurina
2679 1867 2823 1923 loras
2849 1870 3075 1925 daturus
3119 1883 3281 1938 esset,
3313 1876 3427 1932 iure
3457 1891 3535 1932 ta-

1959 1968 2105 2017 tnen,
2154 1955 2291 2007 utin
2328 1970 2612 2024 progressu
2665 1958 2845 2026 operis
2893 1961 3346 2033 splendidissimi,
3392 1971 3536 2037 quod

1959 2058 2133 2111 nuper
2173 2044 2360 2099 Patres
2406 2046 2494 2100 isti
2546 2047 2949 2118 inchoaveram,
2998 2055 3370 2111 collectionem
3415 2060 3537 2115 dite

1957 2136 2198 2189 omnium
2224 2136 2411 2191 Gallia:
2437 2138 2805 2194 Conciliorum
2837 2142 3213 2200 Sirmondiana
3256 2150 3413 2219 longe
3441 2168 3538 2204 an-

1957 2226 2181 2279 ctiorcm
2214 2238 2267 2281 et
2296 2227 2649 2298 ornatiorem,
2679 2246 2740 2285 ea
2768 2234 2957 2287 saltem
2996 2238 3306 2302 pentilleum
3340 2241 3535 2296 [ionia-

1960 2332 2151 2370 norum
2202 2328 2576 2387 monumenta,
2626 2338 2747 2391 quae
2772 2326 2836 2378 ad
2877 2325 3203 2383 Gallicanam
3237 2332 3537 2388 Ecclesiam

1961 2407 2255 2475 pertinent,
2289 2424 2410 2476 quae
2453 2423 2585 2464 sane
2626 2427 2726 2466 nec
2762 2428 2927 2482 pauca
2983 2427 3133 2485 sunt,
3191 2435 3291 2474 nec
3332 2424 3541 2478 minimi

1963 2498 2239 2562 momenti,
2282 2499 2586 2553 Constantii
2617 2516 2777 2555 manu
2807 2505 3071 2572 perpolita
3105 2509 3399 2574 prodirent.
3434 2513 3536 2569 Sed

1962 2584 2289 2653 fefellerunt,
2325 2589 2489 2644 immo
2517 2591 2853 2660 abruperant
2899 2609 3050 2664 spem
3093 2597 3537 2667 jucundissimam

1964 2678 2462 2746 turbulentissima,
2494 2683 2548 2735 in
2588 2697 2709 2751 quae
2755 2699 2899 2740 nunc
2948 2686 3117 2742 Gallia
3171 2690 3358 2745 incidit
3409 2703 3541 2747 tetu-

1961 2783 2113 2841 pora.

2036 2858 2194 2920 1761.
2224 2858 2543 2929 Florentiae;
2572 2864 2750 2935 ἱη-[οι.
2779 2865 2921 2932 Vita,
2955 2868 3208 2937 Epistola:
3230 2880 3285 2925 et
3311 2872 3538 2928 Decreta

1960 2948 2094 3025 δίιιί
2120 2965 2269 3018 papa:
2292 2951 2386 3016 ηις
2418 2952 2472 3007 in
2504 2953 2818 3009 Collectione
2859 2960 3094 3029 ampliss.
3137 2961 3415 3020 Concilior.
3450 2976 3550 3015 cu-

1962 3050 2119 3096 rante
2154 3040 2363 3103 Mansio
2404 3045 2467 3097 T.
2505 3044 2568 3113 V,
2611 3062 2763 3117 pagg.
2800 3050 3128 3106 1150-11ὸ6.
3173 3052 3392 3109 Scilicet
3420 3058 3543 3115 dum.

280 3136 399 3191 Lat.
428 3138 628 3203 editae;
662 3137 718 3192 in
747 3154 878 3193 nova
900 3135 1247 3194 Conciliorum
1272 3135 1583 3195 Collectione
1608 3138 1859 3210 Stephani
1886 3139 1932 3203 α
1963 3133 2173 3202 priores
2204 3134 2447 3204 epistulae
2475 3151 2581 3196 non
2612 3139 2715 3193 hoc
2742 3140 2884 3207 loco,
2932 3141 3025 3196 sed
3068 3142 3210 3197 inter
3268 3145 3393 3200 Acta
3425 3161 3541 3199 con—

282 3226 482 3283 Balusii
511 3226 577 3282 Τ.
604 3226 647 3295 Ι,
678 3242 837 3298 pagg.
872 3227 1095 3283 657-62.

867 3370 1011 3413 εισι)
1018 3371 1080 3413 ιο
1116 3373 1269 3413 XVIII.

355 3488 517 3544 1715.
540 3488 778 3557 Parisiis,
805 3507 831 3545 e
853 3500 1059 3562 typoyr.
1090 3492 1287 3562 Regia;
1316 3494 1394 3546 in-
1404 3494 1499 3563 fol.
1528 3493 1684 3565 Xysti
1709 3509 1860 3566 papae

287 3578 355 3634 III
383 3580 638 3649 Epistulae
663 3589 773 3636 tres
797 3582 865 3635 ad
888 3580 1137 3652 Cyrillum
1166 3583 1596 3650 Alexandrinum,
1628 3602 1856 3655 quarum

288 3668 405 3723 dua:
434 3671 765 3738 posteriores
808 3671 905 3727 Gr.
937 3671 1059 3729 Lat.
1086 3687 1114 3725 a
1141 3672 1410 3728 Cotelerio
1438 3674 1627 3740 editae;
1656 3684 1710 3731 et
1750 3691 1859 3731 una

289 3759 355 3811 ad
376 3760 630 3815 Joannem
652 3762 1056 3830 Antiochenam;
1080 3764 1136 3819 in
1160 3763 1422 3820 Harduini
1445 3765 1690 3823 Conciliis
1721 3769 1784 3824 T.
1814 3770 1859 3837 Ι,

290 3863 441 3919 pagg.
488 3851 816 3908 1707-1714.

359 3942 512 3998 1721.
548 3942 803 4013 Parisiis;
827 3946 1005 4018 in-fol.
1038 3948 1096 4004 S.
1132 3947 1283 4021 Xysti
1313 3950 1383 4006 Ill
1403 3966 1572 4021 papas,
1609 3952 1863 4023 Epistolas

1956 3229 2067 3282 cilii
2097 3227 2352 3298 Ephesini
2388 3232 2677 3301 exscriptte
2712 3244 2860 3309 sunt.
2899 3236 3201 3291 Succedunt
3250 3237 3334 3293 hic
3357 3254 3386 3292 a
3419 3257 3544 3311 pag.

1963 3318 2103 3373 1162
2132 3321 2261 3393 Acta
2290 3320 2717 3392 Expurgationis,
2752 3333 2860 3378 etc.

2036 3411 2195 3467 1775.
2247 3411 2508 3481 Venetiis;
2539 3416 2723 3485 iit—fol.
2752 3415 2811 3473 S.
2836 3416 2990 3487 XySIi
3020 3418 3082 3475 ΙΙΙ
3108 3434 3258 3489 papa:
3292 3419 3546 3489 Epistulas

1965 3512 2021 3557 et
2054 3502 2300 3569 Decreta,
2324 3506 2518 3572 quibus
2542 3507 2799 3561 nonnulla
2830 3507 3032 3563 intexta
3060 3510 3124 3563 ad
3148 3510 3396 3564 eumdem
3424 3524 3547 3563 sau-

1966 3602 2108 3655 etum
2140 3596 2447 3665 pontificem
2493 3598 2813 3667 pertinentia
2849 3614 2914 3656 ex
2946 3602 3185 3655 editione
3218 3600 3283 3654 V.
3314 3603 3372 3655 C.
3405 3600 3547 3654 l’etrt

1968 3683 2289 3751 Constantii;
2320 3687 2373 3740 in
2400 3686 2538 3740 Bibl.
2584 3686 2703 3741 PP.
2734 3697 2781 3740 et
2807 3688 2913 3743 SS.
2974 3686 3083 3742 νει.
3137 3687 3279 3741 Eccl.
3331 3691 3548 3743 Antlreta

1969 3774 2238 3830 Galtandii
2281 3777 2344 3830 T.
2380 3776 2481 3844 IX,
2514 3792 2671 3848 pagg.
2711 3778 2979 3835 518-559..
3014 3779 3221 3839 Addita!
3251 3791 3374 3840 sant
3406 3794 3546 3840 aut-1:

1970 3881 2037 3926 ex
2063 3864 2378 3921 Constantio
2398 3868 2637 3934 selecttn,
2661 3870 2995 3942 accessitque
3014 3874 3190 3944 capite
3222 3876 3283 3931 l9
3305 3876 3547 3949 Pralt'gg.

1973 3955 2282 4011 dissertatio
2312 3955 2379 4012 de
2403 3956 2589 4029 Xysto.

2229 4102 3528 4125 ———-‘—‘—_———————————

1181 4222 1743 4337 XYSTI
1818 4226 2040 4338 III
2115 4226 2656 4341 PAPE

710 4425 1715 4576 EPISTOLZE
1810 4430 2056 4573 ET
2147 4426 3148 4619 DECRETA,

1475 4653 1724 4728 Quibus
1767 4653 2082 4717 nonnulla
2116 4654 2361 4718 intexta

1106 4796 1214 4857 AD
1262 4795 1601 4859 EUMDEM
1645 4797 2129 4862 PONTIFICEM
2173 4797 2727 4860 PERTINENTIA.

746 4931 844 4998 (Ex
866 4931 987 4986 edit.
1010 4933 1160 5000 Epist.
1184 4934 1324 4987 Rom.
1350 4935 1492 4988 Pont.
1515 4936 1572 4988 P.
1596 4935 1883 5003 Constantii,
1910 4940 2034 5003 apud
2056 4939 2361 4991 Gallandinm
2380 4939 2514 4991 Vett.
2536 4938 2669 4990 Patr.
2699 4940 2820 4994 Bibl.
2846 4951 2961 4995 tom.
2988 4945 3092 5012 IX.)

392 5147 703 5206 MONITUM
734 5149 799 5204 ΙΝ
843 5148 1023 5205 DUAS
1064 5148 1281 5205 EPIST.
1327 5150 1750 5217 SEQUENTES.

357 5284 411 5353 1.
451 5284 493 5338 Ε
519 5282 709 5339 Graeco
731 5282 1022 5352 exemplari
1060 5283 1239 5353 Regia:
1261 5283 1601 5340 bibliotheca:
1631 5284 1859 5353 primum

292 5365 323 5403 θ
344 5351 550 5407 Joanne
583 5353 813 5419 Baptista
834 5353 1102 5408 Cotelerio
1119 5351 1311 5418 eruta},
1341 5351 1860 5409 Latinitatedoaata:

291 5436 350 5490 sc
377 5422 841 5477 Monnmeutornm
872 5424 1177 5479 Graecorum
1226 5433 1370 5480 tomo
1413 5425 1431 5479 Ι
1470 5426 1696 5490 vulgata:
1738 5433 1861 5479 sunt

290 5489 390 5545 illae
440 5492 704 5561 epistolas.
762 5494 987 5548 Easdem
1026 5493 1252 5550 subinde
1281 5495 1470 5559 Steph.
1520 5496 1767 5551 Baluzius
1809 5499 1859 5549 in

290 5576 422 5615 nova
452 5563 774 5619 collectione
798 5566 1144 5618 conciliorum
1187 5579 1307 5633 pag.
1339 5563 1444 5620 658
1476 5565 1659 5619 recutli
1696 5580 1857 5618 cura-

292 5635 387 5685 vit.
415 5633 601 5688 Amba:
623 5635 784 5688 dubio
808 5634 991 5703 procnl
1022 5633 1230 5700 Latine,
1276 5635 1563 5701 prtesulum
1599 5633 1864 5687 Romano-

290 5718 403 5759 rum
428 5718 600 5770 more,
630 5706 842 5773 scripta:
870 5713 1012 5771 sunt,
1046 5705 1170 5760 licet
1207 5720 1391 5761 earnm
1420 5704 1602 5760 Grteca
1656 5714 1859 5759 tantum

1886 5159 1939 5218 D
1964 5151 2336 5229 interpretatio
2363 5154 2429 5229 ad
2461 5170 2556 5209 nos
2580 5157 2901 5229 pervenerit.
2952 5155 3243 5229 Utramque
3275 5174 3403 5216 vero
3432 5170 3544 5216 stac

1967 5221 2059 5299 tim
2090 5226 2158 5276 ab
2203 5223 2541 5299 ordinatione
2583 5221 2736 5296 'Xysti
2773 5228 3134 5296 conscriptam
3159 5221 3300 5283 'cssc
3333 5231 3500 5299 liquet
3523 5270 3541 5295 .

1964 5292 2205 5362 adeoque
2227 5306 2365 5346 anno
2386 5293 2511 5355 ὁδὶ,
2532 5292 2785 5351 ειιιιῖιίι-οθ
2817 5292 3021 5352 initium
3044 5300 3184 5362 Maii,
3213 5300 3256 5352 si
3282 5292 3540 5359 nou'talsa

1965 5374 2044 5437 est
2074 5361 2312 5437 vulgaris
2340 5364 2405 5418 de
2435 5366 2520 5419 die
2550 5366 2902 5437 ordinatiOnis
2934 5369 3089 5436 hujus
3126 5361 3275 5437 papae
3321 5384 3539 5425 semen.

1964 5431 2057 5495 tia,
2084 5444 2169 5506 aut
2198 5434 2343 5487 circa
2373 5438 2570 5488 exitum
2597 5436 2743 5498 Julii.
2764 5438 2806 5490 si
2835 5438 2977 5506 Pagii
3001 5431 3540 5506 opinio'praalert-ntla

1962 5512 2062 5553 est.
2118 5500 2349 5578 Quaque
2396 5506 2705 5578 satisfacere
2754 5500 3060 5575 aggreditur
3099 5500 3297 5578 Xystus
3348 5513 3541 5565 litteris

1965 5586 2100 5647 quas
2122 5571 2435 5647 (Ixrilluset
2456 5576 2543 5628 alii
2575 5571 2874 5647 Orientales
2896 5571 3165 5647 episcopi:
3195 5596 3288 5645 pro
3311 5597 3504 5647 compti
3522 5612 3534 5622 -

1967 5656 2031 5693 ne
2056 5641 2132 5692 nd:-
2164 5641 2396 5695 Urientis
2440 5659 2588 5711 pace,
2618 5646 2682 5698 ad
2727 5641 3265 5710 decessoretn'ipsi'us
3294 5641 3539 5705 (Scelesti-

1968 5725 2088 5762 num
2111 5725 2206 5780 per
2230 5712 2432 5781 legatos
2457 5715 2733 5771 miserant.
2780 5716 2980 5774 idcirco
3000 5719 3216 5775 lorsitan
3240 5723 3414 5783 prima
3436 5738 3542 5778 non
