  <div class='ocr_page' id='page_1' title='image "/cluster/home/n/w/nwhite01/storage/ocr_20150623/50/hvd.32044096580717/342.png"; bbox 0 0 3916 6178; ppageno 0'>
   <div class='ocr_carea' id='block_1_1' title="bbox 232 349 323 408">
    <p class='ocr_par' dir='ltr' id='par_1_1' title="bbox 232 349 323 408">
     <span class='ocr_line' id='line_1_1' title="bbox 232 349 323 408; baseline -0.044 0"><span class='ocrx_word' id='word_1_1' title='bbox 232 349 323 408; x_wconf 73' lang='grc'><strong>389</strong></span> 
     </span>
    </p>
   </div>
   <div class='ocr_carea' id='block_1_2' title="bbox 1177 337 2515 395">
    <p class='ocr_par' dir='ltr' id='par_1_2' title="bbox 1177 337 2515 395">
     <span class='ocr_line' id='line_1_2' title="bbox 1177 337 2515 395; baseline -0.001 -1"><span class='ocrx_word' id='word_1_2' title='bbox 1177 338 1389 395; x_wconf 74' lang='lat' dir='ltr'><strong>EPIST.</strong></span> <span class='ocrx_word' id='word_1_3' title='bbox 1425 338 1486 395; x_wconf 91' lang='grc'><strong>11.</strong></span> <span class='ocrx_word' id='word_1_4' title='bbox 1533 338 1733 394; x_wconf 74' lang='lat' dir='ltr'><strong>XYSTI</strong></span> <span class='ocrx_word' id='word_1_5' title='bbox 1777 338 1980 394; x_wconf 62' lang='lat' dir='ltr'><strong>PAPzE</strong></span> <span class='ocrx_word' id='word_1_6' title='bbox 2021 338 2110 392; x_wconf 81' lang='lat' dir='ltr'><strong>AD</strong></span> <span class='ocrx_word' id='word_1_7' title='bbox 2148 337 2515 394; x_wconf 76' lang='lat' dir='ltr'><strong>CYRILLUM.</strong></span> 
     </span>
    </p>
   </div>
   <div class='ocr_carea' id='block_1_3' title="bbox 3376 349 3482 408">
    <p class='ocr_par' dir='ltr' id='par_1_3' title="bbox 3376 349 3482 408">
     <span class='ocr_line' id='line_1_3' title="bbox 3376 349 3482 408; baseline 0.057 -7"><span class='ocrx_word' id='word_1_8' title='bbox 3376 349 3482 408; x_wconf 69' lang='lat' dir='ltr'><strong>5TH)</strong></span> 
     </span>
    </p>
   </div>
   <div class='ocr_carea' id='block_1_4' title="bbox 229 451 1807 540">
    <p class='ocr_par' dir='ltr' id='par_1_4' title="bbox 229 451 1788 528">
     <span class='ocr_line' id='line_1_4' title="bbox 229 451 1788 528; baseline -0.008 -11"><span class='ocrx_word' id='word_1_9' title='bbox 229 467 355 518; x_wconf 84' lang='lat' dir='ltr'><strong>lectu</strong></span> <span class='ocrx_word' id='word_1_10' title='bbox 397 458 826 528; x_wconf 70' lang='lat' dir='ltr'><strong>complectimur.</strong></span> <span class='ocrx_word' id='word_1_11' title='bbox 859 455 1090 510; x_wconf 83' lang='lat' dir='ltr'><strong>Tantum</strong></span> <span class='ocrx_word' id='word_1_12' title='bbox 1137 456 1281 510; x_wconf 87' lang='lat' dir='ltr'><strong>enim</strong></span> <span class='ocrx_word' id='word_1_13' title='bbox 1315 453 1407 506; x_wconf 90' lang='lat' dir='ltr'><strong>tibi</strong></span> <span class='ocrx_word' id='word_1_14' title='bbox 1460 453 1620 508; x_wconf 89' lang='lat' dir='ltr'><strong>debet</strong></span> <span class='ocrx_word' id='word_1_15' title='bbox 1646 451 1788 506; x_wconf 80' lang='lat' dir='ltr'><strong>orbis</strong></span> 
     </span>
    </p>
   </div>
   <div class='ocr_carea' id='block_1_5' title="bbox 1916 451 3477 540">
    <p class='ocr_par' dir='ltr' id='par_1_5' title="bbox 1916 453 3477 535">
     <span class='ocr_line' id='line_1_5' title="bbox 1916 453 3477 535; baseline 0.008 -30"><span class='ocrx_word' id='word_1_16' title='bbox 1916 454 2061 517; x_wconf 71' lang='grc' dir='ltr'>ἰξίας.</span> <span class='ocrx_word' id='word_1_17' title='bbox 2093 453 2327 528; x_wconf 73' lang='grc' dir='ltr'>ἀδελφικῇ</span> <span class='ocrx_word' id='word_1_18' title='bbox 2374 454 2591 508; x_wconf 80' lang='grc' dir='ltr'><strong>διαθέσει</strong></span> <span class='ocrx_word' id='word_1_19' title='bbox 2632 457 3047 532; x_wconf 77' lang='grc' dir='ltr'>περιπλεκόμιθα.</span> <span class='ocrx_word' id='word_1_20' title='bbox 3090 467 3339 517; x_wconf 81' lang='grc' dir='ltr'><strong>Τοσοῦτον</strong></span> <span class='ocrx_word' id='word_1_21' title='bbox 3382 476 3477 535; x_wconf 66' lang='grc' dir='ltr'><strong>οιάο</strong></span> 
     </span>
    </p>
   </div>
   <div class='ocr_carea' id='block_1_6' title="bbox 231 545 1789 618">
    <p class='ocr_par' dir='ltr' id='par_1_6' title="bbox 231 545 1789 618">
     <span class='ocr_line' id='line_1_6' title="bbox 231 545 1789 618; baseline -0.005 -10"><span class='ocrx_word' id='word_1_22' title='bbox 231 554 486 618; x_wconf 80' lang='lat' dir='ltr'><strong>Ecclesia,</strong></span> <span class='ocrx_word' id='word_1_23' title='bbox 514 561 766 618; x_wconf 65' lang='lat' dir='ltr'><strong>quantum</strong></span> <span class='ocrx_word' id='word_1_24' title='bbox 797 549 890 602; x_wconf 92' lang='lat' dir='ltr'><strong>tibi</strong></span> <span class='ocrx_word' id='word_1_25' title='bbox 924 563 1110 602; x_wconf 81' lang='lat' dir='ltr'><strong>omnes</strong></span> <span class='ocrx_word' id='word_1_26' title='bbox 1139 555 1267 602; x_wconf 88' lang='lat' dir='ltr'><strong>sunt</strong></span> <span class='ocrx_word' id='word_1_27' title='bbox 1295 545 1543 610; x_wconf 79' lang='lat' dir='ltr'><strong>obnoxii,</strong></span> <span class='ocrx_word' id='word_1_28' title='bbox 1574 547 1661 614; x_wconf 90' lang='lat' dir='ltr'><strong>qui</strong></span> <span class='ocrx_word' id='word_1_29' title='bbox 1696 545 1789 600; x_wconf 86' lang='lat' dir='ltr'><strong>uti-</strong></span> 
     </span>
    </p>
   </div>
   <div class='ocr_carea' id='block_1_7' title="bbox 229 639 946 714">
    <p class='ocr_par' dir='ltr' id='par_1_7' title="bbox 229 639 946 714">
     <span class='ocr_line' id='line_1_7' title="bbox 229 639 946 714; baseline -0.007 -16"><span class='ocrx_word' id='word_1_30' title='bbox 229 659 323 714; x_wconf 83' lang='lat' dir='ltr'><strong>que</strong></span> <span class='ocrx_word' id='word_1_31' title='bbox 352 659 528 696; x_wconf 88' lang='lat' dir='ltr'><strong>omnes</strong></span> <span class='ocrx_word' id='word_1_32' title='bbox 555 641 736 707; x_wconf 83' lang='lat' dir='ltr'><strong>ubique</strong></span> <span class='ocrx_word' id='word_1_33' title='bbox 763 639 946 693; x_wconf 81' lang='lat' dir='ltr'><strong>vicisti.</strong></span> 
     </span>
    </p>
   </div>
   <div class='ocr_carea' id='block_1_8' title="bbox 287 727 1798 800">
    <p class='ocr_par' dir='ltr' id='par_1_8' title="bbox 287 727 1798 800">
     <span class='ocr_line' id='line_1_8' title="bbox 287 727 1798 800; baseline -0.007 -11"><span class='ocrx_word' id='word_1_34' title='bbox 287 735 342 789; x_wconf 93' lang='lat'><strong>2.</strong></span> <span class='ocrx_word' id='word_1_35' title='bbox 395 735 684 789; x_wconf 83' lang='lat' dir='ltr'><strong>Insistente</strong></span> <span class='ocrx_word' id='word_1_36' title='bbox 738 732 922 800; x_wconf 76' lang='lat' dir='ltr'><strong>igitur,</strong></span> <span class='ocrx_word' id='word_1_37' title='bbox 963 739 1016 783; x_wconf 90' lang='lat' dir='ltr'><strong>et</strong></span> <span class='ocrx_word' id='word_1_38' title='bbox 1059 727 1349 784; x_wconf 72' lang='lat' dir='ltr'><strong>salubriter</strong></span> <span class='ocrx_word' id='word_1_39' title='bbox 1386 736 1576 782; x_wconf 78' lang='lat' dir='ltr'><strong>cuneta</strong></span> <span class='ocrx_word' id='word_1_40' title='bbox 1610 740 1798 796; x_wconf 79' lang='lat' dir='ltr'><strong>sugge-</strong></span> 
     </span>
    </p>
   </div>
   <div class='ocr_carea' id='block_1_9' title="bbox 225 821 1798 889">
    <p class='ocr_par' dir='ltr' id='par_1_9' title="bbox 225 821 1798 889">
     <span class='ocr_line' id='line_1_9' title="bbox 225 821 1798 889; baseline -0.003 -9"><span class='ocrx_word' id='word_1_41' title='bbox 225 837 372 880; x_wconf 85' lang='lat' dir='ltr'><strong>rente</strong></span> <span class='ocrx_word' id='word_1_42' title='bbox 396 827 506 880; x_wconf 86' lang='lat' dir='ltr'><strong>tilio</strong></span> <span class='ocrx_word' id='word_1_43' title='bbox 533 837 721 880; x_wconf 89' lang='lat' dir='ltr'><strong>nostro</strong></span> <span class='ocrx_word' id='word_1_44' title='bbox 750 823 1074 878; x_wconf 88' lang='lat' dir='ltr'><strong>Themisone</strong></span> <span class='ocrx_word' id='word_1_45' title='bbox 1103 821 1502 884; x_wconf 87' lang='lat' dir='ltr'><strong>archidiacono,</strong></span> <span class='ocrx_word' id='word_1_46' title='bbox 1533 833 1798 889; x_wconf 80' lang='lat' dir='ltr'><strong>congruas</strong></span> 
     </span>
    </p>
   </div>
   <div class='ocr_carea' id='block_1_10' title="bbox 225 913 1794 983">
    <p class='ocr_par' dir='ltr' id='par_1_10' title="bbox 225 913 1794 983">
     <span class='ocr_line' id='line_1_10' title="bbox 225 913 1794 983; baseline -0.004 -11"><span class='ocrx_word' id='word_1_47' title='bbox 225 920 470 974; x_wconf 89' lang='lat' dir='ltr'><strong>dedimus</strong></span> <span class='ocrx_word' id='word_1_48' title='bbox 494 919 702 972; x_wconf 73' lang='lat' dir='ltr'><strong>litteras</strong></span> <span class='ocrx_word' id='word_1_49' title='bbox 731 925 757 954; x_wconf 76' lang='grc' dir='ltr'>ι</span> <span class='ocrx_word' id='word_1_50' title='bbox 783 918 848 970; x_wconf 87' lang='lat' dir='ltr'><strong>ad</strong></span> <span class='ocrx_word' id='word_1_51' title='bbox 871 917 1063 970; x_wconf 88' lang='lat' dir='ltr'><strong>fratres</strong></span> <span class='ocrx_word' id='word_1_52' title='bbox 1094 923 1150 970; x_wconf 90' lang='lat' dir='ltr'><strong>et</strong></span> <span class='ocrx_word' id='word_1_53' title='bbox 1181 913 1530 983; x_wconf 89' lang='lat' dir='ltr'><strong>eoepiscopos</strong></span> <span class='ocrx_word' id='word_1_54' title='bbox 1561 922 1794 980; x_wconf 89' lang='lat' dir='ltr'><strong>nostros,</strong></span> 
     </span>
    </p>
   </div>
   <div class='ocr_carea' id='block_1_11' title="bbox 222 1003 1795 1078">
    <p class='ocr_par' dir='ltr' id='par_1_11' title="bbox 222 1003 1795 1078">
     <span class='ocr_line' id='line_1_11' title="bbox 222 1003 1795 1078; baseline -0.005 -14"><span class='ocrx_word' id='word_1_55' title='bbox 222 1012 282 1064; x_wconf 87' lang='lat' dir='ltr'><strong>ad</strong></span> <span class='ocrx_word' id='word_1_56' title='bbox 345 1024 486 1078; x_wconf 87' lang='lat' dir='ltr'><strong>quos</strong></span> <span class='ocrx_word' id='word_1_57' title='bbox 533 1010 800 1078; x_wconf 90' lang='lat' dir='ltr'><strong>petierant</strong></span> <span class='ocrx_word' id='word_1_58' title='bbox 845 1006 1090 1075; x_wconf 69' lang='lat' dir='ltr'><strong>praedicti</strong></span> <span class='ocrx_word' id='word_1_59' title='bbox 1145 1004 1556 1060; x_wconf 83' lang='lat' dir='ltr'><strong>cons:tcerdotes</strong></span> <span class='ocrx_word' id='word_1_60' title='bbox 1606 1003 1795 1056; x_wconf 82' lang='lat' dir='ltr'><strong>nostri.</strong></span> 
     </span>
    </p>
   </div>
   <div class='ocr_carea' id='block_1_12' title="bbox 223 1092 1799 1167">
    <p class='ocr_par' dir='ltr' id='par_1_12' title="bbox 223 1092 1799 1167">
     <span class='ocr_line' id='line_1_12' title="bbox 223 1092 1799 1167; baseline -0.006 -11"><span class='ocrx_word' id='word_1_61' title='bbox 223 1099 578 1156; x_wconf 83' lang='lat' dir='ltr'><strong>Sullieicbant</strong></span> <span class='ocrx_word' id='word_1_62' title='bbox 605 1098 825 1167; x_wconf 87' lang='lat' dir='ltr'><strong>quidem</strong></span> <span class='ocrx_word' id='word_1_63' title='bbox 851 1097 977 1160; x_wconf 70' lang='lat' dir='ltr'><strong>illae,</strong></span> <span class='ocrx_word' id='word_1_64' title='bbox 1002 1109 1134 1164; x_wconf 88' lang='lat' dir='ltr'><strong>quas</strong></span> <span class='ocrx_word' id='word_1_65' title='bbox 1160 1104 1212 1149; x_wconf 91' lang='lat' dir='ltr'><strong>et</strong></span> <span class='ocrx_word' id='word_1_66' title='bbox 1233 1105 1390 1148; x_wconf 80' lang='lat' dir='ltr'><strong>antea</strong></span> <span class='ocrx_word' id='word_1_67' title='bbox 1421 1109 1515 1162; x_wconf 91' lang='lat' dir='ltr'><strong>per</strong></span> <span class='ocrx_word' id='word_1_68' title='bbox 1545 1092 1799 1148; x_wconf 64' lang='lat' dir='ltr'><strong>Ecclesiae</strong></span> 
     </span>
    </p>
   </div>
   <div class='ocr_carea' id='block_1_13' title="bbox 221 1184 1801 1256">
    <p class='ocr_par' dir='ltr' id='par_1_13' title="bbox 221 1184 1801 1256">
     <span class='ocr_line' id='line_1_13' title="bbox 221 1184 1801 1256; baseline -0.003 -15"><span class='ocrx_word' id='word_1_69' title='bbox 221 1188 832 1256; x_wconf 61' lang='lat' dir='ltr'><strong>Constantinopolitana:</strong></span> <span class='ocrx_word' id='word_1_70' title='bbox 861 1184 886 1222; x_wconf 71' lang='grc' dir='ltr'>δ</span> <span class='ocrx_word' id='word_1_71' title='bbox 909 1185 1166 1244; x_wconf 84' lang='lat' dir='ltr'><strong>clericos.</strong></span> <span class='ocrx_word' id='word_1_72' title='bbox 1195 1194 1250 1237; x_wconf 88' lang='lat' dir='ltr'><strong>et</strong></span> <span class='ocrx_word' id='word_1_73' title='bbox 1281 1192 1464 1252; x_wconf 90' lang='lat' dir='ltr'><strong>postea</strong></span> <span class='ocrx_word' id='word_1_74' title='bbox 1499 1200 1594 1251; x_wconf 88' lang='lat' dir='ltr'><strong>per</strong></span> <span class='ocrx_word' id='word_1_75' title='bbox 1619 1184 1801 1236; x_wconf 91' lang='lat' dir='ltr'><strong>diaco-</strong></span> 
     </span>
    </p>
   </div>
   <div class='ocr_carea' id='block_1_14' title="bbox 223 1274 1796 1346">
    <p class='ocr_par' dir='ltr' id='par_1_14' title="bbox 223 1274 1796 1346">
     <span class='ocr_line' id='line_1_14' title="bbox 223 1274 1796 1346; baseline -0.005 -11"><span class='ocrx_word' id='word_1_76' title='bbox 223 1298 316 1335; x_wconf 90' lang='lat' dir='ltr'><strong>ttos</strong></span> <span class='ocrx_word' id='word_1_77' title='bbox 352 1293 457 1334; x_wconf 72' lang='lat' dir='ltr'><strong>tua:</strong></span> <span class='ocrx_word' id='word_1_78' title='bbox 481 1279 779 1332; x_wconf 71' lang='lat' dir='ltr'><strong>sanctitatis</strong></span> <span class='ocrx_word' id='word_1_79' title='bbox 807 1279 994 1346; x_wconf 89' lang='lat' dir='ltr'><strong>plenas</strong></span> <span class='ocrx_word' id='word_1_80' title='bbox 1016 1276 1266 1330; x_wconf 87' lang='lat' dir='ltr'><strong>omnibus</strong></span> <span class='ocrx_word' id='word_1_81' title='bbox 1289 1274 1608 1328; x_wconf 71' lang='lat' dir='ltr'><strong>necessariis</strong></span> <span class='ocrx_word' id='word_1_82' title='bbox 1636 1276 1754 1328; x_wconf 68' lang='lat' dir='ltr'><strong>misi</strong></span> <span class='ocrx_word' id='word_1_83' title='bbox 1783 1292 1796 1327; x_wconf 93' lang='lat'><strong>:</strong></span> 
     </span>
    </p>
   </div>
   <div class='ocr_carea' id='block_1_15' title="bbox 221 1368 1800 1440">
    <p class='ocr_par' dir='ltr' id='par_1_15' title="bbox 221 1368 1800 1440">
     <span class='ocr_line' id='line_1_15' title="bbox 221 1368 1800 1440; baseline -0.003 -14"><span class='ocrx_word' id='word_1_84' title='bbox 221 1385 270 1426; x_wconf 85' lang='lat' dir='ltr'><strong>at</strong></span> <span class='ocrx_word' id='word_1_85' title='bbox 321 1390 467 1428; x_wconf 86' lang='lat' dir='ltr'><strong>nunc</strong></span> <span class='ocrx_word' id='word_1_86' title='bbox 499 1369 855 1440; x_wconf 66' lang='lat' dir='ltr'><strong>dobseqnens</strong></span> <span class='ocrx_word' id='word_1_87' title='bbox 904 1379 1012 1424; x_wconf 89' lang='lat' dir='ltr'><strong>tum</strong></span> <span class='ocrx_word' id='word_1_88' title='bbox 1064 1369 1450 1437; x_wconf 71' lang='lat' dir='ltr'><strong>exspectationi</strong></span> <span class='ocrx_word' id='word_1_89' title='bbox 1500 1368 1800 1423; x_wconf 86' lang='lat' dir='ltr'><strong>sanetitatis</strong></span> 
     </span>
    </p>
   </div>
   <div class='ocr_carea' id='block_1_16' title="bbox 222 1461 1800 1531">
    <p class='ocr_par' dir='ltr' id='par_1_16' title="bbox 222 1461 1800 1531">
     <span class='ocr_line' id='line_1_16' title="bbox 222 1461 1800 1531; baseline -0.003 -13"><span class='ocrx_word' id='word_1_90' title='bbox 222 1476 354 1526; x_wconf 63' lang='lat' dir='ltr'><strong>tua}.</strong></span> <span class='ocrx_word' id='word_1_91' title='bbox 393 1478 503 1519; x_wconf 90' lang='grc' dir='ltr'>ιιιιιι</span> <span class='ocrx_word' id='word_1_92' title='bbox 537 1474 738 1518; x_wconf 64' lang='lat' dir='ltr'><strong>nostra:</strong></span> <span class='ocrx_word' id='word_1_93' title='bbox 779 1461 1173 1526; x_wconf 87' lang='lat' dir='ltr'><strong>consuetudini,</strong></span> <span class='ocrx_word' id='word_1_94' title='bbox 1205 1477 1323 1531; x_wconf 74' lang='lat' dir='ltr'><strong>quze</strong></span> <span class='ocrx_word' id='word_1_95' title='bbox 1355 1461 1482 1514; x_wconf 89' lang='lat' dir='ltr'><strong>tttihi</strong></span> <span class='ocrx_word' id='word_1_96' title='bbox 1511 1461 1800 1516; x_wconf 89' lang='lat' dir='ltr'><strong>salubriter</strong></span> 
     </span>
    </p>
   </div>
   <div class='ocr_carea' id='block_1_17' title="bbox 219 1551 1793 1626">
    <p class='ocr_par' dir='ltr' id='par_1_17' title="bbox 219 1551 1793 1626">
     <span class='ocr_line' id='line_1_17' title="bbox 219 1551 1793 1626; baseline -0.003 -17"><span class='ocrx_word' id='word_1_97' title='bbox 219 1567 473 1626; x_wconf 57' lang='lat' dir='ltr'><strong>suggesta</strong></span> <span class='ocrx_word' id='word_1_98' title='bbox 516 1565 671 1619; x_wconf 85' lang='lat' dir='ltr'><strong>sunt,</strong></span> <span class='ocrx_word' id='word_1_99' title='bbox 717 1567 877 1623; x_wconf 71' lang='lat' dir='ltr'><strong>agere</strong></span> <span class='ocrx_word' id='word_1_100' title='bbox 919 1568 1024 1607; x_wconf 92' lang='lat' dir='ltr'><strong>non</strong></span> <span class='ocrx_word' id='word_1_101' title='bbox 1064 1552 1259 1608; x_wconf 91' lang='lat' dir='ltr'><strong>omisi:</strong></span> <span class='ocrx_word' id='word_1_102' title='bbox 1292 1553 1517 1622; x_wconf 78' lang='lat' dir='ltr'><strong>gratiam</strong></span> <span class='ocrx_word' id='word_1_103' title='bbox 1559 1551 1793 1618; x_wconf 86' lang='lat' dir='ltr'><strong>habens,</strong></span> 
     </span>
    </p>
   </div>
   <div class='ocr_carea' id='block_1_18' title="bbox 219 1644 1798 1714">
    <p class='ocr_par' dir='ltr' id='par_1_18' title="bbox 219 1644 1798 1714">
     <span class='ocr_line' id='line_1_18' title="bbox 219 1644 1798 1714; baseline -0.002 -11"><span class='ocrx_word' id='word_1_104' title='bbox 219 1659 267 1703; x_wconf 86' lang='lat' dir='ltr'><strong>ct</strong></span> <span class='ocrx_word' id='word_1_105' title='bbox 298 1651 353 1702; x_wconf 90' lang='lat' dir='ltr'><strong>in</strong></span> <span class='ocrx_word' id='word_1_106' title='bbox 387 1648 664 1703; x_wconf 81' lang='lat' dir='ltr'><strong>beneﬁciis</strong></span> <span class='ocrx_word' id='word_1_107' title='bbox 703 1646 904 1700; x_wconf 90' lang='lat' dir='ltr'><strong>ducens</strong></span> <span class='ocrx_word' id='word_1_108' title='bbox 938 1645 1071 1710; x_wconf 92' lang='lat' dir='ltr'><strong>hoc,</strong></span> <span class='ocrx_word' id='word_1_109' title='bbox 1107 1646 1248 1714; x_wconf 91' lang='lat' dir='ltr'><strong>quod</strong></span> <span class='ocrx_word' id='word_1_110' title='bbox 1283 1660 1596 1714; x_wconf 83' lang='lat' dir='ltr'><strong>persuasum</strong></span> <span class='ocrx_word' id='word_1_111' title='bbox 1626 1644 1798 1700; x_wconf 86' lang='lat' dir='ltr'><strong>habeo</strong></span> 
     </span>
    </p>
   </div>
   <div class='ocr_carea' id='block_1_19' title="bbox 220 1737 1800 1795">
    <p class='ocr_par' dir='ltr' id='par_1_19' title="bbox 220 1737 1800 1795">
     <span class='ocr_line' id='line_1_19' title="bbox 220 1737 1800 1795; baseline 0.001 -2"><span class='ocrx_word' id='word_1_112' title='bbox 220 1741 349 1794; x_wconf 91' lang='lat' dir='ltr'><strong>tnihi</strong></span> <span class='ocrx_word' id='word_1_113' title='bbox 379 1740 594 1795; x_wconf 71' lang='lat' dir='ltr'><strong>cmlitos</strong></span> <span class='ocrx_word' id='word_1_114' title='bbox 621 1739 878 1791; x_wconf 90' lang='lat' dir='ltr'><strong>donatutn</strong></span> <span class='ocrx_word' id='word_1_115' title='bbox 918 1738 1087 1791; x_wconf 89' lang='lat' dir='ltr'><strong>fuisse</strong></span> <span class='ocrx_word' id='word_1_116' title='bbox 1126 1747 1181 1790; x_wconf 87' lang='grc' dir='ltr'><strong>ιιι</strong></span> <span class='ocrx_word' id='word_1_117' title='bbox 1215 1737 1284 1792; x_wconf 89' lang='lat' dir='ltr'><strong>de</strong></span> <span class='ocrx_word' id='word_1_118' title='bbox 1315 1752 1432 1791; x_wconf 88' lang='lat' dir='ltr'><strong>mea</strong></span> <span class='ocrx_word' id='word_1_119' title='bbox 1462 1738 1800 1794; x_wconf 87' lang='lat' dir='ltr'><strong>ordinatione</strong></span> 
     </span>
    </p>
   </div>
   <div class='ocr_carea' id='block_1_20' title="bbox 1905 548 3484 618">
    <p class='ocr_par' dir='ltr' id='par_1_20' title="bbox 1905 548 3484 618">
     <span class='ocr_line' id='line_1_20' title="bbox 1905 548 3484 618; baseline 0.007 -18"><span class='ocrx_word' id='word_1_120' title='bbox 1905 568 1987 601; x_wconf 91' lang='grc' dir='ltr'><strong>σοι</strong></span> <span class='ocrx_word' id='word_1_121' title='bbox 2016 548 2194 618; x_wconf 70' lang='grc' dir='ltr'>ὀφείλει</span> <span class='ocrx_word' id='word_1_122' title='bbox 2217 551 2246 604; x_wconf 81' lang='grc' dir='ltr'>ἡ</span> <span class='ocrx_word' id='word_1_123' title='bbox 2278 555 2490 617; x_wconf 76' lang='grc' dir='ltr'>κοσμική</span> <span class='ocrx_word' id='word_1_124' title='bbox 2531 549 2812 605; x_wconf 79' lang='grc' dir='ltr'>Ἐκκλησία,</span> <span class='ocrx_word' id='word_1_125' title='bbox 2850 549 2968 604; x_wconf 80' lang='grc' dir='ltr'>ὅσον</span> <span class='ocrx_word' id='word_1_126' title='bbox 3004 574 3085 606; x_wconf 85' lang='grc' dir='ltr'><strong>σοι</strong></span> <span class='ocrx_word' id='word_1_127' title='bbox 3131 557 3317 615; x_wconf 80' lang='grc' dir='ltr'>πάντες</span> <span class='ocrx_word' id='word_1_128' title='bbox 3357 558 3484 611; x_wconf 70' lang='grc' dir='ltr'>εἰσίν</span> 
     </span>
    </p>
   </div>
   <div class='ocr_carea' id='block_1_21' title="bbox 1897 636 3196 712">
    <p class='ocr_par' dir='ltr' id='par_1_21' title="bbox 1897 636 3196 712">
     <span class='ocr_line' id='line_1_21' title="bbox 1897 636 3196 712; baseline 0.004 -22"><span class='ocrx_word' id='word_1_129' title='bbox 1897 643 2210 712; x_wconf 76' lang='grc' dir='ltr'>ὑποχείριοι,</span> <span class='ocrx_word' id='word_1_130' title='bbox 2240 636 2294 697; x_wconf 82' lang='grc' dir='ltr'>ὃς</span> <span class='ocrx_word' id='word_1_131' title='bbox 2322 659 2376 710; x_wconf 73' lang='grc' dir='ltr'>γε</span> <span class='ocrx_word' id='word_1_132' title='bbox 2403 645 2674 708; x_wconf 73' lang='grc' dir='ltr'><strong>πανταχοῦ</strong></span> <span class='ocrx_word' id='word_1_133' title='bbox 2697 640 2892 701; x_wconf 81' lang='grc' dir='ltr'><strong>πάντας</strong></span> <span class='ocrx_word' id='word_1_134' title='bbox 2917 644 3196 704; x_wconf 81' lang='grc' dir='ltr'>νενίκηκας.</span> 
     </span>
    </p>
   </div>
   <div class='ocr_carea' id='block_1_22' title="bbox 1968 732 3479 802">
    <p class='ocr_par' dir='ltr' id='par_1_22' title="bbox 1968 732 3479 802">
     <span class='ocr_line' id='line_1_22' title="bbox 1968 732 3479 802; baseline 0.008 -19"><span class='ocrx_word' id='word_1_135' title='bbox 1968 732 2311 799; x_wconf 82' lang='grc' dir='ltr'>ἐπιμένοντος</span> <span class='ocrx_word' id='word_1_136' title='bbox 2355 733 2514 784; x_wconf 82' lang='grc' dir='ltr'>τοίνυν</span> <span class='ocrx_word' id='word_1_137' title='bbox 2561 735 2643 784; x_wconf 79' lang='grc' dir='ltr'>καὶ</span> <span class='ocrx_word' id='word_1_138' title='bbox 2691 733 2844 802; x_wconf 71' lang='grc' dir='ltr'>ὑγιῶς</span> <span class='ocrx_word' id='word_1_139' title='bbox 2899 737 3065 789; x_wconf 81' lang='grc' dir='ltr'>πάντα</span> <span class='ocrx_word' id='word_1_140' title='bbox 3112 737 3479 795; x_wconf 70' lang='grc' dir='ltr'>ὑποϐάλλοντας</span> 
     </span>
    </p>
   </div>
   <div class='ocr_carea' id='block_1_23' title="bbox 1899 823 3480 904">
    <p class='ocr_par' dir='ltr' id='par_1_23' title="bbox 1899 823 3480 904">
     <span class='ocr_line' id='line_1_23' title="bbox 1899 823 3480 904; baseline 0.006 -28"><span class='ocrx_word' id='word_1_141' title='bbox 1899 828 1991 876; x_wconf 84' lang='grc' dir='ltr'>τοῦ</span> <span class='ocrx_word' id='word_1_142' title='bbox 2019 823 2129 876; x_wconf 84' lang='grc' dir='ltr'>υἱοῦ</span> <span class='ocrx_word' id='word_1_143' title='bbox 2152 824 2290 893; x_wconf 75' lang='grc' dir='ltr'><strong>ἡμῶν</strong></span> <span class='ocrx_word' id='word_1_144' title='bbox 2311 826 2601 892; x_wconf 86' lang='grc' dir='ltr'>Θεμίσωνος</span> <span class='ocrx_word' id='word_1_145' title='bbox 2619 830 2707 877; x_wconf 83' lang='grc' dir='ltr'>τοῦ</span> <span class='ocrx_word' id='word_1_146' title='bbox 2734 824 3115 897; x_wconf 79' lang='grc' dir='ltr'>ἁρχιδιακόνου,</span> <span class='ocrx_word' id='word_1_147' title='bbox 3133 831 3197 882; x_wconf 78' lang='grc' dir='ltr'>τὰ</span> <span class='ocrx_word' id='word_1_148' title='bbox 3217 832 3480 904; x_wconf 78' lang='grc' dir='ltr'>πρέποντα</span> 
     </span>
    </p>
   </div>
   <div class='ocr_carea' id='block_1_24' title="bbox 1900 909 3478 991">
    <p class='ocr_par' dir='ltr' id='par_1_24' title="bbox 1900 909 3478 991">
     <span class='ocr_line' id='line_1_24' title="bbox 1900 909 3478 991; baseline 0.007 -25"><span class='ocrx_word' id='word_1_149' title='bbox 1900 909 2187 982; x_wconf 79' lang='grc' dir='ltr'><strong>δεδώκαμεν</strong></span> <span class='ocrx_word' id='word_1_150' title='bbox 2227 919 2504 985; x_wconf 74' lang='grc' dir='ltr'>γράμματα</span> <span class='ocrx_word' id='word_1_151' title='bbox 2545 917 2675 987; x_wconf 83' lang='grc' dir='ltr'>πρὸς</span> <span class='ocrx_word' id='word_1_152' title='bbox 2717 919 2837 977; x_wconf 75' lang='grc' dir='ltr'>τοὺς</span> <span class='ocrx_word' id='word_1_153' title='bbox 2877 916 3114 991; x_wconf 71' lang='grc' dir='ltr'>ἀδελφοὺς</span> <span class='ocrx_word' id='word_1_154' title='bbox 3151 923 3234 972; x_wconf 76' lang='grc' dir='ltr'>καὶ</span> <span class='ocrx_word' id='word_1_155' title='bbox 3271 943 3478 976; x_wconf 75' lang='grc' dir='ltr'>συνεπε-</span> 
     </span>
    </p>
   </div>
   <div class='ocr_carea' id='block_1_25' title="bbox 1901 1003 3476 1083">
    <p class='ocr_par' dir='ltr' id='par_1_25' title="bbox 1901 1003 3476 1083">
     <span class='ocr_line' id='line_1_25' title="bbox 1901 1003 3476 1083; baseline 0.007 -28"><span class='ocrx_word' id='word_1_156' title='bbox 1901 1003 2125 1064; x_wconf 84' lang='grc' dir='ltr'>σκόπους</span> <span class='ocrx_word' id='word_1_157' title='bbox 2155 1005 2320 1072; x_wconf 76' lang='grc' dir='ltr'>ἡμῶν,</span> <span class='ocrx_word' id='word_1_158' title='bbox 2352 1004 2477 1076; x_wconf 78' lang='grc' dir='ltr'>πρὸς</span> <span class='ocrx_word' id='word_1_159' title='bbox 2514 1003 2600 1065; x_wconf 68' lang='grc' dir='ltr'>οὓς</span> <span class='ocrx_word' id='word_1_160' title='bbox 2635 1006 2829 1080; x_wconf 66' lang='grc' dir='ltr'>ᾔτησαν</span> <span class='ocrx_word' id='word_1_161' title='bbox 2856 1008 2900 1059; x_wconf 75' lang='grc' dir='ltr'>οἱ</span> <span class='ocrx_word' id='word_1_162' title='bbox 2928 1011 3272 1083; x_wconf 75' lang='grc' dir='ltr'><strong>προειρημένοι</strong></span> <span class='ocrx_word' id='word_1_163' title='bbox 3311 1034 3476 1066; x_wconf 80' lang='grc' dir='ltr'>συνιε-</span> 
     </span>
    </p>
   </div>
   <div class='ocr_carea' id='block_1_26' title="bbox 1899 1092 3476 1174">
    <p class='ocr_par' dir='ltr' id='par_1_26' title="bbox 1899 1092 3476 1174">
     <span class='ocr_line' id='line_1_26' title="bbox 1899 1092 3476 1174; baseline 0.007 -25"><span class='ocrx_word' id='word_1_164' title='bbox 1899 1103 2010 1169; x_wconf 78' lang='grc' dir='ltr'>ρεῐς</span> <span class='ocrx_word' id='word_1_165' title='bbox 2040 1097 2194 1164; x_wconf 73' lang='grc' dir='ltr'><strong>ἡμῶν.</strong></span> <span class='ocrx_word' id='word_1_166' title='bbox 2225 1092 2395 1168; x_wconf 79' lang='grc' dir='ltr'>ἰιρκει</span> <span class='ocrx_word' id='word_1_167' title='bbox 2422 1098 2510 1165; x_wconf 81' lang='grc' dir='ltr'><strong>μὲν</strong></span> <span class='ocrx_word' id='word_1_168' title='bbox 2539 1100 2636 1172; x_wconf 71' lang='grc' dir='ltr'><strong>γὰρ</strong></span> <span class='ocrx_word' id='word_1_169' title='bbox 2668 1101 2890 1160; x_wconf 78' lang='grc' dir='ltr'>κάκεῖνα,</span> <span class='ocrx_word' id='word_1_170' title='bbox 2925 1100 2957 1152; x_wconf 82' lang='grc' dir='ltr'>ἂ</span> <span class='ocrx_word' id='word_1_171' title='bbox 2986 1102 3083 1174; x_wconf 80' lang='grc' dir='ltr'>πρὸ</span> <span class='ocrx_word' id='word_1_172' title='bbox 3110 1103 3291 1156; x_wconf 76' lang='grc' dir='ltr'>τούτου</span> <span class='ocrx_word' id='word_1_173' title='bbox 3319 1103 3403 1158; x_wconf 78' lang='grc' dir='ltr'>διὰ</span> <span class='ocrx_word' id='word_1_174' title='bbox 3424 1127 3476 1160; x_wconf 82' lang='grc' dir='ltr'><strong>τε</strong></span> 
     </span>
    </p>
   </div>
   <div class='ocr_carea' id='block_1_27' title="bbox 1900 1190 3476 1267">
    <p class='ocr_par' dir='ltr' id='par_1_27' title="bbox 1900 1190 3476 1267">
     <span class='ocr_line' id='line_1_27' title="bbox 1900 1190 3476 1267; baseline 0.004 -25"><span class='ocrx_word' id='word_1_175' title='bbox 1900 1195 1999 1242; x_wconf 85' lang='grc' dir='ltr'>τῶν</span> <span class='ocrx_word' id='word_1_176' title='bbox 2024 1196 2113 1247; x_wconf 81' lang='grc' dir='ltr'>τῆς</span> <span class='ocrx_word' id='word_1_177' title='bbox 2144 1190 2275 1242; x_wconf 89' lang='grc' dir='ltr'><strong>κατά</strong></span> <span class='ocrx_word' id='word_1_178' title='bbox 2305 1191 2883 1249; x_wconf 65' lang='grc' dir='ltr'>Κωνσταντινουπόὶεως·</span> <span class='ocrx_word' id='word_1_179' title='bbox 2904 1191 3194 1252; x_wconf 80' lang='grc' dir='ltr'>Ἐκκλησίας</span> <span class='ocrx_word' id='word_1_180' title='bbox 3216 1195 3476 1267; x_wconf 79' lang='grc' dir='ltr'>κληρικὼν,</span> 
     </span>
    </p>
   </div>
   <div class='ocr_carea' id='block_1_28' title="bbox 1901 1277 3478 1357">
    <p class='ocr_par' dir='ltr' id='par_1_28' title="bbox 1901 1277 3478 1357">
     <span class='ocr_line' id='line_1_28' title="bbox 1901 1277 3478 1357; baseline 0.006 -26"><span class='ocrx_word' id='word_1_181' title='bbox 1901 1281 1984 1332; x_wconf 82' lang='grc' dir='ltr'>καὶ</span> <span class='ocrx_word' id='word_1_182' title='bbox 2009 1277 2220 1354; x_wconf 79' lang='grc' dir='ltr'>ὕστερον</span> <span class='ocrx_word' id='word_1_183' title='bbox 2250 1279 2331 1334; x_wconf 78' lang='grc' dir='ltr'>διὰ</span> <span class='ocrx_word' id='word_1_184' title='bbox 2353 1287 2450 1335; x_wconf 84' lang='grc' dir='ltr'>τῶν</span> <span class='ocrx_word' id='word_1_185' title='bbox 2481 1279 2716 1333; x_wconf 80' lang='grc' dir='ltr'>διακόνων</span> <span class='ocrx_word' id='word_1_186' title='bbox 2743 1290 2833 1340; x_wconf 70' lang='grc' dir='ltr'>τῆς</span> <span class='ocrx_word' id='word_1_187' title='bbox 2862 1291 2954 1341; x_wconf 78' lang='grc' dir='ltr'><strong>σῆς</strong></span> <span class='ocrx_word' id='word_1_188' title='bbox 2979 1282 3242 1354; x_wconf 69' lang='grc' dir='ltr'>ἁγιότητος</span> <span class='ocrx_word' id='word_1_189' title='bbox 3274 1285 3478 1357; x_wconf 59' lang='grc' dir='ltr'>ἔμπλεοι</span> 
     </span>
    </p>
   </div>
   <div class='ocr_carea' id='block_1_29' title="bbox 1900 1371 3476 1443">
    <p class='ocr_par' dir='ltr' id='par_1_29' title="bbox 1900 1371 3476 1443">
     <span class='ocr_line' id='line_1_29' title="bbox 1900 1371 3476 1443; baseline 0.008 -20"><span class='ocrx_word' id='word_1_190' title='bbox 1900 1371 2098 1424; x_wconf 80' lang='grc' dir='ltr'>πάντων</span> <span class='ocrx_word' id='word_1_191' title='bbox 2132 1373 2414 1443; x_wconf 79' lang='grc' dir='ltr'><strong>ἀναγκαίων</strong></span> <span class='ocrx_word' id='word_1_192' title='bbox 2446 1383 2466 1407; x_wconf 72' lang='grc'><strong>(⁵</strong></span> <span class='ocrx_word' id='word_1_193' title='bbox 2499 1373 2793 1427; x_wconf 69' lang='grc' dir='ltr'>ἀπέστειλα·</span> <span class='ocrx_word' id='word_1_194' title='bbox 2829 1374 3067 1443; x_wconf 80' lang='grc' dir='ltr'>ἑπόμενος</span> <span class='ocrx_word' id='word_1_195' title='bbox 3111 1375 3162 1430; x_wconf 80' lang='grc' dir='ltr'><strong>δὲ</strong></span> <span class='ocrx_word' id='word_1_196' title='bbox 3200 1379 3254 1432; x_wconf 84' lang='grc' dir='ltr'>τὸ</span> <span class='ocrx_word' id='word_1_197' title='bbox 3298 1387 3383 1433; x_wconf 79' lang='grc' dir='ltr'>νῦν</span> <span class='ocrx_word' id='word_1_198' title='bbox 3415 1391 3476 1440; x_wconf 80' lang='grc' dir='ltr'>τῆ</span> 
     </span>
    </p>
   </div>
   <div class='ocr_carea' id='block_1_30' title="bbox 1899 1443 3477 1544">
    <p class='ocr_par' dir='ltr' id='par_1_30' title="bbox 1899 1461 3477 1544">
     <span class='ocr_line' id='line_1_30' title="bbox 1899 1461 3477 1544; baseline 0.008 -30"><span class='ocrx_word' id='word_1_199' title='bbox 1899 1481 1953 1514; x_wconf 86' lang='grc' dir='ltr'><strong>τε</strong></span> <span class='ocrx_word' id='word_1_200' title='bbox 1997 1461 2226 1534; x_wconf 74' lang='grc' dir='ltr'><strong>ὑπομονῇ</strong></span> <span class='ocrx_word' id='word_1_201' title='bbox 2265 1470 2356 1523; x_wconf 79' lang='grc' dir='ltr'>τῆς</span> <span class='ocrx_word' id='word_1_202' title='bbox 2395 1472 2488 1521; x_wconf 77' lang='grc' dir='ltr'>σῆς</span> <span class='ocrx_word' id='word_1_203' title='bbox 2533 1461 2865 1535; x_wconf 72' lang='grc' dir='ltr'>ἁδελφότητος</span> <span class='ocrx_word' id='word_1_204' title='bbox 2895 1469 2976 1518; x_wconf 87' lang='grc' dir='ltr'>καὶ</span> <span class='ocrx_word' id='word_1_205' title='bbox 3005 1475 3074 1537; x_wconf 83' lang='grc' dir='ltr'>τῷ</span> <span class='ocrx_word' id='word_1_206' title='bbox 3102 1470 3326 1544; x_wconf 67' lang='grc' dir='ltr'>ἡμετέρῳ</span> <span class='ocrx_word' id='word_1_207' title='bbox 3357 1469 3477 1537; x_wconf 74' lang='grc' dir='ltr'>ἔθει,</span> 
     </span>
    </p>
   </div>
   <div class='ocr_carea' id='block_1_31' title="bbox 1902 1553 3481 1633">
    <p class='ocr_par' dir='ltr' id='par_1_31' title="bbox 1902 1553 3481 1633">
     <span class='ocr_line' id='line_1_31' title="bbox 1902 1553 3481 1633; baseline 0.008 -29"><span class='ocrx_word' id='word_1_208' title='bbox 1902 1553 1960 1604; x_wconf 77' lang='grc' dir='ltr'><strong>οὐ</strong></span> <span class='ocrx_word' id='word_1_209' title='bbox 1992 1553 2275 1625; x_wconf 65' lang='grc' dir='ltr'>παρέλειψα</span> <span class='ocrx_word' id='word_1_210' title='bbox 2311 1555 2373 1608; x_wconf 81' lang='grc' dir='ltr'>τὰ</span> <span class='ocrx_word' id='word_1_211' title='bbox 2410 1554 2563 1626; x_wconf 76' lang='grc' dir='ltr'>ὑγιῶς</span> <span class='ocrx_word' id='word_1_212' title='bbox 2602 1574 2686 1622; x_wconf 81' lang='grc' dir='ltr'>μοι</span> <span class='ocrx_word' id='word_1_213' title='bbox 2721 1555 3086 1612; x_wconf 66' lang='grc' dir='ltr'>ύποϐληθέντασ</span> <span class='ocrx_word' id='word_1_214' title='bbox 3117 1563 3274 1633; x_wconf 78' lang='grc' dir='ltr'>χάριν</span> <span class='ocrx_word' id='word_1_215' title='bbox 3303 1561 3481 1631; x_wconf 56' lang='lat' dir='ltr'><strong>baiolo-</strong></span> 
     </span>
    </p>
   </div>
   <div class='ocr_carea' id='block_1_32' title="bbox 1899 1644 3480 1722">
    <p class='ocr_par' dir='ltr' id='par_1_32' title="bbox 1899 1644 3480 1722">
     <span class='ocr_line' id='line_1_32' title="bbox 1899 1644 3480 1722; baseline 0.009 -28"><span class='ocrx_word' id='word_1_216' title='bbox 1899 1649 2031 1712; x_wconf 65' lang='grc' dir='ltr'>γῶν,</span> <span class='ocrx_word' id='word_1_217' title='bbox 2063 1647 2148 1696; x_wconf 80' lang='grc' dir='ltr'>καὶ</span> <span class='ocrx_word' id='word_1_218' title='bbox 2190 1644 2237 1695; x_wconf 87' lang='grc' dir='ltr'>ἐν</span> <span class='ocrx_word' id='word_1_219' title='bbox 2279 1645 2595 1716; x_wconf 74' lang='grc' dir='ltr'><strong>εὐεργεσίαις</strong></span> <span class='ocrx_word' id='word_1_220' title='bbox 2637 1646 2885 1714; x_wconf 74' lang='grc' dir='ltr'>τιθέμενος</span> <span class='ocrx_word' id='word_1_221' title='bbox 2913 1653 3094 1713; x_wconf 83' lang='grc' dir='ltr'>τοῦτο,</span> <span class='ocrx_word' id='word_1_222' title='bbox 3128 1648 3152 1702; x_wconf 80' lang='grc' dir='ltr'><strong>ὃ</strong></span> <span class='ocrx_word' id='word_1_223' title='bbox 3198 1654 3480 1722; x_wconf 80' lang='grc' dir='ltr'>πέπεισμαί</span> 
     </span>
    </p>
   </div>
   <div class='ocr_carea' id='block_1_33' title="bbox 1900 1735 3479 1817">
    <p class='ocr_par' dir='ltr' id='par_1_33' title="bbox 1900 1735 3479 1817">
     <span class='ocr_line' id='line_1_33' title="bbox 1900 1735 3479 1817; baseline 0.007 -29"><span class='ocrx_word' id='word_1_224' title='bbox 1900 1757 1986 1806; x_wconf 78' lang='grc' dir='ltr'><strong>μοι</strong></span> <span class='ocrx_word' id='word_1_225' title='bbox 2006 1736 2266 1808; x_wconf 75' lang='grc' dir='ltr'>οὐρανόθεν</span> <span class='ocrx_word' id='word_1_226' title='bbox 2292 1735 2628 1810; x_wconf 76' lang='grc' dir='ltr'>δεδωρῆσθαι,</span> <span class='ocrx_word' id='word_1_227' title='bbox 2656 1738 2731 1791; x_wconf 78' lang='grc' dir='ltr'>ἵνα</span> <span class='ocrx_word' id='word_1_228' title='bbox 2760 1741 2878 1812; x_wconf 79' lang='grc' dir='ltr'>περὶ</span> <span class='ocrx_word' id='word_1_229' title='bbox 2897 1760 2950 1793; x_wconf 83' lang='grc' dir='ltr'><strong>τε</strong></span> <span class='ocrx_word' id='word_1_230' title='bbox 2983 1750 3072 1800; x_wconf 61' lang='grc' dir='ltr'><strong>τῆς</strong></span> <span class='ocrx_word' id='word_1_231' title='bbox 3095 1743 3215 1811; x_wconf 82' lang='grc' dir='ltr'>ἐμῆς</span> <span class='ocrx_word' id='word_1_232' title='bbox 3242 1765 3479 1817; x_wconf 84' lang='grc' dir='ltr'>χειροτο-</span> 
     </span>
    </p>
   </div>
   <div class='ocr_carea' id='block_1_34' title="bbox 217 1829 1807 1904">
    <p class='ocr_par' dir='ltr' id='par_1_34' title="bbox 217 1829 1795 1885">
     <span class='ocr_line' id='line_1_34' title="bbox 217 1829 1795 1885; baseline 0.001 -2"><span class='ocrx_word' id='word_1_233' title='bbox 217 1846 274 1885; x_wconf 85' lang='lat' dir='ltr'><strong>ac</strong></span> <span class='ocrx_word' id='word_1_234' title='bbox 310 1831 417 1885; x_wconf 85' lang='lat' dir='ltr'><strong>fide</strong></span> <span class='ocrx_word' id='word_1_235' title='bbox 457 1831 647 1885; x_wconf 89' lang='lat' dir='ltr'><strong>eadem</strong></span> <span class='ocrx_word' id='word_1_236' title='bbox 689 1829 754 1882; x_wconf 88' lang='lat' dir='ltr'><strong>ad</strong></span> <span class='ocrx_word' id='word_1_237' title='bbox 805 1829 1213 1883; x_wconf 89' lang='lat' dir='ltr'><strong>unanimitatcm</strong></span> <span class='ocrx_word' id='word_1_238' title='bbox 1261 1839 1402 1882; x_wconf 89' lang='lat' dir='ltr'><strong>tuam</strong></span> <span class='ocrx_word' id='word_1_239' title='bbox 1450 1843 1795 1884; x_wconf 86' lang='lat' dir='ltr'><strong>conseramus</strong></span> 
     </span>
    </p>
   </div>
   <div class='ocr_carea' id='block_1_35' title="bbox 1916 1829 3480 1904">
    <p class='ocr_par' dir='ltr' id='par_1_35' title="bbox 1916 1829 3480 1904">
     <span class='ocr_line' id='line_1_35' title="bbox 1916 1829 3480 1904; baseline 0.005 -24"><span class='ocrx_word' id='word_1_240' title='bbox 1916 1829 2001 1885; x_wconf 76' lang='grc' dir='ltr'>νίας</span> <span class='ocrx_word' id='word_1_241' title='bbox 2034 1829 2114 1880; x_wconf 83' lang='grc' dir='ltr'>καὶ</span> <span class='ocrx_word' id='word_1_242' title='bbox 2152 1835 2242 1888; x_wconf 76' lang='grc' dir='ltr'>τῆς</span> <span class='ocrx_word' id='word_1_243' title='bbox 2286 1832 2510 1887; x_wconf 79' lang='grc' dir='ltr'>πίστεως</span> <span class='ocrx_word' id='word_1_244' title='bbox 2532 1870 2542 1890; x_wconf 88' lang='grc'><strong>,</strong></span> <span class='ocrx_word' id='word_1_245' title='bbox 2575 1829 2638 1881; x_wconf 81' lang='grc' dir='ltr'>τὰ</span> <span class='ocrx_word' id='word_1_246' title='bbox 2667 1829 2799 1883; x_wconf 77' lang='grc' dir='ltr'>αὐτὰ</span> <span class='ocrx_word' id='word_1_247' title='bbox 2829 1830 2954 1904; x_wconf 84' lang='grc' dir='ltr'>πρὸς</span> <span class='ocrx_word' id='word_1_248' title='bbox 2988 1836 3078 1889; x_wconf 75' lang='grc' dir='ltr'>τήν</span> <span class='ocrx_word' id='word_1_249' title='bbox 3117 1839 3210 1890; x_wconf 76' lang='grc' dir='ltr'>σήν</span> <span class='ocrx_word' id='word_1_250' title='bbox 3246 1834 3480 1904; x_wconf 77' lang='grc' dir='ltr'>ὁμόνοιαν</span> 
     </span>
    </p>
   </div>
   <div class='ocr_carea' id='block_1_36' title="bbox 218 1926 400 1978">
    <p class='ocr_par' dir='ltr' id='par_1_36' title="bbox 218 1926 400 1978">
     <span class='ocr_line' id='line_1_36' title="bbox 218 1926 400 1978; baseline 0.011 -2"><span class='ocrx_word' id='word_1_251' title='bbox 218 1926 400 1978; x_wconf 81' lang='lat' dir='ltr'><strong>verba.</strong></span> 
     </span>
    </p>
   </div>
   <div class='ocr_carea' id='block_1_37' title="bbox 280 2014 1797 2085">
    <p class='ocr_par' dir='ltr' id='par_1_37' title="bbox 280 2014 1797 2085">
     <span class='ocr_line' id='line_1_37' title="bbox 280 2014 1797 2085; baseline -0.001 -14"><span class='ocrx_word' id='word_1_252' title='bbox 280 2019 336 2072; x_wconf 82' lang='grc'><strong>5.</strong></span> <span class='ocrx_word' id='word_1_253' title='bbox 383 2017 462 2071; x_wconf 88' lang='lat' dir='ltr'><strong>De</strong></span> <span class='ocrx_word' id='word_1_254' title='bbox 515 2016 852 2070; x_wconf 83' lang='lat' dir='ltr'><strong>Antiocheno</strong></span> <span class='ocrx_word' id='word_1_255' title='bbox 895 2024 1075 2070; x_wconf 88' lang='lat' dir='ltr'><strong>autem</strong></span> <span class='ocrx_word' id='word_1_256' title='bbox 1125 2025 1174 2067; x_wconf 90' lang='lat' dir='ltr'><strong>et</strong></span> <span class='ocrx_word' id='word_1_257' title='bbox 1198 2014 1416 2085; x_wconf 90' lang='lat' dir='ltr'><strong>reliquis</strong></span> <span class='ocrx_word' id='word_1_258' title='bbox 1441 2015 1528 2085; x_wconf 91' lang='lat' dir='ltr'><strong>qui</strong></span> <span class='ocrx_word' id='word_1_259' title='bbox 1574 2031 1696 2070; x_wconf 88' lang='lat' dir='ltr'><strong>cum</strong></span> <span class='ocrx_word' id='word_1_260' title='bbox 1730 2031 1797 2069; x_wconf 93' lang='lat' dir='ltr'><strong>eo</strong></span> 
     </span>
    </p>
   </div>
   <div class='ocr_carea' id='block_1_38' title="bbox 215 2105 1798 2175">
    <p class='ocr_par' dir='ltr' id='par_1_38' title="bbox 215 2105 1798 2175">
     <span class='ocr_line' id='line_1_38' title="bbox 215 2105 1798 2175; baseline 0.001 -16"><span class='ocrx_word' id='word_1_261' title='bbox 215 2117 514 2160; x_wconf 76' lang='lat' dir='ltr'><strong>sectatores</strong></span> <span class='ocrx_word' id='word_1_262' title='bbox 539 2106 767 2160; x_wconf 75' lang='lat' dir='ltr'><strong>Nesmrii</strong></span> <span class='ocrx_word' id='word_1_263' title='bbox 803 2106 914 2159; x_wconf 87' lang='lat' dir='ltr'><strong>fieri</strong></span> <span class='ocrx_word' id='word_1_264' title='bbox 946 2105 1249 2166; x_wconf 78' lang='lat' dir='ltr'><strong>voluerunt.</strong></span> <span class='ocrx_word' id='word_1_265' title='bbox 1274 2114 1328 2161; x_wconf 88' lang='lat' dir='ltr'><strong>et</strong></span> <span class='ocrx_word' id='word_1_266' title='bbox 1366 2105 1433 2158; x_wconf 91' lang='lat' dir='ltr'><strong>de</strong></span> <span class='ocrx_word' id='word_1_267' title='bbox 1457 2109 1664 2160; x_wconf 90' lang='lat' dir='ltr'><strong>cunctis</strong></span> <span class='ocrx_word' id='word_1_268' title='bbox 1707 2107 1798 2175; x_wconf 86' lang='lat' dir='ltr'><strong>qui</strong></span> 
     </span>
    </p>
   </div>
   <div class='ocr_carea' id='block_1_39' title="bbox 218 2195 1800 2266">
    <p class='ocr_par' dir='ltr' id='par_1_39' title="bbox 218 2195 1800 2266">
     <span class='ocr_line' id='line_1_39' title="bbox 218 2195 1800 2266; baseline -0.001 -16"><span class='ocrx_word' id='word_1_269' title='bbox 218 2209 414 2265; x_wconf 69' lang='lat' dir='ltr'><strong>przuter</strong></span> <span class='ocrx_word' id='word_1_270' title='bbox 464 2197 885 2251; x_wconf 74' lang='lat' dir='ltr'><strong>ecclesiasticam</strong></span> <span class='ocrx_word' id='word_1_271' title='bbox 935 2195 1272 2266; x_wconf 87' lang='lat' dir='ltr'><strong>disciplinam</strong></span> <span class='ocrx_word' id='word_1_272' title='bbox 1326 2195 1593 2250; x_wconf 83' lang='lat' dir='ltr'><strong>Ecclesias</strong></span> <span class='ocrx_word' id='word_1_273' title='bbox 1649 2197 1800 2250; x_wconf 89' lang='lat' dir='ltr'><strong>insti-</strong></span> 
     </span>
    </p>
   </div>
   <div class='ocr_carea' id='block_1_40' title="bbox 218 2285 1796 2356">
    <p class='ocr_par' dir='ltr' id='par_1_40' title="bbox 218 2285 1796 2356">
     <span class='ocr_line' id='line_1_40' title="bbox 218 2285 1796 2356; baseline -0.003 -14"><span class='ocrx_word' id='word_1_274' title='bbox 218 2299 394 2351; x_wconf 86' lang='lat' dir='ltr'><strong>tuunt,</strong></span> <span class='ocrx_word' id='word_1_275' title='bbox 430 2299 454 2326; x_wconf 79' lang='grc' dir='ltr'>ο</span> <span class='ocrx_word' id='word_1_276' title='bbox 497 2289 604 2356; x_wconf 88' lang='lat' dir='ltr'><strong>jam</strong></span> <span class='ocrx_word' id='word_1_277' title='bbox 639 2298 790 2342; x_wconf 86' lang='lat' dir='ltr'><strong>antea</strong></span> <span class='ocrx_word' id='word_1_278' title='bbox 847 2288 948 2341; x_wconf 91' lang='lat' dir='ltr'><strong>hoc</strong></span> <span class='ocrx_word' id='word_1_279' title='bbox 975 2286 1312 2341; x_wconf 79' lang='lat' dir='ltr'><strong>delinivintus</strong></span> <span class='ocrx_word' id='word_1_280' title='bbox 1339 2285 1746 2339; x_wconf 89' lang='lat' dir='ltr'><strong>custodiendum</strong></span> <span class='ocrx_word' id='word_1_281' title='bbox 1783 2305 1796 2338; x_wconf 89' lang='lat'>:</span> 
     </span>
    </p>
   </div>
   <div class='ocr_carea' id='block_1_41' title="bbox 216 2377 1799 2446">
    <p class='ocr_par' dir='ltr' id='par_1_41' title="bbox 216 2377 1799 2446">
     <span class='ocr_line' id='line_1_41' title="bbox 216 2377 1799 2446; baseline 0 -14"><span class='ocrx_word' id='word_1_282' title='bbox 216 2390 272 2432; x_wconf 91' lang='lat' dir='ltr'><strong>ut</strong></span> <span class='ocrx_word' id='word_1_283' title='bbox 300 2383 345 2432; x_wconf 94' lang='lat' dir='ltr'><strong>si</strong></span> <span class='ocrx_word' id='word_1_284' title='bbox 383 2378 729 2446; x_wconf 84' lang='lat' dir='ltr'><strong>resipncrint,</strong></span> <span class='ocrx_word' id='word_1_285' title='bbox 755 2388 808 2432; x_wconf 88' lang='lat' dir='ltr'><strong>et</strong></span> <span class='ocrx_word' id='word_1_286' title='bbox 841 2394 961 2432; x_wconf 90' lang='lat' dir='ltr'><strong>cum</strong></span> <span class='ocrx_word' id='word_1_287' title='bbox 991 2392 1088 2432; x_wconf 92' lang='lat' dir='ltr'><strong>suo</strong></span> <span class='ocrx_word' id='word_1_288' title='bbox 1114 2377 1251 2432; x_wconf 89' lang='lat' dir='ltr'><strong>duce</strong></span> <span class='ocrx_word' id='word_1_289' title='bbox 1292 2377 1573 2444; x_wconf 91' lang='lat' dir='ltr'><strong>rejccerint</strong></span> <span class='ocrx_word' id='word_1_290' title='bbox 1618 2379 1799 2432; x_wconf 88' lang='lat' dir='ltr'><strong>omnia</strong></span> 
     </span>
    </p>
   </div>
   <div class='ocr_carea' id='block_1_42' title="bbox 218 2468 1800 2540">
    <p class='ocr_par' dir='ltr' id='par_1_42' title="bbox 218 2468 1800 2540">
     <span class='ocr_line' id='line_1_42' title="bbox 218 2468 1800 2540; baseline 0.001 -21"><span class='ocrx_word' id='word_1_291' title='bbox 218 2486 576 2540; x_wconf 67' lang='lat' dir='ltr'><strong>qum-cumque</strong></span> <span class='ocrx_word' id='word_1_292' title='bbox 603 2476 788 2523; x_wconf 86' lang='lat' dir='ltr'><strong>sancta</strong></span> <span class='ocrx_word' id='word_1_293' title='bbox 817 2468 1052 2538; x_wconf 84' lang='lat' dir='ltr'><strong>synodus</strong></span> <span class='ocrx_word' id='word_1_294' title='bbox 1072 2468 1224 2521; x_wconf 89' lang='lat' dir='ltr'><strong>nobis</strong></span> <span class='ocrx_word' id='word_1_295' title='bbox 1250 2469 1692 2521; x_wconf 89' lang='lat' dir='ltr'><strong>confirmantibus</strong></span> <span class='ocrx_word' id='word_1_296' title='bbox 1715 2483 1800 2521; x_wconf 86' lang='lat' dir='ltr'><strong>re-</strong></span> 
     </span>
    </p>
   </div>
   <div class='ocr_carea' id='block_1_43' title="bbox 218 2558 1798 2631">
    <p class='ocr_par' dir='ltr' id='par_1_43' title="bbox 218 2558 1798 2631">
     <span class='ocr_line' id='line_1_43' title="bbox 218 2558 1798 2631; baseline -0.001 -17"><span class='ocrx_word' id='word_1_297' title='bbox 218 2562 363 2631; x_wconf 62' lang='lat' dir='ltr'><strong>iecit,</strong></span> <span class='ocrx_word' id='word_1_298' title='bbox 395 2561 620 2614; x_wconf 78' lang='lat' dir='ltr'><strong>redeant</strong></span> <span class='ocrx_word' id='word_1_299' title='bbox 649 2561 698 2614; x_wconf 91' lang='lat' dir='ltr'><strong>in</strong></span> <span class='ocrx_word' id='word_1_300' title='bbox 730 2559 1070 2614; x_wconf 83' lang='lat' dir='ltr'><strong>sacerdotum</strong></span> <span class='ocrx_word' id='word_1_301' title='bbox 1101 2572 1439 2612; x_wconf 83' lang='lat' dir='ltr'><strong>consessum.</strong></span> <span class='ocrx_word' id='word_1_302' title='bbox 1475 2558 1621 2611; x_wconf 90' lang='lat' dir='ltr'><strong>Sicut</strong></span> <span class='ocrx_word' id='word_1_303' title='bbox 1655 2559 1798 2612; x_wconf 88' lang='lat' dir='ltr'><strong>enim</strong></span> 
     </span>
    </p>
   </div>
   <div class='ocr_carea' id='block_1_44' title="bbox 219 2650 1802 2722">
    <p class='ocr_par' dir='ltr' id='par_1_44' title="bbox 219 2650 1802 2722">
     <span class='ocr_line' id='line_1_44' title="bbox 219 2650 1802 2722; baseline -0.001 -16"><span class='ocrx_word' id='word_1_304' title='bbox 219 2654 575 2722; x_wconf 81' lang='lat' dir='ltr'><strong>persistentes</strong></span> <span class='ocrx_word' id='word_1_305' title='bbox 606 2651 869 2719; x_wconf 74' lang='lat' dir='ltr'><strong>prioribus</strong></span> <span class='ocrx_word' id='word_1_306' title='bbox 902 2664 1006 2703; x_wconf 89' lang='lat' dir='ltr'><strong>non</strong></span> <span class='ocrx_word' id='word_1_307' title='bbox 1035 2657 1324 2718; x_wconf 87' lang='lat' dir='ltr'><strong>potuerunt</strong></span> <span class='ocrx_word' id='word_1_308' title='bbox 1365 2650 1416 2703; x_wconf 89' lang='lat' dir='ltr'><strong>itt</strong></span> <span class='ocrx_word' id='word_1_309' title='bbox 1448 2657 1628 2702; x_wconf 87' lang='lat' dir='ltr'><strong>nostra</strong></span> <span class='ocrx_word' id='word_1_310' title='bbox 1678 2663 1802 2705; x_wconf 70' lang='lat' dir='ltr'><strong>esse</strong></span> 
     </span>
    </p>
   </div>
   <div class='ocr_carea' id='block_1_45' title="bbox 219 2741 1801 2810">
    <p class='ocr_par' dir='ltr' id='par_1_45' title="bbox 219 2741 1801 2810">
     <span class='ocr_line' id='line_1_45' title="bbox 219 2741 1801 2810; baseline 0 -13"><span class='ocrx_word' id='word_1_311' title='bbox 219 2744 623 2804; x_wconf 85' lang='lat' dir='ltr'><strong>communione,</strong></span> <span class='ocrx_word' id='word_1_312' title='bbox 649 2743 725 2795; x_wconf 89' lang='lat' dir='ltr'><strong>sic</strong></span> <span class='ocrx_word' id='word_1_313' title='bbox 747 2742 990 2794; x_wconf 82' lang='lat' dir='ltr'><strong>volumus</strong></span> <span class='ocrx_word' id='word_1_314' title='bbox 1036 2755 1149 2805; x_wconf 90' lang='lat' dir='ltr'><strong>eos,</strong></span> <span class='ocrx_word' id='word_1_315' title='bbox 1195 2749 1410 2810; x_wconf 90' lang='lat' dir='ltr'><strong>propter</strong></span> <span class='ocrx_word' id='word_1_316' title='bbox 1439 2741 1693 2796; x_wconf 87' lang='lat' dir='ltr'><strong>unitatem</strong></span> <span class='ocrx_word' id='word_1_317' title='bbox 1737 2756 1801 2797; x_wconf 89' lang='lat' dir='ltr'><strong>ac</strong></span> 
     </span>
    </p>
   </div>
   <div class='ocr_carea' id='block_1_46' title="bbox 221 2831 1799 2904">
    <p class='ocr_par' dir='ltr' id='par_1_46' title="bbox 221 2831 1799 2904">
     <span class='ocr_line' id='line_1_46' title="bbox 221 2831 1799 2904; baseline -0.001 -16"><span class='ocrx_word' id='word_1_318' title='bbox 221 2851 408 2904; x_wconf 86' lang='lat' dir='ltr'><strong>pacem</strong></span> <span class='ocrx_word' id='word_1_319' title='bbox 447 2835 836 2898; x_wconf 83' lang='lat' dir='ltr'><strong>Ecclesiarnm,</strong></span> <span class='ocrx_word' id='word_1_320' title='bbox 881 2831 1277 2886; x_wconf 58' lang='lat' dir='ltr'><strong>satisfacientes</strong></span> <span class='ocrx_word' id='word_1_321' title='bbox 1306 2841 1361 2886; x_wconf 94' lang='lat' dir='ltr'><strong>ut</strong></span> <span class='ocrx_word' id='word_1_322' title='bbox 1406 2831 1636 2887; x_wconf 81' lang='lat' dir='ltr'><strong>diximus</strong></span> <span class='ocrx_word' id='word_1_323' title='bbox 1678 2847 1799 2887; x_wconf 86' lang='lat' dir='ltr'><strong>sus-</strong></span> 
     </span>
    </p>
   </div>
   <div class='ocr_carea' id='block_1_47' title="bbox 221 2922 1798 2995">
    <p class='ocr_par' dir='ltr' id='par_1_47' title="bbox 221 2922 1798 2995">
     <span class='ocr_line' id='line_1_47' title="bbox 221 2922 1798 2995; baseline -0.001 -15"><span class='ocrx_word' id='word_1_324' title='bbox 221 2927 347 2995; x_wconf 85' lang='lat' dir='ltr'><strong>cipi.</strong></span> <span class='ocrx_word' id='word_1_325' title='bbox 376 2923 484 2994; x_wconf 89' lang='lat' dir='ltr'><strong>Ipsi</strong></span> <span class='ocrx_word' id='word_1_326' title='bbox 517 2940 646 2978; x_wconf 88' lang='lat' dir='ltr'><strong>vero</strong></span> <span class='ocrx_word' id='word_1_327' title='bbox 678 2923 728 2976; x_wconf 93' lang='lat' dir='ltr'><strong>in</strong></span> <span class='ocrx_word' id='word_1_328' title='bbox 759 2924 964 2992; x_wconf 89' lang='lat' dir='ltr'><strong>seipsos</strong></span> <span class='ocrx_word' id='word_1_329' title='bbox 991 2922 1336 2976; x_wconf 84' lang='lat' dir='ltr'><strong>invenientur</strong></span> <span class='ocrx_word' id='word_1_330' title='bbox 1353 2937 1557 2992; x_wconf 63' lang='lat' dir='ltr'><strong>sequam</strong></span> <span class='ocrx_word' id='word_1_331' title='bbox 1585 2932 1798 2979; x_wconf 85' lang='lat' dir='ltr'><strong>senten-</strong></span> 
     </span>
    </p>
   </div>
   <div class='ocr_carea' id='block_1_48' title="bbox 224 3015 1801 3088">
    <p class='ocr_par' dir='ltr' id='par_1_48' title="bbox 224 3015 1801 3088">
     <span class='ocr_line' id='line_1_48' title="bbox 224 3015 1801 3088; baseline -0.003 -14"><span class='ocrx_word' id='word_1_332' title='bbox 224 3019 351 3074; x_wconf 87' lang='lat' dir='ltr'><strong>tiam</strong></span> <span class='ocrx_word' id='word_1_333' title='bbox 386 3017 695 3088; x_wconf 83' lang='lat' dir='ltr'><strong>pratulisse,</strong></span> <span class='ocrx_word' id='word_1_334' title='bbox 719 3016 761 3070; x_wconf 92' lang='lat' dir='ltr'><strong>si</strong></span> <span class='ocrx_word' id='word_1_335' title='bbox 785 3025 936 3070; x_wconf 85' lang='lat' dir='ltr'><strong>extra</strong></span> <span class='ocrx_word' id='word_1_336' title='bbox 970 3025 1268 3083; x_wconf 89' lang='lat' dir='ltr'><strong>manentes,</strong></span> <span class='ocrx_word' id='word_1_337' title='bbox 1291 3029 1412 3070; x_wconf 88' lang='lat' dir='ltr'><strong>cum</strong></span> <span class='ocrx_word' id='word_1_338' title='bbox 1434 3030 1499 3070; x_wconf 90' lang='lat' dir='ltr'><strong>eo</strong></span> <span class='ocrx_word' id='word_1_339' title='bbox 1535 3015 1552 3054; x_wconf 73' lang='grc' dir='ltr'><strong>ί</strong></span> <span class='ocrx_word' id='word_1_340' title='bbox 1587 3019 1674 3087; x_wconf 91' lang='lat' dir='ltr'><strong>qni</strong></span> <span class='ocrx_word' id='word_1_341' title='bbox 1708 3017 1801 3071; x_wconf 87' lang='lat' dir='ltr'><strong>de-</strong></span> 
     </span>
    </p>
   </div>
   <div class='ocr_carea' id='block_1_49' title="bbox 218 3108 1802 3180">
    <p class='ocr_par' dir='ltr' id='par_1_49' title="bbox 218 3108 1802 3180">
     <span class='ocr_line' id='line_1_49' title="bbox 218 3108 1802 3180; baseline -0.001 -13"><span class='ocrx_word' id='word_1_342' title='bbox 218 3109 393 3175; x_wconf 75' lang='lat' dir='ltr'><strong>iectus</strong></span> <span class='ocrx_word' id='word_1_343' title='bbox 422 3120 478 3165; x_wconf 88' lang='lat' dir='ltr'><strong>et</strong></span> <span class='ocrx_word' id='word_1_344' title='bbox 509 3110 760 3180; x_wconf 83' lang='lat' dir='ltr'><strong>expulsus</strong></span> <span class='ocrx_word' id='word_1_345' title='bbox 791 3115 893 3172; x_wconf 88' lang='lat' dir='ltr'><strong>est,</strong></span> <span class='ocrx_word' id='word_1_346' title='bbox 911 3117 1073 3162; x_wconf 82' lang='lat' dir='ltr'><strong>tantae</strong></span> <span class='ocrx_word' id='word_1_347' title='bbox 1100 3108 1386 3177; x_wconf 81' lang='lat' dir='ltr'><strong>impietatis</strong></span> <span class='ocrx_word' id='word_1_348' title='bbox 1409 3123 1532 3165; x_wconf 87' lang='lat' dir='ltr'><strong>sese</strong></span> <span class='ocrx_word' id='word_1_349' title='bbox 1553 3111 1802 3166; x_wconf 81' lang='lat' dir='ltr'><strong>ostende-</strong></span> 
     </span>
    </p>
   </div>
   <div class='ocr_carea' id='block_1_50' title="bbox 224 3200 1056 3273">
    <p class='ocr_par' dir='ltr' id='par_1_50' title="bbox 224 3200 1056 3273">
     <span class='ocr_line' id='line_1_50' title="bbox 224 3200 1056 3273; baseline -0.006 -14"><span class='ocrx_word' id='word_1_350' title='bbox 224 3206 329 3259; x_wconf 88' lang='lat' dir='ltr'><strong>rint</strong></span> <span class='ocrx_word' id='word_1_351' title='bbox 356 3204 542 3259; x_wconf 88' lang='lat' dir='ltr'><strong>socios</strong></span> <span class='ocrx_word' id='word_1_352' title='bbox 570 3211 726 3272; x_wconf 87' lang='lat' dir='ltr'><strong>atque</strong></span> <span class='ocrx_word' id='word_1_353' title='bbox 751 3200 1056 3273; x_wconf 78' lang='lat' dir='ltr'><strong>participes.</strong></span> 
     </span>
    </p>
   </div>
   <div class='ocr_carea' id='block_1_51' title="bbox 1899 1919 2368 1994">
    <p class='ocr_par' dir='ltr' id='par_1_51' title="bbox 1899 1919 2368 1994">
     <span class='ocr_line' id='line_1_51' title="bbox 1899 1919 2368 1994; baseline 0.002 -25"><span class='ocrx_word' id='word_1_354' title='bbox 1899 1919 2118 1989; x_wconf 80' lang='grc' dir='ltr'>μίξωριεν</span> <span class='ocrx_word' id='word_1_355' title='bbox 2144 1919 2368 1994; x_wconf 73' lang='grc' dir='ltr'>ῥήματα.</span> 
     </span>
    </p>
   </div>
   <div class='ocr_carea' id='block_1_52' title="bbox 1973 2007 3478 2086">
    <p class='ocr_par' dir='ltr' id='par_1_52' title="bbox 1973 2007 3478 2086">
     <span class='ocr_line' id='line_1_52' title="bbox 1973 2007 3478 2086; baseline 0.005 -26"><span class='ocrx_word' id='word_1_356' title='bbox 1973 2012 2085 2081; x_wconf 85' lang='grc' dir='ltr'>Περὶ</span> <span class='ocrx_word' id='word_1_357' title='bbox 2112 2007 2162 2062; x_wconf 80' lang='grc' dir='ltr'><strong>δὲ</strong></span> <span class='ocrx_word' id='word_1_358' title='bbox 2196 2015 2286 2063; x_wconf 83' lang='grc' dir='ltr'>τοῦ</span> <span class='ocrx_word' id='word_1_359' title='bbox 2317 2011 2622 2078; x_wconf 80' lang='grc' dir='ltr'>Ἀντιοχείας</span> <span class='ocrx_word' id='word_1_360' title='bbox 2654 2012 2734 2062; x_wconf 87' lang='grc' dir='ltr'>καὶ</span> <span class='ocrx_word' id='word_1_361' title='bbox 2765 2016 2863 2064; x_wconf 84' lang='grc' dir='ltr'>τῶν</span> <span class='ocrx_word' id='word_1_362' title='bbox 2895 2010 3096 2074; x_wconf 83' lang='grc' dir='ltr'>λοιπῶν,</span> <span class='ocrx_word' id='word_1_363' title='bbox 3125 2014 3172 2067; x_wconf 84' lang='grc' dir='ltr'><strong>οἶ</strong></span> <span class='ocrx_word' id='word_1_364' title='bbox 3199 2035 3329 2076; x_wconf 85' lang='grc' dir='ltr'>τινες</span> <span class='ocrx_word' id='word_1_365' title='bbox 3363 2018 3478 2086; x_wconf 79' lang='grc' dir='ltr'>μετ’</span> 
     </span>
    </p>
   </div>
   <div class='ocr_carea' id='block_1_53' title="bbox 1901 2102 3467 2176">
    <p class='ocr_par' dir='ltr' id='par_1_53' title="bbox 1901 2102 3467 2176">
     <span class='ocr_line' id='line_1_53' title="bbox 1901 2102 3467 2176; baseline 0.003 -23"><span class='ocrx_word' id='word_1_366' title='bbox 1901 2102 2055 2154; x_wconf 69' lang='grc' dir='ltr'>αὐτοῦ</span> <span class='ocrx_word' id='word_1_367' title='bbox 2083 2102 2348 2154; x_wconf 74' lang='grc' dir='ltr'>ἀκόλουθοι</span> <span class='ocrx_word' id='word_1_368' title='bbox 2372 2102 2601 2172; x_wconf 78' lang='grc' dir='ltr'>γενέσθαι</span> <span class='ocrx_word' id='word_1_369' title='bbox 2631 2103 2907 2176; x_wconf 79' lang='grc' dir='ltr'>Νεστορίου</span> <span class='ocrx_word' id='word_1_370' title='bbox 2937 2103 3178 2161; x_wconf 72' lang='grc' dir='ltr'>ἠθέλησαν</span> <span class='ocrx_word' id='word_1_371' title='bbox 3200 2147 3212 2168; x_wconf 92' lang='grc'><strong>,</strong></span> <span class='ocrx_word' id='word_1_372' title='bbox 3242 2110 3324 2160; x_wconf 76' lang='grc' dir='ltr'>καὶ</span> <span class='ocrx_word' id='word_1_373' title='bbox 3357 2114 3467 2173; x_wconf 77' lang='grc' dir='ltr'>περὶ</span> 
     </span>
    </p>
   </div>
   <div class='ocr_carea' id='block_1_54' title="bbox 1901 2193 3483 2270">
    <p class='ocr_par' dir='ltr' id='par_1_54' title="bbox 1901 2193 3483 2270">
     <span class='ocr_line' id='line_1_54' title="bbox 1901 2193 3483 2270; baseline 0.004 -24"><span class='ocrx_word' id='word_1_374' title='bbox 1901 2195 2103 2248; x_wconf 77' lang='grc' dir='ltr'>πάντων</span> <span class='ocrx_word' id='word_1_375' title='bbox 2140 2193 2190 2248; x_wconf 74' lang='grc' dir='ltr'><strong>δέ</strong></span> <span class='ocrx_word' id='word_1_376' title='bbox 2222 2202 2320 2248; x_wconf 82' lang='grc' dir='ltr'>τῶν</span> <span class='ocrx_word' id='word_1_377' title='bbox 2345 2197 2486 2270; x_wconf 82' lang='grc' dir='ltr'>παρά</span> <span class='ocrx_word' id='word_1_378' title='bbox 2512 2199 2600 2252; x_wconf 77' lang='grc' dir='ltr'>τὴν</span> <span class='ocrx_word' id='word_1_379' title='bbox 2629 2196 3048 2254; x_wconf 74' lang='grc' dir='ltr'>ἐκκλησιαστικήν</span> <span class='ocrx_word' id='word_1_380' title='bbox 3072 2198 3351 2268; x_wconf 67' lang='grc' dir='ltr'>ἐπιστήμην</span> <span class='ocrx_word' id='word_1_381' title='bbox 3381 2201 3483 2253; x_wconf 64' lang='grc' dir='ltr'><strong>Ἐκ-</strong></span> 
     </span>
    </p>
   </div>
   <div class='ocr_carea' id='block_1_55' title="bbox 1901 2284 3481 2362">
    <p class='ocr_par' dir='ltr' id='par_1_55' title="bbox 1901 2284 3481 2362">
     <span class='ocr_line' id='line_1_55' title="bbox 1901 2284 3481 2362; baseline 0.004 -25"><span class='ocrx_word' id='word_1_382' title='bbox 1901 2286 2113 2344; x_wconf 78' lang='grc' dir='ltr'>κληοιας</span> <span class='ocrx_word' id='word_1_383' title='bbox 2137 2284 2452 2339; x_wconf 69' lang='grc' dir='ltr'>διοικούντων</span> <span class='ocrx_word' id='word_1_384' title='bbox 2505 2286 2884 2357; x_wconf 67' lang='grc' dir='ltr'>κατειληφότες,</span> <span class='ocrx_word' id='word_1_385' title='bbox 2924 2293 3075 2340; x_wconf 80' lang='grc' dir='ltr'>τοῦτο</span> <span class='ocrx_word' id='word_1_386' title='bbox 3106 2290 3359 2361; x_wconf 78' lang='grc' dir='ltr'>ὡρίσαμεν</span> <span class='ocrx_word' id='word_1_387' title='bbox 3389 2313 3481 2362; x_wconf 77' lang='grc' dir='ltr'><strong>φυ-</strong></span> 
     </span>
    </p>
   </div>
   <div class='ocr_carea' id='block_1_56' title="bbox 1900 2374 3479 2450">
    <p class='ocr_par' dir='ltr' id='par_1_56' title="bbox 1900 2374 3479 2450">
     <span class='ocr_line' id='line_1_56' title="bbox 1900 2374 3479 2450; baseline 0.005 -24"><span class='ocrx_word' id='word_1_388' title='bbox 1900 2375 2128 2437; x_wconf 81' lang='grc' dir='ltr'>λακτέον,</span> <span class='ocrx_word' id='word_1_389' title='bbox 2161 2376 2239 2429; x_wconf 81' lang='grc' dir='ltr'>ἵνα</span> <span class='ocrx_word' id='word_1_390' title='bbox 2265 2378 2306 2428; x_wconf 77' lang='grc' dir='ltr'>εἰ</span> <span class='ocrx_word' id='word_1_391' title='bbox 2331 2374 2654 2444; x_wconf 68' lang='grc' dir='ltr'>ἀνανήφεεαν,</span> <span class='ocrx_word' id='word_1_392' title='bbox 2683 2378 2765 2428; x_wconf 81' lang='grc' dir='ltr'>καὶ</span> <span class='ocrx_word' id='word_1_393' title='bbox 2794 2378 2924 2444; x_wconf 80' lang='grc' dir='ltr'>μετὰ</span> <span class='ocrx_word' id='word_1_394' title='bbox 2949 2383 3038 2430; x_wconf 83' lang='grc' dir='ltr'><strong>τοῦ</strong></span> <span class='ocrx_word' id='word_1_395' title='bbox 3079 2376 3208 2430; x_wconf 81' lang='grc' dir='ltr'>ἰδίου</span> <span class='ocrx_word' id='word_1_396' title='bbox 3241 2381 3479 2450; x_wconf 64' lang='grc' dir='ltr'>ἡγεμόνος</span> 
     </span>
    </p>
   </div>
   <div class='ocr_carea' id='block_1_57' title="bbox 1901 2466 3479 2542">
    <p class='ocr_par' dir='ltr' id='par_1_57' title="bbox 1901 2466 3479 2542">
     <span class='ocr_line' id='line_1_57' title="bbox 1901 2466 3479 2542; baseline 0.002 -20"><span class='ocrx_word' id='word_1_397' title='bbox 1901 2469 2191 2526; x_wconf 78' lang='grc' dir='ltr'>ἀθετήσειαν</span> <span class='ocrx_word' id='word_1_398' title='bbox 2225 2471 2426 2521; x_wconf 77' lang='grc' dir='ltr'>ἅπαντα</span> <span class='ocrx_word' id='word_1_399' title='bbox 2465 2466 2596 2542; x_wconf 79' lang='grc' dir='ltr'>ἅπερ</span> <span class='ocrx_word' id='word_1_400' title='bbox 2642 2470 2672 2525; x_wconf 79' lang='grc' dir='ltr'><strong><em>ἡ</em></strong></span> <span class='ocrx_word' id='word_1_401' title='bbox 2709 2467 2829 2538; x_wconf 74' lang='grc' dir='ltr'>ἁγία</span> <span class='ocrx_word' id='word_1_402' title='bbox 2874 2467 3081 2528; x_wconf 77' lang='grc' dir='ltr'><strong>σύνοδος</strong></span> <span class='ocrx_word' id='word_1_403' title='bbox 3121 2471 3260 2538; x_wconf 80' lang='grc' dir='ltr'><strong>ἡμῶν</strong></span> <span class='ocrx_word' id='word_1_404' title='bbox 3305 2474 3479 2526; x_wconf 68' lang='lat' dir='ltr'><strong>eme.-</strong></span> 
     </span>
    </p>
   </div>
   <div class='ocr_carea' id='block_1_58' title="bbox 1903 2561 3483 2638">
    <p class='ocr_par' dir='ltr' id='par_1_58' title="bbox 1903 2561 3483 2638">
     <span class='ocr_line' id='line_1_58' title="bbox 1903 2561 3483 2638; baseline 0.005 -24"><span class='ocrx_word' id='word_1_405' title='bbox 1903 2562 2178 2617; x_wconf 71' lang='grc' dir='ltr'>ϐαιούντων</span> <span class='ocrx_word' id='word_1_406' title='bbox 2205 2562 2438 2620; x_wconf 73' lang='grc' dir='ltr'>ἠθέτησεν</span> <span class='ocrx_word' id='word_1_407' title='bbox 2465 2603 2477 2622; x_wconf 88' lang='grc'><strong>,</strong></span> <span class='ocrx_word' id='word_1_408' title='bbox 2506 2561 2811 2616; x_wconf 74' lang='grc' dir='ltr'>ἐπανέλθοιεν</span> <span class='ocrx_word' id='word_1_409' title='bbox 2835 2564 2904 2621; x_wconf 84' lang='grc' dir='ltr'>εἰς</span> <span class='ocrx_word' id='word_1_410' title='bbox 2934 2563 2989 2616; x_wconf 86' lang='grc' dir='ltr'>τὸ</span> <span class='ocrx_word' id='word_1_411' title='bbox 3019 2571 3115 2616; x_wconf 83' lang='grc' dir='ltr'>τῶν</span> <span class='ocrx_word' id='word_1_412' title='bbox 3142 2564 3310 2638; x_wconf 82' lang='grc' dir='ltr'><strong>ἱερέων</strong></span> <span class='ocrx_word' id='word_1_413' title='bbox 3335 2569 3483 2622; x_wconf 70' lang='grc' dir='ltr'>συνέο</span> 
     </span>
    </p>
   </div>
   <div class='ocr_carea' id='block_1_59' title="bbox 1902 2650 3480 2728">
    <p class='ocr_par' dir='ltr' id='par_1_59' title="bbox 1902 2650 3480 2728">
     <span class='ocr_line' id='line_1_59' title="bbox 1902 2650 3480 2728; baseline 0.004 -23"><span class='ocrx_word' id='word_1_414' title='bbox 1902 2650 2054 2726; x_wconf 86' lang='grc' dir='ltr'>δριον.</span> <span class='ocrx_word' id='word_1_415' title='bbox 2083 2650 2287 2726; x_wconf 82' lang='grc' dir='ltr'>Ὠσπερ</span> <span class='ocrx_word' id='word_1_416' title='bbox 2316 2653 2410 2728; x_wconf 71' lang='grc' dir='ltr'><strong>γὰρ</strong></span> <span class='ocrx_word' id='word_1_417' title='bbox 2435 2652 2749 2722; x_wconf 79' lang='grc' dir='ltr'><strong>ἐπιμένοντες</strong></span> <span class='ocrx_word' id='word_1_418' title='bbox 2779 2660 2882 2712; x_wconf 87' lang='grc' dir='ltr'>τοῖς</span> <span class='ocrx_word' id='word_1_419' title='bbox 2911 2655 3173 2728; x_wconf 78' lang='grc' dir='ltr'>προτέροις</span> <span class='ocrx_word' id='word_1_420' title='bbox 3197 2657 3279 2708; x_wconf 74' lang='grc' dir='ltr'>οὐκ</span> <span class='ocrx_word' id='word_1_421' title='bbox 3298 2654 3480 2716; x_wconf 68' lang='grc' dir='ltr'>ἠδυνή-</span> 
     </span>
    </p>
   </div>
   <div class='ocr_carea' id='block_1_60' title="bbox 1901 2739 3480 2818">
    <p class='ocr_par' dir='ltr' id='par_1_60' title="bbox 1901 2739 3480 2818">
     <span class='ocr_line' id='line_1_60' title="bbox 1901 2739 3480 2818; baseline 0.003 -23"><span class='ocrx_word' id='word_1_422' title='bbox 1901 2745 2055 2802; x_wconf 86' lang='grc' dir='ltr'>θησαν</span> <span class='ocrx_word' id='word_1_423' title='bbox 2095 2746 2143 2797; x_wconf 82' lang='grc' dir='ltr'>ἐν</span> <span class='ocrx_word' id='word_1_424' title='bbox 2181 2752 2244 2818; x_wconf 76' lang='grc' dir='ltr'>τῇ</span> <span class='ocrx_word' id='word_1_425' title='bbox 2281 2745 2501 2816; x_wconf 71' lang='grc' dir='ltr'>ἡμετέρᾳ</span> <span class='ocrx_word' id='word_1_426' title='bbox 2549 2739 2674 2796; x_wconf 81' lang='grc' dir='ltr'>εἶναι</span> <span class='ocrx_word' id='word_1_427' title='bbox 2712 2746 2961 2816; x_wconf 72' lang='grc' dir='ltr'>κοινωνίᾳ,</span> <span class='ocrx_word' id='word_1_428' title='bbox 2995 2743 3154 2799; x_wconf 75' lang='grc' dir='ltr'>οὕτως</span> <span class='ocrx_word' id='word_1_429' title='bbox 3199 2747 3480 2817; x_wconf 75' lang='grc' dir='ltr'><strong>βουλόμεθα</strong></span> 
     </span>
    </p>
   </div>
   <div class='ocr_carea' id='block_1_61' title="bbox 1903 2835 3483 2907">
    <p class='ocr_par' dir='ltr' id='par_1_61' title="bbox 1903 2835 3483 2907">
     <span class='ocr_line' id='line_1_61' title="bbox 1903 2835 3483 2907; baseline -0.002 -17"><span class='ocrx_word' id='word_1_430' title='bbox 1903 2839 2082 2897; x_wconf 74' lang='grc' dir='ltr'>αὐτοὺς</span> <span class='ocrx_word' id='word_1_431' title='bbox 2109 2835 2190 2890; x_wconf 81' lang='grc' dir='ltr'>διὰ</span> <span class='ocrx_word' id='word_1_432' title='bbox 2211 2842 2300 2895; x_wconf 72' lang='grc' dir='ltr'>τὸν</span> <span class='ocrx_word' id='word_1_433' title='bbox 2331 2837 2540 2895; x_wconf 77' lang='grc' dir='ltr'>ἑνότητα</span> <span class='ocrx_word' id='word_1_434' title='bbox 2568 2839 2651 2888; x_wconf 85' lang='grc' dir='ltr'>καὶ</span> <span class='ocrx_word' id='word_1_435' title='bbox 2677 2837 2872 2907; x_wconf 78' lang='grc' dir='ltr'><strong>εἰρήνην</strong></span> <span class='ocrx_word' id='word_1_436' title='bbox 2911 2844 3010 2890; x_wconf 83' lang='grc' dir='ltr'>τῶν</span> <span class='ocrx_word' id='word_1_437' title='bbox 3036 2839 3323 2901; x_wconf 76' lang='grc' dir='ltr'><strong>ἐκκλησιῶν,</strong></span> <span class='ocrx_word' id='word_1_438' title='bbox 3352 2845 3454 2896; x_wconf 77' lang='grc' dir='ltr'><strong>ἀπο</strong></span> <span class='ocrx_word' id='word_1_439' title='bbox 3471 2874 3483 2883; x_wconf 92' lang='grc'>.</span> 
     </span>
    </p>
   </div>
   <div class='ocr_carea' id='block_1_62' title="bbox 1901 2925 3483 3001">
    <p class='ocr_par' dir='ltr' id='par_1_62' title="bbox 1901 2925 3483 3001">
     <span class='ocr_line' id='line_1_62' title="bbox 1901 2925 3483 3001; baseline 0.004 -20"><span class='ocrx_word' id='word_1_440' title='bbox 1901 2928 2230 3001; x_wconf 72' lang='grc' dir='ltr'>λθγουμένους</span> <span class='ocrx_word' id='word_1_441' title='bbox 2266 2931 2334 2986; x_wconf 85' lang='grc' dir='ltr'>ὡς</span> <span class='ocrx_word' id='word_1_442' title='bbox 2364 2929 2652 2999; x_wconf 73' lang='grc' dir='ltr'>εἰρήκαμεν,</span> <span class='ocrx_word' id='word_1_443' title='bbox 2683 2925 3042 2995; x_wconf 76' lang='grc' dir='ltr'>ὑποδέχεσθαι.</span> <span class='ocrx_word' id='word_1_444' title='bbox 3099 2931 3247 2982; x_wconf 75' lang='grc' dir='ltr'>Αὐτοὶ</span> <span class='ocrx_word' id='word_1_445' title='bbox 3288 2930 3342 2986; x_wconf 82' lang='grc' dir='ltr'><strong>δὲ</strong></span> <span class='ocrx_word' id='word_1_446' title='bbox 3378 2935 3483 2988; x_wconf 72' lang='grc' dir='ltr'>καθ’</span> 
     </span>
    </p>
   </div>
   <div class='ocr_carea' id='block_1_63' title="bbox 1903 3013 3484 3092">
    <p class='ocr_par' dir='ltr' id='par_1_63' title="bbox 1903 3013 3484 3092">
     <span class='ocr_line' id='line_1_63' title="bbox 1903 3013 3484 3092; baseline 0.002 -19"><span class='ocrx_word' id='word_1_447' title='bbox 1903 3019 2095 3074; x_wconf 71' lang='grc' dir='ltr'>ἔαυτῶν</span> <span class='ocrx_word' id='word_1_448' title='bbox 2124 3020 2472 3092; x_wconf 75' lang='grc' dir='ltr'>εὑρεθήσονται</span> <span class='ocrx_word' id='word_1_449' title='bbox 2499 3022 2588 3075; x_wconf 69' lang='grc' dir='ltr'><strong>τήν</strong></span> <span class='ocrx_word' id='word_1_450' title='bbox 2611 3013 2724 3073; x_wconf 77' lang='grc' dir='ltr'>ἴσην</span> <span class='ocrx_word' id='word_1_451' title='bbox 2752 3018 3005 3088; x_wconf 75' lang='grc' dir='ltr'>ἀπόφασιν</span> <span class='ocrx_word' id='word_1_452' title='bbox 3031 3020 3413 3091; x_wconf 68' lang='grc' dir='ltr'>ἐξενεγκάμενοι,</span> <span class='ocrx_word' id='word_1_453' title='bbox 3440 3029 3484 3078; x_wconf 82' lang='grc' dir='ltr'>εὶ</span> 
     </span>
    </p>
   </div>
   <div class='ocr_carea' id='block_1_64' title="bbox 1902 3107 3488 3183">
    <p class='ocr_par' dir='ltr' id='par_1_64' title="bbox 1902 3107 3488 3183">
     <span class='ocr_line' id='line_1_64' title="bbox 1902 3107 3488 3183; baseline 0.002 -21"><span class='ocrx_word' id='word_1_454' title='bbox 1902 3109 2001 3176; x_wconf 78' lang='grc' dir='ltr'><strong>ἔξω</strong></span> <span class='ocrx_word' id='word_1_455' title='bbox 2048 3113 2278 3183; x_wconf 77' lang='grc' dir='ltr'>μένοντες</span> <span class='ocrx_word' id='word_1_456' title='bbox 2329 3107 2537 3172; x_wconf 79' lang='grc' dir='ltr'>δείξειαν</span> <span class='ocrx_word' id='word_1_457' title='bbox 2581 3108 2788 3167; x_wconf 79' lang='grc' dir='ltr'>ἑαυτοὺς</span> <span class='ocrx_word' id='word_1_458' title='bbox 2826 3110 2954 3182; x_wconf 83' lang='grc' dir='ltr'>πρὸς</span> <span class='ocrx_word' id='word_1_459' title='bbox 2998 3111 3083 3164; x_wconf 82' lang='grc' dir='ltr'>τὸν</span> <span class='ocrx_word' id='word_1_460' title='bbox 3119 3114 3488 3172; x_wconf 70' lang='grc' dir='ltr'>καταϐληθέντα</span> 
     </span>
    </p>
   </div>
   <div class='ocr_carea' id='block_1_65' title="bbox 1829 3202 3488 3279">
    <p class='ocr_par' dir='ltr' id='par_1_65' title="bbox 1829 3202 3488 3279">
     <span class='ocr_line' id='line_1_65' title="bbox 1829 3202 3488 3279; baseline 0.004 -21"><span class='ocrx_word' id='word_1_461' title='bbox 1829 3205 1874 3268; x_wconf 88' lang='lat' dir='ltr'><strong>C</strong></span> <span class='ocrx_word' id='word_1_462' title='bbox 1903 3208 1983 3258; x_wconf 83' lang='grc' dir='ltr'>καὶ</span> <span class='ocrx_word' id='word_1_463' title='bbox 2022 3205 2291 3268; x_wconf 70' lang='grc' dir='ltr'>ἐξωσθέντα</span> <span class='ocrx_word' id='word_1_464' title='bbox 2333 3203 2586 3264; x_wconf 78' lang='grc' dir='ltr'>τοσαύτης</span> <span class='ocrx_word' id='word_1_465' title='bbox 2627 3202 2864 3264; x_wconf 74' lang='grc' dir='ltr'>ἀσεϐείας</span> <span class='ocrx_word' id='word_1_466' title='bbox 2906 3209 3168 3266; x_wconf 80' lang='grc' dir='ltr'>κοινωνοὺς</span> <span class='ocrx_word' id='word_1_467' title='bbox 3215 3211 3297 3261; x_wconf 82' lang='grc' dir='ltr'>καὶ</span> <span class='ocrx_word' id='word_1_468' title='bbox 3338 3211 3488 3279; x_wconf 74' lang='grc' dir='ltr'>μετό-</span> 
     </span>
    </p>
   </div>
   <div class='ocr_carea' id='block_1_66' title="bbox 1917 3320 2072 3370">
    <p class='ocr_par' dir='ltr' id='par_1_66' title="bbox 1917 3320 2072 3370">
     <span class='ocr_line' id='line_1_66' title="bbox 1917 3320 2072 3370; baseline -0.006 -18"><span class='ocrx_word' id='word_1_469' title='bbox 1917 3320 2072 3370; x_wconf 88' lang='grc' dir='ltr'>χους.</span> 
     </span>
    </p>
   </div>
   <div class='ocr_carea' id='block_1_67' title="bbox 1191 3405 2512 3474">
    <p class='ocr_par' dir='ltr' id='par_1_67' title="bbox 1191 3405 2512 3474">
     <span class='ocr_line' id='line_1_67' title="bbox 1191 3405 2512 3474; baseline 0 -14"><span class='ocrx_word' id='word_1_470' title='bbox 1191 3405 1504 3462; x_wconf 81' lang='lat' dir='ltr'><strong>MONITUM</strong></span> <span class='ocrx_word' id='word_1_471' title='bbox 1545 3405 1611 3461; x_wconf 77' lang='lat' dir='ltr'><strong>IN</strong></span> <span class='ocrx_word' id='word_1_472' title='bbox 1653 3407 2040 3464; x_wconf 80' lang='lat' dir='ltr'><strong>EPISTOLAM</strong></span> <span class='ocrx_word' id='word_1_473' title='bbox 2079 3405 2512 3474; x_wconf 79' lang='lat' dir='ltr'><strong>SEQUENTEM.</strong></span> 
     </span>
    </p>
   </div>
   <div class='ocr_carea' id='block_1_68' title="bbox 303 3496 1808 3566">
    <p class='ocr_par' dir='ltr' id='par_1_68' title="bbox 303 3496 1808 3566">
     <span class='ocr_line' id='line_1_68' title="bbox 303 3496 1808 3566; baseline -0.003 -9"><span class='ocrx_word' id='word_1_474' title='bbox 303 3504 351 3557; x_wconf 76' lang='grc'><strong>1.</strong></span> <span class='ocrx_word' id='word_1_475' title='bbox 386 3501 512 3556; x_wconf 74' lang='lat' dir='ltr'><strong>llazc</strong></span> <span class='ocrx_word' id='word_1_476' title='bbox 541 3498 808 3566; x_wconf 87' lang='lat' dir='ltr'><strong>epistola,</strong></span> <span class='ocrx_word' id='word_1_477' title='bbox 859 3513 1016 3566; x_wconf 86' lang='lat' dir='ltr'><strong>quam</strong></span> <span class='ocrx_word' id='word_1_478' title='bbox 1065 3512 1134 3552; x_wconf 86' lang='lat' dir='ltr'><strong>ex</strong></span> <span class='ocrx_word' id='word_1_479' title='bbox 1186 3496 1443 3566; x_wconf 77' lang='lat' dir='ltr'><strong>Ephesini</strong></span> <span class='ocrx_word' id='word_1_480' title='bbox 1495 3497 1722 3552; x_wconf 84' lang='lat' dir='ltr'><strong>Concilii</strong></span> <span class='ocrx_word' id='word_1_481' title='bbox 1749 3514 1808 3554; x_wconf 88' lang='grc' dir='ltr'><strong>ιιι</strong></span> 
     </span>
    </p>
   </div>
   <div class='ocr_carea' id='block_1_69' title="bbox 233 3568 1809 3642">
    <p class='ocr_par' dir='ltr' id='par_1_69' title="bbox 233 3568 1809 3642">
     <span class='ocr_line' id='line_1_69' title="bbox 233 3568 1809 3642; baseline -0.003 -16"><span class='ocrx_word' id='word_1_482' title='bbox 233 3584 384 3642; x_wconf 75' lang='lat' dir='ltr'><strong>parte</strong></span> <span class='ocrx_word' id='word_1_483' title='bbox 414 3587 536 3633; x_wconf 89' lang='lat' dir='ltr'><strong>cap.</strong></span> <span class='ocrx_word' id='word_1_484' title='bbox 569 3570 635 3622; x_wconf 78' lang='lat'><strong>27</strong></span> <span class='ocrx_word' id='word_1_485' title='bbox 663 3572 1136 3642; x_wconf 60' lang='lat' dir='ltr'><strong>liuet-evocemus,</strong></span> <span class='ocrx_word' id='word_1_486' title='bbox 1171 3583 1199 3620; x_wconf 91' lang='lat' dir='ltr'><strong>a</strong></span> <span class='ocrx_word' id='word_1_487' title='bbox 1229 3568 1458 3642; x_wconf 84' lang='lat' dir='ltr'><strong>Baronio</strong></span> <span class='ocrx_word' id='word_1_488' title='bbox 1485 3577 1536 3620; x_wconf 86' lang='lat' dir='ltr'><strong>et</strong></span> <span class='ocrx_word' id='word_1_489' title='bbox 1571 3569 1690 3642; x_wconf 82' lang='lat' dir='ltr'><strong>aliis</strong></span> <span class='ocrx_word' id='word_1_490' title='bbox 1721 3584 1809 3622; x_wconf 87' lang='lat' dir='ltr'><strong>re-</strong></span> 
     </span>
    </p>
   </div>
   <div class='ocr_carea' id='block_1_70' title="bbox 233 3638 1811 3702">
    <p class='ocr_par' dir='ltr' id='par_1_70' title="bbox 233 3638 1811 3702">
     <span class='ocr_line' id='line_1_70' title="bbox 233 3638 1811 3702; baseline -0.004 -6"><span class='ocrx_word' id='word_1_491' title='bbox 233 3638 402 3697; x_wconf 63' lang='lat' dir='ltr'><strong>fo-rtur</strong></span> <span class='ocrx_word' id='word_1_492' title='bbox 426 3642 492 3694; x_wconf 87' lang='lat' dir='ltr'><strong>ad</strong></span> <span class='ocrx_word' id='word_1_493' title='bbox 523 3655 722 3693; x_wconf 89' lang='lat' dir='ltr'><strong>annum</strong></span> <span class='ocrx_word' id='word_1_494' title='bbox 750 3638 886 3702; x_wconf 68' lang='lat'><strong>432,</strong></span> <span class='ocrx_word' id='word_1_495' title='bbox 934 3654 962 3689; x_wconf 89' lang='lat' dir='ltr'><strong>a</strong></span> <span class='ocrx_word' id='word_1_496' title='bbox 995 3639 1338 3691; x_wconf 86' lang='lat' dir='ltr'><strong>Tilleutontio</strong></span> <span class='ocrx_word' id='word_1_497' title='bbox 1370 3647 1544 3691; x_wconf 82' lang='lat' dir='ltr'><strong>autem</strong></span> <span class='ocrx_word' id='word_1_498' title='bbox 1579 3639 1629 3692; x_wconf 92' lang='lat' dir='ltr'><strong>in</strong></span> <span class='ocrx_word' id='word_1_499' title='bbox 1661 3654 1811 3691; x_wconf 90' lang='lat' dir='ltr'><strong>men-</strong></span> 
     </span>
    </p>
   </div>
   <div class='ocr_carea' id='block_1_71' title="bbox 232 3708 1811 3766">
    <p class='ocr_par' dir='ltr' id='par_1_71' title="bbox 232 3708 1811 3766">
     <span class='ocr_line' id='line_1_71' title="bbox 232 3708 1811 3766; baseline -0.003 0"><span class='ocrx_word' id='word_1_500' title='bbox 232 3730 343 3766; x_wconf 85' lang='lat' dir='ltr'><strong>sem</strong></span> <span class='ocrx_word' id='word_1_501' title='bbox 398 3711 650 3765; x_wconf 78' lang='lat' dir='ltr'><strong>Martium</strong></span> <span class='ocrx_word' id='word_1_502' title='bbox 700 3709 822 3762; x_wconf 89' lang='lat' dir='ltr'><strong>anni</strong></span> <span class='ocrx_word' id='word_1_503' title='bbox 870 3708 975 3763; x_wconf 79' lang='grc'><strong>455</strong></span> <span class='ocrx_word' id='word_1_504' title='bbox 1021 3708 1286 3761; x_wconf 72' lang='lat' dir='ltr'><strong>differtur.</strong></span> <span class='ocrx_word' id='word_1_505' title='bbox 1336 3708 1614 3761; x_wconf 56' lang='lat' dir='ltr'><strong>Praecessit</strong></span> <span class='ocrx_word' id='word_1_506' title='bbox 1664 3720 1811 3763; x_wconf 86' lang='lat' dir='ltr'><strong>certe</strong></span> 
     </span>
    </p>
   </div>
   <div class='ocr_carea' id='block_1_72' title="bbox 232 3776 1808 3850">
    <p class='ocr_par' dir='ltr' id='par_1_72' title="bbox 232 3776 1808 3850">
     <span class='ocr_line' id='line_1_72' title="bbox 232 3776 1808 3850; baseline -0.003 -14"><span class='ocrx_word' id='word_1_507' title='bbox 232 3783 547 3836; x_wconf 80' lang='lat' dir='ltr'><strong>concionem</strong></span> <span class='ocrx_word' id='word_1_508' title='bbox 588 3795 745 3847; x_wconf 87' lang='lat' dir='ltr'><strong>quam</strong></span> <span class='ocrx_word' id='word_1_509' title='bbox 795 3778 1027 3850; x_wconf 10' lang='lat' dir='ltr'><strong>Cyrilﬁlus</strong></span> <span class='ocrx_word' id='word_1_510' title='bbox 1057 3778 1127 3832; x_wconf 79' lang='lat'><strong>28</strong></span> <span class='ocrx_word' id='word_1_511' title='bbox 1161 3779 1242 3850; x_wconf 79' lang='lat' dir='ltr'><strong>die</strong></span> <span class='ocrx_word' id='word_1_512' title='bbox 1289 3779 1474 3831; x_wconf 81' lang='lat' dir='ltr'><strong>mensis</strong></span> <span class='ocrx_word' id='word_1_513' title='bbox 1517 3776 1808 3850; x_wconf 81' lang='lat' dir='ltr'><strong>Pliarmuti,</strong></span> 
     </span>
    </p>
   </div>
   <div class='ocr_carea' id='block_1_73' title="bbox 237 3849 1807 3918">
    <p class='ocr_par' dir='ltr' id='par_1_73' title="bbox 237 3849 1807 3918">
     <span class='ocr_line' id='line_1_73' title="bbox 237 3849 1807 3918; baseline -0.002 -14"><span class='ocrx_word' id='word_1_514' title='bbox 237 3856 334 3905; x_wconf 88' lang='lat' dir='ltr'><strong>hoc</strong></span> <span class='ocrx_word' id='word_1_515' title='bbox 363 3863 444 3905; x_wconf 73' lang='lat' dir='ltr'><strong>est</strong></span> <span class='ocrx_word' id='word_1_516' title='bbox 470 3852 542 3904; x_wconf 79' lang='lat'><strong>25</strong></span> <span class='ocrx_word' id='word_1_517' title='bbox 572 3850 788 3918; x_wconf 80' lang='lat' dir='ltr'><strong>Aprilis,</strong></span> <span class='ocrx_word' id='word_1_518' title='bbox 817 3849 1127 3902; x_wconf 85' lang='lat' dir='ltr'><strong>confirmata</strong></span> <span class='ocrx_word' id='word_1_519' title='bbox 1157 3849 1262 3915; x_wconf 89' lang='lat' dir='ltr'><strong>jatn</strong></span> <span class='ocrx_word' id='word_1_520' title='bbox 1291 3863 1441 3915; x_wconf 82' lang='lat' dir='ltr'><strong>pace.</strong></span> <span class='ocrx_word' id='word_1_521' title='bbox 1466 3849 1529 3901; x_wconf 89' lang='lat' dir='ltr'><strong>ad</strong></span> <span class='ocrx_word' id='word_1_522' title='bbox 1555 3849 1807 3918; x_wconf 86' lang='lat' dir='ltr'><strong>populum</strong></span> 
     </span>
    </p>
   </div>
   <div class='ocr_carea' id='block_1_74' title="bbox 234 3919 1810 3987">
    <p class='ocr_par' dir='ltr' id='par_1_74' title="bbox 234 3919 1810 3987">
     <span class='ocr_line' id='line_1_74' title="bbox 234 3919 1810 3987; baseline -0.003 -11"><span class='ocrx_word' id='word_1_523' title='bbox 234 3938 386 3976; x_wconf 86' lang='lat' dir='ltr'><strong>suum</strong></span> <span class='ocrx_word' id='word_1_524' title='bbox 419 3923 625 3976; x_wconf 88' lang='lat' dir='ltr'><strong>habuit.</strong></span> <span class='ocrx_word' id='word_1_525' title='bbox 654 3920 759 3973; x_wconf 84' lang='lat' dir='ltr'><strong>Nec</strong></span> <span class='ocrx_word' id='word_1_526' title='bbox 789 3920 1102 3987; x_wconf 90' lang='lat' dir='ltr'><strong>permittunt</strong></span> <span class='ocrx_word' id='word_1_527' title='bbox 1129 3921 1232 3971; x_wconf 90' lang='lat' dir='ltr'><strong>itus</strong></span> <span class='ocrx_word' id='word_1_528' title='bbox 1255 3934 1318 3972; x_wconf 90' lang='lat' dir='ltr'><strong>ac</strong></span> <span class='ocrx_word' id='word_1_529' title='bbox 1345 3919 1547 3972; x_wconf 89' lang='lat' dir='ltr'><strong>reditus</strong></span> <span class='ocrx_word' id='word_1_530' title='bbox 1571 3961 1586 3982; x_wconf 94' lang='lat'><strong>,</strong></span> <span class='ocrx_word' id='word_1_531' title='bbox 1616 3921 1810 3986; x_wconf 75' lang='lat' dir='ltr'><strong>quibus</strong></span> 
     </span>
    </p>
   </div>
   <div class='ocr_carea' id='block_1_75' title="bbox 235 3987 1812 4058">
    <p class='ocr_par' dir='ltr' id='par_1_75' title="bbox 235 3987 1812 4058">
     <span class='ocr_line' id='line_1_75' title="bbox 235 3987 1812 4058; baseline -0.002 -14"><span class='ocrx_word' id='word_1_532' title='bbox 235 3995 296 4045; x_wconf 84' lang='lat' dir='ltr'><strong>ad</strong></span> <span class='ocrx_word' id='word_1_533' title='bbox 323 3994 462 4046; x_wconf 88' lang='lat' dir='ltr'><strong>hanc</strong></span> <span class='ocrx_word' id='word_1_534' title='bbox 486 4006 670 4058; x_wconf 89' lang='lat' dir='ltr'><strong>pacem</strong></span> <span class='ocrx_word' id='word_1_535' title='bbox 703 3999 1015 4057; x_wconf 85' lang='lat' dir='ltr'><strong>perventum</strong></span> <span class='ocrx_word' id='word_1_536' title='bbox 1033 3998 1134 4053; x_wconf 90' lang='lat' dir='ltr'><strong>est,</strong></span> <span class='ocrx_word' id='word_1_537' title='bbox 1160 3999 1216 4042; x_wconf 93' lang='lat' dir='ltr'><strong>ut</strong></span> <span class='ocrx_word' id='word_1_538' title='bbox 1241 3989 1342 4042; x_wconf 91' lang='lat' dir='ltr'><strong>hoc</strong></span> <span class='ocrx_word' id='word_1_539' title='bbox 1364 3989 1525 4042; x_wconf 70' lang='lat' dir='ltr'><strong>citius</strong></span> <span class='ocrx_word' id='word_1_540' title='bbox 1547 4003 1685 4041; x_wconf 87' lang='lat' dir='ltr'><strong>anno</strong></span> <span class='ocrx_word' id='word_1_541' title='bbox 1708 3987 1812 4041; x_wconf 69' lang='grc'><strong>455</strong></span> 
     </span>
    </p>
   </div>
   <div class='ocr_carea' id='block_1_76' title="bbox 236 4059 1809 4131">
    <p class='ocr_par' dir='ltr' id='par_1_76' title="bbox 236 4059 1809 4131">
     <span class='ocr_line' id='line_1_76' title="bbox 236 4059 1809 4131; baseline -0.003 -17"><span class='ocrx_word' id='word_1_542' title='bbox 236 4064 523 4131; x_wconf 76' lang='lat' dir='ltr'><strong>contigisse</strong></span> <span class='ocrx_word' id='word_1_543' title='bbox 555 4074 890 4131; x_wconf 82' lang='lat' dir='ltr'><strong>censeamus.</strong></span> <span class='ocrx_word' id='word_1_544' title='bbox 934 4059 1037 4114; x_wconf 87' lang='lat' dir='ltr'><strong>Sed</strong></span> <span class='ocrx_word' id='word_1_545' title='bbox 1078 4069 1130 4131; x_wconf 72' lang='lat' dir='ltr'><strong>ct</strong></span> <span class='ocrx_word' id='word_1_546' title='bbox 1170 4074 1273 4127; x_wconf 91' lang='lat' dir='ltr'><strong>qua</strong></span> <span class='ocrx_word' id='word_1_547' title='bbox 1327 4059 1529 4131; x_wconf 80' lang='lat' dir='ltr'><strong>ratione</strong></span> <span class='ocrx_word' id='word_1_548' title='bbox 1570 4074 1668 4128; x_wconf 91' lang='lat' dir='ltr'><strong>pax</strong></span> <span class='ocrx_word' id='word_1_549' title='bbox 1722 4060 1809 4112; x_wconf 83' lang='lat' dir='ltr'><strong>illa</strong></span> 
     </span>
    </p>
   </div>
   <div class='ocr_carea' id='block_1_77' title="bbox 242 4128 1810 4198">
    <p class='ocr_par' dir='ltr' id='par_1_77' title="bbox 242 4128 1810 4198">
     <span class='ocr_line' id='line_1_77' title="bbox 242 4128 1810 4198; baseline -0.002 -12"><span class='ocrx_word' id='word_1_550' title='bbox 242 4128 770 4198; x_wconf 56' lang='lat' dir='ltr'><strong>inita&#39;confectaquc</strong></span> <span class='ocrx_word' id='word_1_551' title='bbox 812 4129 916 4196; x_wconf 88' lang='lat' dir='ltr'><strong>sit,</strong></span> <span class='ocrx_word' id='word_1_552' title='bbox 951 4145 1056 4182; x_wconf 89' lang='lat' dir='ltr'><strong>non</strong></span> <span class='ocrx_word' id='word_1_553' title='bbox 1091 4129 1357 4196; x_wconf 77' lang='lat' dir='ltr'><strong>ignorare,</strong></span> <span class='ocrx_word' id='word_1_554' title='bbox 1410 4128 1648 4198; x_wconf 86' lang='lat' dir='ltr'><strong>adeoque</strong></span> <span class='ocrx_word' id='word_1_555' title='bbox 1697 4144 1810 4183; x_wconf 89' lang='lat' dir='ltr'><strong>rem</strong></span> 
     </span>
    </p>
   </div>
   <div class='ocr_carea' id='block_1_78' title="bbox 239 4199 1097 4272">
    <p class='ocr_par' dir='ltr' id='par_1_78' title="bbox 239 4199 1097 4272">
     <span class='ocr_line' id='line_1_78' title="bbox 239 4199 1097 4272; baseline 0.001 -20"><span class='ocrx_word' id='word_1_556' title='bbox 239 4207 400 4272; x_wconf 80' lang='lat' dir='ltr'><strong>paulo</strong></span> <span class='ocrx_word' id='word_1_557' title='bbox 423 4203 582 4256; x_wconf 84' lang='lat' dir='ltr'><strong>altius</strong></span> <span class='ocrx_word' id='word_1_558' title='bbox 609 4210 853 4265; x_wconf 88' lang='lat' dir='ltr'><strong>repetere</strong></span> <span class='ocrx_word' id='word_1_559' title='bbox 874 4199 1097 4272; x_wconf 80' lang='lat' dir='ltr'><strong>juverit.</strong></span> 
     </span>
    </p>
   </div>
   <div class='ocr_carea' id='block_1_79' title="bbox 304 4267 1810 4338">
    <p class='ocr_par' dir='ltr' id='par_1_79' title="bbox 304 4267 1810 4338">
     <span class='ocr_line' id='line_1_79' title="bbox 304 4267 1810 4338; baseline -0.005 -10"><span class='ocrx_word' id='word_1_560' title='bbox 304 4275 358 4328; x_wconf 73' lang='grc'><strong>2.</strong></span> <span class='ocrx_word' id='word_1_561' title='bbox 393 4273 746 4327; x_wconf 77' lang='lat' dir='ltr'><strong>Maximianus</strong></span> <span class='ocrx_word' id='word_1_562' title='bbox 775 4271 933 4338; x_wconf 77' lang='lat' dir='ltr'><strong>regiae</strong></span> <span class='ocrx_word' id='word_1_563' title='bbox 971 4269 1115 4323; x_wconf 87' lang='lat' dir='ltr'><strong>urbis</strong></span> <span class='ocrx_word' id='word_1_564' title='bbox 1153 4270 1378 4323; x_wconf 88' lang='lat' dir='ltr'><strong>antistes</strong></span> <span class='ocrx_word' id='word_1_565' title='bbox 1422 4268 1507 4322; x_wconf 88' lang='lat' dir='ltr'><strong>his</strong></span> <span class='ocrx_word' id='word_1_566' title='bbox 1535 4267 1810 4325; x_wconf 71' lang='lat' dir='ltr'><strong>leestini</strong></span> 
     </span>
    </p>
   </div>
   <div class='ocr_carea' id='block_1_80' title="bbox 236 4339 1818 4410">
    <p class='ocr_par' dir='ltr' id='par_1_80' title="bbox 236 4339 1818 4410">
     <span class='ocr_line' id='line_1_80' title="bbox 236 4339 1818 4410; baseline -0.004 -14"><span class='ocrx_word' id='word_1_567' title='bbox 236 4346 411 4398; x_wconf 71' lang='lat' dir='ltr'><strong>verbis</strong></span> <span class='ocrx_word' id='word_1_568' title='bbox 438 4342 636 4408; x_wconf 83' lang='lat' dir='ltr'><strong>(Epist.</strong></span> <span class='ocrx_word' id='word_1_569' title='bbox 662 4340 755 4408; x_wconf 73' lang='lat'><strong>24)</strong></span> <span class='ocrx_word' id='word_1_570' title='bbox 784 4342 1072 4403; x_wconf 89' lang='lat' dir='ltr'><strong>animatus,</strong></span> <span class='ocrx_word' id='word_1_571' title='bbox 1105 4339 1334 4392; x_wconf 80' lang='lat' dir='ltr'><strong>Gloriam</strong></span> <span class='ocrx_word' id='word_1_572' title='bbox 1363 4349 1411 4392; x_wconf 89' lang='lat' dir='ltr'><strong>et</strong></span> <span class='ocrx_word' id='word_1_573' title='bbox 1441 4341 1705 4410; x_wconf 71' lang='lat' dir='ltr'><strong>vigilantis</strong></span> <span class='ocrx_word' id='word_1_574' title='bbox 1724 4358 1818 4410; x_wconf 84' lang='lat' dir='ltr'><strong>pu-</strong></span> 
     </span>
    </p>
   </div>
   <div class='ocr_carea' id='block_1_81' title="bbox 239 4409 1821 4482">
    <p class='ocr_par' dir='ltr' id='par_1_81' title="bbox 239 4409 1821 4482">
     <span class='ocr_line' id='line_1_81' title="bbox 239 4409 1821 4482; baseline -0.002 -17"><span class='ocrx_word' id='word_1_575' title='bbox 239 4417 394 4466; x_wconf 78' lang='lat' dir='ltr'><strong>storis</strong></span> <span class='ocrx_word' id='word_1_576' title='bbox 423 4424 470 4465; x_wconf 87' lang='lat' dir='ltr'><strong>et</strong></span> <span class='ocrx_word' id='word_1_577' title='bbox 494 4414 697 4482; x_wconf 84' lang='lat' dir='ltr'><strong>benigni</strong></span> <span class='ocrx_word' id='word_1_578' title='bbox 722 4410 1001 4482; x_wconf 74' lang='lat' dir='ltr'><strong>sacerdotis</strong></span> <span class='ocrx_word' id='word_1_579' title='bbox 1033 4426 1296 4473; x_wconf 73' lang='lat' dir='ltr'><strong>exerceas,</strong></span> <span class='ocrx_word' id='word_1_580' title='bbox 1336 4420 1382 4482; x_wconf 87' lang='lat' dir='ltr'><strong>et</strong></span> <span class='ocrx_word' id='word_1_581' title='bbox 1410 4426 1641 4480; x_wconf 86' lang='lat' dir='ltr'><strong>saporem</strong></span> <span class='ocrx_word' id='word_1_582' title='bbox 1671 4409 1821 4463; x_wconf 77' lang='lat' dir='ltr'><strong>Citri-</strong></span> 
     </span>
    </p>
   </div>
   <div class='ocr_carea' id='block_1_82' title="bbox 243 4479 1815 4550">
    <p class='ocr_par' dir='ltr' id='par_1_82' title="bbox 243 4479 1815 4550">
     <span class='ocr_line' id='line_1_82' title="bbox 243 4479 1815 4550; baseline -0.003 -14"><span class='ocrx_word' id='word_1_583' title='bbox 243 4488 424 4536; x_wconf 77' lang='lat' dir='ltr'><strong>stianre</strong></span> <span class='ocrx_word' id='word_1_584' title='bbox 455 4479 778 4535; x_wconf 72' lang='lat' dir='ltr'><strong>salubritatis</strong></span> <span class='ocrx_word' id='word_1_585' title='bbox 802 4479 1076 4550; x_wconf 75' lang='lat' dir='ltr'><strong>infundas,</strong></span> <span class='ocrx_word' id='word_1_586' title='bbox 1112 4490 1164 4532; x_wconf 85' lang='lat' dir='ltr'><strong>ut</strong></span> <span class='ocrx_word' id='word_1_587' title='bbox 1193 4483 1304 4549; x_wconf 83' lang='lat' dir='ltr'><strong>plus</strong></span> <span class='ocrx_word' id='word_1_588' title='bbox 1329 4481 1381 4532; x_wconf 82' lang='lat' dir='ltr'><strong>in</strong></span> <span class='ocrx_word' id='word_1_589' title='bbox 1413 4479 1700 4550; x_wconf 83' lang='lat' dir='ltr'><strong>reparando</strong></span> <span class='ocrx_word' id='word_1_590' title='bbox 1726 4497 1815 4550; x_wconf 80' lang='lat' dir='ltr'><strong>po-</strong></span> 
     </span>
    </p>
   </div>
   <div class='ocr_carea' id='block_1_83' title="bbox 237 4549 1815 4622">
    <p class='ocr_par' dir='ltr' id='par_1_83' title="bbox 237 4549 1815 4622">
     <span class='ocr_line' id='line_1_83' title="bbox 237 4549 1815 4622; baseline -0.001 -17"><span class='ocrx_word' id='word_1_591' title='bbox 237 4557 392 4608; x_wconf 81' lang='lat' dir='ltr'><strong>tuisse</strong></span> <span class='ocrx_word' id='word_1_592' title='bbox 419 4564 466 4607; x_wconf 84' lang='lat' dir='ltr'><strong>te</strong></span> <span class='ocrx_word' id='word_1_593' title='bbox 489 4555 700 4622; x_wconf 80' lang='lat' dir='ltr'><strong>liqueat,</strong></span> <span class='ocrx_word' id='word_1_594' title='bbox 719 4567 870 4620; x_wconf 83' lang='lat' dir='ltr'><strong>quam</strong></span> <span class='ocrx_word' id='word_1_595' title='bbox 897 4551 983 4604; x_wconf 81' lang='lat' dir='ltr'><strong>ille</strong></span> <span class='ocrx_word' id='word_1_596' title='bbox 1015 4549 1336 4620; x_wconf 85' lang='lat' dir='ltr'><strong>(Nestorins)</strong></span> <span class='ocrx_word' id='word_1_597' title='bbox 1366 4549 1525 4619; x_wconf 84' lang='lat' dir='ltr'><strong>potuit</strong></span> <span class='ocrx_word' id='word_1_598' title='bbox 1551 4552 1604 4605; x_wconf 84' lang='lat' dir='ltr'><strong>in</strong></span> <span class='ocrx_word' id='word_1_599' title='bbox 1633 4549 1815 4606; x_wconf 72' lang='lat' dir='ltr'><strong>lazden-</strong></span> 
     </span>
    </p>
   </div>
   <div class='ocr_carea' id='block_1_84' title="bbox 1912 3497 3490 3566">
    <p class='ocr_par' dir='ltr' id='par_1_84' title="bbox 1912 3497 3490 3566">
     <span class='ocr_line' id='line_1_84' title="bbox 1912 3497 3490 3566; baseline 0.004 -15"><span class='ocrx_word' id='word_1_600' title='bbox 1912 3499 2002 3564; x_wconf 85' lang='lat' dir='ltr'><strong>do,</strong></span> <span class='ocrx_word' id='word_1_601' title='bbox 2046 3498 2189 3566; x_wconf 86' lang='lat' dir='ltr'><strong>pacis</strong></span> <span class='ocrx_word' id='word_1_602' title='bbox 2216 3497 2464 3551; x_wconf 69' lang='lat' dir='ltr'><strong>curanda:</strong></span> <span class='ocrx_word' id='word_1_603' title='bbox 2491 3498 2664 3566; x_wconf 76' lang='lat' dir='ltr'><strong>gratia</strong></span> <span class='ocrx_word' id='word_1_604' title='bbox 2692 3497 2996 3565; x_wconf 82' lang='lat' dir='ltr'><strong>cpiscopos.</strong></span> <span class='ocrx_word' id='word_1_605' title='bbox 3022 3514 3154 3566; x_wconf 72' lang='lat' dir='ltr'><strong>qum</strong></span> <span class='ocrx_word' id='word_1_606' title='bbox 3183 3500 3490 3559; x_wconf 80' lang='lat' dir='ltr'><strong>Constanti-</strong></span> 
     </span>
    </p>
   </div>
   <div class='ocr_carea' id='block_1_85' title="bbox 1918 3569 3491 3636">
    <p class='ocr_par' dir='ltr' id='par_1_85' title="bbox 1918 3569 3491 3636">
     <span class='ocr_line' id='line_1_85' title="bbox 1918 3569 3491 3636; baseline 0.001 -14"><span class='ocrx_word' id='word_1_607' title='bbox 1918 3570 2096 3636; x_wconf 89' lang='lat' dir='ltr'><strong>nopoli</strong></span> <span class='ocrx_word' id='word_1_608' title='bbox 2122 3585 2240 3625; x_wconf 60' lang='lat' dir='ltr'><strong>esse</strong></span> <span class='ocrx_word' id='word_1_609' title='bbox 2256 3569 2540 3636; x_wconf 83' lang='lat' dir='ltr'><strong>comperit,</strong></span> <span class='ocrx_word' id='word_1_610' title='bbox 2572 3585 2676 3621; x_wconf 88' lang='lat' dir='ltr'><strong>una</strong></span> <span class='ocrx_word' id='word_1_611' title='bbox 2699 3584 2819 3620; x_wconf 86' lang='lat' dir='ltr'><strong>cum</strong></span> <span class='ocrx_word' id='word_1_612' title='bbox 2852 3569 3097 3620; x_wconf 69' lang='lat' dir='ltr'><strong>universi»</strong></span> <span class='ocrx_word' id='word_1_613' title='bbox 3122 3569 3270 3622; x_wconf 70' lang='lat' dir='ltr'><strong>clero</strong></span> <span class='ocrx_word' id='word_1_614' title='bbox 3293 3587 3491 3629; x_wconf 74' lang='lat' dir='ltr'><strong>cont-o-</strong></span> 
     </span>
    </p>
   </div>
   <div class='ocr_carea' id='block_1_86' title="bbox 1913 3637 3490 3705">
    <p class='ocr_par' dir='ltr' id='par_1_86' title="bbox 1913 3637 3490 3705">
     <span class='ocr_line' id='line_1_86' title="bbox 1913 3637 3490 3705; baseline 0.004 -13"><span class='ocrx_word' id='word_1_615' title='bbox 1913 3639 2097 3702; x_wconf 77' lang='lat' dir='ltr'><strong>cavit;</strong></span> <span class='ocrx_word' id='word_1_616' title='bbox 2126 3655 2416 3705; x_wconf 88' lang='lat' dir='ltr'><strong>eorumque</strong></span> <span class='ocrx_word' id='word_1_617' title='bbox 2443 3652 2709 3692; x_wconf 87' lang='lat' dir='ltr'><strong>consensu</strong></span> <span class='ocrx_word' id='word_1_618' title='bbox 2742 3638 2790 3690; x_wconf 89' lang='lat' dir='ltr'><strong>id</strong></span> <span class='ocrx_word' id='word_1_619' title='bbox 2814 3637 2864 3690; x_wconf 85' lang='lat' dir='ltr'><strong>in</strong></span> <span class='ocrx_word' id='word_1_620' title='bbox 2894 3638 3078 3704; x_wconf 88' lang='lat' dir='ltr'><strong>primis</strong></span> <span class='ocrx_word' id='word_1_621' title='bbox 3102 3642 3402 3703; x_wconf 84' lang='lat' dir='ltr'><strong>constituit,</strong></span> <span class='ocrx_word' id='word_1_622' title='bbox 3431 3655 3490 3698; x_wconf 87' lang='lat' dir='ltr'><strong>ut</strong></span> 
     </span>
    </p>
   </div>
   <div class='ocr_carea' id='block_1_87' title="bbox 1915 3707 3490 3776">
    <p class='ocr_par' dir='ltr' id='par_1_87' title="bbox 1915 3707 3490 3776">
     <span class='ocr_line' id='line_1_87' title="bbox 1915 3707 3490 3776; baseline 0 -14"><span class='ocrx_word' id='word_1_623' title='bbox 1915 3710 2208 3776; x_wconf 88' lang='lat' dir='ltr'><strong>imperator</strong></span> <span class='ocrx_word' id='word_1_624' title='bbox 2247 3709 2482 3776; x_wconf 89' lang='lat' dir='ltr'><strong>ipsorutn</strong></span> <span class='ocrx_word' id='word_1_625' title='bbox 2513 3717 2697 3773; x_wconf 78' lang='lat' dir='ltr'><strong>rogatu</strong></span> <span class='ocrx_word' id='word_1_626' title='bbox 2721 3707 2786 3759; x_wconf 90' lang='lat' dir='ltr'><strong>ad</strong></span> <span class='ocrx_word' id='word_1_627' title='bbox 2809 3707 3068 3760; x_wconf 88' lang='lat' dir='ltr'><strong>Joannem</strong></span> <span class='ocrx_word' id='word_1_628' title='bbox 3095 3710 3490 3766; x_wconf 87' lang='lat' dir='ltr'><strong>Antiochenum</strong></span> 
     </span>
    </p>
   </div>
   <div class='ocr_carea' id='block_1_88' title="bbox 1915 3776 3495 3847">
    <p class='ocr_par' dir='ltr' id='par_1_88' title="bbox 1915 3776 3495 3847">
     <span class='ocr_line' id='line_1_88' title="bbox 1915 3776 3495 3847; baseline 0.002 -15"><span class='ocrx_word' id='word_1_629' title='bbox 1915 3781 2226 3847; x_wconf 80' lang='lat' dir='ltr'><strong>episcopum</strong></span> <span class='ocrx_word' id='word_1_630' title='bbox 2252 3779 2453 3830; x_wconf 82' lang='lat' dir='ltr'><strong>litteras</strong></span> <span class='ocrx_word' id='word_1_631' title='bbox 2487 3776 2743 3837; x_wconf 89' lang='lat' dir='ltr'><strong>tnitteret,</strong></span> <span class='ocrx_word' id='word_1_632' title='bbox 2777 3777 2972 3845; x_wconf 84' lang='lat' dir='ltr'><strong>quibus</strong></span> <span class='ocrx_word' id='word_1_633' title='bbox 2989 3779 3274 3844; x_wconf 67' lang='lat' dir='ltr'><strong>spondi-ret</strong></span> <span class='ocrx_word' id='word_1_634' title='bbox 3303 3780 3416 3838; x_wconf 82' lang='lat' dir='ltr'><strong>fore</strong></span> <span class='ocrx_word' id='word_1_635' title='bbox 3438 3793 3495 3838; x_wconf 93' lang='lat' dir='ltr'><strong>ut</strong></span> 
     </span>
    </p>
   </div>
   <div class='ocr_carea' id='block_1_89' title="bbox 1915 3847 3494 3918">
    <p class='ocr_par' dir='ltr' id='par_1_89' title="bbox 1915 3847 3494 3918">
     <span class='ocr_line' id='line_1_89' title="bbox 1915 3847 3494 3918; baseline 0.005 -18"><span class='ocrx_word' id='word_1_636' title='bbox 1915 3849 2090 3901; x_wconf 80' lang='lat' dir='ltr'><strong>omnis</strong></span> <span class='ocrx_word' id='word_1_637' title='bbox 2132 3848 2498 3901; x_wconf 87' lang='lat' dir='ltr'><strong>altercationis</strong></span> <span class='ocrx_word' id='word_1_638' title='bbox 2547 3847 2764 3918; x_wconf 84' lang='lat' dir='ltr'><strong>materia</strong></span> <span class='ocrx_word' id='word_1_639' title='bbox 2813 3861 2843 3899; x_wconf 94' lang='lat' dir='ltr'><strong>e</strong></span> <span class='ocrx_word' id='word_1_640' title='bbox 2874 3847 3049 3900; x_wconf 88' lang='lat' dir='ltr'><strong>medio</strong></span> <span class='ocrx_word' id='word_1_641' title='bbox 3089 3849 3398 3918; x_wconf 67' lang='lat' dir='ltr'><strong>tolieretur,</strong></span> <span class='ocrx_word' id='word_1_642' title='bbox 3450 3855 3494 3908; x_wconf 78' lang='lat' dir='ltr'><strong>si</strong></span> 
     </span>
    </p>
   </div>
   <div class='ocr_carea' id='block_1_90' title="bbox 1919 3916 3492 3987">
    <p class='ocr_par' dir='ltr' id='par_1_90' title="bbox 1919 3916 3492 3987">
     <span class='ocr_line' id='line_1_90' title="bbox 1919 3916 3492 3987; baseline 0.003 -16"><span class='ocrx_word' id='word_1_643' title='bbox 1919 3918 2145 3971; x_wconf 82' lang='lat' dir='ltr'><strong>Nestorii</strong></span> <span class='ocrx_word' id='word_1_644' title='bbox 2182 3917 2486 3987; x_wconf 82' lang='lat' dir='ltr'><strong>depositioni</strong></span> <span class='ocrx_word' id='word_1_645' title='bbox 2531 3916 2892 3979; x_wconf 73' lang='lat' dir='ltr'><strong>subscriberet,</strong></span> <span class='ocrx_word' id='word_1_646' title='bbox 2934 3918 3177 3987; x_wconf 78' lang='lat' dir='ltr'><strong>illiusque</strong></span> <span class='ocrx_word' id='word_1_647' title='bbox 3204 3916 3492 3976; x_wconf 79' lang='lat' dir='ltr'><strong>doctrinam</strong></span> 
     </span>
    </p>
   </div>
   <div class='ocr_carea' id='block_1_91' title="bbox 1914 3986 3494 4056">
    <p class='ocr_par' dir='ltr' id='par_1_91' title="bbox 1914 3986 3494 4056">
     <span class='ocr_line' id='line_1_91' title="bbox 1914 3986 3494 4056; baseline 0.003 -14"><span class='ocrx_word' id='word_1_648' title='bbox 1914 3989 2361 4042; x_wconf 69' lang='lat' dir='ltr'><strong>anathematizuret</strong></span> <span class='ocrx_word' id='word_1_649' title='bbox 2386 3986 2602 4056; x_wconf 74' lang='lat' dir='ltr'><strong>(Ephes.</strong></span> <span class='ocrx_word' id='word_1_650' title='bbox 2638 4003 2778 4039; x_wconf 85' lang='lat' dir='ltr'><strong>conc.</strong></span> <span class='ocrx_word' id='word_1_651' title='bbox 2809 4002 2863 4040; x_wconf 89' lang='lat' dir='ltr'><strong>ttt</strong></span> <span class='ocrx_word' id='word_1_652' title='bbox 2893 3997 3026 4054; x_wconf 85' lang='lat' dir='ltr'><strong>part.</strong></span> <span class='ocrx_word' id='word_1_653' title='bbox 3055 3986 3102 4042; x_wconf 88' lang='lat' dir='ltr'><strong>c.</strong></span> <span class='ocrx_word' id='word_1_654' title='bbox 3129 3989 3245 4055; x_wconf 59' lang='lat'><strong>2-4).</strong></span> <span class='ocrx_word' id='word_1_655' title='bbox 3279 3993 3368 4045; x_wconf 83' lang='lat' dir='ltr'><strong>llis</strong></span> <span class='ocrx_word' id='word_1_656' title='bbox 3399 4010 3494 4046; x_wconf 83' lang='lat' dir='ltr'><strong>an-</strong></span> 
     </span>
    </p>
   </div>
   <div class='ocr_carea' id='block_1_92' title="bbox 1918 4057 3492 4124">
    <p class='ocr_par' dir='ltr' id='par_1_92' title="bbox 1918 4057 3492 4124">
     <span class='ocr_line' id='line_1_92' title="bbox 1918 4057 3492 4124; baseline 0.004 -12"><span class='ocrx_word' id='word_1_657' title='bbox 1918 4075 2084 4112; x_wconf 77' lang='lat' dir='ltr'><strong>nuens</strong></span> <span class='ocrx_word' id='word_1_658' title='bbox 2111 4058 2463 4115; x_wconf 79' lang='lat' dir='ltr'><strong>Theodosius.</strong></span> <span class='ocrx_word' id='word_1_659' title='bbox 2500 4057 2687 4111; x_wconf 91' lang='lat' dir='ltr'><strong>litteris</strong></span> <span class='ocrx_word' id='word_1_660' title='bbox 2718 4057 2783 4110; x_wconf 89' lang='lat' dir='ltr'><strong>ad</strong></span> <span class='ocrx_word' id='word_1_661' title='bbox 2821 4057 3116 4124; x_wconf 78' lang='lat' dir='ltr'><strong>Joannem,</strong></span> <span class='ocrx_word' id='word_1_662' title='bbox 3155 4061 3278 4114; x_wconf 90' lang='lat' dir='ltr'><strong>dum</strong></span> <span class='ocrx_word' id='word_1_663' title='bbox 3315 4063 3492 4119; x_wconf 90' lang='lat' dir='ltr'><strong>adhuc</strong></span> 
     </span>
    </p>
   </div>
   <div class='ocr_carea' id='block_1_93' title="bbox 1916 4128 3492 4198">
    <p class='ocr_par' dir='ltr' id='par_1_93' title="bbox 1916 4128 3492 4198">
     <span class='ocr_line' id='line_1_93' title="bbox 1916 4128 3492 4198; baseline 0.006 -20"><span class='ocrx_word' id='word_1_664' title='bbox 1916 4130 2262 4182; x_wconf 74' lang='lat' dir='ltr'><strong>(Imlestinum</strong></span> <span class='ocrx_word' id='word_1_665' title='bbox 2314 4129 2657 4195; x_wconf 89' lang='lat' dir='ltr'><strong>superstitem</strong></span> <span class='ocrx_word' id='word_1_666' title='bbox 2706 4128 2990 4197; x_wconf 84' lang='lat' dir='ltr'><strong>crederet,</strong></span> <span class='ocrx_word' id='word_1_667' title='bbox 3034 4145 3129 4198; x_wconf 86' lang='lat' dir='ltr'><strong>per</strong></span> <span class='ocrx_word' id='word_1_668' title='bbox 3170 4133 3492 4188; x_wconf 84' lang='lat' dir='ltr'><strong>Archelaum</strong></span> 
     </span>
    </p>
   </div>
   <div class='ocr_carea' id='block_1_94' title="bbox 1919 4199 3490 4274">
    <p class='ocr_par' dir='ltr' id='par_1_94' title="bbox 1919 4199 3490 4274">
     <span class='ocr_line' id='line_1_94' title="bbox 1919 4199 3490 4274; baseline 0.005 -23"><span class='ocrx_word' id='word_1_669' title='bbox 1919 4201 2194 4274; x_wconf 65' lang='lat' dir='ltr'><strong>tribunum</strong></span> <span class='ocrx_word' id='word_1_670' title='bbox 2221 4199 2418 4274; x_wconf 73' lang='lat' dir='ltr'><strong>missis,</strong></span> <span class='ocrx_word' id='word_1_671' title='bbox 2451 4199 2734 4267; x_wconf 63' lang='lat' dir='ltr'><strong>praedictas</strong></span> <span class='ocrx_word' id='word_1_672' title='bbox 2763 4199 2908 4274; x_wconf 69' lang='lat' dir='ltr'><strong>pacis</strong></span> <span class='ocrx_word' id='word_1_673' title='bbox 2930 4201 3270 4256; x_wconf 88' lang='lat' dir='ltr'><strong>conditiones</strong></span> <span class='ocrx_word' id='word_1_674' title='bbox 3294 4221 3490 4274; x_wconf 87' lang='lat' dir='ltr'><strong>propo-</strong></span> 
     </span>
    </p>
   </div>
   <div class='ocr_carea' id='block_1_95' title="bbox 1922 4267 3494 4337">
    <p class='ocr_par' dir='ltr' id='par_1_95' title="bbox 1922 4267 3494 4337">
     <span class='ocr_line' id='line_1_95' title="bbox 1922 4267 3494 4337; baseline 0.004 -13"><span class='ocrx_word' id='word_1_675' title='bbox 1922 4271 2027 4324; x_wconf 87' lang='lat' dir='ltr'><strong>Sttit</strong></span> <span class='ocrx_word' id='word_1_676' title='bbox 2051 4267 2260 4337; x_wconf 86' lang='lat' dir='ltr'><strong>(Ibid.).</strong></span> <span class='ocrx_word' id='word_1_677' title='bbox 2294 4269 2499 4335; x_wconf 87' lang='lat' dir='ltr'><strong>Quibus</strong></span> <span class='ocrx_word' id='word_1_678' title='bbox 2523 4280 2822 4322; x_wconf 89' lang='lat' dir='ltr'><strong>commotus</strong></span> <span class='ocrx_word' id='word_1_679' title='bbox 2848 4269 3081 4324; x_wconf 83' lang='lat' dir='ltr'><strong>Joannes</strong></span> <span class='ocrx_word' id='word_1_680' title='bbox 3100 4313 3114 4335; x_wconf 95' lang='lat'><strong>,</strong></span> <span class='ocrx_word' id='word_1_681' title='bbox 3159 4289 3263 4325; x_wconf 89' lang='lat' dir='ltr'><strong>non</strong></span> <span class='ocrx_word' id='word_1_682' title='bbox 3294 4267 3494 4330; x_wconf 55' lang='lat' dir='ltr'><strong>statim</strong></span> 
     </span>
    </p>
   </div>
   <div class='ocr_carea' id='block_1_96' title="bbox 1925 4339 3496 4406">
    <p class='ocr_par' dir='ltr' id='par_1_96' title="bbox 1925 4339 3496 4406">
     <span class='ocr_line' id='line_1_96' title="bbox 1925 4339 3496 4406; baseline 0.001 -13"><span class='ocrx_word' id='word_1_683' title='bbox 1925 4349 2099 4393; x_wconf 82' lang='lat' dir='ltr'><strong>tamen</strong></span> <span class='ocrx_word' id='word_1_684' title='bbox 2131 4340 2314 4400; x_wconf 81' lang='lat' dir='ltr'><strong>cessit.</strong></span> <span class='ocrx_word' id='word_1_685' title='bbox 2347 4339 2438 4393; x_wconf 89' lang='lat' dir='ltr'><strong>sed</strong></span> <span class='ocrx_word' id='word_1_686' title='bbox 2460 4339 2808 4402; x_wconf 85' lang='lat' dir='ltr'><strong>aliquamdiu,</strong></span> <span class='ocrx_word' id='word_1_687' title='bbox 2831 4350 2886 4393; x_wconf 90' lang='lat' dir='ltr'><strong>nt</strong></span> <span class='ocrx_word' id='word_1_688' title='bbox 2912 4356 2973 4393; x_wconf 86' lang='lat' dir='ltr'><strong>ex</strong></span> <span class='ocrx_word' id='word_1_689' title='bbox 2996 4341 3212 4406; x_wconf 57' lang='lat' dir='ltr'><strong>cpistola</strong></span> <span class='ocrx_word' id='word_1_690' title='bbox 3239 4344 3496 4400; x_wconf 74' lang='lat' dir='ltr'><strong>diSCtlllus</strong></span> 
     </span>
    </p>
   </div>
   <div class='ocr_carea' id='block_1_97' title="bbox 1925 4408 3498 4484">
    <p class='ocr_par' dir='ltr' id='par_1_97' title="bbox 1925 4408 3498 4484">
     <span class='ocr_line' id='line_1_97' title="bbox 1925 4408 3498 4484; baseline 0.004 -21"><span class='ocrx_word' id='word_1_691' title='bbox 1925 4411 2113 4484; x_wconf 68' lang='grc' dir='ltr'><strong>(ἐγτίΗὶ</strong></span> <span class='ocrx_word' id='word_1_692' title='bbox 2141 4411 2204 4463; x_wconf 87' lang='lat' dir='ltr'><strong>ad</strong></span> <span class='ocrx_word' id='word_1_693' title='bbox 2236 4409 2495 4463; x_wconf 86' lang='lat' dir='ltr'><strong>Donatum</strong></span> <span class='ocrx_word' id='word_1_694' title='bbox 2527 4408 2688 4484; x_wconf 71' lang='lat' dir='ltr'><strong>(Ibid.</strong></span> <span class='ocrx_word' id='word_1_695' title='bbox 2723 4425 2768 4461; x_wconf 89' lang='lat' dir='ltr'><strong>e.</strong></span> <span class='ocrx_word' id='word_1_696' title='bbox 2795 4410 2910 4472; x_wconf 76' lang='grc'>58),</span> <span class='ocrx_word' id='word_1_697' title='bbox 2954 4411 3041 4484; x_wconf 76' lang='lat' dir='ltr'><strong>ubi</strong></span> <span class='ocrx_word' id='word_1_698' title='bbox 3062 4422 3192 4484; x_wconf 72' lang='lat' dir='ltr'><strong>_t0ta</strong></span> <span class='ocrx_word' id='word_1_699' title='bbox 3228 4414 3303 4467; x_wconf 84' lang='lat' dir='ltr'><strong>rei</strong></span> <span class='ocrx_word' id='word_1_700' title='bbox 3329 4427 3498 4484; x_wconf 74' lang='lat' dir='ltr'><strong>gesta:</strong></span> 
     </span>
    </p>
   </div>
   <div class='ocr_carea' id='block_1_98' title="bbox 1926 4479 3498 4547">
    <p class='ocr_par' dir='ltr' id='par_1_98' title="bbox 1926 4479 3498 4547">
     <span class='ocr_line' id='line_1_98' title="bbox 1926 4479 3498 4547; baseline 0.003 -14"><span class='ocrx_word' id='word_1_701' title='bbox 1926 4479 2098 4534; x_wconf 85' lang='lat' dir='ltr'><strong>series</strong></span> <span class='ocrx_word' id='word_1_702' title='bbox 2124 4493 2424 4545; x_wconf 85' lang='lat' dir='ltr'><strong>enarratur,</strong></span> <span class='ocrx_word' id='word_1_703' title='bbox 2455 4479 2835 4547; x_wconf 80' lang='lat' dir='ltr'><strong>tergiversatus</strong></span> <span class='ocrx_word' id='word_1_704' title='bbox 2863 4488 2962 4532; x_wconf 88' lang='lat' dir='ltr'><strong>est.</strong></span> <span class='ocrx_word' id='word_1_705' title='bbox 2990 4481 3166 4534; x_wconf 90' lang='lat' dir='ltr'><strong>l&#39;rimo</strong></span> <span class='ocrx_word' id='word_1_706' title='bbox 3192 4479 3498 4540; x_wconf 62' lang='lat' dir='ltr'><strong>enim&#39;nOn-</strong></span> 
     </span>
    </p>
   </div>
   <div class='ocr_carea' id='block_1_99' title="bbox 1929 4551 3497 4620">
    <p class='ocr_par' dir='ltr' id='par_1_99' title="bbox 1929 4551 3497 4620">
     <span class='ocr_line' id='line_1_99' title="bbox 1929 4551 3497 4620; baseline 0.003 -14"><span class='ocrx_word' id='word_1_707' title='bbox 1929 4552 2058 4606; x_wconf 90' lang='lat' dir='ltr'><strong>nulli</strong></span> <span class='ocrx_word' id='word_1_708' title='bbox 2086 4551 2176 4620; x_wconf 92' lang='lat' dir='ltr'><strong>qui</strong></span> <span class='ocrx_word' id='word_1_709' title='bbox 2218 4566 2336 4605; x_wconf 89' lang='lat' dir='ltr'><strong>cum</strong></span> <span class='ocrx_word' id='word_1_710' title='bbox 2377 4565 2441 4606; x_wconf 91' lang='lat' dir='ltr'><strong>eo</strong></span> <span class='ocrx_word' id='word_1_711' title='bbox 2486 4557 2640 4604; x_wconf 90' lang='lat' dir='ltr'><strong>etant</strong></span> <span class='ocrx_word' id='word_1_712' title='bbox 2679 4557 2928 4604; x_wconf 85' lang='lat' dir='ltr'><strong>auctores</strong></span> <span class='ocrx_word' id='word_1_713' title='bbox 2961 4551 3060 4620; x_wconf 89' lang='lat' dir='ltr'><strong>ipsi</strong></span> <span class='ocrx_word' id='word_1_714' title='bbox 3091 4551 3307 4608; x_wconf 87' lang='lat' dir='ltr'><strong>fuerunt</strong></span> <span class='ocrx_word' id='word_1_715' title='bbox 3347 4565 3400 4610; x_wconf 89' lang='lat' dir='ltr'><strong>ut</strong></span> <span class='ocrx_word' id='word_1_716' title='bbox 3431 4557 3497 4610; x_wconf 87' lang='lat' dir='ltr'><strong>ad</strong></span> 
     </span>
    </p>
   </div>
   <div class='ocr_carea' id='block_1_100' title="bbox 313 4727 3496 4802">
    <p class='ocr_par' dir='ltr' id='par_1_100' title="bbox 313 4727 3496 4802">
     <span class='ocr_line' id='line_1_100' title="bbox 313 4727 3496 4802; baseline -0.003 -8"><span class='ocrx_word' id='word_1_717' title='bbox 313 4752 337 4778; x_wconf 77' lang='grc'><em>³</em></span> <span class='ocrx_word' id='word_1_718' title='bbox 361 4740 472 4793; x_wconf 85' lang='lat' dir='ltr'><strong>lloc</strong></span> <span class='ocrx_word' id='word_1_719' title='bbox 498 4745 602 4799; x_wconf 87' lang='lat' dir='ltr'><strong>est,</strong></span> <span class='ocrx_word' id='word_1_720' title='bbox 637 4735 784 4800; x_wconf 87' lang='lat' dir='ltr'><strong>paria</strong></span> <span class='ocrx_word' id='word_1_721' title='bbox 817 4735 1060 4788; x_wconf 88' lang='lat' dir='ltr'><strong>dedimus</strong></span> <span class='ocrx_word' id='word_1_722' title='bbox 1085 4733 1323 4802; x_wconf 65' lang='lat' dir='ltr'><strong>epistolae</strong></span> <span class='ocrx_word' id='word_1_723' title='bbox 1351 4731 1597 4795; x_wconf 82' lang='lat' dir='ltr'><strong>exempla</strong></span> <span class='ocrx_word' id='word_1_724' title='bbox 1628 4731 1690 4784; x_wconf 90' lang='lat' dir='ltr'><strong>ad</strong></span> <span class='ocrx_word' id='word_1_725' title='bbox 1720 4745 1813 4784; x_wconf 84' lang='lat' dir='ltr'><strong>eos</strong></span> <span class='ocrx_word' id='word_1_726' title='bbox 1842 4735 1892 4795; x_wconf 86' lang='lat' dir='ltr'><strong>D</strong></span> <span class='ocrx_word' id='word_1_727' title='bbox 1919 4747 2054 4783; x_wconf 87' lang='lat' dir='ltr'><strong>nunc</strong></span> <span class='ocrx_word' id='word_1_728' title='bbox 2084 4739 2189 4783; x_wconf 89' lang='lat' dir='ltr'><strong>tum</strong></span> <span class='ocrx_word' id='word_1_729' title='bbox 2220 4728 2514 4802; x_wconf 80' lang='lat' dir='ltr'><strong>patientiam</strong></span> <span class='ocrx_word' id='word_1_730' title='bbox 2543 4727 2829 4802; x_wconf 79' lang='lat' dir='ltr'><strong>sanctitatis</strong></span> <span class='ocrx_word' id='word_1_731' title='bbox 2870 4739 2989 4802; x_wconf 73' lang='lat' dir='ltr'><strong>tum,</strong></span> <span class='ocrx_word' id='word_1_732' title='bbox 3031 4739 3134 4802; x_wconf 75' lang='lat' dir='ltr'><strong>tum</strong></span> <span class='ocrx_word' id='word_1_733' title='bbox 3166 4734 3496 4802; x_wconf 78' lang='lat' dir='ltr'><strong>consuetudi-</strong></span> 
     </span>
    </p>
   </div>
   <div class='ocr_carea' id='block_1_101' title="bbox 241 4802 1814 4876">
    <p class='ocr_par' dir='ltr' id='par_1_101' title="bbox 241 4802 1814 4876">
     <span class='ocr_line' id='line_1_101' title="bbox 241 4802 1814 4876; baseline -0.004 -13"><span class='ocrx_word' id='word_1_734' title='bbox 241 4812 474 4864; x_wconf 87' lang='lat' dir='ltr'><strong>Orientis</strong></span> <span class='ocrx_word' id='word_1_735' title='bbox 504 4809 808 4872; x_wconf 71' lang='lat' dir='ltr'><strong>episcottos.</strong></span> <span class='ocrx_word' id='word_1_736' title='bbox 835 4805 899 4858; x_wconf 89' lang='lat' dir='ltr'><strong>ad</strong></span> <span class='ocrx_word' id='word_1_737' title='bbox 931 4819 1064 4876; x_wconf 92' lang='lat' dir='ltr'><strong>quos</strong></span> <span class='ocrx_word' id='word_1_738' title='bbox 1097 4804 1410 4872; x_wconf 84' lang='lat' dir='ltr'><strong>Latnpetius</strong></span> <span class='ocrx_word' id='word_1_739' title='bbox 1440 4811 1492 4856; x_wconf 90' lang='lat' dir='ltr'><strong>et</strong></span> <span class='ocrx_word' id='word_1_740' title='bbox 1523 4802 1814 4871; x_wconf 71' lang='lat' dir='ltr'><strong>Ilertnoge-</strong></span> 
     </span>
    </p>
   </div>
   <div class='ocr_carea' id='block_1_102' title="bbox 243 4877 899 4941">
    <p class='ocr_par' dir='ltr' id='par_1_102' title="bbox 243 4877 899 4941">
     <span class='ocr_line' id='line_1_102' title="bbox 243 4877 899 4941; baseline -0.011 -8"><span class='ocrx_word' id='word_1_741' title='bbox 243 4899 333 4934; x_wconf 69' lang='lat' dir='ltr'><strong>nes</strong></span> <span class='ocrx_word' id='word_1_742' title='bbox 357 4897 418 4930; x_wconf 68' lang='lat' dir='ltr'><strong>o-a</strong></span> <span class='ocrx_word' id='word_1_743' title='bbox 442 4877 579 4929; x_wconf 85' lang='lat' dir='ltr'><strong>mitti</strong></span> <span class='ocrx_word' id='word_1_744' title='bbox 614 4879 899 4941; x_wconf 84' lang='lat' dir='ltr'><strong>petierant.</strong></span> 
     </span>
    </p>
   </div>
   <div class='ocr_carea' id='block_1_103' title="bbox 313 4940 1819 5010">
    <p class='ocr_par' dir='ltr' id='par_1_103' title="bbox 313 4940 1819 5010">
     <span class='ocr_line' id='line_1_103' title="bbox 313 4940 1819 5010; baseline -0.007 -7"><span class='ocrx_word' id='word_1_745' title='bbox 313 4950 335 4986; x_wconf 76' lang='grc' dir='ltr'>δ</span> <span class='ocrx_word' id='word_1_746' title='bbox 358 4950 462 5003; x_wconf 80' lang='lat' dir='ltr'><strong>Per</strong></span> <span class='ocrx_word' id='word_1_747' title='bbox 485 4945 736 4999; x_wconf 58' lang='lat' dir='ltr'><strong>Ecclesia:</strong></span> <span class='ocrx_word' id='word_1_748' title='bbox 759 4943 1366 5010; x_wconf 64' lang='lat' dir='ltr'><strong>Constantinopolitanae</strong></span> <span class='ocrx_word' id='word_1_749' title='bbox 1383 4942 1633 5006; x_wconf 80' lang='lat' dir='ltr'><strong>clericus,</strong></span> <span class='ocrx_word' id='word_1_750' title='bbox 1656 4940 1819 4995; x_wconf 87' lang='lat' dir='ltr'><strong>Joan-</strong></span> 
     </span>
    </p>
   </div>
   <div class='ocr_carea' id='block_1_104' title="bbox 245 5013 1816 5084">
    <p class='ocr_par' dir='ltr' id='par_1_104' title="bbox 245 5013 1816 5084">
     <span class='ocr_line' id='line_1_104' title="bbox 245 5013 1816 5084; baseline -0.005 -13"><span class='ocrx_word' id='word_1_751' title='bbox 245 5035 359 5072; x_wconf 64' lang='lat' dir='ltr'><strong>nem</strong></span> <span class='ocrx_word' id='word_1_752' title='bbox 404 5017 620 5071; x_wconf 77' lang='lat' dir='ltr'><strong>scilicet</strong></span> <span class='ocrx_word' id='word_1_753' title='bbox 667 5017 1040 5084; x_wconf 61' lang='lat' dir='ltr'><strong>presbyterum</strong></span> <span class='ocrx_word' id='word_1_754' title='bbox 1076 5023 1132 5068; x_wconf 89' lang='lat' dir='ltr'><strong>et</strong></span> <span class='ocrx_word' id='word_1_755' title='bbox 1181 5014 1479 5076; x_wconf 62' lang='lat' dir='ltr'><strong>Epictetum</strong></span> <span class='ocrx_word' id='word_1_756' title='bbox 1501 5013 1816 5084; x_wconf 80' lang='lat' dir='ltr'><strong>diaconum,</strong></span> 
     </span>
    </p>
   </div>
   <div class='ocr_carea' id='block_1_105' title="bbox 248 5081 1817 5154">
    <p class='ocr_par' dir='ltr' id='par_1_105' title="bbox 248 5081 1817 5154">
     <span class='ocr_line' id='line_1_105' title="bbox 248 5081 1817 5154; baseline -0.005 -12"><span class='ocrx_word' id='word_1_757' title='bbox 248 5093 415 5143; x_wconf 56' lang='lat' dir='ltr'><strong>otism</strong></span> <span class='ocrx_word' id='word_1_758' title='bbox 447 5098 574 5141; x_wconf 89' lang='lat' dir='ltr'><strong>sunt</strong></span> <span class='ocrx_word' id='word_1_759' title='bbox 603 5081 844 5154; x_wconf 72' lang='lat' dir='ltr'><strong>quatuor</strong></span> <span class='ocrx_word' id='word_1_760' title='bbox 879 5086 1208 5154; x_wconf 88' lang='lat' dir='ltr'><strong>posteriores</strong></span> <span class='ocrx_word' id='word_1_761' title='bbox 1233 5083 1514 5154; x_wconf 22' lang='lat' dir='ltr'><strong>Caelestiini</strong></span> <span class='ocrx_word' id='word_1_762' title='bbox 1555 5081 1817 5154; x_wconf 60' lang='lat' dir='ltr'><strong>epistolae.</strong></span> 
     </span>
    </p>
   </div>
   <div class='ocr_carea' id='block_1_106' title="bbox 248 5151 1820 5224">
    <p class='ocr_par' dir='ltr' id='par_1_106' title="bbox 248 5151 1820 5224">
     <span class='ocr_line' id='line_1_106' title="bbox 248 5151 1820 5224; baseline -0.005 -11"><span class='ocrx_word' id='word_1_763' title='bbox 248 5159 346 5213; x_wconf 55' lang='grc' dir='ltr'>ἰήιε</span> <span class='ocrx_word' id='word_1_764' title='bbox 377 5161 512 5212; x_wconf 84' lang='lat' dir='ltr'><strong>alias</strong></span> <span class='ocrx_word' id='word_1_765' title='bbox 548 5151 634 5210; x_wconf 79' lang='lat' dir='ltr'><strong>hic</strong></span> <span class='ocrx_word' id='word_1_766' title='bbox 662 5151 958 5224; x_wconf 81' lang='lat' dir='ltr'><strong>intelligere</strong></span> <span class='ocrx_word' id='word_1_767' title='bbox 991 5156 1137 5220; x_wconf 87' lang='lat' dir='ltr'><strong>licet,</strong></span> <span class='ocrx_word' id='word_1_768' title='bbox 1164 5155 1428 5222; x_wconf 82' lang='lat' dir='ltr'><strong>siquidem</strong></span> <span class='ocrx_word' id='word_1_769' title='bbox 1451 5151 1820 5224; x_wconf 78' lang='lat' dir='ltr'><strong>Xystushauc</strong></span> 
     </span>
    </p>
   </div>
   <div class='ocr_carea' id='block_1_107' title="bbox 250 5223 1822 5288">
    <p class='ocr_par' dir='ltr' id='par_1_107' title="bbox 250 5223 1822 5288">
     <span class='ocr_line' id='line_1_107' title="bbox 250 5223 1822 5288; baseline -0.003 -7"><span class='ocrx_word' id='word_1_770' title='bbox 250 5234 420 5285; x_wconf 72' lang='grc' dir='ltr'>διηιῐιιι</span> <span class='ocrx_word' id='word_1_771' title='bbox 455 5228 524 5280; x_wconf 90' lang='lat' dir='ltr'><strong>ab</strong></span> <span class='ocrx_word' id='word_1_772' title='bbox 567 5223 908 5280; x_wconf 80' lang='lat' dir='ltr'><strong>ordinatione</strong></span> <span class='ocrx_word' id='word_1_773' title='bbox 938 5240 1052 5288; x_wconf 91' lang='lat' dir='ltr'><strong>sua,</strong></span> <span class='ocrx_word' id='word_1_774' title='bbox 1098 5233 1383 5287; x_wconf 84' lang='lat' dir='ltr'><strong>antequam</strong></span> <span class='ocrx_word' id='word_1_775' title='bbox 1427 5224 1564 5276; x_wconf 89' lang='lat' dir='ltr'><strong>ullas</strong></span> <span class='ocrx_word' id='word_1_776' title='bbox 1608 5223 1822 5276; x_wconf 88' lang='lat' dir='ltr'><strong>mittere</strong></span> 
     </span>
    </p>
   </div>
   <div class='ocr_carea' id='block_1_108' title="bbox 251 5292 1820 5365">
    <p class='ocr_par' dir='ltr' id='par_1_108' title="bbox 251 5292 1820 5365">
     <span class='ocr_line' id='line_1_108' title="bbox 251 5292 1820 5365; baseline -0.004 -17"><span class='ocrx_word' id='word_1_777' title='bbox 251 5310 527 5362; x_wconf 69' lang='grc' dir='ltr'>ιιιιιιιιεςει,</span> <span class='ocrx_word' id='word_1_778' title='bbox 575 5297 813 5365; x_wconf 87' lang='lat' dir='ltr'><strong>scripsit.</strong></span> <span class='ocrx_word' id='word_1_779' title='bbox 851 5297 955 5350; x_wconf 88' lang='lat' dir='ltr'><strong>llas</strong></span> <span class='ocrx_word' id='word_1_780' title='bbox 986 5297 1144 5361; x_wconf 75' lang='lat' dir='ltr'><strong>igitur</strong></span> <span class='ocrx_word' id='word_1_781' title='bbox 1176 5295 1387 5348; x_wconf 79' lang='lat' dir='ltr'><strong>misisse</strong></span> <span class='ocrx_word' id='word_1_782' title='bbox 1427 5308 1484 5347; x_wconf 90' lang='lat' dir='ltr'><strong>se</strong></span> <span class='ocrx_word' id='word_1_783' title='bbox 1514 5293 1666 5365; x_wconf 81' lang='lat' dir='ltr'><strong>dicit,</strong></span> <span class='ocrx_word' id='word_1_784' title='bbox 1701 5292 1820 5365; x_wconf 66' lang='lat' dir='ltr'><strong>quia</strong></span> 
     </span>
    </p>
   </div>
   <div class='ocr_carea' id='block_1_109' title="bbox 250 5363 1821 5438">
    <p class='ocr_par' dir='ltr' id='par_1_109' title="bbox 250 5363 1821 5438">
     <span class='ocr_line' id='line_1_109' title="bbox 250 5363 1821 5438; baseline -0.004 -17"><span class='ocrx_word' id='word_1_785' title='bbox 250 5371 462 5438; x_wconf 70' lang='lat' dir='ltr'><strong>iubente</strong></span> <span class='ocrx_word' id='word_1_786' title='bbox 510 5363 806 5438; x_wconf 67' lang='lat' dir='ltr'><strong>Caelestino</strong></span> <span class='ocrx_word' id='word_1_787' title='bbox 863 5369 1089 5433; x_wconf 90' lang='lat' dir='ltr'><strong>primum</strong></span> <span class='ocrx_word' id='word_1_788' title='bbox 1114 5366 1257 5438; x_wconf 81' lang='lat' dir='ltr'><strong>_illas</strong></span> <span class='ocrx_word' id='word_1_789' title='bbox 1287 5381 1380 5438; x_wconf 74' lang='lat' dir='ltr'><strong>per</strong></span> <span class='ocrx_word' id='word_1_790' title='bbox 1425 5363 1680 5438; x_wconf 58' lang='lat' dir='ltr'><strong>Ecclesia</strong></span> <span class='ocrx_word' id='word_1_791' title='bbox 1715 5363 1821 5415; x_wconf 75' lang='grc' dir='ltr'><strong>ΟΡ.</strong></span> 
     </span>
    </p>
   </div>
   <div class='ocr_carea' id='block_1_110' title="bbox 252 5435 1825 5506">
    <p class='ocr_par' dir='ltr' id='par_1_110' title="bbox 252 5435 1825 5506">
     <span class='ocr_line' id='line_1_110' title="bbox 252 5435 1825 5506; baseline -0.005 -16"><span class='ocrx_word' id='word_1_792' title='bbox 252 5435 475 5494; x_wconf 76' lang='lat' dir='ltr'><strong>i-Icricos</strong></span> <span class='ocrx_word' id='word_1_793' title='bbox 507 5437 746 5499; x_wconf 74' lang='lat' dir='ltr'><strong>miserit,</strong></span> <span class='ocrx_word' id='word_1_794' title='bbox 790 5451 852 5490; x_wconf 89' lang='lat' dir='ltr'><strong>ac</strong></span> <span class='ocrx_word' id='word_1_795' title='bbox 883 5445 1068 5503; x_wconf 84' lang='lat' dir='ltr'><strong>postea</strong></span> <span class='ocrx_word' id='word_1_796' title='bbox 1101 5436 1280 5506; x_wconf 87' lang='lat' dir='ltr'><strong>Cyrilli</strong></span> <span class='ocrx_word' id='word_1_797' title='bbox 1320 5435 1561 5506; x_wconf 86' lang='lat' dir='ltr'><strong>diaconis</strong></span> <span class='ocrx_word' id='word_1_798' title='bbox 1593 5436 1825 5506; x_wconf 80' lang='lat' dir='ltr'><strong>interve-</strong></span> 
     </span>
    </p>
   </div>
   <div class='ocr_carea' id='block_1_111' title="bbox 253 5503 1825 5570">
    <p class='ocr_par' dir='ltr' id='par_1_111' title="bbox 253 5503 1825 5570">
     <span class='ocr_line' id='line_1_111' title="bbox 253 5503 1825 5570; baseline -0.004 -8"><span class='ocrx_word' id='word_1_799' title='bbox 253 5512 521 5564; x_wconf 75' lang='lat' dir='ltr'><strong>nit-utilius</strong></span> <span class='ocrx_word' id='word_1_800' title='bbox 569 5523 754 5561; x_wconf 88' lang='lat' dir='ltr'><strong>earum</strong></span> <span class='ocrx_word' id='word_1_801' title='bbox 785 5507 1028 5570; x_wconf 83' lang='lat' dir='ltr'><strong>exempla</strong></span> <span class='ocrx_word' id='word_1_802' title='bbox 1062 5503 1264 5559; x_wconf 80' lang='lat' dir='ltr'><strong>eisdem</strong></span> <span class='ocrx_word' id='word_1_803' title='bbox 1311 5505 1609 5558; x_wconf 87' lang='lat' dir='ltr'><strong>tradiderit.</strong></span> <span class='ocrx_word' id='word_1_804' title='bbox 1662 5503 1825 5570; x_wconf 76' lang='lat' dir='ltr'><strong>Magis</strong></span> 
     </span>
    </p>
   </div>
   <div class='ocr_carea' id='block_1_112' title="bbox 255 5575 1825 5646">
    <p class='ocr_par' dir='ltr' id='par_1_112' title="bbox 255 5575 1825 5646">
     <span class='ocr_line' id='line_1_112' title="bbox 255 5575 1825 5646; baseline -0.002 -15"><span class='ocrx_word' id='word_1_805' title='bbox 255 5584 488 5645; x_wconf 77' lang='lat' dir='ltr'><strong>placeret</strong></span> <span class='ocrx_word' id='word_1_806' title='bbox 525 5580 781 5642; x_wconf 76' lang='lat' dir='ltr'><strong>ntisiinus,</strong></span> <span class='ocrx_word' id='word_1_807' title='bbox 833 5578 1039 5632; x_wconf 86' lang='lat' dir='ltr'><strong>scilicet</strong></span> <span class='ocrx_word' id='word_1_808' title='bbox 1092 5591 1156 5630; x_wconf 85' lang='lat' dir='ltr'><strong>ex</strong></span> <span class='ocrx_word' id='word_1_809' title='bbox 1200 5576 1408 5646; x_wconf 88' lang='lat' dir='ltr'><strong>synodo</strong></span> <span class='ocrx_word' id='word_1_810' title='bbox 1454 5576 1691 5630; x_wconf 74' lang='lat' dir='ltr'><strong>Romana</strong></span> <span class='ocrx_word' id='word_1_811' title='bbox 1739 5575 1825 5628; x_wconf 86' lang='lat' dir='ltr'><strong>cui</strong></span> 
     </span>
    </p>
   </div>
   <div class='ocr_carea' id='block_1_113' title="bbox 257 5651 825 5721">
    <p class='ocr_par' dir='ltr' id='par_1_113' title="bbox 257 5651 825 5721">
     <span class='ocr_line' id='line_1_113' title="bbox 257 5651 825 5721; baseline -0.009 -16"><span class='ocrx_word' id='word_1_812' title='bbox 257 5651 446 5721; x_wconf 61' lang='lat' dir='ltr'><strong>Xystus</strong></span> <span class='ocrx_word' id='word_1_813' title='bbox 487 5651 825 5702; x_wconf 85' lang='lat' dir='ltr'><strong>interfuerat.</strong></span> 
     </span>
    </p>
   </div>
   <div class='ocr_carea' id='block_1_114' title="bbox 325 5721 974 5778">
    <p class='ocr_par' dir='ltr' id='par_1_114' title="bbox 325 5721 974 5778">
     <span class='ocr_line' id='line_1_114' title="bbox 325 5721 974 5778; baseline -0.005 -5"><span class='ocrx_word' id='word_1_814' title='bbox 325 5741 332 5753; x_wconf 92' lang='grc'><strong>·</strong></span> <span class='ocrx_word' id='word_1_815' title='bbox 373 5721 551 5776; x_wconf 72' lang='lat' dir='ltr'><strong>Forte.</strong></span> <span class='ocrx_word' id='word_1_816' title='bbox 585 5722 974 5778; x_wconf 63' lang='grc' dir='ltr'>ἀπεστείλαμεν.</span> 
     </span>
    </p>
   </div>
   <div class='ocr_carea' id='block_1_115' title="bbox 321 5784 1822 5855">
    <p class='ocr_par' dir='ltr' id='par_1_115' title="bbox 321 5784 1822 5855">
     <span class='ocr_line' id='line_1_115' title="bbox 321 5784 1822 5855; baseline -0.003 -10"><span class='ocrx_word' id='word_1_817' title='bbox 321 5800 344 5828; x_wconf 72' lang='grc' dir='ltr'><strong>ε</strong></span> <span class='ocrx_word' id='word_1_818' title='bbox 370 5794 617 5844; x_wconf 68' lang='lat' dir='ltr'><strong>Cra-cont</strong></span> <span class='ocrx_word' id='word_1_819' title='bbox 669 5791 969 5843; x_wconf 79' lang='lat' dir='ltr'><strong>Cotelerius</strong></span> <span class='ocrx_word' id='word_1_820' title='bbox 1013 5802 1084 5842; x_wconf 87' lang='lat' dir='ltr'><strong>tta</strong></span> <span class='ocrx_word' id='word_1_821' title='bbox 1125 5785 1389 5852; x_wconf 85' lang='lat' dir='ltr'><strong>reddidit,</strong></span> <span class='ocrx_word' id='word_1_822' title='bbox 1429 5784 1655 5855; x_wconf 81' lang='lat' dir='ltr'><strong>Sequens</strong></span> <span class='ocrx_word' id='word_1_823' title='bbox 1711 5801 1822 5840; x_wconf 78' lang='lat' dir='ltr'><strong>vero</strong></span> 
     </span>
    </p>
   </div>
   <div class='ocr_carea' id='block_1_116' title="bbox 1920 4799 3499 4866">
    <p class='ocr_par' dir='ltr' id='par_1_116' title="bbox 1920 4799 3499 4866">
     <span class='ocr_line' id='line_1_116' title="bbox 1920 4799 3499 4866; baseline 0.003 -14"><span class='ocrx_word' id='word_1_824' title='bbox 1920 4818 2032 4852; x_wconf 83' lang='lat' dir='ltr'><strong>nent</strong></span> <span class='ocrx_word' id='word_1_825' title='bbox 2065 4811 2313 4861; x_wconf 87' lang='lat' dir='ltr'><strong>nostram,</strong></span> <span class='ocrx_word' id='word_1_826' title='bbox 2341 4816 2439 4852; x_wconf 87' lang='lat' dir='ltr'><strong>non</strong></span> <span class='ocrx_word' id='word_1_827' title='bbox 2464 4799 2735 4866; x_wconf 84' lang='lat' dir='ltr'><strong>dereliqui,</strong></span> <span class='ocrx_word' id='word_1_828' title='bbox 2767 4809 2898 4860; x_wconf 88' lang='lat' dir='ltr'><strong>etc.,</strong></span> <span class='ocrx_word' id='word_1_829' title='bbox 2927 4799 3065 4851; x_wconf 88' lang='lat' dir='ltr'><strong>haud</strong></span> <span class='ocrx_word' id='word_1_830' title='bbox 3095 4801 3223 4854; x_wconf 88' lang='lat' dir='ltr'><strong>satis</strong></span> <span class='ocrx_word' id='word_1_831' title='bbox 3250 4804 3314 4853; x_wconf 91' lang='lat' dir='ltr'><strong>ad</strong></span> <span class='ocrx_word' id='word_1_832' title='bbox 3349 4819 3499 4856; x_wconf 86' lang='lat' dir='ltr'><strong>mett-</strong></span> 
     </span>
    </p>
   </div>
   <div class='ocr_carea' id='block_1_117' title="bbox 1920 4869 3498 4940">
    <p class='ocr_par' dir='ltr' id='par_1_117' title="bbox 1920 4869 3498 4940">
     <span class='ocr_line' id='line_1_117' title="bbox 1920 4869 3498 4940; baseline 0.001 -16"><span class='ocrx_word' id='word_1_833' title='bbox 1920 4881 2025 4924; x_wconf 88' lang='lat' dir='ltr'><strong>tettt</strong></span> <span class='ocrx_word' id='word_1_834' title='bbox 2057 4869 2245 4940; x_wconf 83' lang='lat' dir='ltr'><strong>Xysti,</strong></span> <span class='ocrx_word' id='word_1_835' title='bbox 2275 4870 2517 4923; x_wconf 82' lang='lat' dir='ltr'><strong>docentis</strong></span> <span class='ocrx_word' id='word_1_836' title='bbox 2559 4884 2678 4922; x_wconf 88' lang='lat' dir='ltr'><strong>eum</strong></span> <span class='ocrx_word' id='word_1_837' title='bbox 2711 4883 2831 4923; x_wconf 76' lang='lat' dir='ltr'><strong>esse</strong></span> <span class='ocrx_word' id='word_1_838' title='bbox 2859 4869 3220 4940; x_wconf 69' lang='lat' dir='ltr'><strong>Romanorum</strong></span> <span class='ocrx_word' id='word_1_839' title='bbox 3269 4887 3498 4940; x_wconf 87' lang='lat' dir='ltr'><strong>morem,</strong></span> 
     </span>
    </p>
   </div>
   <div class='ocr_carea' id='block_1_118' title="bbox 1922 4939 3500 5008">
    <p class='ocr_par' dir='ltr' id='par_1_118' title="bbox 1922 4939 3500 5008">
     <span class='ocr_line' id='line_1_118' title="bbox 1922 4939 3500 5008; baseline 0.003 -17"><span class='ocrx_word' id='word_1_840' title='bbox 1922 4953 1974 4992; x_wconf 90' lang='grc' dir='ltr'><strong>ιιι</strong></span> <span class='ocrx_word' id='word_1_841' title='bbox 2005 4939 2232 5008; x_wconf 84' lang='lat' dir='ltr'><strong>propriis</strong></span> <span class='ocrx_word' id='word_1_842' title='bbox 2259 4940 2451 4993; x_wconf 88' lang='lat' dir='ltr'><strong>litteris</strong></span> <span class='ocrx_word' id='word_1_843' title='bbox 2477 4955 2568 4993; x_wconf 90' lang='lat' dir='ltr'><strong>eos</strong></span> <span class='ocrx_word' id='word_1_844' title='bbox 2591 4955 2617 4996; x_wconf 67' lang='grc' dir='ltr'>τι</span> <span class='ocrx_word' id='word_1_845' title='bbox 2643 4940 2837 5008; x_wconf 87' lang='lat' dir='ltr'><strong>quibus</strong></span> <span class='ocrx_word' id='word_1_846' title='bbox 2862 4939 3054 4993; x_wconf 87' lang='lat' dir='ltr'><strong>fuerint</strong></span> <span class='ocrx_word' id='word_1_847' title='bbox 3083 4940 3324 5003; x_wconf 69' lang='lat' dir='ltr'><strong>salutati,</strong></span> <span class='ocrx_word' id='word_1_848' title='bbox 3357 4939 3500 4996; x_wconf 77' lang='lat' dir='ltr'><strong>resa-</strong></span> 
     </span>
    </p>
   </div>
   <div class='ocr_carea' id='block_1_119' title="bbox 1922 5009 3500 5079">
    <p class='ocr_par' dir='ltr' id='par_1_119' title="bbox 1922 5009 3500 5079">
     <span class='ocr_line' id='line_1_119' title="bbox 1922 5009 3500 5079; baseline 0.003 -15"><span class='ocrx_word' id='word_1_849' title='bbox 1922 5011 2114 5070; x_wconf 87' lang='lat' dir='ltr'><strong>lutent.</strong></span> <span class='ocrx_word' id='word_1_850' title='bbox 2147 5025 2318 5078; x_wconf 86' lang='lat' dir='ltr'><strong>neque</strong></span> <span class='ocrx_word' id='word_1_851' title='bbox 2343 5009 2588 5064; x_wconf 57' lang='lat' dir='ltr'><strong>dubitare</strong></span> <span class='ocrx_word' id='word_1_852' title='bbox 2617 5026 2676 5064; x_wconf 89' lang='lat' dir='ltr'><strong>se</strong></span> <span class='ocrx_word' id='word_1_853' title='bbox 2706 5011 2856 5079; x_wconf 88' lang='lat' dir='ltr'><strong>quin,</strong></span> <span class='ocrx_word' id='word_1_854' title='bbox 2889 5011 2930 5062; x_wconf 93' lang='lat' dir='ltr'><strong>si</strong></span> <span class='ocrx_word' id='word_1_855' title='bbox 2968 5010 3091 5063; x_wconf 90' lang='lat' dir='ltr'><strong>huic</strong></span> <span class='ocrx_word' id='word_1_856' title='bbox 3133 5010 3310 5064; x_wconf 86' lang='lat' dir='ltr'><strong>officio</strong></span> <span class='ocrx_word' id='word_1_857' title='bbox 3339 5011 3500 5068; x_wconf 84' lang='lat' dir='ltr'><strong>dees-</strong></span> 
     </span>
    </p>
   </div>
   <div class='ocr_carea' id='block_1_120' title="bbox 1923 5079 3055 5152">
    <p class='ocr_par' dir='ltr' id='par_1_120' title="bbox 1923 5079 3055 5152">
     <span class='ocr_line' id='line_1_120' title="bbox 1923 5079 3055 5152; baseline -0.004 -17"><span class='ocrx_word' id='word_1_858' title='bbox 1923 5091 2028 5144; x_wconf 85' lang='lat' dir='ltr'><strong>Set,</strong></span> <span class='ocrx_word' id='word_1_859' title='bbox 2054 5081 2244 5152; x_wconf 76' lang='lat' dir='ltr'><strong>_Cyrill_i</strong></span> <span class='ocrx_word' id='word_1_860' title='bbox 2276 5080 2729 5152; x_wconf 81' lang='lat' dir='ltr'><strong>exspectationem</strong></span> <span class='ocrx_word' id='word_1_861' title='bbox 2762 5079 3055 5152; x_wconf 86' lang='lat' dir='ltr'><strong>deciperet.</strong></span> 
     </span>
    </p>
   </div>
   <div class='ocr_carea' id='block_1_121' title="bbox 1998 5149 3500 5219">
    <p class='ocr_par' dir='ltr' id='par_1_121' title="bbox 1998 5149 3500 5219">
     <span class='ocr_line' id='line_1_121' title="bbox 1998 5149 3500 5219; baseline -0.001 -13"><span class='ocrx_word' id='word_1_862' title='bbox 1998 5161 2020 5188; x_wconf 74' lang='grc' dir='ltr'><strong>ο</strong></span> <span class='ocrx_word' id='word_1_863' title='bbox 2045 5149 2151 5206; x_wconf 64' lang='lat' dir='ltr'><strong>seu</strong></span> <span class='ocrx_word' id='word_1_864' title='bbox 2179 5150 2243 5203; x_wconf 91' lang='lat' dir='ltr'><strong>ad</strong></span> <span class='ocrx_word' id='word_1_865' title='bbox 2271 5152 2499 5204; x_wconf 88' lang='lat' dir='ltr'><strong>litteram</strong></span> <span class='ocrx_word' id='word_1_866' title='bbox 2529 5167 2541 5201; x_wconf 93' lang='lat'><strong>:</strong></span> <span class='ocrx_word' id='word_1_867' title='bbox 2570 5150 2932 5219; x_wconf 80' lang='lat' dir='ltr'><strong>Occuparittms</strong></span> <span class='ocrx_word' id='word_1_868' title='bbox 2967 5151 3061 5200; x_wconf 80' lang='lat' dir='ltr'><strong>hoc</strong></span> <span class='ocrx_word' id='word_1_869' title='bbox 3091 5149 3303 5218; x_wconf 76' lang='lat' dir='ltr'><strong>deﬁnire</strong></span> <span class='ocrx_word' id='word_1_870' title='bbox 3327 5161 3500 5206; x_wconf 84' lang='lat' dir='ltr'><strong>custo-</strong></span> 
     </span>
    </p>
   </div>
   <div class='ocr_carea' id='block_1_122' title="bbox 1930 5220 3500 5290">
    <p class='ocr_par' dir='ltr' id='par_1_122' title="bbox 1930 5220 3500 5290">
     <span class='ocr_line' id='line_1_122' title="bbox 1930 5220 3500 5290; baseline 0.002 -16"><span class='ocrx_word' id='word_1_871' title='bbox 1930 5223 2192 5275; x_wconf 84' lang='lat' dir='ltr'><strong>diendum.</strong></span> <span class='ocrx_word' id='word_1_872' title='bbox 2221 5220 2427 5290; x_wconf 82' lang='lat' dir='ltr'><strong>Quippe</strong></span> <span class='ocrx_word' id='word_1_873' title='bbox 2457 5221 2677 5275; x_wconf 83' lang='lat' dir='ltr'><strong>verbum</strong></span> <span class='ocrx_word' id='word_1_874' title='bbox 2703 5222 2873 5273; x_wconf 78' lang='lat' dir='ltr'><strong>Graec.</strong></span> <span class='ocrx_word' id='word_1_875' title='bbox 2897 5220 3249 5290; x_wconf 67' lang='grc' dir='ltr'>κατειληφότες·</span> <span class='ocrx_word' id='word_1_876' title='bbox 3267 5236 3368 5273; x_wconf 88' lang='grc' dir='ltr'>ιιοιι</span> <span class='ocrx_word' id='word_1_877' title='bbox 3390 5222 3500 5288; x_wconf 82' lang='lat' dir='ltr'><strong>hic,</strong></span> 
     </span>
    </p>
   </div>
   <div class='ocr_carea' id='block_1_123' title="bbox 1931 5289 3500 5355">
    <p class='ocr_par' dir='ltr' id='par_1_123' title="bbox 1931 5289 3500 5355">
     <span class='ocr_line' id='line_1_123' title="bbox 1931 5289 3500 5355; baseline 0 -9"><span class='ocrx_word' id='word_1_878' title='bbox 1931 5304 1986 5346; x_wconf 89' lang='lat' dir='ltr'><strong>ttt</strong></span> <span class='ocrx_word' id='word_1_879' title='bbox 2013 5291 2311 5346; x_wconf 89' lang='lat' dir='ltr'><strong>Cotelerius</strong></span> <span class='ocrx_word' id='word_1_880' title='bbox 2342 5289 2534 5345; x_wconf 86' lang='lat' dir='ltr'><strong>Latine</strong></span> <span class='ocrx_word' id='word_1_881' title='bbox 2561 5291 2841 5353; x_wconf 79' lang='lat' dir='ltr'><strong>convertit,</strong></span> <span class='ocrx_word' id='word_1_882' title='bbox 2875 5289 3195 5355; x_wconf 81' lang='lat' dir='ltr'><strong>accipientes,</strong></span> <span class='ocrx_word' id='word_1_883' title='bbox 3228 5291 3320 5345; x_wconf 88' lang='lat' dir='ltr'><strong>sed</strong></span> <span class='ocrx_word' id='word_1_884' title='bbox 3351 5308 3500 5346; x_wconf 81' lang='lat' dir='ltr'><strong>occu-</strong></span> 
     </span>
    </p>
   </div>
   <div class='ocr_carea' id='block_1_124' title="bbox 1931 5360 3502 5432">
    <p class='ocr_par' dir='ltr' id='par_1_124' title="bbox 1931 5360 3502 5432">
     <span class='ocr_line' id='line_1_124' title="bbox 1931 5360 3502 5432; baseline 0.003 -18"><span class='ocrx_word' id='word_1_885' title='bbox 1931 5374 2112 5432; x_wconf 79' lang='lat' dir='ltr'><strong>pantes</strong></span> <span class='ocrx_word' id='word_1_886' title='bbox 2145 5372 2196 5414; x_wconf 90' lang='lat' dir='ltr'><strong>et</strong></span> <span class='ocrx_word' id='word_1_887' title='bbox 2226 5362 2592 5432; x_wconf 82' lang='lat' dir='ltr'><strong>antevenientes</strong></span> <span class='ocrx_word' id='word_1_888' title='bbox 2621 5370 2791 5432; x_wconf 81' lang='lat' dir='ltr'><strong>senat.</strong></span> <span class='ocrx_word' id='word_1_889' title='bbox 2826 5360 2936 5414; x_wconf 87' lang='lat' dir='ltr'><strong>Hoc</strong></span> <span class='ocrx_word' id='word_1_890' title='bbox 2982 5371 3502 5432; x_wconf 18' lang='lat' dir='ltr'><strong>atttcmioct&#39;upatum</strong></span> 
     </span>
    </p>
   </div>
   <div class='ocr_carea' id='block_1_125' title="bbox 1932 5431 3504 5502">
    <p class='ocr_par' dir='ltr' id='par_1_125' title="bbox 1932 5431 3504 5502">
     <span class='ocr_line' id='line_1_125' title="bbox 1932 5431 3504 5502; baseline 0.002 -17"><span class='ocrx_word' id='word_1_891' title='bbox 1932 5431 2011 5486; x_wconf 81' lang='lat' dir='ltr'><strong>est</strong></span> <span class='ocrx_word' id='word_1_892' title='bbox 2035 5450 2061 5483; x_wconf 86' lang='lat' dir='ltr'><strong>a</strong></span> <span class='ocrx_word' id='word_1_893' title='bbox 2082 5431 2374 5502; x_wconf 69' lang='lat' dir='ltr'><strong>leestino</strong></span> <span class='ocrx_word' id='word_1_894' title='bbox 2396 5431 2850 5502; x_wconf 12' lang='lat' dir='ltr'><strong>etisynttdoipsius</strong></span> <span class='ocrx_word' id='word_1_895' title='bbox 2873 5432 2920 5483; x_wconf 92' lang='lat' dir='ltr'><strong>in</strong></span> <span class='ocrx_word' id='word_1_896' title='bbox 2937 5431 3093 5502; x_wconf 76' lang='lat' dir='ltr'><strong>epist.</strong></span> <span class='ocrx_word' id='word_1_897' title='bbox 3111 5431 3182 5484; x_wconf 78' lang='lat'><strong>22</strong></span> <span class='ocrx_word' id='word_1_898' title='bbox 3204 5448 3253 5484; x_wconf 88' lang='grc' dir='ltr'>ιι.</span> <span class='ocrx_word' id='word_1_899' title='bbox 3274 5431 3328 5497; x_wconf 89' lang='grc'>8,</span> <span class='ocrx_word' id='word_1_900' title='bbox 3345 5448 3504 5502; x_wconf 88' lang='lat' dir='ltr'><strong>quam</strong></span> 
     </span>
    </p>
   </div>
   <div class='ocr_carea' id='block_1_126' title="bbox 1935 5499 3506 5570">
    <p class='ocr_par' dir='ltr' id='par_1_126' title="bbox 1935 5499 3506 5570">
     <span class='ocr_line' id='line_1_126' title="bbox 1935 5499 3506 5570; baseline 0.003 -15"><span class='ocrx_word' id='word_1_901' title='bbox 1935 5503 2173 5570; x_wconf 88' lang='lat' dir='ltr'><strong>apertius</strong></span> <span class='ocrx_word' id='word_1_902' title='bbox 2202 5503 2250 5553; x_wconf 77' lang='grc' dir='ltr'><strong>ιιι</strong></span> <span class='ocrx_word' id='word_1_903' title='bbox 2275 5499 2790 5570; x_wconf 62' lang='grc' dir='ltr'>ερίδιιιιιιειιροτίοεί</span> <span class='ocrx_word' id='word_1_904' title='bbox 2823 5517 2876 5551; x_wconf 88' lang='grc' dir='ltr'>ιι.</span> <span class='ocrx_word' id='word_1_905' title='bbox 2909 5502 2941 5554; x_wconf 86' lang='grc'>5</span> <span class='ocrx_word' id='word_1_906' title='bbox 2962 5499 3160 5570; x_wconf 79' lang='lat' dir='ltr'><strong>Xystus</strong></span> <span class='ocrx_word' id='word_1_907' title='bbox 3190 5499 3392 5558; x_wconf 80' lang='lat' dir='ltr'><strong>indicat</strong></span> <span class='ocrx_word' id='word_1_908' title='bbox 3423 5504 3506 5560; x_wconf 80' lang='lat' dir='ltr'><strong>his</strong></span> 
     </span>
    </p>
   </div>
   <div class='ocr_carea' id='block_1_127' title="bbox 1934 5568 3506 5640">
    <p class='ocr_par' dir='ltr' id='par_1_127' title="bbox 1934 5568 3506 5640">
     <span class='ocr_line' id='line_1_127' title="bbox 1934 5568 3506 5640; baseline 0.005 -20"><span class='ocrx_word' id='word_1_909' title='bbox 1934 5568 2113 5626; x_wconf 68' lang='lat' dir='ltr'><strong>verbis</strong></span> <span class='ocrx_word' id='word_1_910' title='bbox 2147 5590 2159 5626; x_wconf 90' lang='lat'><strong>:</strong></span> <span class='ocrx_word' id='word_1_911' title='bbox 2193 5572 2265 5624; x_wconf 88' lang='lat' dir='ltr'><strong>De</strong></span> <span class='ocrx_word' id='word_1_912' title='bbox 2292 5568 2494 5623; x_wconf 83' lang='lat' dir='ltr'><strong>Joanne</strong></span> <span class='ocrx_word' id='word_1_913' title='bbox 2520 5581 2684 5623; x_wconf 86' lang='lat' dir='ltr'><strong>autem</strong></span> <span class='ocrx_word' id='word_1_914' title='bbox 2715 5568 3026 5623; x_wconf 76' lang='lat' dir='ltr'><strong>Antiocheno</strong></span> <span class='ocrx_word' id='word_1_915' title='bbox 3054 5572 3160 5626; x_wconf 67' lang='lat' dir='ltr'><strong>hinc</strong></span> <span class='ocrx_word' id='word_1_916' title='bbox 3185 5574 3506 5640; x_wconf 77' lang='lat' dir='ltr'><strong>deﬁnivimus</strong></span> 
     </span>
    </p>
   </div>
   <div class='ocr_carea' id='block_1_128' title="bbox 1932 5642 3508 5717">
    <p class='ocr_par' dir='ltr' id='par_1_128' title="bbox 1932 5642 3508 5717">
     <span class='ocr_line' id='line_1_128' title="bbox 1932 5642 3508 5717; baseline 0.003 -22"><span class='ocrx_word' id='word_1_917' title='bbox 1932 5643 2111 5695; x_wconf 83' lang='lat' dir='ltr'><strong>debere</strong></span> <span class='ocrx_word' id='word_1_918' title='bbox 2160 5643 2349 5695; x_wconf 78' lang='lat' dir='ltr'><strong>servari</strong></span> <span class='ocrx_word' id='word_1_919' title='bbox 2380 5657 2492 5710; x_wconf 78' lang='lat' dir='ltr'><strong>qua:</strong></span> <span class='ocrx_word' id='word_1_920' title='bbox 2533 5642 2585 5695; x_wconf 85' lang='lat' dir='ltr'><strong>in</strong></span> <span class='ocrx_word' id='word_1_921' title='bbox 2631 5642 2812 5696; x_wconf 78' lang='lat' dir='ltr'><strong>litteris</strong></span> <span class='ocrx_word' id='word_1_922' title='bbox 2853 5651 2973 5696; x_wconf 78' lang='lat' dir='ltr'><strong>ante</strong></span> <span class='ocrx_word' id='word_1_923' title='bbox 3019 5643 3184 5698; x_wconf 80' lang='lat' dir='ltr'><strong>missis</strong></span> <span class='ocrx_word' id='word_1_924' title='bbox 3204 5648 3508 5717; x_wconf 56' lang='lat' dir='ltr'><strong>[trascripta</strong></span> 
     </span>
    </p>
   </div>
   <div class='ocr_carea' id='block_1_129' title="bbox 1930 5723 2071 5767">
    <p class='ocr_par' dir='ltr' id='par_1_129' title="bbox 1930 5723 2071 5767">
     <span class='ocr_line' id='line_1_129' title="bbox 1930 5723 2071 5767; baseline -0.035 0"><span class='ocrx_word' id='word_1_925' title='bbox 1930 5723 2071 5767; x_wconf 84' lang='lat' dir='ltr'><strong>sunt.</strong></span> 
     </span>
    </p>
   </div>
   <div class='ocr_carea' id='block_1_130' title="bbox 2007 5782 2334 5838">
    <p class='ocr_par' dir='ltr' id='par_1_130' title="bbox 2007 5782 2334 5838">
     <span class='ocr_line' id='line_1_130' title="bbox 2007 5782 2334 5838; baseline -0.009 1"><span class='ocrx_word' id='word_1_926' title='bbox 2007 5782 2024 5821; x_wconf 70' lang='grc' dir='ltr'><strong>ί</strong></span> <span class='ocrx_word' id='word_1_927' title='bbox 2069 5782 2334 5838; x_wconf 77' lang='lat' dir='ltr'><strong>Nestorio.</strong></span> 
     </span>
    </p>
   </div>
  </div>
