3916 6178
369 335 470 394 59.3

1256 326 1457 384 XYSTI
1499 327 1560 382 Ill
1602 325 1804 382 ΡΑΡᾸΞ
1842 325 2205 383 EPISTOLE
2247 326 2334 383 ET
2375 326 2723 382 οεειιιετι.

3531 331 3644 392 396

368 467 499 517 [ore
530 448 634 505 alia
666 446 951 504 luminaria
986 448 1306 517 preparavit
1338 446 1403 501 ad
1452 460 1638 501 eorum
1690 444 1946 501 ducatum
1976 449 2023 506 Α
2054 444 2175 499 bem
2209 454 2497 507 terrarum,
2533 452 2589 499 et
2625 443 2678 498 in
2710 443 2797 499 illa
2830 450 2982 513 parte
3014 458 3132 514 qua
3157 452 3321 508 errat.
3367 454 3420 501 et
3460 446 3511 502 in
3551 449 3643 504 illi

368 544 459 608 qui
494 542 650 595 bona:
681 539 790 594 sint
814 539 1126 603 voluntatis,
1151 548 1177 577 ⁸⁸
1216 540 1718 609 comictionemque
1746 546 1956 593 contra-

368 635 572 687 riorum
603 643 658 687 et
683 631 949 686 mendacii
980 631 1195 699 quidem
1225 630 1672 697 destructionem,
1715 629 1958 683 veritatis

369 737 546 779 autem
576 726 1066 780 conﬁrmationem.
1091 724 1241 780 Sicut
1266 727 1428 778 etiam
1459 724 1558 778 sub
1606 723 1699 777 illo
1718 722 1746 761 δ
1773 737 1957 777 amaro

371 814 655 873 Pharaone
687 818 904 873 beatum
930 817 1146 888 Moysen
1178 828 1364 871 contra
1396 818 1614 871 Jamnes
1636 826 1689 870 et
1720 816 1959 871 Mambre

374 907 441 977 (ll
474 908 606 963 Tim.
635 925 713 973 ιιι,
747 910 892 979 8),et
919 910 1059 963 sicut
1087 924 1179 976 per
1202 908 1479 964 Simonem
1498 908 1705 978 Magum
1739 907 1957 963 Petrum

374 1000 512 1055 bene
541 1002 877 1067 vincentem;
909 1001 987 1055 sic
1022 1012 1077 1055 et
1099 1010 1283 1055 centra
1312 1015 1407 1055 eos
1437 1000 1525 1068 qui
1554 1014 1698 1053 nunc
1722 998 1956 1052 insurre-

376 1099 595 1153 xerunt,
615 1091 860 1145 inimicos
886 1100 1029 1145 tuam
1055 1091 1274 1160 protulit
1303 1093 1664 1156 sanctitatem,
1687 1105 1781 1158 per
1803 1104 1960 1159 quam

378 1182 533 1235 boum
562 1183 677 1251 spei
708 1197 894 1237 sumus
916 1190 971 1235 et
1001 1198 1119 1247 nos,
1140 1181 1278 1251 quod
1299 1182 1445 1236 orbis
1477 1191 1738 1235 terrarum
1767 1180 1833 1235 ab
1858 1179 1960 1236 AS-

378 1274 595 1342 gyptior
617 1274 871 1328 liberetur
896 1289 1115 1339 errore;
1136 1274 1226 1343 qui
1258 1274 1470 1346 Moyses
1500 1288 1668 1327 novus
1699 1272 1963 1340 existens,

380 1380 594 1417 omnem
623 1365 838 1433 quidem
859 1363 1167 1435 [Egyptium
1196 1365 1508 1420 hmretieum
1540 1366 1839 1435 percuties,
1860 1366 1966 1417 sal-

381 1457 530 1511 vabis
582 1470 711 1511 vero
755 1471 969 1511 omnem
1017 1456 1317 1512 Israelitam
1369 1456 1755 1511 ortltodoxum.
1802 1456 1965 1524 lg‘tur

382 1558 571 1601 contra
605 1548 886 1601 Veritatem
919 1547 1103 1601 multis
1131 1546 1367 1601 millibus
1392 1546 1557 1617 gestis
1586 1556 1641 1599 et
1674 1546 1965 1598 mundissi-

384 1656 471 1694 ma
492 1640 834 1695 ortltodoxize
862 1636 891 1677 ἀ
931 1641 1219 1709 margarita
1245 1640 1442 1693 multas
1469 1638 1771 1706 excipiente
1801 1638 1971 1691 inimi-

384 1735 561 1797 citius,
588 1742 641 1786 et
667 1742 895 1799 quantas
942 1732 1083 1785 nulla
1113 1746 1364 1799 umquam
1414 1730 1573 1784 tradit
1605 1728 1845 1795 historia,
1900 1730 1967 1781 ab

2055 555 2175 609 qua:
2200 541 2540 610 tyrannidem
2583 541 2833 606 sustinet,
2866 556 3099 612 quaque
3128 542 3193 596 ad
3234 541 3335 597 boc
3364 541 3650 613 impugna-

2058 643 2165 693 tur.
2212 642 2271 686 ut
2310 633 2377 686 iis
2397 648 2518 703 quae
2563 647 2669 686 non
2700 634 3025 687 conveniunt
3058 647 3342 688 assensum
3383 633 3641 701 prazbeat,

2056 736 2123 776 eo
2150 722 2291 791 quod
2319 738 2417 777 nec
2444 721 2580 777 velit
2600 736 2700 777 nec
2730 722 2986 791 expedire
3012 722 3237 791 iudicet,
3267 732 3325 776 ut
3357 722 3645 793 Egyptia-

2059 827 2177 866 rum
2208 812 2565 880 capitulorum
2595 814 2772 868 varias
2799 829 2990 868 vocum
3026 814 3292 868 nevitates
3312 814 3568 884 excipiat.

2131 905 2184 959 5.
2222 905 2480 961 Scriberis
2509 905 2651 960 enim
2688 903 2925 976 Cyrillus
2966 906 3363 961 Alexandrinus
3395 907 3651 978 blasphe—

2061 1010 2202 1050 mam
2233 1011 2431 1051 vocum
2456 997 2751 1051 novitatem
2777 1011 2870 1064 per
2891 997 2974 1051 bis
2999 1011 3130 1052 sena
3162 998 3390 1067 capitula
3423 999 3620 1053 ttniver

2063 1101 2139 1142 sa:
2160 1086 2419 1142 divinitus
2451 1088 2725 1157 inspirata:
2748 1088 3041 1159 Scriptura:
3061 1089 3406 1153 contrariam,
3440 1100 3492 1146 et
3518 1106 3651 1145 ana-

2063 1177 2507 1234 thematizantem
2538 1180 2811 1249 legitimas
2840 1191 2892 1235 et
2923 1183 3171 1251 antiquas
3208 1192 3517 1236 sanctorum
3546 1181 3652 1236 Ρα-

2065 1278 2205 1324 trum
2247 1269 2586 1332 traditiones,
2636 1282 2691 1326 et
2740 1272 2974 1326 maxime
3022 1271 3239 1326 illorum
3288 1271 3379 1342 qui
3429 1275 3651 1328 excelsa

2064 1362 2279 1429 quidem
2332 1362 2532 1418 Christi
2580 1363 2850 1419 divinitati
2898 1366 3194 1430 ascribunt,
3252 1364 3470 1421 humilia
3515 1380 3654 1421 vero

2068 1450 2682 1522 Itumanitatiejusdem,
2717 1470 2977 1525 nusquam
3012 1456 3253 1511 unitione
3278 1458 3395 1525 ejus
3422 1456 3655 1511 interei-

2066 1543 2275 1609 denda;
2308 1547 2587 1614 proposuit
2627 1547 2676 1601 ei
2704 1548 2797 1617 qui
2828 1557 2960 1602 tunc
2990 1557 3231 1602 sanctam
3276 1549 3457 1603 sedem
3494 1564 3659 1618 rege-

2070 1635 2157 1688 bat
2185 1636 2363 1705 magni
2391 1636 2625 1691 nominis
2664 1637 2813 1691 urbis
2837 1646 2887 1705 ι,
2914 1638 3007 1709 qui
3036 1638 3136 1693 fuit
3166 1654 3195 1692 a
3226 1639 3488 1709 principio
3516 1655 3657 1711 pro-

2071 1725 2227 1779 batus
2246 1736 2302 1780 et
2332 1736 2491 1781 notus
2513 1728 2656 1782 circa
2686 1729 2867 1795 iidem,
2896 1731 3042 1785 circa
3070 1732 3254 1797 vitam,
3283 1732 3426 1787 circa
3448 1732 3657 1787 doctri-

388 1825 467 1877 ltis
491 1828 579 1895 qui
609 1825 797 1879 harum
832 1838 1018 1877 vocum
1062 1824 1352 1876 novitatem
1381 1832 1569 1875 contra
1596 1829 1868 1888 paternam
1901 1820 1963 1873 ιι-
2000 1817 2041 1875 Β
2072 1834 2193 1871 nam
2236 1817 2392 1873 Verbi
2420 1828 2475 1873 et
2503 1821 2646 1873 circa
2697 1821 2970 1889 universa,
3006 1822 3279 1890 Nestorio,
3313 1834 3369 1878 ιιι
3400 1835 3486 1878 aut
3512 1842 3652 1879 con-

386 1919 507 1971 dent
540 1917 889 1983 apostolicam
917 1925 940 1952 °
969 1922 1316 1983 repererunt:
1352 1922 1591 1967 nostrum
1617 1911 1833 1981 quidem
1858 1920 1964 1976 est,

387 2010 477 2075 qui
511 2010 745 2077 triplici-.8
772 2007 1205 2077 multiplicesque
1237 2006 1473 2073 patimur
1510 2012 1883 2073 tempestates,
1915 2012 1970 2058 et

392 2117 527 2173 pene
556 2101 606 2155 in
640 2099 1161 2170 piratasincidimus,
1186 2097 1251 2152 ad
1274 2112 1394 2151 eum
1422 2098 1657 2152 c'atnare
1682 2096 1771 2166 qui
1800 2111 1829 2149 a
1858 2095 1969 2150 Deo

393 2196 681 2263 productus
708 2205 791 2250 est
811 2194 1169 2265 gubernator,
1200 2207 1434 2261 eumque
1462 2206 1556 2261 pro
1600 2204 1783 2244 amore
1832 2190 1974 2244 veri-

393 2288 516 2341 tatis
545 2296 745 2357 quanta
772 2284 1028 2355 possibile
1052 2293 1132 2338 est
1162 2284 1423 2339 edocere:
1455 2292 1558 2336 tum
1586 2291 1762 2335 autem
1789 2282 1973 2351 gratia:

394 2379 780 2447 sapientia’qtte
802 2387 882 2431 est
913 2392 1017 2430 non
1048 2377 1328 2443 deSpicere
1358 2390 1529 2444 neque
1575 2375 1750 2430 otiose
1802 2384 1975 2428 trans-

395 2485 613 2525 currere
641 2468 945 2539 bttjusmodi
990 2469 1344 2538 quaestionem
1379 2476 1687 2536 tantamque
1732 2482 1973 2533 causam,

396 2561 493 2616 sed
520 2572 573 2615 et
604 2558 926 2631 perscrutari
951 2574 1069 2614 cum
1088 2560 1377 2615 dilectione
1401 2560 1523 2614 l-oni
1554 2558 1773 2626 laboris,
1801 2570 1852 2614 et
1880 2559 1976 2613 im-

398 2667 599 2720 ponere
649 2650 1080 2707 emendationem
1131 2665 1259 2705 cum
1287 2660 1395 2706 tota
1440 2652 1745 2706 constantia
1777 2661 1831 2705 et
1867 2651 1977 2704 Deo

398 2744 593 2800 dilecta
617 2744 831 2799 ﬁducia.

464 2836 520 2890 2.
558 2838 622 2891 Et
649 2836 779 2891 olim
830 2835 1098 2906 siquidem
1144 2834 1341 2904 smpitts
1368 2834 1500 2903 jam,
1542 2848 1607 2888 ex
1648 2832 1979 2889 Alexandria

402 2930 708 3000 bttjusmodi
758 2928 1026 2984 ltmreticis
1067 2928 1285 2982 zizaniis
1326 2925 1729 2996 insurgentibus
1769 2924 1982 2980 sull‘ecit

401 3034 578 3079 vestra
610 3024 904 3093 apostolica
947 3022 1105 3078 sedes
1132 3037 1227 3092 per
1260 3023 1572 3077 universum
1600 3032 1814 3091 tempus
1851 3020 1979 3074 illud

402 3112 468 3167 ad
495 3114 829 3167 mendacium
860 3113 1312 3175 convincendum,
1343 3114 1784 3182 impietatemque
1813 3112 1983 3183 repri-

2071 1908 2299 1964 sentiret
2347 1911 2603 1979 capitulis
2649 1913 2787 1979 ejus,
2834 1923 2997 1984 atque
3042 1915 3417 1971 subscriberet
3458 1932 3541 1981 ea,
3596 1926 3664 1970 et

2075 2010 2414 2069 permaneret
2457 2002 2780 2073 episcopus,
2823 2012 2917 2058 aut
2966 2013 3117 2061 certe
3162 2007 3555 2076 periclitaretur
3596 2009 3660 2062 in

2073 2094 2259 2164 gradu,
2299 2106 2352 2151 et
2397 2111 2427 2149 a
2458 2106 2641 2151 sancta
2689 2098 2926 2152 Ecclesia
2968 2099 3282 2169 pelleretur.
3318 2100 3407 2155 Ille
3445 2112 3655 2167 autem,

2075 2186 2433 2257 propositioni
2473 2202 2701 2256 nequam
2742 2187 2838 2242 Dei
2880 2190 3073 2245 timore
3109 2193 3351 2259 praelato,
3384 2190 3526 2260 eligit
3559 2206 3667 2259 pis-

2078 2279 2182 2335 tius
2207 2281 2389 2334 multis
2422 2280 2659 2335 millibus
2696 2280 2949 2350 periculis
2982 2282 3082 2335 sibi
3127 2281 3323 2351 injuste
3365 2282 3668 2337 inferendis

2077 2374 2296 2428 tradere
2344 2375 2715 2442 semetipsum.
2745 2390 2905 2443 quam
2945 2374 3087 2429 dolis
3118 2374 3388 2430 haereticis
3417 2376 3670 2444 pra-bere

2077 2479 2427 2529 consensum,
2461 2475 2515 2521 et
2536 2464 2855 2519 conﬁrmare
2882 2466 3044 2519 totius
3072 2466 3223 2521 orbis
3251 2481 3512 2522 errorem.

2150 2560 2205 2610 4.
2252 2555 2334 2610 Ad
2384 2556 2499 2610 haec
2541 2556 2781 2627 synodus
2819 2557 3075 2611 convenit
3120 2558 3174 2611 in
3214 2557 3449 2625 Epheso,
3495 2567 3553 2612 et
3607 2559 3667 2613 in

2081 2647 2228 2701 nullo
2249 2656 2555 2716 correptus,
2599 2661 2772 2715 neque
2802 2646 3066 2701 rationem
3103 2647 3331 2703 reddere
3363 2651 3665 2718 expetitus,

2078 2749 2365 2809 antequam
2398 2738 2751 2795 convenirent
2771 2740 2861 2808 qui
2892 2737 2921 2775 ³³
2950 2742 3369 2797 sustinebantur
3395 2742 3669 2811 universi,

2081 2840 2306 2886 exactus
2336 2842 2418 2887 est
2450 2832 2734 2898 ultionem,
2762 2832 2889 2886 dum
2916 2833 3128 2887 illorum
3158 2834 3517 2903 capitulorum
3546 2835 3673 2886 bla-

2081 2925 2344 2995 sphemia:
2380 2926 2704 2993 obviaverit,
2736 2934 2791 2982 et
2818 2927 2967 2980 omni
2999 2927 3322 2983 credulitate
3347 2927 3395 2982 ei
3428 2944 3545 2997 quae
3574 2929 3674 2981 di-

2082 3021 2224 3074 citur
2265 3019 2598 3073 damnationi
2647 3028 2700 3072 et
2747 3018 2868 3074 aliis
2913 3018 3186 3089 aliquibus
3232 3019 3508 3088 subjectus
3555 3030 3670 3087 est,

2083 3110 2209 3165 dum
2237 3120 2391 3166 certe
2411 3110 2651 3181 Cyrillus
2669 3112 3048 3166 auctoritatem
3067 3111 3268 3181 judicis
3287 3127 3393 3166 non
3417 3110 3674 3178 haberet,

402 3204 675 3267 mendam,
724 3212 777 3257 et
804 3204 1120 3272 corrigenda
1160 3219 1277 3273 qua:
1306 3206 1671 3259 necessarium
1706 3203 1829 3269 fuit,
1860 3221 1981 3259 mu-
2012 3187 2057 3249 C
2088 3202 2181 3258 sed
2211 3203 2329 3270 ejus
2372 3203 2462 3272 qui
2486 3202 2810 3271 judicandus
2838 3212 2919 3257 est
2954 3202 3225 3273 ordinem,
3273 3218 3341 3258 eo
3365 3202 3507 3273 quod
3538 3218 3678 3258 con-

404 3295 769 3364 nieudumque
810 3295 995 3350 orbem
1042 3306 1310 3350 terrarum
1360 3295 1428 3349 ad
1470 3296 1698 3365 gloriam
1758 3297 1982 3361 Christi,

406 3397 510 3439 tam
545 3388 647 3441 sub
680 3387 775 3441 illo
802 3396 883 3441 ter
907 3387 1066 3441 beato
1098 3394 1152 3441 et
1183 3386 1327 3441 inter
1352 3398 1570 3442 sanctos
1598 3387 1841 3443 habendo
1870 3391 1987 3459 cpi-

405 3478 612 3548 scopoI
656 3479 913 3545 Damaso,
947 3493 1104 3548 quam
1154 3478 1254 3532 sub
1296 3477 1537 3546 pluribus
1583 3479 1704 3533 aliis
1736 3479 1985 3549 gloriosis

405 3583 566 3640 atque
591 3570 1019 3626 admirabilibus.
1065 3571 1229 3640 Cujus
1268 3573 1342 3625 rei
1375 3572 1546 3641 gratia
1577 3580 1635 3625 et
1660 3586 1758 3627 nos
1784 3589 1985 3641 prmsu-

409 3664 605 3718 mimus
648 3663 745 3717 bas
773 3662 1193 3732 supplicationes
1220 3660 1414 3717 otferre
1446 3680 1459 3716 :
1497 3672 1553 3716 ut
1585 3664 1855 3733 adjuvetis
1898 3681 1986 3720 ιιι·-

409 3826 559 3894 jussu
595 3826 905 3895 pelleretur.
935 3824 1030 3880 Hic
1068 3824 1242 3880 obiter
1271 3824 1534 3878 notandus
1577 3824 1831 3878 Ecclesia:
1864 3837 1980 3878 mus

410 3898 679 3965 antiquus,
711 3913 816 3966 quo
846 3911 1035 3951 recens
1068 3896 1301 3966 instituti
1331 3896 1567 3964 episc0pi
1600 3909 1819 3966 nomen,
1850 3910 1978 3966 syn-

412 3964 581 4022 otlieis
606 3964 1033 4035 ejus‘suceptis.
1064 3965 1119 4020 in
1167 3965 1561 4019 communionis
1606 3964 1861 4035 indicium
1884 3964 1982 4019 ’di-

416 4038 624 4109 pzychis
655 4037 876 4109 inscribi
900 4034 1252 4109 solebatJloe
1284 4034 1750 4109 p:tcto__Bassian_tt_-.
1781 4035 1980 4109 Epltesi

415 4104 699 4174 episcopus
739 4110 790 4161 itt
821 4105 1247 4161 Cbaleedonensi
1278 4106 1504 4159 concilio
1533 4115 1638 4158 aet.
1675 4104 1732 4159 ll
1770 4120 1822 4174 p.
1854 4106 1981 4167 693.

416 4195 537 4231 eum
560 4179 750 4232 Proclo
773 4178 1197 4230 communicasse
1219 4189 1278 4229 se
1305 4174 1639 4241 approbavit.
1658 4175 1985 4231 testantibus

422 4249 675 4304 Ecclesia:
705 4248 808 4303 (ΣΡ.
838 4246 1048 4301 clericis
1070 4290 1084 4313 ,
1114 4245 1255 4314 quod
1295 4260 1467 4297 mera
1510 4246 1731 4314 suscepit
1776 4262 1912 4309 eum,
1941 4257 1989 4299 et

418 4319 809 4373 communicauit
834 4318 880 4372 ei
906 4317 1077 4387 beata,
1092 4314 1351 4368 memoria:
1380 4314 1616 4376 Proetus,
1642 4324 1689 4366 tt
1718 4317 1837 4384 fecit
1862 4334 1985 4387 syn-

419 4391 593 4444 oaicas
623 4391 840 4453 litteras,
866 4397 913 4441 et
942 4393 994 4440 in
1026 4385 1417 4459 diptycltiseum
1441 4387 1630 4459 posuit.

494 4472 520 4499 ι
555 4462 663 4516 lloc
687 4471 788 4524 est,
813 4460 877 4512 ad
904 4474 997 4513 eos
1021 4456 1374 4513 ret'iitcendos
1391 4473 1477 4526 qui
1509 4456 1812 4512 hominibus
1833 4457 1990 4514 bona:

424 4534 712 4587 vtiluntatis
736 4532 1103 4584 adversantur.

2088 3300 2169 3346 tra
2196 3292 2423 3348 invicem
2449 3292 2718 3347 moverint
2744 3294 3091 3363 qumsliones.
3127 3295 3191 3349 Et
3218 3304 3340 3350 erat
3370 3294 3678 3365 praesidens

2091 3400 2218 3440 reus
2272 3396 2327 3441 et
2361 3384 2374 3423 ί
2409 3388 2704 3441 sententiat
2763 3389 3058 3456 princeps,
3109 3388 3253 3458 quii
3299 3388 3681 3444 sustinebatur

2092 3479 2273 3533 multis
2304 3479 2588 3534 sententiis
2618 3479 3032 3549 supponendus.

2163 3572 2215 3626 5.
2247 3570 2341 3626 llis
2365 3572 2555 3643 gestis,
2588 3572 2709 3627 aliis
2756 3573 2978 3643 quidem
3013 3582 3202 3627 cuneta
3236 3588 3356 3642 qua:
3392 3582 3514 3627 acta
3545 3583 3678 3627 sunt

2092 3665 2341 3736 lacrymis
2381 3665 2565 3737 digna,
2610 3667 2731 3723 aliis
2760 3681 2891 3723 vero
2938 3668 3162 3723 ridicula
3204 3667 3570 3735 videbantur;
3602 3668 3676 3722 ita

2086 3826 2348 3899 Quocirca
2388 3828 2761 3883 Theodoretus
2800 3830 2893 3884 lib.
2939 3846 2970 3882 v
3003 3830 3138 3885 Hist.
3172 3845 3290 3899 cap.
3327 3831 3362 3884 5
3390 3830 3671 3886 Meletium

2089 3898 2427 3966 Apollinario
2453 3901 2543 3965 qui
2571 3916 2694 3954 eum
2724 3900 2954 3953 Damaso
2991 3898 3392 3955 communicare
3422 3918 3481 3955 se
3510 3904 3676 3969 jacu-

2088 3970 2254 4033 taliat,
2283 3969 2490 4025 dixisse
2521 3980 2746 4023 testator
2771 3989 2783 4023 :
2815 3971 2977 4024 Miror
3005 3983 3071 4036 te,
3110 3990 3139 4025 ο
3168 3974 3349 4033 amice,
3374 3983 3475 4024 tam
3503 3978 3677 4036 impu-

2088 4039 2262 4092 denter
2306 4057 2587 4111 repugnare
2613 4042 2833 4103 ueritati,
2865 4043 3019 4111 idque
3057 4059 3173 4095 cum
3216 4043 3371 4111 probe
3392 4044 3530 4097 scias
3562 4039 3676 4096 Da-

2089 4125 2286 4162 masum
2335 4128 2557 4164 asserere
2600 4113 2877 4182 per-fectum
2928 4113 3182 4166 hominem
3229 4129 3261 4165 ιι
3317 4114 3422 4166 Deo
3468 4130 3675 4167 assum-

2091 4189 2255 4249 ptum,
2287 4190 2334 4233 te
2358 4183 2672 4235 contrarium
2700 4182 2951 4251 afﬁrmare
2989 4200 3088 4235 non
3116 4198 3408 4238 cessare....
3455 4183 3605 4247 Quod
3630 4188 3675 4238 si

2093 4250 2228 4320 falsa
2254 4260 2373 4305 sunt
2401 4268 2514 4320 quae
2534 4250 2779 4318 dicimus,
2810 4270 2944 4305 nunc
2964 4254 3143 4306 saltem
3172 4254 3407 4307 renuntia
3435 4257 3670 4319 novitati,

2092 4331 2139 4393 et
2162 4318 2373 4375 Damasi
2386 4318 2682 4393 doctrinam
2706 4322 3032 4393 amplectere.
3063 4325 3197 4377 Tum
3218 4326 3299 4377 bis
3329 4324 3477 4377 addit
3497 4318 3677 4379 Then-

2093 4389 2338 4463 duretus,
2374 4390 2457 4446 Ex
2480 4397 2573 4445 hac
2595 4389 2955 4463 (Apollinarii)
2990 4396 3166 4447 radire
3198 4394 3466 4463 pulluluuit
3490 4396 3544 4447 in
3578 4393 3674 4448 Ec-

2093 4462 2261 4515 clesiis
2287 4463 2461 4530 opinio
2490 4464 2606 4525 illa,
2648 4480 2802 4516 uittam
2832 4462 2943 4517 esse
2966 4478 3205 4518 natumut
3229 4468 3397 4516 carnis
3434 4476 3479 4516 et
3508 4466 3675 4519 deita-

2094 4531 2180 4603 tis.
2214 4543 2262 4585 et
2286 4534 2403 4603 illa
2447 4549 2563 4598 qua:
2605 4533 2868 4603 Unigeniti
2906 4536 3165 4588 divinitati
3195 4536 3483 4603 passionem
3522 4542 3676 4588 σου-ι·-

495 4603 520 4641 ι»
552 4603 733 4683 Lupus
760 4615 934 4653 amore
956 4600 1012 4683 in
1038 4595 1653 4693 nreltetypoioll'eudiss'e.
1674 4614 1987 4693 sc'prznmo:
2020 4636 2071 4693 Ι)
2095 4602 2221 4683 ltuit.
2270 4595 2478 4685 Quibus
2524 4595 2731 4693 verbis"
2735 4614 2940 4693 1notare
2987 4605 3145 4693 forte.
3172 4595 3349 4693 voluit
3383 4602 3672 4673 Cyrillum.

426 4688 578 4737 κρηῃ,
628 4669 678 4726 in
712 4682 858 4725 ιριιιι
904 4672 1112 4739 majori:
1130 4670 1383 4739 exhibet,
1411 4670 1561 4739 quasi
1602 4669 1687 4722 ltic
1728 4670 1988 4725 Pharaoni

423 4736 767 4810 comparatus
816 4736 1050 4806 Cyrillits
1080 4736 1288 4810 Pharao
1316 4738 1486 4789 minor
1514 4738 1772 4793 dicendus
1802 4742 1990 4794 innua-

426 4826 532 4869 tur.
554 4807 660 4869 Sed
685 4825 857 4881 neque
880 4810 931 4864 in
954 4810 1051 4861 Irae
1071 4807 1383 4881 conjectura
1410 4818 1579 4872 stans,
1615 4810 1751 4864 forte
1774 4812 1987 4873 Acliori,

427 4899 531 4951 quo
581 4878 796 4937 nomine
838 4878 1556 4951 Pltaraonemllcbrmorttm
1590 4892 1987 4948 persecutorem

426 4948 719 5009 ,ίεωικιυεη
751 4952 1005 5021 quosdam
1045 4948 1366 5015 appellatum
1386 4951 1491 5021 ait,
1523 4966 1619 5021 pro
1664 4968 1837 5004 amore
1871 4954 1992 5004 sub—

428 5020 1050 5089 stituettdttmopinatur.
1084 5021 1252 5087 Ipsam
1286 5020 1563 5089 archetypi
1588 5022 1871 5076 lectionem
1900 5021 1993 5076 Βι-

432 5097 621 5155 luzins.
664 5093 886 5149 etiamsi
909 5092 1054 5145 omni
1099 5104 1260 5145 sensu
1285 5088 1593 5143 destitutam
1623 5088 1871 5151 fateatur.
1903 5109 1987 5143 re-

427 5170 665 5222 vocavit.
687 5167 1000 5234 Simplicior
1015 5180 1077 5219 ac
1098 5164 1231 5219 nulli
1245 5161 1423 5217 errori
1445 5157 1681 5214 obnoxia
1695 5164 2000 5211 estnostra.

501 5238 634 5293 Scil.
667 5237 888 5307 Cyrillo.

498 5308 526 5348 ἀ
550 5309 605 5363 ιιι
638 5306 741 5369 est,
768 5306 1032 5362 Nestori'o.

505 5390 530 5420 ο
562 5378 723 5445 Apud
747 5378 982 5447 Lupum.
1018 5385 1349 5448 pepererunt.
1383 5372 1571 5444 Cyrilli
1599 5372 1667 5427 12
1692 5371 2009 5428 anathema-

2094 4671 2204 4795 ‘BL‘:
2232 4674 2368 4798 35‘s.?-
2388 4674 3057 4798 θειῖῗιῒτα¹ηῗ¹ἓηῗῖἳῗιῖ¹ἒῗιὲἒ¹¹
3077 4671 3674 4811 ἆῗοὲρέἳίδίῖ.’.ιξίξςῖἶζὶξ²ἁῗ

2093 4813 2403 4884 opinionem
2454 4814 2824 4871 'l'heodoretus
2865 4829 2927 4869 ac
2969 4817 3101 4870 socii
3135 4814 3272 4869 falso
3316 4814 3674 4884 attingebant.

2096 4882 2251 4937 Unde
2278 4885 2562 4939 Damasum
2606 4900 2711 4938 tum
2741 4886 2927 4950 modo,
2951 4896 3010 4940 ut
3045 4886 3224 4952 Lupus
3255 4882 3671 4954 interpretatur,

2096 4965 2314 5025 propter
2341 4956 2559 5010 Lucium
2604 4956 2856 5009 Arianum
2897 4957 3232 5025 episcopum,
3267 4965 3359 5012 aut
3383 4954 3672 5011 Maximum

2092 5024 2349 5094 Cynicum
2379 5026 2537 5079 abeo
2565 5026 2869 5090 damnatos,
2921 5024 3016 5080 sed
3064 5030 3224 5081 etiam
3275 5026 3512 5079 maxime
3553 5043 3673 5093 pro-

2101 5106 2218 5156 pter
2251 5096 2570 5163 Apollinarii
2606 5110 2819 5150 errores
2847 5097 2915 5149 ab
2943 5097 3133 5150 eodem
3164 5098 3323 5166 epist.
3358 5095 3391 5147 5
3419 5098 3487 5149 ad
3534 5098 3671 5151 Pau-

2101 5165 2269 5219 linum
2340 5168 2716 5236 proscriptos,
2784 5166 2871 5221 hic
2930 5178 3412 5223 commemoratum
3473 5168 3672 5223 intelli-

2098 5251 2225 5305 gere
2246 5244 2366 5305 est.

2172 5315 2197 5353 s
2224 5304 2849 5372 Constantinopolitanae.

2179 5372 2206 5413 λ
2230 5376 2479 5432 Gracum
2532 5378 2751 5431 verbum
2791 5378 2983 5431 Latino
3024 5379 3467 5445 exspectabantur.
3496 5381 3669 5446 aptius

436 5448 585 5504 tis-ii
612 5452 699 5505 hic
726 5446 1026 5505 taxatttur.‘
2104 5446 2373 5503 redditum
2412 5458 2575 5502 esset.
2610 5448 2685 5501 De
2724 5446 2929 5501 Joanne
2960 5450 3296 5502 Antioclteno
3336 5458 3392 5503 et
3426 5450 3549 5503 aliis
3578 5453 3665 5509 nui

513 5518 532 5559 ί
561 5520 697 5574 Cum
730 5536 1047 5590 nuncupare
1063 5520 1269 5577 Iulium
1302 5515 1741 5590 potuissent,_qui
1772 5515 2012 5590 Atltana-
2096 5533 2216 5590 eum
2247 5534 2313 5572 eo
2338 5529 2515 5590 erant,
2545 5517 2648 5590 hoc
2674 5518 2872 5590 dictum
2904 5531 3025 5572 esse
3055 5516 3212 5573 facile
3241 5520 3468 5587 quisque
3498 5521 3664 5574 videt.

440 5592 506 5642 sii
534 5592 600 5643 ad
631 5608 688 5646 se
709 5583 1077 5660 contugientis
1097 5583 1343 5655 causam,
1364 5591 1538 5660 donec
1562 5588 1679 5641 sedi
1700 5583 2013 5660 Sttmresti-
2092 5587 2196 5641 Sed
2232 5598 2393 5641 antea
2431 5588 2711 5644 Nestorius
2742 5588 2875 5643 [also
2918 5599 3145 5658 negatur
3188 5583 3432 5644 rationein
3459 5591 3668 5647 reddere

444 5672 711 5725 tueretur,
747 5658 1091 5733 propugnare
1108 5679 1215 5717 non
1230 5663 1476 5723 destitit;
1516 5658 1879 5733 Itantztsnnrin
1906 5668 2016 5705 tne-
2092 5660 2369 5733 expetitus.

443 5734 594 5785 dium
616 5726 863 5799 proferre
883 5726 1215 5790 ιιιῖιιυυτιιιιι.
1242 5749 1293 5785 ιιι
1315 5734 1405 5800 qui
1428 5730 1752 5798 Apotlinarii
1794 5727 1976 5800 dannt:

2170 5728 2185 5800 ξ
2219 5726 2402 5800 Forte,
2432 5729 2787 5800 sententiain".

448 5796 1017 5871 tethﬁresinnqnunt
1060 5796 1707 5873 aCyrilloinstduratam
1737 5796 2018 5862 volebant,
2167 5798 2181 5847 ι
2232 5798 2465 5855 Rursum
2515 5800 2600 5853 hic
2658 5798 3048 5867 praeferendum
3099 5800 3289 5857 luisset
3334 5802 3663 5865 exspectaba-
