3916 6178
292 370 396 425 597

736 369 950 425 EPIST.
991 368 1078 424 IV.
1123 365 1446 424 EUTHERII
1485 364 1876 422 TYANENSIS
1917 364 2155 432 EPISC.,
2199 366 2376 435 ETC.,
2421 367 2512 424 AD
2552 368 2836 426 XYSTL’M
2876 371 3131 430 PAPAM.

3449 379 3596 436 39s-

290 491 351 536 at
377 490 432 535 et
473 481 566 536 ille
603 480 691 550 qui
719 479 1110 534 Antiochenam
1157 479 1377 534 tenebat
1409 478 1709 532 Ecclesiam
1743 477 1858 540 Dei,
1894 480 1940 539 Α
1969 487 2129 547 atque
2161 479 2452 534 concilium
2476 523 2490 548 ,
2543 491 2596 536 et
2621 483 2764 552 quod
2807 485 3058 540 omnibus
3101 486 3415 555 placuisset,
3450 505 3555 545 una

287 586 410 643 post
446 575 560 629 huic
589 575 835 636 veniens.
873 572 1130 645 Cyrillum
1171 573 1388 642 quidem
1429 581 1486 628 et
1525 573 1866 628 Memnonem

282 667 622 721 damnationi
651 666 950 733 subjiceret
991 667 1265 718 communi
1291 673 1316 702 ι
1343 665 1567 719 decreto
1596 665 1704 718 Deo
1735 666 1865 717 antio

280 760 627 814 cissimorum
674 757 1248 826 sanctissimorumque
1285 758 1661 826 episcoporum
1695 772 1867 826 usque

278 853 350 906 ad
381 851 572 921 viginti
593 851 824 905 duorum
849 850 1410 918 metrOpolitanorum,
1433 856 1867 916 creterorumque

277 945 372 1013 qui
405 945 607 1013 pariter
636 944 883 1008 aderant,
912 942 1003 1011 qui
1035 941 1162 995 illos
1193 941 1468 995 ltrereseos
1493 955 1556 994 ac
1583 939 1866 994 seditionis

277 1037 560 1105 principes
606 1036 922 1104 judicarunt
969 1045 1026 1088 et
1063 1033 1558 1087 ecclesiasticarum
1587 1031 1613 1070 δ
1636 1032 1864 1087 ramulos

271 1129 654 1192 sanctionum;
698 1136 928 1181 caeteros
953 1141 1082 1180 vero
1109 1124 1199 1194 qtti
1241 1124 1325 1179 eis
1369 1123 1437 1178 ad
1465 1123 1644 1178 omnia
1676 1123 1864 1179 incon-

269 1235 415 1289 grua
443 1221 736 1289 complims
769 1219 1116 1281 exstiterant,
1149 1216 1356 1270 alienos
1405 1230 1434 1270 a
1477 1216 1862 1269 communione

271 1315 547 1368 fecerunt.
591 1312 698 1367 Sed
731 1312 808 1364 illi
841 1311 1042 1381 egregii
1075 1319 1266 1364 contra
1297 1311 1582 1364 veritatem
1617 1308 1776 1363 simul
1806 1319 1861 1364 et

268 1405 493 1472 regulas
529 1403 885 1470 sibimetipsis
934 1401 1322 1469 indulgentiam
1361 1399 1696 1467 relaxantes,
1750 1409 1859 1454 ter-

266 1496 511 1548 ribilium
563 1493 940 1564 mysteriorum
997 1491 1439 1546 communionem
1497 1491 1860 1546 irreverenter

265 1587 378 1639 sibi
409 1586 662 1639 continuo
691 1593 1181 1654 praesurnpserunl;
1224 1583 1359 1636 alios
1391 1597 1519 1637 vero
1555 1585 1858 1637 communi-

262 1695 399 1734 care
430 1680 529 1733 sibi
562 1679 862 1748 periculose
893 1677 1137 1732 fecerttnt
1169 1695 1182 1730 :
1212 1677 1286 1730 ita
1325 1685 1383 1730 ut
1429 1689 1620 1731 omnes
1659 1674 1858 1731 divina:

263 1772 476 1841 regulae
505 1781 527 1809 ε
556 1771 778 1825 decreto
804 1769 1140 1839 subiaceant,
1164 1781 1286 1838 quae
1313 1781 1409 1823 eos
1435 1769 1526 1837 qui
1558 1768 1630 1821 ita
1663 1777 1854 1838 regunt

258 1866 498 1919 omnino
531 1863 870 1931 perdamnat.

343 1959 399 2011 6.
444 1956 567 2011 Haec
597 1955 883 2010 addiscens
931 1956 1042 2010 Deo
1075 1955 1436 2009 amicissimus
1464 1963 1522 2009 et
1563 1955 1737 2008 bonus
1773 1955 1854 2008 vi-

254 2063 389 2106 etor
420 2051 692 2121 princeps,
742 2049 998 2104 continuo
1041 2044 1334 2104 definivitd
1365 2062 1561 2102 vacare
1602 2062 1723 2116 quae
1771 2046 1852 2102 sic

253 2142 577 2197 inordinate
605 2141 1166 2210 inconsequenterque
1187 2147 1312 2194 sunt
1339 2147 1491 2209 gesta
1515 2147 1704 2193 contra
1727 2151 1849 2192 eum

252 2237 355 2304 qui
406 2237 458 2288 itt
493 2235 642 2287 nullo
668 2233 951 2288 convicms
979 2242 1082 2298 est,
1122 2231 1354 2300 abrupte
1385 2247 1516 2286 vero
1561 2241 1616 2285 et
1647 2230 1850 2284 furiOse

251 2327 541 2391 addictus;
573 2327 753 2379 denuo
800 2334 980 2378 autem
1028 2323 1096 2378 de
1136 2323 1390 2392 dogmate
1433 2336 1555 2374 cum
1605 2319 1849 2374 veritatis

253 2433 450 2472 amore
483 2417 595 2471 lieri
627 2399 982 2486 qtttestionem
1025 2429 1118 2481 per
1155 2413 1636 2484 interrogationem
1678 2423 1732 2467 et
1763 2429 1847 2469 re-

251 2512 615 2579 sponsionem
647 2519 701 2564 et
723 2509 1266 2573 demonstrationem,
1292 2522 1413 2577 quae
1442 2506 1699 2562 omnibus
1723 2521 1846 2561 sua-

252 2603 436 2666 deret,
476 2615 581 2654 non
608 2616 728 2669 qua:
756 2600 1076 2654 auctoritate
1121 2599 1402 2668 tyrannica
1437 2601 1747 2666 imperaret.

331 2692 386 2746 7.
427 2690 510 2745 illi
555 2706 681 2746 vero
728 2691 791 2745 ad
839 2690 1162 2745 solutionem
1209 2703 1477 2742 canonum
1531 2689 1582 2743 id
1625 2705 1843 2758 quoque

256 2787 598 2856 adjecerunt,
630 2796 689 2840 ut
720 2801 818 2840 nec
845 2785 930 2840 his
963 2785 1062 2854 piis
1089 2785 1282 2839 litteris
1314 2784 1629 2840 obedirent.
1667 2784 1734 2839 Et
1762 2785 1843 2840 ni-

260 2879 333 2933 bil
367 2878 434 2932 de
468 2879 572 2933 title
601 2879 781 2932 dicere
811 2878 895 2932 vel
926 2877 1111 2931 audire
1152 2877 1562 2946 acquiesccutes
1590 2875 1836 2940 ulterius,

257 2972 324 3024 ad
357 2971 528 3025 solam
565 2984 622 3025 se
673 2969 908 3024 universi
948 2968 1302 3038 pertinaciam
1344 2969 1710 3024 contulerunt.
1756 2969 1838 3024 Ad

256 3079 581 3118 Cnltsell‘llm
602 3071 888 3131 coeperunt
907 3063 1106 3116 habere
1134 3062 1305 3131 iniqui
1328 3061 1537 3132 judicii,
1560 3062 1697 3118 alios
1718 3064 1835 3134 qui-

255 3155 379 3210 dem
412 3155 618 3221 fraude,
652 3155 788 3208 alios
819 3155 1095 3222 violentia,
1125 3156 1261 3209 alios
1291 3154 1549 3224 prremiis.

324 3250 381 3303 8.
412 3248 808 3318 Constupentes
836 3264 1000 3316 super
1039 3249 1124 3302 his
1156 3263 1276 3312 nos.
1313 3265 1409 3319 per
1441 3251 1668 3305 multum
1700 3260 1833 3306 tem-
1862 3226 1907 3288 C
1940 3212 2012 3266 hu

253 3356 353 3408 pus
399 3341 759 3408 rogabamus,
809 3341 1232 3406 obtestabantur,
1277 3356 1397 3396 cum
1439 3345 1584 3396 omni
1639 3343 1832 3400 fiducia

253 3432 704 3499 provocabamus,
731 3440 789 3486 ut
817 3433 948 3485 nihil
977 3433 1423 3488 irrationabiliter
1455 3433 1608 3489 fieret
1629 3445 1722 3488 aut
1753 3445 1832 3490 te-

251 3535 507 3587 ncretur;
537 3522 632 3576 sed
661 3522 728 3576 de
754 3523 1053 3592 quaestione
1091 3523 1313 3593 quidem
1343 3523 1652 3592 tlugmatum
1681 3534 1736 3580 et
1762 3527 1830 3584 de

249 3615 440 3686 Cyrilli
477 3615 732 3685 capitulis
778 3616 1081 3670 communis
1130 3626 1524 3687 proponeretur
1568 3625 1828 3677 tractatus

251 3802 369 3862 tur,
411 3802 510 3846 noc
537 3801 641 3855 est,
673 3793 740 3846 de
785 3809 892 3861 quo
921 3795 1369 3862 exspectabamus
1399 3795 1512 3852 fore
1555 3807 1612 3852 ut
1645 3800 1833 3855 multi-

251 3861 374 3929 μιᾶς-ἰ
423 3865 706 3940 sententize
747 3861 1110 3940 subjiciendus
1157 3877 1302 3921 esset
1340 3876 1400 3921 ut
1452 3883 1600 3937 reus,
1643 3870 1688 3924 is
1714 3873 1830 3940 ipse

249 3936 572 3987 sententiam
601 3936 733 3988 dicit
760 3943 818 3988 ut
841 3935 1026 4003 judex.

322 4033 346 4058 ⁸
374 4024 656 4077 Decretum
689 4028 933 4099 haecum
966 4027 1035 4079 45
1061 4027 1436 4099 episcoporum
1467 4029 1826 4099 subscriptio-

250 4094 612 4169 rtibusexstat
646 4099 696 4148 itt
723 4097 992 4165 Ephesino
1013 4094 1391 4151 eottciliabulo.
1425 4099 1555 4153 Lah.
1579 4094 1708 4154 tont'.
1735 4103 1822 4169 Ill,

250 4180 373 4234 pag.
416 4166 542 4220 598.
569 4166 689 4219 Mox
721 4169 1179 4236 fortclegcrtdum,
1215 4179 1368 4240 atque
1390 4166 1824 4239 vigintiduorum.

323 4256 348 4293 δ
377 4257 486 4315 Hoc
514 4269 617 4322 est,
650 4258 987 4312 adversarios.
1038 4261 1266 4314 Eosdem
1311 4264 1362 4316 in
1401 4263 1622 4318 decreto
1668 4266 1829 4319 modo

248 4330 414 4403 citato
444 4330 520 4382 sic
547 4332 904 4396 compellant:
932 4330 1032 4397 Tu,
1065 4330 1261 4402 Cyrille
1287 4335 1655 4390 Alexandrina.
1675 4347 1722 4387 et
1749 4346 1825 4403 tu,

250 4398 494 4451 Memnon
543 4403 696 4481 hujus
742 4403 957 4481 civitatis
984 4398 1255 4481 episcopi,
1301 4407 1481 4458 scitote
1510 4421 1597 4458 vos
1626 4398 1827 4475 ἀεροεὶὲ

247 4479 420 4522 tos....
449 4481 502 4522 ut
529 4472 613 4540 qui
645 4473 695 4524 in
731 4489 887 4524 causa
918 4473 1084 4542 fuistis
1117 4485 1169 4524 ut
1199 4472 1416 4528 Patrum
1456 4472 1828 4530 canonesron-

246 4543 596 4610 cnlrarentur,
635 4554 678 4594 et
717 4544 1079 4610 imperatorum
1116 4542 1320 4598 decreta
1362 4558 1822 4600 contemnerentur.

1973 571 2242 626 sententia
2277 571 2618 640 firmaretur;
2662 575 2730 629 de
2767 591 2832 630 eo
2861 587 2885 613 θ
2911 591 3039 632 vero
3087 580 3177 648 qui
3213 581 3554 649 tyrannidem

1970 660 2051 715 sic
2087 671 2274 730 aperte
2315 665 2632 732 pertulerat,
2671 666 2933 737 judicium
2980 684 3150 726 verax
3197 673 3352 728 fieret
3391 686 3555 741 atque

1972 751 2298 822 legitimum;
2331 767 2389 810 ut
2420 758 2700 813 convictus
2729 759 2947 828 quidem
2969 762 3039 816 de
3075 763 3430 834 corruptione
3459 781 3554 821 ve-

1970 847 2160 914 ritatis,
2191 849 2642 921 adjudicationem
2665 867 2905 910 consone
2939 856 3236 912 sustineret
3275 858 3343 913 ab
3371 860 3550 915 omni-

1969 937 2097 994 bus:
2130 940 2174 993 si
2207 955 2341 996 vcro
2370 957 2436 996 ex
2461 951 2573 996 toto
2613 944 2863 999 innoxius
2891 945 3227 1014 probaretur,
3261 947 3314 1002 itt
3347 949 3548 1018 scripto

1966 1027 2244 1084 abdicaret
2269 1031 2360 1085 illa
2386 1033 2662 1086 nobiseum
2688 1048 3042 1104 quaecumque
3069 1036 3402 1107 incongrua!
3427 1041 3548 1108 qui-

1966 1121 2088 1176 dam
2111 1124 2197 1178 vel
2224 1123 2343 1194 ejus
2372 1139 2615 1194 personae
2641 1125 2725 1181 vel
2757 1141 2825 1181 ex
2861 1127 3092 1183 aliorum
3122 1130 3342 1185 nomine
3368 1146 3432 1186 ex
3456 1146 3546 1188 stt-

1965 1218 2207 1286 spicione
2232 1227 2324 1272 aut
2357 1220 2705 1274 accusatione
2733 1218 3087 1288 jactaverant.

2035 1307 2088 1361 9.
2120 1307 2226 1364 Sed
2268 1308 2368 1363 ista
2399 1308 2614 1378 quidem
2658 1309 3018 1379 displicebant
3067 1312 3131 1366 iis
3168 1313 3259 1383 qui
3309 1328 3380 1368 es
3429 1315 3544 1368 sola

1963 1402 2286 1480 auctoritate
2315 1402 2632 1469 ‘devincere,
2680 1419 2786 1458 non
2827 1414 3006 1458 autem
3056 1405 3142 1459 vel
3191 1406 3423 1462 suadere
3455 1409 3540 1462 vel

1960 1493 2178 1547 suaderi
2229 1493 2502 1548 volebant.
2553 1495 2946 1564 Praecipicbant
2999 1512 3128 1550 vero
3174 1498 3439 1553 universis
3484 1509 3544 1552 ut

1960 1582 2184 1652 abrupte
2212 1583 2732 1640 anathentatizarent
2766 1595 2821 1640 et
2865 1587 3194 1642 damnationi
3233 1591 3542 1644 subscribe-

1960 1684 2100 1728 rettt.
2141 1674 2480 1743 Quicnmque
2519 1684 2698 1730 autem
2747 1692 2806 1732 se
2848 1678 3125 1747 integriori
3158 1680 3538 1735 deliberationi

1959 1775 2248 1831 servasset,
2285 1768 2662 1834 damnabatur,
2695 1776 2721 1816 8
2747 1769 3101 1825 ordinabatur
3131 1771 3199 1824 ab
3228 1771 3328 1836 eis,
3370 1773 3538 1842 subji-

1885 1861 1930 1920 B
1957 1859 2197 1913 ciebatur
2224 1859 2529 1926 calumniis,
2564 1861 2719 1915 malae
2748 1862 3005 1915 doctrinae
3035 1863 3347 1916 vocabatur.
3379 1863 3528 1918 Ordi-

1956 1952 2222 2005 nahantur
2269 1967 2370 2020 pro
2416 1952 2614 2006 talibus
2642 1951 2800 2008 alteri
2833 1970 2846 2006 :
2874 1955 2996 2023 quia
3042 1954 3345 2010 consentire
3377 1955 3517 2009 nole~

1955 2043 2086 2098 baut
2115 2041 2139 2080 ιι
2168 2044 2389 2100 laudare
2432 2047 2650 2116 quidem
2695 2045 3040 2102 damnatione
3081 2047 3242 2116 digna
3277 2049 3529 2118 capitula,

1953 2135 2216 2192 damnare
2237 2150 2367 2191 vero
2389 2152 2510 2191 eum
2535 2137 2648 2207 qui,
2679 2148 2936 2208 quantum
2966 2153 3064 2192 nos
3091 2139 3298 2194 conscii
3324 2155 3532 2205 sumus,

1952 2227 2084 2282 nihil
2112 2227 2259 2282 aliud
2291 2227 2428 2283 dixit
2458 2229 2562 2284 nisi
2604 2244 2666 2284 ea
2707 2244 2829 2299 quae
2858 2245 2887 2283 a
2925 2231 3126 2284 sanctis
3170 2231 3448 2299 prophetis
3478 2242 3533 2287 et

1951 2320 2294 2390 evangelistis
2315 2329 2370 2375 et
2396 2321 2657 2390 apostolis
2678 2337 2775 2393 per
2796 2321 3056 2392 Spiritum
3085 2333 3330 2377 sanctum
3363 2325 3529 2377 mani-

1949 2409 2086 2466 feste
2106 2420 2229 2466 sunt
2255 2411 2470 2467 tradita.
3153 2472 3157 2475 .

2021 2501 2107 2556 10.
2161 2502 2422 2558 Volebant
2462 2505 2606 2559 enim
2657 2514 2712 2561 et
2748 2506 3017 2574 apostolos
3063 2505 3358 2574 criminari,
3403 2505 3528 2560 dum

1946 2617 2276 2672 supervacue
2333 2605 2644 2674 adjudicant
2687 2606 2836 2660 illunt
2884 2606 2973 2676 qui
3024 2621 3084 2660 ca
3123 2621 3242 2675 quae
3289 2605 3528 2674 ipsorum

1944 2717 2068 2760 sunt
2101 2706 2444 2777 prtedicabnt.
2473 2706 2658 2763 Talem
2697 2722 2926 2778 namque
2972 2718 3023 2763 et
3066 2722 3249 2762 eorum
3295 2722 3418 2776 quae
3447 2706 3528 2761 di-

1943 2816 2135 2862 cuntur
2171 2819 2444 2877 gestorum
2488 2807 2732 2862 fecerunt
2784 2809 3084 2872 actionem,
3134 2816 3191 2861 ut
3235 2807 3529 2862 ittconsona

1941 2919 1997 2962 et
2027 2908 2225 2963 incerta
2266 2909 2526 2962 adversus
2569 2909 2714 2961 illurn
2760 2910 2930 2961 virum
2961 2907 3286 2977 proferrent,
3326 2915 3381 2961 et
3411 2909 3522 2976 ple-

1939 3027 2164 3080 rumque
2195 3010 2690 3078 irteprehensihilia
2731 3011 3187 3074 reprehenderent
3221 3026 3247 3065 λ
3272 3010 3398 3075 Cur,
3442 3011 3521 3064 itt-

1938 3110 2144 3181 quiunt,
2172 3109 2443 3164 Nestorius
2475 3111 2627 3177 dixit,
2654 3112 2793 3182 quod
2821 3112 2993 3179 passio
3012 3129 3113 3164 non
3138 3111 3398 3177 deitatem,
3434 3111 3526 3164 scd

2017 3213 2315 3267 inanitatem
2356 3211 2546 3267 Christi
2586 3212 2598 3250 ί
2633 3214 2898 3284 attigerit?
2932 3213 3201 3269 interdum
3233 3228 3362 3268 vero
3394 3212 3524 3266 falsa

1944 3317 2268 3382 scriberent,
2323 3315 2574 3386 ponendo
2620 3316 2763 3385 quod
2812 3316 2880 3371 ab
2935 3317 3052 3385 ipso
3101 3316 3242 3370 dicta
3292 3314 3527 3370 fuissent

1941 3418 2106 3474 verba
2151 3433 2266 3488 quae
2323 3433 2422 3472 nec
2468 3417 2797 3488 quicumque
2847 3417 3163 3483 infidelium,
3207 3417 3374 3472 immo
3427 3432 3525 3471 nec

1936 3521 2229 3590 agrestium
2259 3519 2587 3584 drentonum,
2619 3520 2802 3575 dicere
2834 3520 3291 3588 prmsnmpsisset,
3327 3518 3376 3571 id
3411 3527 3517 3582 est,

1933 3623 2074 3693 quod
2125 3619 2361 3678 Christus
2401 3619 2575 3676 csseti
2619 3620 2856 3673 Christus
2909 3619 3142 3688 Domini,
3195 3620 3327 3673 sicut
3367 3618 3521 3684 Saul,

1936 3802 2304 3874 Chrysa-torni
2335 3805 2675 3859 adversarios
2705 3807 2900 3861 abusos
2934 3821 3054 3861 esse
3083 3806 3516 3861 observavimus.

2005 3882 2030 3921 δ
2065 3885 2206 3936 In'er
2249 3895 2364 3938 acta
2414 3885 2672 3956 Ephesini
2714 3887 3057 3941 conciliahuli
3101 3900 3222 3956 pag.
3261 3887 3367 3942 705
3403 3887 3516 3940 hinc

1933 3952 2224 4006 Theodosii
2256 3971 2312 4007 sa
2323 3956 2464 4008 nelin
2496 3955 2746 4011 habetur.

2009 4042 2032 4069 θ
2056 4033 2323 4090 Ne-torio,

2010 4110 2264 4189 'Negare
2311 4129 2415 4168 non
2449 4115 2667 4178 audent,
2720 4118 3002 4189 incongrua
3048 4117 3332 4189 etgscripto
3363 4115 3515 4166 abdi-

1933 4185 2102 4236 cando
2134 4199 2254 4239 esse
2273 4201 2331 4237 ea
2355 4200 2580 4254 quorum
2612 4202 2770 4240 causa
2794 4185 3075 4242 Nestorius
3099 4187 3382 4241 damnatus
3405 4199 3513 4240 εει.

2007 4265 2034 4304 ⁸
2058 4265 2331 4338 Orationis
2351 4266 2779 4338 seriespostulat
2802 4269 3155 4334 abdicabatur,
3180 4283 3274 4322 seu
3294 4267 3512 4338 deponc-

1933 4333 2080 4387 batur
2110 4335 2170 4387 ab
2201 4337 2293 4398 eis.
2334 4345 2423 4389 attt
2451 4337 2574 4402 quid
2604 4338 2800 4393 simile.

2005 4411 2264 4468 lHilarius
2312 4417 2411 4486 hoc
2459 4417 2528 4469 ita
2578 4416 2880 4476 efferretur.
2913 4419 3033 4486 quia
3073 4433 3188 4470 cum
3233 4417 3339 4470 illis
3375 4417 3428 4468 in
3455 4431 3515 4469 eo

1931 4487 2222 4558 congeutire
2256 4485 2512 4558 nolebant,
2545 4496 2601 4539 ut
2639 4489 2904 4541 laudarent
2926 4485 3145 4558 quidem
3183 4487 3514 4539 damnatione

1932 4555 2088 4622 digna
2111 4556 2356 4624 capitula,
2376 4557 2676 4609 damnarent
2707 4575 2840 4611 orro.
2867 4555 3018 4622 Quod
3055 4569 3232 4611 autem
3264 4559 3514 4624 proxime

249 4609 350 4697 libi
390 4612 689 4697 observare
733 4609 836 4675 est,
879 4613 1113 4697 idquod
1164 4614 1274 4667 illic
1318 4614 1535 4697 Patrum
1581 4635 1822 4697 canones,
1858 4622 1907 4680 D
1936 4609 2182 4688 Ieﬁitnus;
2220 4609 2606 4680 Ot'dittabantur
2633 4609 2725 4697 pro
2749 4609 3129 4696 taltbt‘isalteri,
3158 4609 3395 4680 tuatiinte
3428 4609 3512 4680 di;

250 4680 337 4755 itic
380 4681 753 4755 ecclesiasticas
809 4685 1190 4755 constitutiones
1237 4688 1441 4740 vorari.
1497 4689 1612 4755 Ipse
1667 4693 1824 4741 etiam

248 4749 486 4826 Joannes
539 4753 590 4804 in
639 4754 907 4821 proauuio
943 4755 1227 4826 sententia:
1256 4749 1531 4826 radvetqu
1567 4759 1826 4826 Cyrillum

250 4836 295 4872 et
340 4822 683 4900 Memnonem
729 4826 950 4893 prolata:
986 4825 1351 4880 locationibus
1400 4829 1591 4882 iisdem
1613 4822 1828 4898 prorui-

249 4906 375 4944 scut:
407 4901 592 4945 utitur.

322 4985 699 5039 'Antiochcni
750 4987 1004 5042 videlicet
1047 4988 1297 5052 concilii,
1351 4989 1506 5056 cujus
1553 5005 1763 5046 canone
1794 4993 1827 5046 4

247 5056 596 5130 conStituitur
630 5073 642 5108 :
674 5057 734 5110 Si
775 5061 887 5126 quis
914 5060 1181 5129 episcopus
1207 5077 1237 5112 a
1261 5061 1456 5129 synodo
1483 5061 1638 5129 fuerit
1667 5064 1828 5130 depo-

245 5127 470 5198 situs....
502 5137 550 5178 et
571 5131 953 5198 prmumpserit
975 5127 1248 5182 sacerdotii
1279 5127 1366 5182 seu
1393 5127 1530 5184 sacri
1552 5127 1818 5186 ministerii

243 5197 473 5270 aliquam
501 5200 772 5258 actionem.
797 5197 906 5251 non
945 5201 988 5252 ei
1009 5199 1231 5269 amplius
1267 5200 1417 5253 liceat
1447 5218 1606 5270 neque
1633 5205 1684 5255 in
1715 5202 1820 5256 alia

242 5267 442 5334 synodo
485 5284 626 5333 spem
656 5269 831 5320 restitit
860 5271 991 5321 ionis
1025 5267 1296 5323 habere...
1338 5271 1427 5324 sed
1465 5267 1820 5326 et'communi-

244 5349 418 5389 um'ts
440 5339 488 5388 ei
511 5340 662 5408 nbjlt‘l
688 5340 750 5390 ab
775 5337 1024 5392 Ecclesia.
1047 5341 1385 5409 Quapropter
1414 5341 1553 5395 infra
1586 5344 1825 5397 restitui-

242 5423 362 5458 ntus
403 5409 723 5475 pcrdaumat,
763 5409 848 5460 tibi
889 5410 1170 5463 obtinebat
1212 5415 1570 5472 perdamuant.
1613 5414 1822 5468 Clarius

244 5477 617 5554 lt-gt-retttr,_ut
645 5495 818 5531 omnes
845 5481 1134 5554 subiaceant
1165 5483 1366 5534 decreto
1393 5484 1580 5537 divine
1609 5486 1821 5554 regula,

240 5564 372 5624 quin.
409 5549 514 5601 Sed
548 5551 688 5602 hunc
718 5564 987 5624 canonent
1015 5551 1237 5624 ittipsos
1263 5554 1349 5619 qui
1386 5555 1532 5606 illum
1566 5549 1828 5624 objiciunt

242 5617 398 5669 facile
431 5630 748 5685 retorquere
777 5621 918 5681 licet,
948 5622 1207 5688 siquidem
1232 5617 1606 5678 communione
1633 5617 1823 5680 Nesto—

242 5688 306 5741 rii
341 5690 826 5768 nonoahsistehattt,
856 5707 1014 5768 quem
1045 5691 1587 5768 leestitti‘ejusque
1613 5697 1824 5768 concilii

243 5761 535 5830 sententia,
588 5773 634 5830 ar
669 5769 746 5812 tot
785 5761 1066 5828 Ephesium
1113 5764 1301 5830 synodi
1337 5761 1582 5818 Patribus
1626 5767 1824 5819 confir-

244 5839 408 5888 atata.
450 5829 753 5890 depositum
787 5842 1070 5887 noverant.
1124 5829 1324 5888 Eodem
1361 5835 1579 5891 decreto
1608 5835 1829 5894 Joannis

1933 4707 2075 4768 ctum
2101 4707 2182 4749 est
2212 4706 2429 4766 propter
2457 4697 2779 4760 Nestorium,
2807 4700 2959 4768 cujus
2985 4699 3104 4752 loco
3126 4697 3405 4752 ordinatus
3430 4708 3514 4750 est

1934 4766 2309 4820 Maximianus.
2344 4772 2425 4820 An
2463 4767 2710 4824 similiter
2751 4771 2839 4823 alti
2874 4766 3111 4824 aliorum
3142 4769 3275 4823 locis
3305 4768 3514 4822 suffecti

1933 4836 2064 4901 sint,
2094 4839 2420 4903 ignoramus.
2461 4837 2691 4892 Tantum
2726 4842 2909 4908 plures
2940 4859 2968 4892 e
3004 4840 3221 4894 st-dihus
3247 4840 3361 4894 suis
3394 4839 3512 4906 pul-

1930 4920 2023 4960 sos
2051 4924 2170 4961 esse
2199 4925 2347 4961 nunt.
2388 4911 2438 4962 ll
2477 4919 2533 4963 et
2565 4912 2630 4963 l2
2659 4911 2938 4979 perspicue
2968 4910 3247 4964 ducentur.

2009 4985 2022 5023 ί
2053 4986 2108 5040 1η
2139 5003 2204 5041 eo
2235 5003 2338 5041 non
2369 4998 2484 5040 erat
2517 4991 2934 5053 reprehensione
2962 4989 3178 5058 dignus.
3211 4987 3350 5057 quod
3376 4987 3514 5041 duas

1930 5056 2131 5110 Christi
2167 5069 2384 5112 naturas
2419 5059 2775 5127 distinguens,
2826 5056 3130 5129 passionem
3164 5056 3510 5122 humanitati,

1925 5129 2248 5200 ttondeitati,
2282 5131 2640 5200 attrjhuehat;
2663 5132 2755 5185 sed
2783 5133 2945 5200 quod,
2979 5146 3218 5200 persontc
3248 5130 3510 5200 unitatem

1924 5213 2028 5251 non
2051 5198 2356 5256 admittens.
2385 5199 2548 5252 Deum
2574 5216 2785 5267 passum
2800 5198 3057 5269 negabat,
3078 5199 3388 5269 utinegabat
3417 5214 3512 5252 na-

1923 5275 2055 5321 tttm.
2091 5269 2424 5338 Quapropter
2465 5280 2515 5323 et
2561 5271 2796 5341 Deipara:
2838 5288 3030 5325 nomen
3065 5274 3244 5327 Maria:
3289 5269 3512 5330 nolebat

1924 5341 2117 5410 ascribi
2151 5357 2161 5390 :
2201 5343 2298 5392 hoc
2341 5349 2545 5410 ta_tttunt
2596 5344 2907 5410 exigebatur
2947 5344 3016 5396 ab
3057 5359 3140 5404 eo,
3184 5352 3241 5395 ttt
3293 5352 3512 5408 propter

1928 5409 2103 5481 unitas
2135 5414 2184 5461 itt
2225 5425 2327 5461 una
2380 5405 2533 5463 Verbi
2568 5405 2797 5479 pcrs‘mta
2831 5423 3049 5468 naturas
3076 5414 3242 5467 Deum
3289 5405 3509 5481 passum

1925 5493 2046 5532 esse
2069 5480 2350 5533 latcretur.
2559 5525 2580 5546 ,

2005 5557 2018 5606 t'
2056 5557 2248 5623 Lupus,
2276 5560 2362 5626 qtti
2389 5558 2514 5626 legit
2541 5556 2729 5613 Christi
2758 5559 3029 5624 Dominus,
3057 5571 3204 5617 recte
3228 5578 3256 5616 a
3288 5560 3513 5614 Baluzio

1931 5629 2250 5681 emendatus
2280 5638 2395 5690 est;
2432 5645 2688 5692 nusquam
2731 5634 2873 5684 enim
2907 5638 2983 5684 vel
3017 5634 3167 5693 Sani.
3201 5636 3281 5684 vel
3317 5632 3505 5693 David,

1935 5698 2017 5751 vel
2047 5702 2239 5766 (Lyrus,
2271 5708 2361 5751 aut
2388 5700 2561 5765 quivis
2584 5703 2715 5754 alius
2738 5700 2927 5759 Christi
2955 5703 3200 5756 Dominus
3231 5702 3404 5757 dictus
3427 5714 3506 5755 est

1934 5781 2018 5820 aut
2053 5769 2158 5821 tltt'i
2196 5778 2376 5835 queat.
2415 5768 2563 5836 Quod
2610 5781 2786 5824 autem
2831 5775 3100 5829 llcllatlins
3131 5789 3176 5828 el
3215 5774 3510 5829 Eutherius

1935 5854 1962 5892 a
1990 5839 2236 5895 Nestorio
2269 5839 2466 5895 dictum
2502 5852 2714 5909 negant,
2745 5846 2841 5898 hoc
2870 5845 2936 5898 ab
2966 5847 3057 5900 illo
3083 5848 3280 5900 dictum
3313 5860 3374 5898 cs
3404 5862 3434 5898 c
3457 5852 3503 5901 iu
