3916 6178
301 341 393 400 601

961 346 1172 404 EPIST.
1222 348 1282 404 γ.
1325 348 1526 404 XYSTi
1570 349 1770 403 ΡΑΡιιΕ
1810 350 1849 402 Α

1974 348 2290 405 LYlllLLUM
2329 350 2892 405 ALEXANDRINUM.

3450 353 3556 411 60?.

297 464 415 532 quid
444 472 507 516 ao
534 479 770 533 cormpuz
798 464 995 517 dictum
1018 474 1116 529 est,
1144 464 1268 519 dum
1294 475 1443 520 certe
1467 475 1651 534 aperte
1682 462 1867 519 dicere
1898 478 1939 532 Α
1974 472 2170 516 nostra:
2212 478 2336 532 erga
2386 474 2625 518 vestram
2678 465 2950 520 credimus
3000 466 3363 521 sanctitatem.
3411 466 3557 522 Civis

293 556 589 622 debuisset,
623 567 679 611 ut
709 557 779 611 ab
809 573 874 612 eo
902 572 1067 612 sensu
1106 559 1333 628 quisque
1362 558 1575 611 cautior
1602 556 1865 611 reddere-

290 659 379 703 tur
408 666 423 703 :
456 650 591 704 sicut
634 649 781 704 clare
827 650 1205 704 abominamur
1253 665 1349 704 nos
1384 649 1575 718 Cyrilli
1605 648 1866 718 capitula,

287 749 344 793 et
365 754 675 810 quaesumus
702 739 984 795 universos
1006 751 1064 794 ut
1090 754 1150 795 se
1171 740 1239 794 ab
1262 740 1422 794 insita
1446 740 1589 794 illius
1621 739 1869 808 maligni-

285 840 401 888 tate
445 831 778 901 custodiant,
823 833 1320 901 praeconvinrentes
1358 847 1451 886 eas
1479 848 1598 902 qnze
1649 834 1699 885 in
1731 831 1866 900 ipsis

280 938 409 980 Sunt
437 926 829 995 blasphemias,
858 935 915 979 ct
942 939 1034 979 cas
1057 926 1201 979 clare
1229 927 1479 979 omnibus
1512 924 1860 992 publicantes.

356 1019 446 1075 19..
479 1020 601 1073 llaec
630 1033 798 1089 pauca
828 1018 895 1073 de
932 1018 1174 1087 plurimis
1203 1032 1324 1072 cum
1366 1018 1533 1072 multa
1574 1018 1862 1071 abbrevia-

277 1112 433 1167 tione
458 1110 879 1181 conscripsimus
901 1151 918 1176 ,
945 1111 1178 1166 scientes
1204 1110 1345 1180 quod
1378 1110 1567 1164 horum
1601 1110 1862 1163 malorum

276 1206 537 1259 nimietas
571 1220 679 1259 non
711 1204 885 1258 solum
918 1204 1166 1258 Jeremiae
1196 1202 1670 1258 lamentationibus
1705 1202 1861 1271 digna

274 1299 351 1353 sit
376 1339 392 1363 ,
423 1297 517 1352 sed
550 1308 604 1351 et
630 1297 936 1351 universam
965 1294 1280 1364 tragmdiam
1308 1296 1661 1362 superaverit.
1692 1294 1863 1363 [loga-

274 1406 404 1445 mus
434 1405 594 1456 vero,
624 1399 679 1445 et
707 1392 909 1443 sanctis
942 1398 1047 1442 tute
1078 1388 1448 1456 religiositatis
1494 1386 1860 1456 provolvimur

272 1485 509 1553 pedibus
530 1524 545 1547 ,
575 1493 632 1536 ut
662 1498 880 1537 manum
911 1481 1161 1552 porrigas
1190 1482 1478 1535 salutarem
1504 1521 1518 1545 ,
1558 1488 1612 1535 et
1651 1478 1862 1533 auferas

272 1577 468 1631 mimdi
496 1576 873 1645 naufragium,
916 1575 1267 1643 omniumque
1310 1572 1502 1627 horum
1549 1572 1858 1640 inquisitio-

270 1685 403 1723 nem
426 1669 618 1736 jubeas
644 1666 761 1721 fieri
784 1711 799 1734 ,
830 1675 887 1720 et
917 1665 1000 1720 his
1030 1666 1233 1719 illicitis
1259 1665 1537 1720 ctelestcm
1571 1664 1857 1732 superduci

266 1761 712 1826 correctionem,
745 1770 803 1813 ut
829 1767 1148 1813 revocentur
1175 1758 1389 1827 quidem
1418 1759 1584 1811 sancti
1616 1767 1859 1825 pastores

1972 555 2114 609 enim
2158 564 2343 609 noster
2374 564 2399 591 ⁸
2430 557 2705 623 existens,
2751 573 2937 612 errore
2980 561 3143 613 totius
3184 561 3335 613 orbis
3377 561 3556 613 extin-

1971 656 2087 711 cto,
2123 646 2267 702 illitts
2294 648 2609 715 apostolicae
2639 650 2780 703 sedis
2811 652 2981 705 factus
3013 661 3096 706 est
3126 665 3507 707 ornamentum
3530 693 3547 716 ,

1969 746 2024 791 et
2061 752 2090 790 a
2136 737 2292 791 beato
2336 740 2498 792 Petro
2529 740 2806 795 dexteram
2837 743 3115 796 societatis
3144 746 3349 810 accepit
3383 743 3548 814 (Gal.

1967 843 2035 893 ιι,
2059 827 2163 899 9),
2198 839 2252 881 ut
2280 842 2562 897 appareret
2587 832 2654 883 ab
2684 834 2926 900 utrisque
2957 847 3163 902 aequam
3194 835 3547 890 subtilitatem

1966 920 2271 989 dogmatnm
2305 923 2589 976 custodiri.

2038 1012 2122 1066 15.
2151 1013 2323 1066 Etiam
2352 1029 2661 1082 qntcsumus
2691 1030 2758 1069 ne
2785 1016 3146 1085 despiciamur
3176 1033 3202 1070 a
3234 1020 3386 1071 vobis
3414 1033 3544 1079 nos,

1967 1121 2099 1172 quos
2129 1114 2205 1160 tot
2233 1108 2370 1159 mala
2397 1108 2756 1161 circumdant.
2785 1108 2899 1162 Non
2925 1111 3065 1163 enim
3096 1110 3163 1163 de
3192 1111 3434 1177 pecuniis
3462 1113 3543 1164 vel

1963 1196 2129 1265 gloria
2175 1205 2267 1249 aut
2307 1198 2551 1265 quolibet
2593 1199 2701 1251 alio
2740 1200 3120 1267 temporalium
3166 1199 3542 1264 deeertamus;

1963 1289 2055 1342 sed
2099 1305 2193 1357 pro
2225 1291 2438 1358 pietatis
2472 1292 2816 1359 possessione
2845 1292 3157 1355 communi,
3190 1307 3287 1360 pro
3319 1303 3545 1359 paterno

1965 1381 2083 1433 fidei
2117 1378 2366 1435 thesauro
2388 1422 2402 1447 ,
2433 1397 2528 1449 pro
2558 1397 2652 1450 spe
2679 1382 2953 1436 communi
2980 1383 3214 1437 lidelimn
3235 1424 3249 1447 ,
3280 1397 3377 1450 pro
3405 1381 3546 1437 bona

1962 1470 2302 1524 Confessione
2333 1472 2706 1539 apostolorum
2731 1515 2747 1537 ,
2780 1489 2877 1539 pro
2917 1473 3210 1526 inunortali
3240 1473 3541 1526 certamine

1963 1571 2255 1632 martyrum
2274 1604 2288 1627 ,
2314 1573 2361 1617 et
2389 1564 2621 1618 maxime
2648 1580 2744 1631 pro
2765 1566 2995 1619 adventu
3025 1566 3417 1635 elementiaque
3443 1565 3546 1618 Do-

1960 1653 2191 1717 minica;
2224 1653 2378 1720 cujus
2406 1654 2657 1707 virtutem
2686 1656 3054 1709 invincibilem
3086 1655 3397 1709 invocantes
3427 1656 3546 1711 sine

1960 1744 2266 1798 cessatione
2282 1745 2606 1797 clamamus:
2632 1744 2816 1807 Parce,
2838 1745 3073 1810 Domine,
3094 1747 3280 1813 populo
3298 1756 3403 1810 tuo,
3423 1756 3543 1800 etne

222 1874 231 1882 ·
267 1855 370 1923 qui
406 1854 603 1919 Iniuste
632 1860 760 1907 sunt
796 1867 827 1905 a
869 1852 981 1905 suis
1006 1852 1201 1905 ovibus
1226 1850 1443 1918 effugati
1465 1892 1478 1915 ,
1512 1858 1567 1902 et
1597 1849 1853 1903 reddatur

1974 1835 2159 1887 ledcris
2188 1836 2533 1890 Ita’redilatcm
2563 1846 2704 1890 tuam
2733 1839 2786 1889 in
2818 1837 3146 1908 opprobrium
3172 1838 3539 1905 (Joel.n,17).

265 1944 530 2015 gregibus
558 1945 694 1998 ordo
722 1954 776 1998 et
800 1942 1021 2012 antiqua
1050 1941 1337 1996 concordia
1362 1982 1376 2002 ,
1410 1952 1462 1995 et
1493 1950 1547 1993 ul
1583 1956 1687 1993 non
1721 1941 1859 1992 ultra

268 2038 601 2092 lamentatus
632 2044 688 2090 et
713 2035 951 2105 mugitus
977 2049 1073 2103 pro
1099 2035 1242 2089 votis
1273 2033 1571 2086 offerantur
1609 2047 1676 2085 ac
1717 2031 1859 2099 psal-

268 2128 379 2182 mis
403 2170 418 2192 ,
445 2128 575 2181 dum
610 2127 762 2180 multi
792 2127 1020 2195 dispersi
1052 2133 1217 2181 sunt:
1252 2137 1299 2179 et
1337 2140 1403 2178 ne
1430 2124 1681 2194 quiquam
1716 2124 1857 2191 peri-

265 2220 537 2274 elitentur
566 2220 710 2274 circa
740 2233 803 2272 ea
836 2234 954 2287 qua:
980 2218 1250 2287 praecipua
1296 2226 1417 2269 sunt
1438 2259 1454 2276 ,
1500 2215 1627 2268 dum
1671 2217 1853 2267 vitant

264 2315 339 2365 ab
374 2312 648 2366 haereticis
675 2312 757 2364 vel
787 2311 1056 2365 lavacrum
1086 2309 1512 2379 regenerationis
1540 2310 1621 2362 vel
1654 2309 1837 2377 mysu-

266 2418 391 2456 cam
440 2402 879 2456 communionem
921 2402 1212 2468 accipere,
1260 2415 1381 2468 qua:
1422 2398 1489 2451 ab
1538 2398 1886 2453 ortltodoxis-

267 2509 495 2549 sumere
525 2493 591 2546 ad
623 2493 849 2547 salutem
882 2492 1099 2547 minime
1122 2492 1525 2560 permittuntur.

346 2586 427 2640 l3.
460 2587 593 2653 Quae
617 2603 679 2638 ex
710 2594 859 2654 parte
884 2584 1101 2654 quidem
1130 2584 1376 2637 videntes
1399 2623 1412 2644 ,
1442 2598 1508 2636 ex
1537 2592 1686 2648 parte
1717 2596 1848 2635 vero

266 2679 560 2733 audientes
577 2716 592 2745 ,
615 2681 743 2731 olim
772 2678 1235 2733 concurrisseinus
1258 2677 1319 2727 ad
1346 2677 1681 2729 sanctitatem
1708 2685 1849 2727 tuam

267 2786 373 2825 nos
402 2772 492 2839 qui
523 2785 556 2826 e
582 2771 811 2825 diversis
841 2770 1152 2839 regionibus
1181 2784 1396 2831 smnus,
1430 2769 1479 2820 id
1515 2776 1597 2821 est
1636 2784 1699 2821 ex
1748 2768 1851 2820 Eu-

264 2864 578 2929 pliratesia,
612 2880 676 2918 ex
706 2874 934 2933 utraque
966 2864 1175 2931 Cilicia,
1206 2861 1438 2916 secunda
1471 2860 1808 2931 Cappadocia
1834 2903 1848 2928 ,

265 2954 519 3024 Bithynia
542 2994 557 3018 ,
585 2954 864 3009 Thessalia
896 2964 946 3009 et
978 2955 1162 3008 Mmsia
1193 2972 1205 3006 :
1235 2965 1292 3007 ut
1321 2964 1371 3006 et
1406 2955 1578 3007 fontes
1608 2954 1851 3007 elTunde-

262 3060 454 3099 remus
484 3046 840 3115 lacrymarum
862 3089 876 3112 ,
902 3056 958 3100 et
979 3045 1192 3114 publice
1215 3045 1541 3099 delleremus
1566 3042 1847 3112 peregrina

263 3147 319 3190 et
352 3136 563 3190 insueta
597 3137 757 3205 hujus
784 3139 907 3191 vitte
933 3138 1068 3191 mala
1093 3177 1108 3201 ,
1141 3137 1243 3190 nisi
1270 3136 1537 3190 detineret
1564 3150 1660 3189 nos
1696 3137 1847 3204 lupu-

2036 1927 2327 1983 Eutherius
2355 1929 2639 1997 episcopus
2669 1930 2987 1997 metmpulis
3017 1928 3381 1999 Tyancnsinm
3415 1927 3540 1979 sub-

1961 2020 2149 2089 scripsi
2180 2062 2194 2087 ,
2227 2030 2282 2075 et
2308 2036 2494 2089 quaeso
2521 2030 2580 2074 ut
2610 2037 2694 2077 me
2723 2035 2847 2075 ores
2879 2021 3239 2082 incolumem,
3271 2020 3379 2073 Deo
3405 2019 3539 2073 ami-

1958 2110 2175 2164 cissime
2205 2119 2260 2165 et
2289 2112 2628 2166 sanctissime
2660 2120 2833 2180 pater.

2030 2201 2306 2256 llelladius
2347 2203 2632 2271 episcopus
2679 2201 2993 2269 metropolis
3026 2200 3177 2253 Tarsi
3207 2199 3536 2267 subscripsi;

1955 2304 2010 2347 et
2044 2310 2173 2363 rogo
2214 2304 2272 2347 ut
2310 2310 2396 2348 me
2437 2309 2559 2348 ores
2590 2295 2950 2356 incolumem,
2989 2293 3100 2346 Deo
3126 2292 3454 2346 amicissime
3484 2302 3538 2345 et

1954 2388 2287 2440 sanctissime
2320 2395 2487 2455 pater.

2492 2476 2517 2515 ι)
2563 2476 2898 2532 EPISTOLA
2940 2476 3003 2541 ν,

2000 2585 2045 2622 S.
2080 2584 2229 2624 XYSTI
2263 2585 2410 2622 ΡΑΡᾸΞ
2464 2585 2530 2622 ΑΙ)
2562 2584 2823 2622 CYBILLUM
2876 2582 3318 2624 ALEXANDRINUH.
3368 2581 3493 2619 Ροδτ

2024 2656 2193 2694 PACEM
2224 2656 2433 2693 FACTAM
2467 2655 2624 2692 INTER
2655 2655 2807 2692 IPSUM
2831 2653 3090 2691 CYBILI.UM
3118 2653 3181 2689 ET
3200 2651 3457 2691 JOANNEM.

1958 2731 2049 2783 [lci
2081 2734 2232 2802 hujus
2266 2733 2564 2784 relationem
2604 2733 2658 2783 in
2696 2740 2943 2802 conuentu
2974 2731 3417 2802 episcoporimrse
3442 2746 3534 2780 no-

2023 2797 2352 2871 lum'fecisse.
2402 2802 2605 2866 Quanta
2637 2802 2752 2853 hinc
2783 2797 3027 2852 Ecclesia?
3068 2801 3266 2850 (mitia.
3303 2797 3531 2851 Felicem

2023 2870 2183 2941 fuisse
2223 2871 2457 2923 laborum
2502 2871 2685 2940 Cyrilli
2731 2872 2923 2923 cxi/nm
2947 2912 2959 2931 ,
2994 2885 3179 2937 eosque
3208 2870 3303 2921 sibi
3335 2879 3380 2921 et
3412 2885 3533 2921 cou-

2021 2942 2140 2995 cilia
2170 2959 2261 2994 suo
2292 2943 2347 2994 in
2381 2942 2613 2994 omnibus
2648 2942 2892 3005 probatos-
2922 2956 3051 2992 esse.

1985 3030 2197 3087 errus
2225 3035 2508 3101 episcopu;
2542 3031 2774 3086 CvntLLo
2805 3033 3066 3101 episcopo
3100 3030 3489 3085 Alexandrino.

2022 3147 2070 3198 1.
2103 3146 2287 3216 Magna
2329 3160 2513 3199 sumus
2552 3145 2735 3197 lmtitia
2774 3144 3073 3196 alacritatis
3110 3143 3349 3210 impleti,
3382 3153 3532 3210 post-

264 3243 388 3281 rum
445 3237 621 3282 terror
667 3229 1037 3283 insidiantium
1083 3230 1335 3300 gregibus
1386 3228 1451 3282 ad
1500 3227 1742 3297 rapinam
1791 3238 1847 3283 et
1876 3204 1919 3265 Ο
1952 3254 2141 3308 quam,
2177 3241 2316 3293 sicut
2345 3239 2606 3307 legimus,
2642 3253 2708 3292 ex
2743 3238 2851 3290 alto
2886 3253 2982 3289 nos
3014 3236 3211 3290 Oriens
3244 3246 3266 3274 ε
3303 3235 3534 3288 visitavit

265 3317 337 3371 ad
381 3334 625 3374 errorem
667 3335 990 3386 omnemque
1031 3320 1435 3375 adversitatem.
1486 3319 1633 3375 Unde
1674 3323 1844 3375 coacti

264 3424 455 3465 animus
499 3422 681 3465 nostra
724 3412 839 3467 vice
877 3413 1114 3481 dirigere
1144 3414 1589 3480 religiosissimos
1617 3413 1846 3469 clericos

264 3512 321 3555 et
355 3504 687 3570 monachos,
720 3505 809 3574 qui
846 3497 1104 3571 impleant
1139 3507 1313 3559 locum
1359 3516 1626 3560 nostrum.

342 3595 428 3651 ﬂ.
461 3596 782 3661 Qumsumus
809 3598 968 3667 igitur
996 3606 1052 3651 ut
1075 3598 1276 3665 absque
1304 3597 1565 3653 dilatione
1591 3615 1846 3669 exsurga-

267 3686 337 3739 tis
359 3728 374 3753 ,
405 3698 457 3742 et
494 3687 703 3742 fervido
731 3690 848 3744 zelo
877 3704 1127 3758 magnum
1159 3689 1399 3743 victoria:
1431 3698 1690 3757 tropaeum
1723 3706 1852 3744 con-

265 3790 346 3833 tra
384 3782 707 3835 tumulorum
750 3795 952 3836 cuneos
991 3782 1241 3851 erigatis,
1278 3792 1401 3835 ante
1431 3782 1619 3837 oculos
1650 3782 1849 3837 haben-

267 3881 351 3924 tes
380 3873 508 3927 boni
540 3872 780 3926 Pastoris
807 3872 1139 3939 diligentiam
1171 3871 1330 3926 simul
1360 3882 1413 3926 et
1442 3874 1679 3927 studium
1707 3874 1845 3927 circa

266 3977 423 4016 ovem
451 3979 573 4032 qua:
595 3963 1053 4033 erraveratlLuc.
1078 3979 1172 4032 xv,
1193 3963 1272 4033 4).
1303 3964 1369 4017 Et
1397 3980 1500 4017 non
1527 3965 1732 4032 absque
1761 3978 1851 4031 pe-

267 4055 444 4111 riculo
470 4056 769 4125 deputetis,
797 4057 842 4111 si
869 4057 995 4127 qttid
1025 4057 1302 4111 fastidiose
1328 4059 1468 4112 circa
1498 4067 1574 4113 tot
1602 4068 1844 4126 pastores

268 4155 481 4199 ctoves
512 4156 736 4215 agatur;
779 4146 903 4201 dum
948 4147 1052 4201 illa:
1095 4148 1311 4215 quidem
1352 4156 1570 4211 errent,
1605 4148 1677 4201 illi
1719 4165 1846 4202 vero

269 4236 603 4306 tyrannicam
647 4236 950 4292 sustineant
983 4239 1316 4293 violentiam.
1350 4237 1637 4292 imitamini
1672 4240 1846 4308 potius

269 4337 326 4378 et
378 4342 633 4395 magnum
687 4327 906 4397 pietatis
957 4344 1259 4397 praeconem
1316 4330 1580 4395 Paulum,
1630 4332 1845 4385 oculum

270 4420 488 4485 mundi,
541 4435 697 4490 quem
750 4436 850 4475 nos
892 4430 948 4475 ut
992 4423 1184 4491 pignus
1226 4423 1428 4479 habere
1468 4424 1848 4479 familiaritatis

1952 3331 2106 3403 (Luc.
2138 3347 2186 3396 ι,
2214 3332 2327 3400 78).
2364 3332 2501 3385 Ecce
2531 3332 2671 3386 enim
2705 3330 2953 3384 sollicitis
2984 3329 3173 3393 nobis,
3207 3328 3328 3398 quia
3363 3331 3535 3381 uenii-

1955 3438 2075 3477 nem
2120 3422 2298 3492 perire
2349 3424 2627 3485 volumus,
2668 3422 2934 3475 sanctitas
2981 3430 3066 3471 tua
3112 3418 3534 3483 redintegratum

1952 3532 2145 3586 corpus
2166 3516 2423 3570 Ecclesia:
2450 3515 2560 3569 suis
2588 3515 2834 3583 epistolis
2861 3512 3135 3566 indicavit.
3166 3511 3532 3564 Redeuntibus

1951 3608 2069 3676 ejus
2094 3608 2144 3660 in
2171 3624 2266 3661 stta
2296 3608 2533 3661 membra
2559 3606 2927 3674 compagibus.
2959 3604 3230 3657 neminem
3264 3602 3393 3654 foris
3413 3602 3524 3667 jam

1955 3701 2201 3753 videmus
2232 3714 2446 3762 errare,
2478 3698 2599 3767 quia
2633 3699 2773 3750 intus
2803 3711 2992 3749 omnes
3026 3698 3231 3762 positos
3265 3694 3398 3747 fides
3427 3711 3528 3747 una

1955 3798 2201 3844 testatur.
2232 3789 2502 3842 laetamur
2547 3803 2577 3841 e
2619 3788 2798 3840 medio
2841 3795 3084 3838 nostrum
3125 3785 3214 3852 qui
3258 3784 3357 3836 hoc
3396 3799 3535 3852 opus

1952 3879 2079 3934 fecit
2119 3880 2352 3932 ablatum
2386 3875 2410 3913 ἀ
2445 3895 2456 3929 :
2487 3877 2585 3931 soli
2632 3877 2732 3929 sibi
2778 3891 2920 3929 nunc
2960 3891 3064 3927 non
3104 3875 3345 3928 credenti
3388 3874 3532 3944 quod

1951 3972 2125 4026 sensit
2167 3969 2414 4037 intelligit
2455 3968 2725 4031 obfuisse,
2774 3967 2864 4033 qui
2910 3976 3097 4019 contra
3144 3965 3286 4019 hunc
3315 3974 3337 4002 ο
3371 3967 3532 4019 uitus

1953 4071 2033 4116 est
2054 4101 2070 4126 ,
2098 4075 2254 4129 quem
2288 4058 2604 4127 proﬁtemur
2635 4057 2887 4110 omnibus
2919 4055 3206 4122 profuisse.

2022 4152 2075 4207 2.
2107 4150 2211 4205 Sed
2242 4150 2497 4204 convenit
2528 4164 2553 4200 a
2589 4146 2834 4201 tristibus
2866 4161 2965 4200 nos
2996 4146 3060 4199 ad
3106 4145 3224 4199 lzela
3267 4146 3533 4210 transire,

1954 4243 2076 4313 quia
2110 4244 2224 4310 ipse
2254 4242 2337 4295 cui
2370 4240 2600 4311 qumslio
2631 4250 2773 4293 mota
2817 4239 3018 4301 fuerat,
3051 4236 3118 4291 de
3148 4236 3387 4291 Ecclesia
3421 4238 3531 4289 uni-

1955 4334 2151 4387 versali
2182 4346 2418 4387 mmrore
2445 4330 2678 4393 sublato,
2714 4338 2925 4396 tempus
2952 4327 3108 4381 nuhis
3137 4327 3380 4395 prmstitit
3409 4343 3534 4394 gau-

1954 4422 2189 4478 diorum.
2222 4422 2466 4477 Christus
2492 4421 2725 4489 dcniquc
2758 4419 2900 4473 Deus
2928 4426 3138 4482 noster,
3168 4432 3327 4486 quam
3363 4415 3379 4453 ί
3413 4432 3540 4471 vere

271 4605 496 4671 propius
525 4602 715 4668 abest,
747 4603 887 4673 quod
913 4602 1146 4659 Joannes
1174 4602 1227 4657 in
1254 4604 1477 4670 epistola
1510 4604 1572 4657 ad
1600 4604 1846 4659 Tbcodo-
1880 4607 1926 4664 ι)
1956 4603 2169 4656 Patrum
2202 4604 2401 4663 editor,
2438 4604 2548 4669 ipsa
2582 4600 2738 4654 verba
2763 4640 2779 4660 ,
2828 4597 3252 4673 sed_sententias
3278 4597 3537 4664 quasdam

273 4677 414 4727 sium
461 4673 669 4743 Synod.
714 4690 835 4741 cap.
867 4675 959 4744 917
984 4689 1101 4739 pag.
1135 4676 1240 4728 798
1269 4678 1342 4726 ait
1373 4692 1385 4725 :
1423 4675 1714 4744 Depmitum
1746 4676 1848 4727 sive

270 4745 572 4798 damnatum
620 4744 861 4796 habemus
912 4743 1207 4797 Nestorium
1239 4785 1251 4797 .
1284 4784 1297 4797 .
1334 4784 1348 4796 .
1378 4784 1390 4795 .
1420 4743 1846 4797 anathematismo

272 4802 600 4886 subjicientes
625 4830 953 4883 quazrumque
974 4816 1034 4886 ab
1061 4830 1119 4867 eo
1143 4817 1306 4868 aliene
1330 4831 1392 4867 ac
1415 4818 1682 4885 peregrine
1710 4815 1846 4868 dicta

270 4885 389 4937 sunt
419 4895 600 4937 contra
627 4886 957 4951 apostolicum
985 4885 1285 4937 doctrinam.

343 4964 370 5037 ξ
401 4955 599 5023 Utpote
628 4965 782 5008 natus
814 4954 1002 5019 Tarsi,
1031 4958 1187 5021 cuius
1215 4954 1492 5009 llelladius
1521 4953 1571 5008 id
1603 4954 1845 5008 scribens

272 5035 559 5093 episcopus
585 5040 674 5079 era
684 5035 721 5078 t.

343 5096 368 5133 ι’
399 5096 635 5166 Cyrillus
655 5134 669 5157 ,
701 5102 760 5147 ut
792 5095 1040 5166 Rusticus
1068 5094 1240 5166 Yigilii
1284 5110 1437 5165 papa:
1463 5094 1719 5166 diaconus
1748 5094 1851 5149 ali—

274 5165 478 5235 quanto
509 5176 628 5231 pust
662 5166 870 5218 initium
895 5165 1091 5235 dialogi
1119 5176 1303 5219 contra
1334 5165 1636 5234 Acephalos
1661 5165 1852 5218 obser-

277 5247 358 5287 vat
384 5277 397 5298 ,
428 5238 673 5303 epistolas
702 5252 819 5288 suos
850 5246 892 5285 et
924 5234 1263 5289 Orientalium
1289 5235 1353 5288 de
1376 5251 1499 5301 pace
1524 5237 1849 5288 transmissus

280 5305 526 5359 Romam:
556 5305 797 5359 Εειιεδιω
825 5306 929 5358 sedi
954 5323 986 5357 a
1015 5308 1334 5360 sanctissimo
1359 5304 1407 5359 Χ
1413 5315 1526 5375 ysto
1554 5305 1853 5372 conﬁrmari

276 5380 473 5445 sategit.
508 5375 980 5447 Xystusepistnlis
1010 5377 1112 5429 illis
1146 5378 1196 5429 in
1225 5378 1433 5447 synodo
1472 5377 1811 5447 sacerdotum
1835 5419 1850 5439 ,

277 5449 363 5510 qui
396 5447 461 5498 ad
494 5446 847 5500 ordinationis
873 5446 1041 5511 ipsius
1071 5447 1210 5501 diem
1238 5446 1623 5501 celebrandum
1657 5462 1854 5499 conve-

278 5526 501 5579 nerant,
538 5516 790 5584 perlectis
814 5556 829 5580 ,
857 5532 920 5588 ex
951 5518 1135 5569 eadem
1181 5518 1388 5588 synodo
1411 5559 1423 5577 ,
1456 5517 1531 5568 uti
1571 5518 1702 5567 infra
1738 5534 1793 5572 ιι.
1824 5518 1854 5569 7

276 5596 528 5650 testatur,
558 5588 835 5654 rescripsit
860 5585 1043 5640 Cvrilli
1076 5585 1286 5642 labores
1326 5604 1447 5641 cum
1481 5602 1508 5639 a
1540 5602 1596 5639 se
1640 5596 1747 5639 tum
1788 5588 1857 5639 ab

276 5659 421 5711 omni
453 5655 791 5711 fraternitate
818 5658 1032 5724 probari
1065 5660 1113 5709 in
1146 5660 1394 5712 omnibus
1433 5666 1487 5710 et
1516 5658 1851 5711 conﬁrmari.

280 5728 392 5783 lloc
420 5728 748 5795 rescriptum
776 5729 936 5782 etiam
962 5727 1216 5781 Rusticus
1246 5731 1294 5780 in
1322 5732 1484 5782 citato
1510 5729 1721 5796 dialogo
1750 5728 1858 5780 lan-

279 5798 445 5863 davit,
511 5808 567 5853 ct
612 5814 676 5852 ex
722 5813 789 5853 eo
838 5814 983 5861 non,
1030 5807 1087 5852 ut
1131 5799 1455 5853 existimavit
1503 5798 1851 5855 Bibliotbccm

1954 4675 2259 4727 summatim
2290 4668 2554 4726 delibutas
2582 4673 2871 4734 excerpsit.
2906 4671 3034 4723 Tam
3084 4668 3377 4737 pretiosum
3423 4684 3537 4721 mu-

1954 4746 2249 4797 nimentum
2295 4745 2365 4796 ab
2408 4744 2645 4797 Antonio
2672 4742 2740 4795 de
2771 4742 2981 4807 Aquino
3009 4755 3037 4791 e
3070 4738 3324 4792 Vaticano
3355 4741 3541 4792 cutlice

1955 4817 2286 4882 descriptum
2323 4814 2583 4867 Ilaronins
2616 4814 2666 4865 in
2715 4812 3009 4882 Annalibus
3054 4811 3117 4861 ad
3160 4825 3290 4882 ann.
3320 4808 3426 4863 455
3451 4826 3540 4860 (fll-

1953 4880 2186 4938 denduin
2217 4890 2444 4938 curavit.
2475 4884 2606 4937 Illud
2637 4883 2830 4937 deinde
2858 4881 3106 4933 Labbeus
3154 4880 3313 4943 paulo
3352 4895 3540 4931 emcn—

1954 4956 2130 5007 datius
2186 4956 2319 5007 actis
2383 4955 2671 5018 Ephesium
2721 4952 2924 5022 Synodi
2978 4958 3116 5017 part.
3174 4965 3230 5002 ιιι
3283 4963 3407 5016 cap.
3470 4947 3533 5000 Μ

1955 5039 2071 5093 pag.
2115 5025 2250 5077 H75
2280 5024 2527 5091 subjecit.

2031 5087 2052 5131 ἱ
2089 5094 2168 5148 Ad
2198 5087 2459 5146 Joannem
2493 5094 2683 5146 alludit
2709 5092 2797 5160 qui
2841 5090 3042 5144 Orienti
3088 5096 3354 5160 prmerat,
3390 5087 3545 5155 cujus

1950 5164 2061 5231 jam
2104 5175 2383 5227 acceperat
2432 5166 2635 5217 litteras
2676 5159 2794 5216 cum
2840 5161 3053 5213 caeteris
3091 5159 3241 5228 pacis
3282 5160 3545 5212 confecta:

1955 5236 2127 5304 gestis
2157 5251 2273 5302 qua:
2302 5233 2531 5301 Cyrillns
2562 5236 2805 5288 miserat.

2029 5304 2057 5341 ἀ
2088 5298 2391 5358 Nestorium
2440 5305 2720 5365 videlicet,
2768 5301 2921 5368 cujus
2961 5314 3121 5367 opera
3168 5298 3236 5350 ab
3282 5298 3541 5354 Ecclesia:

1960 5391 2227 5443 compage
2258 5376 2420 5427 multa
2456 5376 2694 5428 membra
2726 5373 3107 5443 discesserant.

2034 5457 2058 5483 ε
2091 5439 2185 5498 llic
2228 5444 2474 5498 Nestorio
2516 5444 2713 5512 opponi
2747 5445 2958 5494 videtur
2985 5439 3252 5512 Cyrillus,
3286 5440 3374 5506 qui
3409 5439 3536 5495 huic

1962 5517 2226 5571 resistens
2251 5556 2264 5576 ,
2297 5510 2813 5581 omnihns‘prufuit;
2848 5512 2941 5563 sed
2974 5510 3110 5562 hunc
3145 5520 3320 5563 tamen
3367 5511 3546 5575 putius

1964 5588 2264 5655 intelligere
2290 5596 2370 5637 est
2402 5585 2669 5636 (lbrismm
2695 5625 2709 5645 ,
2740 5597 2892 5647 Clljlls
2920 5581 3232 5655 dignitateu‘i
3264 5581 3549 5655 Nestor-ins

1961 5650 2307 5722 impuginavit.
2340 5654 2507 5708 Tutus
2536 5657 2635 5707 iste
2664 5655 2815 5708 locus
2854 5655 2993 5720 apud
3040 5651 3238 5705 Baron.
3270 5650 3429 5707 valde
3458 5662 3541 5705 est

1960 5729 2307 5789 depravatns.

2034 5796 2052 5836 ί
2088 5797 2161 5851 Ita
2196 5796 2388 5852 Baron.
2426 5796 2490 5849 At
2519 5795 2674 5861 Lab.,
2705 5811 2859 5864 quam
2892 5810 3009 5848 vero
3036 5794 3125 5846 sit.
