3916 6178
357 366 464 420 ιο3

1264 355 1465 417 XYSTI
1506 354 1574 411 lll
1611 355 1813 412 ΡΑΡᾸΞ
1854 353 2210 410 ειηετοωε
2252 355 2338 409 ΕΤ
2381 353 2714 410 DECRETA.

3521 362 3623 417 604

356 487 431 533 sit
466 494 561 533 sua
591 490 783 543 causa,
818 470 1169 533 monstravit,
1203 468 1419 537 quando
1460 470 1533 524 ita
1570 484 1659 523 res
1690 468 1940 538 dignatus
1968 474 2013 529 Α
2113 469 2167 523 4.
2209 467 2325 523 Non
2369 484 2431 524 se
2477 470 2647 524 exsuli
2678 478 2704 517 ι
2732 479 2918 525 vestro
2958 478 3175 526 sanctus
3227 469 3395 528 frater
3447 486 3625 530 noster

356 579 445 623 est
471 570 806 638 gubernare,
838 574 897 619 ut
941 571 1102 616 tanta:
1134 561 1211 615 rei
1243 569 1297 616 et
1324 561 1448 614 talis
1480 570 1503 596 ι
1533 560 1789 614 indicium
1823 574 1939 614 ser-

357 669 514 713 varet
543 672 761 712 suorum
795 654 1091 710 conventui
1121 654 1484 709 sacerdotum.
1524 651 1580 707 lo
1618 669 1782 707 unum
1812 668 1943 707 con-

356 748 565 818 gregati
607 745 837 816 apostoli
875 746 945 800 de
983 744 1087 799 (ide
1125 759 1269 812 stupe
1314 753 1613 798 tractarunt
1645 762 1656 797 :
1690 744 1741 798 in
1778 758 1945 798 unum

359 858 505 895 nunc
531 838 922 895 convenientes
947 837 1231 907 apostolici
1258 837 1324 891 de
1351 837 1469 905 ejus
1500 836 1729 890 victoria
1761 847 1946 906 gnatu-

359 934 568 987 lantur.
609 930 654 986 0
692 932 882 985 relatio
922 930 1085 999 digna
1125 928 1405 994 mittente,
1438 928 1596 997 digna
1634 928 1941 983 conventu!

363 1025 554 1080 Gaudii
585 1022 827 1078 cmlcstis
855 1021 1112 1076 indicium
1146 1020 1280 1075 tales
1308 1020 1511 1075 habere
1541 1020 1729 1074 debuit
1758 1023 1946 1090 cogni-

366 1128 535 1170 tores.
570 1114 637 1167 Et
665 1113 786 1183 quia
820 1127 907 1166 res
935 1122 989 1167 et
1016 1126 1179 1166 causa
1210 1111 1489 1181 deposcit,
1521 1110 1699 1165 locum
1730 1125 1945 1182 quoque

363 1205 628 1262 Convenit
657 1202 684 1242 δ
717 1214 824 1258 non
854 1203 1043 1257 taceri.

438 1297 492 1351 5.
524 1296 606 1351 Ad
638 1296 856 1349 beatum
885 1295 1189 1363 apostolum
1220 1293 1440 1348 Petrum
1480 1291 1798 1347 fraternitas
1825 1294 1948 1347 nni-

367 1403 523 1443 versa
566 1388 817 1442 convenit
844 1402 858 1441 :
889 1401 1017 1441 ecce
1044 1385 1367 1439 auditorium
1395 1397 1702 1456 congruens
1730 1384 1944 1438 audito-

372 1482 543 1541 ribus,
587 1478 919 1532 conveniens
947 1477 1249 1531 audiendis.
1280 1476 1597 1531 llabncrunt
1637 1473 1945 1544 coepiscopi

370 1572 540 1624 nosu'i
572 1570 718 1623 illum
758 1568 1239 1636 congratulationis
1280 1578 1468 1623 testem
1491 1608 1507 1633 ,
1536 1582 1695 1636 quem
1728 1577 1750 1605 ο
1784 1567 1947 1622 babe-

374 1677 490 1714 mns
526 1661 747 1713 honoris
778 1660 1057 1714 exordium
1084 1675 1100 1723 ;
1132 1670 1329 1712 sancta:
1359 1673 1587 1727 namque
1626 1667 1680 1713 et
1719 1672 1945 1712 venera-

372 1754 463 1806 bili
504 1752 741 1824 synodo,
784 1764 938 1821 quam
978 1753 1173 1807 natalis
1208 1750 1235 1789 ά
1268 1751 1395 1806 milii
1432 1751 1546 1806 dies
1584 1750 1799 1806 favente
1842 1751 1949 1805 Do—

2046 559 2281 614 Joannes
2317 560 2629 624 addiderat,
2672 575 2777 615 non
2817 560 2937 630 ejus
2972 570 3059 617 est
3080 562 3396 632 blaspheme
3426 566 3627 632 pra‘di-

2046 653 2259 707 catione
2298 653 2600 721 deceptus;
2631 667 2752 707 nam
2774 695 2791 720 ,
2821 662 3081 723 quantum
3109 664 3291 710 rerum
3323 656 3502 712 exitus
3531 655 3631 712 do-

2047 754 2135 799 cet
2154 787 2169 809 ,
2200 746 2483 814 suspendit
2512 760 2662 800 suam
2690 748 3013 801 sententiam
3038 789 3053 813 ,
3086 762 3191 802 non
3220 750 3458 819 negavit.
3492 749 3657 812 Nam,

2047 836 2177 906 quid
2226 838 2277 890 in
2311 837 2645 892 iuvientorem
2677 838 2938 893 malorum
2967 848 3151 909 posset
3172 840 3317 896 aliud
3340 842 3585 909 judicare
3607 888 3622 911 ,

2049 931 2151 985 nisi
2182 926 2212 969 Ιι
2238 932 2377 997 quod
2409 931 2670 1000 probatur
2701 932 2814 1000 ipse
2844 946 2941 1000 per
2965 932 3279 987 sacerdotes
3307 948 3436 988 suos
3473 935 3629 1004 cujus

2046 1021 2303 1090 agebatur
2329 1036 2489 1075 causa
2510 1062 2525 1086 ,
2556 1019 2803 1077 sentire?
2831 1022 3104 1078 Statuerat
3132 1024 3233 1077 boe
3264 1024 3519 1077 nimirum
3553 1024 3625 1079 de

2048 1120 2360 1165 nostrorum
2398 1113 2676 1167 desertore
2704 1120 3005 1167 castrorum
3026 1154 3041 1175 ,
3072 1113 3215 1180 quod
3243 1126 3272 1165 a
3299 1112 3531 1167 ducibus
3559 1114 3627 1166 fi-

2048 1201 2134 1255 dei
2169 1198 2186 1239 ί
2222 1201 2474 1255 suaderet
2505 1201 2724 1271 perfidia
2749 1201 3001 1271 judicari.
3042 1201 3341 1271 Numquam
3386 1216 3449 1257 se
3476 1217 3508 1255 a
3536 1217 3632 1256 no-

2048 1304 2163 1346 stro
2202 1307 2425 1347 numero
2454 1301 2765 1362 separasset
2785 1332 2801 1356 ,
2830 1292 2882 1345 in
2912 1306 3074 1361 quem
3106 1294 3281 1362 potuit
3316 1302 3369 1348 et
3398 1294 3626 1348 reverti.

2124 1382 2158 1436 5
2189 1384 2429 1449 Exsulta,
2460 1381 2625 1437 frater
2648 1382 2987 1448 eharissime,
3014 1392 3069 1437 et
3098 1383 3165 1437 ad
3197 1396 3296 1437 nos
3319 1384 3630 1439 recollectis

2051 1474 2304 1528 fratribus
2329 1479 2499 1528 victor
2523 1474 2754 1529 exsulta.
2785 1473 3072 1541 Quaerebat
3102 1474 3343 1530 Ecclesia
3370 1489 3510 1545 quos
3543 1491 3633 1529 re-

2048 1567 2209 1637 cepit.
2242 1566 2372 1619 Nam
2414 1567 2459 1619 si
2488 1567 2763 1620 neminem
2796 1566 2973 1636 perire
3001 1564 3250 1619 volumus
3278 1564 3345 1620 de
3373 1566 3586 1635 pusillis
3608 1607 3627 1631 ,

2048 1668 2248 1725 quanto
2297 1658 2463 1727 magis
2510 1656 2847 1727 gaudendum
2883 1657 3040 1711 nobis
3065 1665 3149 1712 est
3186 1658 3415 1712 sanitate
3442 1668 3628 1713 recto-

2052 1749 2211 1804 rum?
2260 1748 2512 1818 Legimus
2541 1764 2645 1803 una
2686 1750 2803 1803 ovis
2837 1761 3094 1818 quantum
3126 1749 3307 1819 gaudii
3350 1760 3627 1818 reportata

371 1843 518 1895 mino
566 1851 954 1911 congregarat,
1006 1842 1130 1911 quia
1181 1841 1259 1896 sic
1306 1841 1632 1895 credendum
1673 1849 1787 1909 est,
1831 1842 1947 1910 ipse
1978 1849 2022 1906 Β
2053 1840 2365 1909 prmstiterit
2390 1839 2545 1903 (Luc.
2574 1856 2661 1905 xv,
2685 1841 2784 1911 6);
2816 1850 2869 1894 et
2892 1839 3090 1894 ideirco
3114 1837 3521 1908 intelligendum
3545 1849 3632 1895 est

373 1931 654 2001 pt-msedit,
696 1932 1129 2003 quandoquidem
1170 1933 1437 2001 probatur
1477 1946 1576 1985 nec
1615 1932 1809 2001 spiritu
1848 1946 1948 1986 nec

370 2035 601 2089 corpore
628 2020 888 2076 defuisse.
920 2021 1085 2075 Aﬂuit
1118 2023 1338 2089 palmae,
1368 2022 1458 2089 qui
1480 2021 1810 2076 contentioni
1839 2037 1946 2076 non

371 2112 576 2179 defuit;
598 2113 737 2181 juvit
774 2113 1075 2166 animorum
1106 2122 1227 2166 Vota
1260 2124 1565 2167 nostrorum
1585 2155 1601 2180 ,
1632 2112 1721 2182 qui
1751 2121 1775 2151 °
1804 2113 1953 2167 videt

371 2204 615 2272 symbolo
645 2205 874 2272 primum
916 2206 1055 2257 inter
1087 2204 1375 2271 Aposuilos
1417 2203 1617 2258 tradito
1656 2203 1906 2273 derogari
1934 2220 1947 2257 :

373 2311 477 2349 non
509 2311 698 2365 passus
735 2307 818 2351 est
854 2295 873 2334 τ
906 2296 1195 2350 nefandum
1235 2305 1395 2363 caput
1432 2294 1671 2364 gaudere
1698 2295 1912 2350 solatiis
1933 2336 1949 2362 ,

374 2404 471 2442 nec
500 2388 700 2441 turbari
741 2387 833 2441 diu
876 2387 1000 2441 sivit
1041 2388 1303 2440 lutulento
1343 2388 1554 2456 gurgite
1594 2387 1761 2440 fontis
1807 2388 1951 2443 illius

375 2481 642 2550 perspicui
674 2482 986 2549 puritatem.
1015 2479 1092 2533 Ad
1123 2495 1221 2533 nos
1252 2480 1453 2533 reversi
1486 2490 1610 2533 sunt
1636 2480 1850 2545 fratres,
1881 2481 1949 2535 ad

375 2586 503 2637 nos,
536 2572 751 2639 inquam
775 2611 791 2636 ,
824 2572 911 2640 qui
956 2571 1199 2624 morbum
1236 2572 1506 2624 communi
1549 2572 1729 2625 studio
1763 2586 1948 2641 perse-

375 2674 633 2734 quentes,
665 2666 964 2719 animarum
992 2665 1300 2719 curavimus
1330 2665 1639 2720 sanitatem.

451 2855 473 2883 ι
506 2846 567 2899 Ει
598 2845 685 2899 hic
711 2845 958 2899 indicium
982 2884 996 2905 ,
1025 2851 1078 2897 et
1118 2841 1254 2895 infra
1278 2881 1292 2905 ,
1324 2839 1519 2894 Gaudii
1557 2839 1772 2894 caelestis
1808 2840 1944 2894 indi—

376 2918 510 2969 cium
558 2915 936 2982 pratfcrimns;
988 2915 1231 2982 quamvis
1276 2912 1579 2982 utrobique
1612 2911 1667 2964 in
1714 2912 1943 2980 vulgatis

377 2981 912 3057 obtineatjudicium.
945 2983 1153 3052 Quippe
1182 2984 1263 3057 de_
1279 2998 1337 3057 re
1366 2998 1470 3057 non
1502 2981 1676 3050 agitur
1701 2982 1946 3057 judican-

376 3060 440 3109 da
465 3099 478 3119 ,
509 3058 602 3110 sed
633 3052 697 3109 ile
730 3058 1007 3110 indicanda
1038 3065 1092 3107 et
1124 3053 1461 3121 percipienda
1485 3097 1498 3119 ,
1545 3066 1664 3120 qua:
1703 3052 1945 3120 cognito-

380 3144 464 3179 res
495 3144 599 3181 non
629 3128 693 3179 ad
736 3125 1108 3180 excutiendam
1155 3138 1410 3187 causam,
1453 3122 1546 3177 sed
1589 3121 1655 3175 ad
1704 3123 1942 3176 laetitiam

379 3214 497 3250 eum
538 3199 617 3249 eis
655 3212 723 3249 ex
760 3210 920 3247 causa
969 3193 1200 3247 feliciter
1249 3193 1394 3244 finita
1439 3192 1940 3245 communicandant

750 3246 1016 3318 veteribus
1048 3273 1221 3315 autem
1252 3262 1403 3315 libris
1442 3262 1702 3335 judicium
1726 3272 1780 3317 et
1807 3263 1946 3316 indi-
1972 3246 2016 3308 Ο

382 3340 518 3389 cium
546 3352 650 3389 non
684 3336 836 3388 aliter
869 3335 1173 3401 pinguntur.

456 3407 481 3444 ⁸
511 3406 664 3469 Apud
699 3409 888 3459 liaron.
914 3445 928 3467 ,
960 3403 1189 3456 convenit
1217 3402 1427 3454 intueri.

456 3489 477 3516 ο
503 3477 695 3531 Affinis
716 3484 799 3530 est
822 3476 905 3528 bic
929 3477 1077 3528 locus
1100 3473 1174 3525 illi
1196 3472 1368 3525 hiricii
1393 3473 1443 3524 in
1465 3472 1686 3525 exordio
1708 3473 1864 3540 epist.
1883 3475 1946 3529 ιε

385 3547 508 3603 Cum
543 3549 595 3600 in
629 3564 781 3599 unum
812 3545 1018 3612 plurimi
1062 3543 1465 3596 convenissemus
1508 3544 1576 3595 ad
1621 3544 1787 3596 sancti
1823 3561 1949 3611 apo-

388 3621 498 3672 stoli
532 3618 669 3670 Petri
699 3618 973 3684 reliquias,
1016 3631 1104 3684 per
1143 3628 1372 3686 quamet
1403 3614 1721 3682 apostolatus
1754 3622 1802 3668 el
1835 3616 1947 3686 epi-

382 3700 620 3749 sconatus
652 3691 701 3741 in
733 3687 931 3742 Christo
959 3687 1107 3748 coepit
1137 3684 1424 3739 exordium.

455 3760 478 3796 ά
515 3762 624 3811 Non
673 3774 715 3809 ts
759 3776 865 3821 quo
908 3759 960 3810 in
1006 3757 1160 3809 terris
1199 3765 1382 3817 ortus,
1424 3753 1518 3806 sed
1560 3769 1665 3817 quo
1697 3754 1951 3810 Ecclesia:

374 3827 633 3880 Romanae
661 3827 946 3881 ordinatus
963 3837 1047 3880 es:
1073 3828 1381 3896 episcopus.
1406 3827 1560 3883 llnnc
1584 3830 1727 3884 diem
1748 3831 1950 3898 pariter

368 3898 731 3968 aliAnastasio
751 3900 766 3945 l
788 3898 1017 3950 natalem
1035 3915 1185 3950 suum
1204 3909 1449 3951 vocatum
1465 3902 1674 3959 essc,ad
1691 3916 1947 3968 eumque,

374 3966 542 4020 veluti
575 3983 719 4017 n'orc
750 3968 858 4034 jam
904 3978 1138 4033 recepto.
1175 3968 1370 4020 multos
1410 3970 1696 4036 episcopos
1729 3966 1948 4024 invitari

375 4037 726 4107 r-ousucvisse
750 4036 986 4107 vidimus
1012 4052 1196 4102 supra.
1218 4036 1368 4105 Xysti
1391 4052 1676 4092 successor
1699 4039 1806 4092 Leo
1836 4040 1952 4107 plu-

369 4121 468 4160 res
501 4106 550 4158 in
579 4108 764 4157 eadem
788 4105 1105 4176 celebritate
1126 4122 1405 4160 sermones
1428 4107 1639 4161 habuit.
1667 4109 1733 4162 Et
1754 4108 1806 4161 in
1840 4105 1949 4176 pri-

320 4194 323 4195 ν
381 4190 468 4224 tuo
487 4176 728 4229 uuidcm.
753 4189 871 4237 cap.
901 4174 955 4237 ’5,
978 4175 1243 4238 plurimos
1261 4177 1542 4243 episcopos
1568 4176 1631 4229 ad
1654 4176 1798 4230 illam
1821 4174 1950 4230 con-

374 4243 565 4297 ivenire
598 4244 785 4297 solitos
818 4252 967 4297 natat
1003 4245 1086 4297 bis
1118 4245 1297 4295 verbis
1326 4261 1339 4295 :
1365 4243 1600 4308 Cumque
1628 4249 1763 4299 lianc
1795 4262 1943 4299 vene-

383 4320 619 4372 i-nbitiuiu
659 4316 1074 4371 consacerdorum
1111 4312 1571 4383 splendidissimum
1614 4314 1953 4382 frequentiam

384 4391 528 4442 video
549 4432 560 4450 ,
591 4389 875 4459 angelicum
898 4387 1045 4459 nobis
1084 4387 1136 4459 in
1157 4394 1252 4459 _tot
1288 4385 1476 4459 sanctis
1512 4385 1675 4459 sentio
1713 4386 1953 4459 interesse

385 4453 705 4512 conventuin.
743 4458 943 4511 Exinde
972 4456 1335 4509 celebritatem
1370 4454 1543 4517 illam,
1578 4453 1729 4524 Xysti
1761 4457 1947 4522 instar,

385 4532 449 4580 ad
480 4532 617 4583 beati
656 4530 792 4583 l‘elri
820 4530 1043 4596 gloriam
1076 4525 1341 4586 referens,
1372 4525 1599 4593 adjecit:
1631 4524 1743 4596 Nec
1773 4527 1945 4592 abest,

384 4612 440 4651 ut
479 4602 712 4665 confido,
758 4595 943 4651 αὺίΙοοσ
970 4608 1097 4650 coetu
1128 4597 1401 4648 beatissimi
1430 4596 1649 4665 apostoli
1687 4595 1824 4649 Petri
1864 4604 1949 4663 pia

386 4673 614 4737 dignatio
640 4683 685 4722 et
723 4671 829 4738 ﬁd't
869 4670 1099 4727 devciio,
1145 4682 1237 4738 nec
1272 4664 1489 4717 vestram
1517 4664 1834 4738 devotionem
1862 4668 1949 4721 ille

387 4736 603 4802 deserit,
646 4736 792 4807 cujus
834 4755 926 4790 nos
974 4736 1247 4807 ret-crcutia
1294 4737 1638 4805 congregavit.
1687 4736 1947 4803 Quocirca

384 4826 686 4864 sermonem
704 4805 750 4863 ‘5
776 4811 853 4862 sic
877 4807 1076 4860 claudit
1104 4824 1115 4858 :
1161 4805 1247 4856 Illi
1270 4821 1388 4874 ergo
1416 4809 1550 4856 hunc
1577 4808 1831 4859 servitutis
1858 4824 1951 4860 no-

382 4894 502 4936 sti-az
526 4895 851 4936 ausurum
879 4893 1025 4942 nini,
1056 4876 1135 4927 illi
1164 4876 1479 4928 ascribamus
1506 4878 1598 4927 hoc
1626 4876 1826 4945 festum,
1853 4893 1948 4930 cu-

383 4955 466 5022 ius
511 4952 795 5018 patrocinio
835 4951 976 5022 sedis,
1010 4947 1168 5022 ipsius
1211 4948 1488 5022 meruimus
1525 4961 1640 5022 esse
1668 4958 1947 5001 consortes.

386 5016 582 5077 Eadem
628 5037 838 5089 quoque
882 5021 1094 5072 ratione
1133 5018 1200 5072 de
1242 5018 1343 5069 hoc
1386 5017 1522 5070 festo
1564 5016 1771 5071 llilarus
1812 5032 1947 5087 papa

374 5095 539 5161 epist.
572 5094 604 5149 8
634 5094 884 5160 loquitur.

452 5175 477 5202 ⁸
512 5165 662 5231 Apud
697 5154 920 5223 B.tron.,
948 5156 1270 5231 quiivideret.
1303 5157 1433 5231 Qua;
1469 5156 1523 5231 in
1564 5154 1851 5231 epistolam
1883 5159 1952 5211 15

374 5228 610 5289 Nestorii
659 5250 804 5287 num.
855 5233 887 5285 4
928 5230 995 5284 de
1039 5229 1239 5283 Nicatni
1289 5228 1522 5299 symboli
1565 5228 1950 5295 depravatione

377 5316 629 5361 annotata
664 5313 788 5357 sunt
813 5344 827 5365 ,
860 5301 1083 5355 videsis.

457 5376 471 5414 ί
506 5378 637 5430 Cum
669 5374 867 5443 Xystus
895 5369 1198 5443 Nestorium
1240 5384 1386 5443 nunc
1431 5366 1709 5436 nefandum
1744 5375 1907 5443 caput
1930 5407 1945 5431 ,

379 5462 496 5497 tum
532 5438 757 5501 exsulem
783 5451 999 5496 vestrum
1020 5483 1033 5502 ,
1062 5440 1290 5495 subinde
1316 5442 1623 5493 inventorem
1651 5438 1904 5489 malorum
1928 5478 1942 5501 ,

377 5532 561 5583 postea
592 5517 900 5569 desertorem
938 5523 1222 5565 castrorum
1250 5519 1438 5583 votret‘,
1483 5509 1693 5576 aliaque
1732 5507 1942 5560 ratione

374 5580 537 5651 supra
569 5584 846 5653 iudigitet,
898 5584 1099 5637 nomini
1142 5582 1284 5635 illius
1330 5580 1545 5653 videtur
1582 5592 1801 5644 parcere
1848 5591 1944 5631 vo-

375 5650 542 5711 luisse
562 5698 576 5719 ,
609 5650 749 5725 quod
784 5668 849 5707 ne
877 5655 1042 5707 semel
1074 5653 1288 5725 quidem
1319 5650 1573 5725 appellat.

446 5736 472 5775 ε
507 5716 753 5779 Ιίιίείίειις
781 5725 1035 5776 diaconus
1066 5716 1224 5789 paulo
1256 5716 1613 5787 post—initium
1646 5716 1780 5769 Dial.
1811 5730 1942 5769 con-

377 5810 456 5853 tra
498 5799 699 5861 Alit‘plt.
745 5796 960 5861 proprio
1000 5794 1140 5862 stylo
1186 5795 1282 5846 ista
1335 5792 1410 5846 sic
1451 5789 1660 5843 reddit:
1690 5789 1940 5852 Quoniam

2052 1933 2176 2000 quid
2206 1932 2378 1986 laudis
2419 1933 2613 1986 habeat
2640 1942 2818 1986 tantos
2858 1947 3142 1987 revocasse
3185 1942 3448 2002 pastores.
3481 1933 3627 1989 Gre-

2052 2038 2145 2093 ges
2194 2024 2529 2093 aSpiciuntur
2578 2023 2631 2078 in
2688 2024 2951 2094 singulis;
3001 2038 3102 2079 nec
3133 2022 3296 2079 unius
3344 2023 3430 2078 hie
3463 2039 3628 2079 causa

2055 2123 2347 2182 tractatur,
2397 2115 2610 2185 quoties
2657 2117 2835 2186 agitur
2874 2115 2948 2171 de
2985 2117 3216 2172 sanitate
3253 2115 3269 2167 i
3311 2118 3629 2173 multorum.

2056 2206 2324 2261 Laetamur
2355 2204 2381 2244 ιι
2415 2206 2503 2261 ltic
2528 2206 2662 2260 niltil
2692 2206 2867 2276 egisse
2899 2221 2999 2262 nos
3018 2221 3391 2277 praecoquum,
3414 2209 3632 2278 quando

2056 2298 2231 2353 fructu
2280 2307 2479 2353 nostra:
2524 2300 2809 2353 sententia-
2855 2299 3210 2369 gratulamur.
3259 2298 3632 2355 Sustinuimus

2054 2380 2269 2455 fratres,
2298 2388 2433 2443 certi
2459 2403 2553 2444 eos
2579 2406 2682 2443 non
2714 2387 2929 2459 spinas,
2975 2389 3070 2445 sed
3097 2405 3229 2446 uvas
3255 2404 3377 2447 esse
3405 2389 3422 2428 ι
3454 2391 3628 2447 laetu-

2052 2494 2142 2533 ros
2175 2479 2394 2551 (Matth.
2427 2494 2520 2542 vn,
2556 2480 2665 2549 l7).
2701 2478 2756 2533 In
2781 2479 3016 2534 evidenti
3060 2490 3146 2536 est
3170 2490 3477 2535 nostrorum
3506 2481 3631 2535 vin-

2050 2572 2223 2628 demia
2253 2572 2570 2642 gaudiorum
2590 2613 2604 2637 ,
2632 2587 2753 2641 qua:
2777 2580 3019 2626 sanctam
3060 2572 3327 2644 synodum
3378 2573 3628 2641 largitate

2050 2663 2423 2734 gratulationis
2467 2662 2730 2733 implevit.
2766 2661 2987 2717 Vineam
3018 2677 3171 2718 suam
3202 2672 3387 2718 custos
3417 2663 3508 2718 ille
3532 2666 3641 2717 euo'

2046 2855 2337 2915 numquam.
2368 2840 2560 2915 similia
2606 2840 2853 2915 _Nestorio
2901 2844 3108 2915 sapuit,
3155 2843 3246 2898 sed
3288 2859 3320 2896 α
3367 2844 3627 2913 princip'o

2047 2911 2200 2984 fuerit
2235 2908 2558 2984 orthodoxus
2588 2910 2818 2966 Ioannes
2847 2908 3201 2967 sanctissimus
3231 2908 3393 2984 frater
3422 2908 3619 2977 noster,

2046 2980 2163 3052 licet
2193 2980 2317 3032 olim
2345 2981 2645 3034 sententiam
2685 3000 2831 3035 suam
2868 2980 3239 3052 suspenderit,
3262 2996 3315 3035 ut
3355 2985 3626 3038 nobiscum

2049 3049 2351 3103 Nestorium
2376 3052 2582 3104 minime
2613 3049 2997 3107 condemnaret.
3024 3055 3158 3108 Cum
3189 3054 3528 3109 orthodoxus
3558 3059 3626 3108 ab

2050 3120 2204 3194 initio
2236 3123 2397 3175 fuerit
2427 3120 2666 3194 Joannes
2686 3164 2702 3186 ,
2731 3134 2889 3190 atque
2915 3126 3130 3194 egregia
3159 3126 3384 3192 epistola
3428 3128 3622 3178 Nesto-

2049 3191 2228 3258 rium,
2262 3201 2547 3261 antequam
2580 3191 3214 3262 daiitnaretttrfargueie
3254 3211 3359 3248 non
3403 3196 3624 3249 dubita-

2049 3262 2222 3326 verit,
2273 3277 2370 3315 cur
2416 3264 2753 3329 postmodum
2802 3265 2869 3315 ab
2918 3264 3016 3317 lioe
3062 3264 3311 3319 ll:t'I‘CIiC0
3361 3267 3625 3320 condem-

2052 3330 2233 3384 naudo
2270 3346 2393 3402 sese
2431 3333 2722 3386 sustinuit?
2763 3333 2873 3388 lloc
2913 3336 3161 3389 nimirum
3205 3336 3270 3395 in,
3294 3351 3450 3389 causa
3486 3336 3582 3389 fuit
3606 3380 3621 3402 ,

2051 3402 2192 3475 quod
2238 3400 2516 3457 Nestorius
2563 3416 2778 3471 accepta
2806 3404 2989 3475 ipsius
3031 3407 3256 3472 epistola
3306 3400 3623 3475 rescripsit,

2052 3472 2173 3525 ideo
2205 3480 2410 3525 tantum
2437 3491 2462 3523 ει
2495 3489 2553 3527 se
2581 3489 2775 3527 nomen
2804 3473 3045 3542 Deipara:
3076 3478 3227 3529 vitari
3250 3516 3266 3538 ,
3294 3492 3361 3531 ne
3387 3478 3506 3529 inite
3529 3472 3623 3531 nos

2050 3557 2287 3616 sequaces
2316 3542 2541 3616 bieretici
2568 3542 2830 3616 Apollinai
2842 3546 2878 3616 ii
2904 3547 3343 3616 reprehenderent.
3390 3547 3540 3601 Unde
3569 3560 3620 3600 et

2051 3610 2284 3686 Joannes
2327 3614 2392 3686 ad
2426 3610 2661 3667 Firmum
2701 3610 2969 3686 Synodiei'
3001 3630 3120 3680 cap.
3169 3614 3202 3667 4
3252 3616 3321 3670 de
3369 3616 3621 3672 Nestoiio

2051 3683 2239 3757 scribit
2264 3700 2277 3736 :
2311 3683 2444 3757 Quia
2469 3699 2587 3757 vero
2616 3695 2662 3737 et
2692 3683 2808 3737 ante
2834 3688 3057 3757 eripuerit
3088 3687 3193 3755 (de
3226 3688 3315 3739 liei
3351 3689 3623 3742 llenitrice

2053 3753 2211 3826 sicut
2226 3758 2365 3822 nos),
2387 3754 2506 3807 inde
2534 3758 2845 3808 convincitur
2863 3753 2985 3826 quia
3010 3770 3053 3809 et
3077 3753 3175 3809 cito
3194 3759 3416 3809 constitit
3438 3758 3622 3810 admo-

2053 3824 2285 3897 nentibus
2315 3826 2495 3897 nobis,
2522 3826 2650 3897 sicut
2676 3842 2708 3877 a
2737 3824 2957 3896 propriis
2998 3828 3053 3893 ﬁt
3078 3868 3093 3890 ,
3140 3838 3184 3881 et
3232 3828 3399 3897 ipsum
3438 3843 3623 3880 noiiien

2052 3896 2277 3968 accepit,
2307 3902 2355 3968 et
2382 3895 2435 3947 in
2460 3893 3212 3968 duobussermonibns.sanant
3250 3893 3374 3968 ﬁdei
3415 3900 3618 3961 exposi—

2054 3964 2238 4015 tionem
2266 3973 2312 4016 et
2339 3965 2831 4031 irrepreltensibilem
2860 3964 3232 4021 nobis'direxit.
3252 3964 3258 3965 ⁷
3282 3967 3477 4021 Verum
3514 3968 3623 4019 Iri--

2056 4033 2255 4088 reticus
2293 4034 2383 4087 ille
2421 4036 2629 4089 etiamsi
2670 4038 2987 4105 quandoque
3032 4037 3286 4104 linguam,
3329 4053 3620 4105 numquam

2056 4111 2231 4177 tamen
2272 4106 2543 4170 animum,
2588 4106 2823 4160 virorum
2873 4107 3190 4175 prudentum
3228 4108 3467 4177 judicio,
3498 4125 3618 4161 mu~

2054 4173 2205 4226 tavit.

2124 4240 2153 4279 δ
2185 4243 2238 4297 ld
2260 4254 2369 4318 est,
2399 4245 2498 4299 nisi
2529 4245 2601 4305 id.
2632 4246 2772 4315 quod
2804 4246 3085 4311 Christus,
3119 4248 3267 4318 cujus
3309 4263 3467 4301 causa
3494 4264 3619 4318 age-

2055 4314 2224 4388 batur,
2257 4314 2503 4381 probatur
2532 4330 2621 4381 per
2644 4314 2933 4371 sacerdotes
2962 4334 3079 4370 suos
3113 4314 3398 4388 ἰιιᾈγιιοάο
3430 4314 3614 4386 Εμιὶθ-

2055 4386 2169 4455 sitia
2191 4395 2542 4455 congregatos
2563 4389 2779 4441 sentire.

2131 4452 2147 4492 ι
2181 4452 2422 4509 Labbeus
2454 4456 2664 4521 mallet,
2693 4474 2788 4510 sua
2833 4455 3049 4510 drberct.
3096 4457 3453 4511 Retinendum
3482 4476 3612 4510 sua-

2055 4524 2192 4577 deret
2218 4526 2316 4578 hoc
2344 4526 2634 4590 intellectu,
2666 4527 2927 4581 Joannem
2959 4529 3007 4580 id
3037 4528 3102 4580 de
3136 4528 3381 4581 Nestorio
3402 4532 3617 4581 statuis-

2054 4610 2133 4657 se,
2162 4595 2301 4666 quod
2332 4596 2549 4666 perfidia
2589 4598 2705 4666 ejus
2750 4611 2872 4651 uma
2900 4599 3149 4653 suaderet
3178 4602 3247 4653 de
3292 4600 3383 4653 illo
3410 4613 3441 4651 a
3472 4600 3621 4652 duci-

2052 4666 2150 4718 bus
2179 4665 2299 4719 fidei
2326 4665 2579 4732 judicari.

2127 4735 2141 4783 l
2184 4735 2296 4788 Non
2325 4737 2567 4802 displicet
2609 4735 2803 4790 Labbei
2835 4736 3141 4805 conjectura
3168 4782 3182 4805 ,
3216 4753 3319 4805 qua
3362 4748 3620 4793 rectorum

2055 4804 2192 4877 forte
2223 4807 2499 4877 legendum
2531 4820 2651 4860 esse
2679 4804 2957 4861 admonet.
2987 4804 3317 4873 Quamquam
3341 4825 3463 4862 cum
3508 4812 3620 4877 ple-

2054 4875 2136 4946 bis
2190 4876 2474 4929 multitudo
2535 4886 2820 4930 censeatur
2869 4878 2924 4930 in
2981 4878 3323 4946 rectoribus,
3390 4875 3615 4935 rectoris

2052 4944 2311 5012 enjusmte
2336 4957 2559 5008 sanitas,
2593 4948 2793 4999 sanitas
2821 4958 2899 5001 est
2926 4949 3239 5002 multorum.

2125 5015 2149 5053 ι
2185 5015 2331 5069 llanc
2360 5018 2675 5069 sententiain
2709 5016 2955 5071 Rusticus
2977 5019 3091 5072 loco
3117 5021 3281 5072 citato
3297 5018 3373 5072 sic
3402 5019 3617 5083 retinet,

2055 5098 2107 5139 nt
2142 5086 2301 5139 verba
2332 5102 2559 5157 prorsus
2583 5095 2752 5141 mutet
2792 5087 2842 5140 in
2873 5090 3009 5141 hunc
3036 5089 3251 5141 modum
3292 5105 3307 5141 :
3337 5091 3460 5157 quia
3496 5090 3619 5143 bene

2052 5158 2286 5225 fecimus,
2318 5158 2402 5222 qui
2433 5156 2560 5209 nihil
2584 5167 2758 5208 contra
2781 5172 2899 5209 eum
2924 5158 3243 5227 deﬁnivlmus
3264 5156 3618 5227 immaturum;

2052 5227 2244 5297 clurent
2275 5231 2408 5297 enim
2438 5237 2722 5279 nostrorum
2751 5227 3017 5297 vindemia:
3041 5228 3367 5297 gaudiorum.

2129 5295 2145 5335 ι
2184 5295 2333 5365 Apud
2368 5295 2558 5350 Baron.
2581 5340 2595 5362 ,
2630 5297 2868 5349 lecturos.
2900 5295 3128 5350 labiad
3160 5312 3353 5364 marg.,
3383 5299 3613 5363 laturos;

2050 5369 2252 5436 rectius
2306 5375 2481 5419 tamen
2533 5366 2587 5419 in
2639 5374 2784 5420 testu
2812 5406 2849 5436 ,7
2878 5369 3128 5436 facturos.
3166 5370 3367 5421 Altudit
3391 5370 3608 5433 quidem

2050 5434 2249 5505 Xystus
2272 5437 2336 5491 ad
2371 5437 2498 5508 illud
2528 5436 2718 5508 Matth.
2750 5453 2765 5489 :
2801 5434 3066 5508 umquid
3093 5438 3339 5508 colligunt
3361 5438 3424 5493 de
3452 5440 3617 5508 spinis

2048 5508 2217 5561 uvas?
2244 5507 2336 5560 sed
2370 5507 2494 5559 hinc
2525 5507 2712 5574 probat
2737 5507 2921 5573 spinas
2946 5524 3051 5560 non
3081 5507 3238 5569 esse,
3263 5510 3405 5576 quia
3438 5507 3623 5563 certus

2048 5589 2163 5630 erat
2197 5576 2313 5630 fore
2336 5588 2389 5628 ut
2415 5577 2601 5629 facturi
2627 5587 2806 5631 essent
2833 5592 2995 5641 uvas;
3022 5593 3144 5632 cum
3168 5578 3412 5633 Christus
3437 5580 3611 5632 dicat:

2053 5646 2174 5700 Non
2201 5658 2360 5713 potest
2389 5647 2543 5700 arbor
2588 5647 2723 5698 mala
2751 5648 2949 5716 fructus
2972 5648 3129 5701 bones
3160 5649 3345 5717 facere.
3391 5651 3509 5716 Quo
3558 5649 3609 5701 in

2051 5718 2167 5772 loco
2190 5732 2326 5771 vers.
2361 5719 2445 5780 l7,
2481 5719 2541 5771 I8
2566 5728 2617 5770 et
2645 5716 2725 5782 l9,
2753 5717 2897 5772 verbi
2926 5721 3123 5787 facere,
3160 5716 3260 5774 non
3291 5719 3447 5787 ferre,
3480 5732 3613 5773 con-

2054 5798 2200 5842 stans
2230 5804 2356 5842 usus
2387 5800 2489 5843 est.
