3916 6178
291 369 396 431 suo

703 368 922 426 EPIST.
967 369 1079 428 νει.
1123 367 1330 427 XYSTI
1371 368 1576 425 ΡΑΡΕ
1617 369 1707 424 ΑΒ
1747 367 2146 425 PERIGENEM
2185 368 2704 426 CORINTlllORUM
2751 371 3162 428 EPISCOPUM.

3465 371 3568 428 filo

291 496 374 538 tor
398 491 572 553 potest
600 496 745 546 esse,
775 496 934 551 quam
988 481 1164 550 palma
1190 481 1262 535 ⁸2
1313 481 1598 546 Fruamur,
1649 493 1870 537 auctore
1898 486 1950 545 Α
1975 484 2060 538 cio
2079 493 2471 548 consecratum,
2508 496 2562 538 ut
2588 485 2919 554 aegritudinis
2965 488 3208 543 morbum
3238 501 3393 558 quem
3421 496 3571 542 astu-

291 575 540 642 Domino,
574 575 715 628 bono
743 585 903 642 atque
938 571 1196 640 jucundo,
1249 573 1373 640 quia
1405 572 1456 627 in
1490 588 1653 627 unum
1681 573 1872 628 fratres

290 683 475 724 rursus
503 669 764 738 coepimus
789 666 1032 721 habitare
1071 665 1190 738 (Ps.
1221 681 1433 731 cum,
1467 666 1543 735 1)..
1597 665 1720 720 llaec
1746 680 1871 719 san-

288 761 522 814 ctitatem
573 770 713 813 luam
762 759 1006 814 volumus
1046 757 1338 828 prtedicare
1365 772 1488 826 quae
1513 757 1724 812 scribis.
1757 759 1871 812 Ex-

287 867 469 924 pertus
497 870 556 910 es
589 855 786 924 negotii
810 854 1090 923 presentis
1113 864 1330 917 eventu,
1353 853 1481 920 quid
1511 852 1581 906 sit
1609 853 1811 907 sentire
1839 851 1867 891 ι)

282 947 585 1003 nobiscum.
621 947 814 1001 Beatus
845 947 1034 1000 Petrus
1062 946 1336 1016 apostolus
1365 946 1416 999 in
1459 946 1868 1000 successoribus

280 1041 416 1106 suis,
447 1040 591 1109 quod
634 1039 862 1108 accepit,
907 1038 1008 1092 hoe
1049 1037 1287 1091 tradidit.
1337 1037 1468 1104 Quis
1518 1037 1587 1090 ab
1643 1037 1762 1106 ejus
1808 1051 1868 1092 se

283 1131 414 1183 velit
441 1143 695 1196 separare
721 1129 992 1192 doctrina,
1047 1143 1204 1197 quem
1254 1129 1369 1193 ipse
1413 1128 1552 1182 inter
1593 1127 1869 1197 apostolos

277 1221 511 1289 primum
543 1221 800 1290 magister
825 1215 1083 1273 edocuit?
1105 1218 1218 1272 Non
1257 1219 1396 1272 hunc
1423 1219 1635 1273 audttus
1661 1233 1755 1287 per
1784 1218 1867 1272 al-
1890 1271 1906 1284 ,,

277 1322 475 1380 terum,
502 1328 607 1366 non
638 1327 818 1366 sermo
844 1311 1011 1364 lectus
1043 1311 1298 1365 instruxit
1332 1327 1347 1365 ε
1380 1310 1570 1364 doctus
1610 1321 1694 1363 est
1742 1325 1865 1364 cum

272 1407 396 1458 aliis
423 1421 517 1458 ore
563 1405 826 1459 Doctoris.
863 1401 977 1457 Non
1033 1402 1335 1470 scriptum,
1377 1417 1482 1456 non
1543 1411 1862 1472 scriptorum

276 1513 470 1566 passus
505 1508 589 1552 est
615 1499 1000 1568 qtnestionem;
1055 1497 1354 1551 absolutam
1377 1506 1430 1552 et
1473 1497 1771 1566 simplicem
1808 1499 1867 1552 fi-

273 1590 423 1655 dem,
453 1602 506 1643 et
536 1604 654 1657 quae
693 1589 1116 1643 controversiam
1169 1603 1274 1642 non
1324 1588 1563 1654 haberet,
1631 1591 1862 1658 accepit,

270 1696 436 1751 quam
463 1680 644 1751 utique
659 1681 904 1736 meditari
935 1695 1168 1748 semper,
1201 1690 1256 1735 et
1286 1682 1337 1734 in
1379 1696 1482 1750 qua
1516 1697 1735 1737 manere
1765 1683 1864 1740 de-

269 1775 489 1839 bemus,
524 1783 580 1827 ut
607 1789 768 1828 sensu
783 1787 917 1843 puro
945 1774 1547 1843 sequentesApostolos,
1575 1775 1712 1830 inter
1729 1790 1860 1845 apo-

269 1866 501 1920 stolicos
524 1880 646 1920 esse
690 1881 1011 1922 mereamur.
1061 1864 1176 1918 Non
1221 1881 1404 1934 parum
1455 1866 1609 1921 nobis
1655 1867 1857 1936 oneris,
1894 1878 1940 1936 Β

271 1971 385 2011 ιιοη
415 1972 602 2026 parum
629 1955 826 2012 laboris
851 1955 1129 2021 incumbit,
1157 1967 1214 2009 ttt
1243 1958 1495 2012 Ecclesiae
1522 1958 1732 2014 Domini
1752 1975 1864 2014 nta-

268 2050 394 2103 eula
423 2049 564 2103 desit
589 2059 643 2103 et
671 2063 797 2118 ruga
827 2047 1046 2119 (Ep/tes.
1076 2063 1131 2114 v,
1153 2048 1267 2117 27).

343 2143 401 2197 6.
431 2141 600 2207 Quam
625 2156 842 2209 semper
867 2156 1031 2209 super
1057 2139 1158 2194 hoc
1178 2154 1300 2195 esse
1349 2139 1562 2195 solliciti
1616 2156 1716 2196 nos
1764 2142 1863 2199 de-

267 2234 520 2300 beamus,
553 2231 1748 2298 clementissimorumetchristianissimowm
1781 2249 1868 2289 re-

267 2343 401 2397 gunt
433 2341 562 2380 cura
597 2334 842 2380 testatur.
884 2325 1098 2392 Aspice,
1124 2325 1290 2380 frater
1333 2325 1670 2393 charissime,
1702 2329 1865 2384 caele-

267 2419 341 2472 sti
376 2420 590 2487 negotio
619 2434 777 2487 quam
802 2431 861 2471 se
906 2417 1188 2487 vigilanter
1231 2418 1610 2487 impenderint.
1652 2417 1868 2490 Cogita-

268 2513 484 2568 tionmn
505 2522 530 2550 ι
560 2513 718 2566 ferias
754 2513 1129 2578 nesciverunt;
1153 2527 1252 2567 nec
1280 2513 1480 2583 dignati
1505 2522 1628 2568 sunt
1655 2521 1866 2569 terrena

268 2620 489 2668 curare,
518 2604 623 2658 nisi
645 2603 955 2659 caelestibus
981 2606 1302 2674 paruissent.
1351 2605 1573 2673 Quoties
1613 2606 1869 2676 apostoli-

270 2713 398 2751 cam
432 2696 638 2758 sedero,
669 2697 880 2766 quoties
931 2697 1171 2751 diversos
1232 2699 1424 2754 fratres
1457 2714 1646 2754 eorum
1687 2714 1868 2756 sermo

270 2789 613 2842 commovit?
645 2789 1023 2856 Impenderunt
1048 2803 1106 2844 se
1145 2789 1262 2858 ejus
1306 2793 1519 2860 negotio
1559 2792 1648 2862 qui
1688 2807 1746 2846 se
1777 2807 1870 2846 eo-

271 2897 398 2936 rum
424 2898 713 2953 numquam
737 2883 948 2952 ncgavit
973 2884 1216 2953 imperio.
1234 2883 1420 2940 Sciunt
1441 2900 1499 2940 se
1527 2885 1601 2940 illi
1628 2887 1871 2942 fenerare

272 2961 698 3028 sollicitudinem
753 2989 904 3028 suam
960 2977 1050 3044 qui
1098 2990 1215 3030 eam
1266 2991 1385 3030 cum
1435 2977 1624 3047 grandi
1681 2978 1871 3032 reddat

275 3081 465 3118 usura.
486 3065 563 3118 De
584 3081 686 3134 qua
714 3081 770 3120 re
795 3081 890 3118 nos
919 3067 1167 3120 convenit
1187 3067 1424 3135 gloriari,
1450 3068 1570 3136 quia
1593 3069 1868 3123 caelestem

275 3158 480 3228 Regem
532 3157 777 3212 videmus
815 3157 1108 3213 foederatos
1157 3175 1310 3229 reges
1356 3160 1554 3216 habere
1583 3172 1870 3216 terrarum.

279 3251 614 3319 luti-Iliguul,
648 3253 784 3304 sicut
815 3253 890 3304 ait
914 3251 1098 3317 David,
1142 3260 1196 3306 et
1222 3253 1417 3307 eruditi
1448 3263 1573 3306 sunt
1615 3254 1705 3323 qui
1732 3253 1875 3322 judi-
1903 3245 1948 3308 C

279 3359 402 3398 cant
436 3352 636 3398 terram
662 3343 781 3414 (Ps.
816 3361 874 3411 ll,
909 3345 1019 3418 l0),
1076 3345 1310 3413 quando,
1351 3347 1490 3403 sicut
1543 3347 1671 3400 dicit
1726 3347 1871 3412 alibi,

280 3435 380 3504 ipsi
414 3444 469 3490 et
498 3450 689 3490 omnes
745 3439 922 3506 populi
979 3436 1197 3493 laudant
1245 3453 1442 3493 nomen
1500 3438 1714 3493 Domini
1755 3439 1872 3508 (Ps.

282 3541 502 3591 chvnt,
541 3526 648 3596 12).

357 3621 413 3674 7.
450 3621 754 3692 Ergoquia,
807 3621 944 3676 sicut
995 3623 1069 3677 ait
1118 3622 1427 3693 Ap0stolns,
1493 3623 1624 3679 fides
1663 3624 1766 3678 una
1797 3635 1880 3680 est

290 3712 501 3786 (Ephes.
531 3729 605 3781 tv,
631 3715 710 3783 6),
742 3729 862 3783 qum
881 3724 934 3769 et
956 3713 982 3752 ά
1025 3715 1303 3770 vincenter
1353 3716 1602 3780 obtinuit,
1650 3717 1874 3772 dicenda

289 3804 600 3872 credamus,
621 3817 673 3860 et
707 3806 935 3860 tenenda
963 3807 1226 3862 dicamus.
1261 3807 1405 3861 Nihil
1436 3809 1576 3862 ultra
1600 3809 1759 3864 liceat
1782 3826 1879 3863 no-

293 3898 466 3962 vitati,
490 3897 615 3967 quia
641 3898 771 3951 nihil
803 3898 960 3966 adjici
1008 3901 1258 3954 convenit
1310 3901 1582 3955 vetustati.
1637 3901 1878 3956 Dilttc?da

290 3999 342 4044 ct
394 3992 680 4058 perspicua
727 3991 988 4059 majorum
1033 4001 1056 4028 ι’
1089 3992 1379 4046 credulitas
1409 3992 1550 4046 nulla
1577 3993 1717 4047 caeni
1760 4009 1881 4061 pcr-

290 4081 551 4135 minione
577 4081 841 4136 turbetur.
874 4081 1044 4138 liabet
1071 4084 1350 4151 probatum
1383 4083 1536 4137 nobis
1567 4084 1739 4137 virum
1770 4084 1882 4138 fra-

291 4181 427 4226 trem
456 4183 510 4226 et
541 4175 920 4242 coepiscopum
939 4186 1178 4228 nosnum
1209 4175 1586 4230 Maximianum
1619 4174 1882 4229 Constan-

289 4261 662 4332 tin0politzunu
692 4265 944 4321 Ecclesia:
973 4267 1327 4332 sacerdotem,
1375 4266 1553 4321 divino
1601 4266 1709 4321 illic
1731 4267 1881 4337 judi-

363 4433 388 4460 *ι
418 4423 754 4496 Subauditur
785 4425 847 4476 de
873 4423 995 4493 ﬁdei
1037 4423 1343 4496 adversariis
1395 4423 1589 4496 relata.
1609 4424 1764 4496 Xysti
1795 4440 1885 4480 ar-

287 4505 609 4564 gumentun
645 4493 823 4547 verbis
869 4496 1062 4548 nititur
1095 4495 1109 4547 Ι
1141 4493 1297 4549 Joan.
1346 4512 1398 4564 ν,
1427 4497 1458 4548 4
1494 4514 1506 4550 :
1545 4493 1674 4548 nae
1709 4505 1782 4550 est
1815 4497 1888 4549 vi-

289 4567 457 4618 ctoria
481 4580 595 4630 qua:
615 4565 764 4617 vincit
790 4567 1061 4626 mtmdum,
1083 4566 1211 4633 fides
1253 4577 1444 4630 uestra;
1468 4567 1616 4633 quasi
1641 4565 1846 4621 diceret
1873 4585 1886 4621 :

1979 574 2065 627 tia:
2095 589 2299 628 venena
2329 573 2346 612 τ
2375 575 2540 629 solius
2569 577 2896 643 infuderant,
2948 588 3172 648 superet
3211 579 3570 649 simplicitatis

1975 665 2203 721 dulcedo
2225 667 2546 734 succedens;
2581 672 2666 740 qui
2702 687 2808 726 non
2865 671 2976 727 iEIic
3004 673 3148 728 aliud
3201 690 3358 743 quam
3387 676 3568 730 credi-

1977 773 2093 812 tnus
2141 760 2336 827 poterit
2388 761 2701 828 prmdicare,
2761 763 2860 817 nisi
2915 766 3054 831 quod
3111 781 3139 819 a
3187 767 3566 821 decessorihns

1974 852 2130 918 meis,
2166 853 2442 907 nohi~cum
2502 855 2708 922 positus
2761 855 3068 925 frequenter
3097 859 3319 912 audivit.
3358 869 3382 907 tt
3429 860 3562 914 Data

1972 957 2040 995 xv
2089 942 2343 999 kalendas
2397 947 2667 1012 Oetobris,
2724 948 3030 1003 Theodosio
3087 967 3171 1004 xw
3230 961 3285 1006 et
3344 949 3566 1006 llaximn

1971 1033 2303 1088 consulibus.

2498 1147 2525 1186 ιι
2559 1149 2893 1205 EPISTULA
2937 1151 3043 1218 vn,

1970 1297 2126 1336 XYSTI
2149 1297 2206 1337 ιιι
2233 1299 2380 1338 ΡᾹΡΕ
2410 1301 2478 1338 AD
2505 1300 2803 1341 PEBIGENE“
2824 1301 3220 1341 CORINTIIIORUI
3255 1302 3560 1343 EPISCOPL‘I.

1974 1415 2285 1490 Utwvicarii
2317 1408 2320 1409 ν
2357 1422 2658 1488 apostolicae
2707 1421 2842 1474 sedis
2916 1421 3216 1490 dignitatem
3290 1421 3564 1479 Anastasio

2045 1488 2486 1543 Tltessalonicensi
2516 1492 2729 1543 antistiti
2752 1509 2784 1543 τι
2833 1508 2886 1543 se
2933 1488 2994 1544 ei
3017 1494 3226 1557 antiquo
3277 1509 3562 1545 moremu-

2039 1574 2231 1632 cessam
2259 1571 2566 1626 revereatur,
2596 1574 2744 1631 atque
2770 1564 2884 1632 ejus
2939 1564 3236 1616 auctoritati
3278 1579 3334 1625 se
3362 1565 3562 1616 subtra-

2041 1631 2160 1683 Itere
2186 1647 2250 1683 ne
2277 1640 2464 1685 tentet.

2225 1746 2586 1800 Dilectissimo
2615 1745 2763 1800 fratri
2787 1746 3039 1802 Psntcsm
3082 1746 3301 1804 Xvs'rus.

2041 1881 2090 1934 1.
2122 1878 2390 1935 Gratulari
2434 1881 2611 1952 potius
2662 1896 2822 1950 quam
2867 1880 3123 1948 conqueri
3145 1879 3465 1934 deberemus
3493 1878 3561 1932 de

1969 1981 2072 2026 tua:
2126 1971 2478 2026 fraternitatis
2513 1972 2738 2036 actibus,
2771 1986 2891 2024 cum
2948 1970 3037 2024 tibi
3078 1972 3386 2039 apostolica:
3413 1971 3561 2024 sedis

1965 2062 2258 2116 auctoritas
2287 2062 2340 2115 in
2382 2062 2513 2130 ipsis
2554 2071 2658 2116 tua:
2697 2061 3052 2114 ordinationis
3089 2060 3275 2124 initiis,
3333 2060 3472 2125 quod
3507 2071 3559 2113 te

1966 2169 2181 2223 semper
2227 2154 2535 2209 meminisse
2582 2161 2816 2223 oportet,
2879 2151 2894 2190 ί
2946 2151 3180 2207 affuerit.
3234 2152 3340 2207 Sed
3373 2163 3428 2206 ut
3457 2169 3561 2206 Itu-

1967 2253 2138 2300 strum
2165 2257 2246 2300 est
2272 2262 2379 2299 non
2409 2246 2508 2300 ista
2560 2254 2833 2311 retexere,
2867 2243 2938 2297 ita
2995 2251 3099 2297 tua:
3139 2241 3392 2298 convenit
3434 2241 3556 2296 fidei

1968 2339 2223 2392 retinere.
2256 2336 2407 2392 Nunc
2438 2337 2613 2407 aliqua
2638 2337 2860 2390 incitare
2903 2333 3141 2389 voluisse
3162 2333 3509 2403 cognovimus
3542 2351 3556 2386 :

1967 2430 2061 2484 sed
2092 2429 2227 2497 lucc,
2260 2446 2382 2485 cum
2422 2444 2511 2483 res
2537 2445 2632 2498 per
2673 2438 2978 2481 nostrorum
3029 2426 3391 2497 praisentiam,
3424 2441 3561 2495 quos

1968 2525 2085 2578 vice
2117 2535 2298 2577 nostra
2326 2523 2390 2578 ad
2420 2539 2512 2578 eas
2546 2532 2724 2592 partes
2759 2533 2976 2591 propter
3007 2520 3103 2573 has
3133 2534 3324 2573 causas
3360 2519 3556 2574 direxi-

1969 2632 2110 2679 mus,
2139 2617 2329 2683 snpita:
2354 2616 2480 2681 sint,
2513 2614 2872 2684 przeterimus.
2926 2611 3056 2666 Nam
3089 2621 3143 2665 et
3186 2621 3402 2666 sanctos
3443 2611 3555 2665 fra-

1972 2719 2080 2764 tres
2113 2717 2328 2761 nostros
2358 2706 2727 2760 Martianinum
2760 2702 3163 2774 presbyterumi
3192 2704 3330 2756 idem
3363 2710 3418 2756 et
3443 2702 3560 2755 dia-

1970 2817 2165 2857 conum
2200 2799 2496 2854 Lollianutn
2522 2799 2694 2868 egisse
2723 2798 2934 2861 credas,
2984 2794 3126 2863 quod
3155 2806 3207 2848 et
3239 2793 3559 2847 utilitatibus

1973 2896 2078 2950 tuis
2104 2907 2157 2950 et
2187 2895 2331 2949 sedis
2381 2895 2688 2963 apostolica:
2743 2891 3045 2946 auctoritati
3102 2897 3426 2959 congrueret
3456 2906 3470 2942 :
3506 2897 3562 2943 et

1975 2986 2174 3040 idcirco
2207 2999 2350 3038 nunc
2373 2985 2437 3037 ad
2463 2985 2848 3037 fraternitatem
2902 2993 3046 3036 tuam
3078 2980 3148 3036 nil
3205 2982 3308 3036 tale
3343 2982 3566 3049 scripsi-

1977 3093 2114 3141 mus,
2150 3091 2256 3145 quo
2310 3075 2402 3128 tibi
2437 3073 2700 3127 tristitiam
2749 3087 3090 3141 genere-mos,
3140 3074 3264 3142 quia
3297 3072 3564 3124 malumus

1976 3169 2314 3223 correctione
2342 3165 2561 3235 paciﬁca
2595 3165 2643 3219 id
2676 3166 2816 3235 quod
2843 3175 3099 3218 tentatum
3130 3163 3302 3218 fuerat
3333 3164 3562 3219 aboleri.

2050 3259 2102 3313 ξ’..
2128 3259 2279 3314 Nunc
2303 3274 2452 3327 ergo,
2473 3250 2640 3322 frater
2657 3257 2993 3322 cltarissinte,
3029 3256 3336 3310 admonitus
3367 3256 3571 3308 nostris.

1974 3352 2217 3421 epistolis
2247 3367 2339 3419 per
2363 3349 2582 3403 fratrem
2631 3360 2684 3402 et
2726 3348 3105 3416 coepiscopum
3159 3358 3400 3401 nostrum
3462 3345 3543 3400 Lu

1975 3460 2116 3511 cam,
2149 3445 2238 3514 qui
2266 3443 2331 3496 ad
2364 3458 2457 3497 vos
2488 3441 2599 3496 sola
2632 3441 2908 3496 charitatis
2929 3441 3096 3509 gratia
3131 3433 3450 3509 provocatus
3474 3439 3572 3490 ad.

1975 3535 2144 3602 venit,
2175 3547 2361 3589 sancto
2394 3532 2544 3587 fratri
2591 3543 2644 3586 et
2688 3533 3010 3600 eoepierpo
3057 3543 3241 3585 nostra
3281 3530 3569 3584 Anastasio

1979 3627 2479 3682 Thessalonicensis
2503 3624 2647 3677 urbis
2675 3623 2898 3676 antistiti
2925 3638 3041 3675 eam
3071 3634 3285 3675 servato
3308 3635 3569 3675 reveren-

1982 3717 2108 3772 tiam
2150 3731 2308 3786 quam
2367 3713 2549 3768 caueri
2577 3728 2792 3781 quoque
2850 3711 3126 3779 pontifices
3156 3725 3248 3781 per
3299 3710 3567 3780 Illyricum

1983 3806 2261 3864 CouStitnti
2309 3821 2436 3874 erga
2488 3803 2724 3872 pratdicti
2774 3799 3086 3870 dignitatem
3139 3816 3415 3854 reservare
3462 3815 3568 3853 nou

1983 3901 2258 3964 abnuunt;
2293 3913 2412 3951 cum
2436 3897 2667 3950 sciamus
2696 3895 2824 3947 nihil
2851 3909 3045 3946 novum
3078 3893 3155 3946 illi
3176 3909 3203 3944 ει
3232 3893 3388 3946 nobis
3411 3892 3571 3947 fuisse

1984 4006 2328 4055 concessum,
2353 3988 2445 4043 scd
2476 3988 2526 4042 id
2559 3986 2697 4057 quod
2732 3986 2847 4056 ejus
2877 3986 3252 4040 decessoribus
3282 3987 3446 4041 nostri
3475 3985 3572 4040 de-

1986 4099 2233 4140 cessores
2259 4082 2596 4144 detulerant,
2621 4077 2799 4133 habita
2852 4077 3288 4133 consideratione
3331 4078 3575 4147 discipli-

1991 4189 2074 4227 na:
2105 4171 2490 4228 ecclesiasticzn
2529 4172 2903 4224 constitutum.
2955 4168 3068 4222 Tua
3116 4169 3259 4223 enim
3303 4169 3469 4238 magis
3496 4168 3574 4222 in-

1991 4275 2156 4321 terest
2178 4277 2233 4320 ut
2257 4265 2377 4319 huic
2393 4264 2678 4335 plurimum
2701 4260 3011 4317 deferatur“
3026 4262 3302 4329 Ecclesiae,
3332 4277 3453 4332 qua:
3482 4261 3577 4317 tibi

2069 4434 2092 4494 ἐ
2132 4423 2284 4494 Apud
2312 4423 2646 4494 Vincentium
2677 4419 2872 4494 Lirim,
2905 4419 3044 4494 fides
3059 4428 3117 4494 et,
3137 4419 3436 4494 credulitas.

2073 4493 2091 4532 ί
2121 4490 2338 4558 Baron.,
2370 4495 2571 4562 sopitis.
2601 4492 2760 4544 Vana:
2815 4490 3046 4543 Nestor-ii
3072 4491 3418 4562 eloquentur,
3459 4507 3577 4559 quae

1997 4566 2114 4620 solo
2142 4577 2261 4618 astu
2286 4558 2440 4617 fulta'
2472 4567 2738 4616 hmreseos
2773 4576 3035 4614 venenum
3069 4558 3407 4625 infundebat,
3450 4558 3581 4613 sun-

288 4638 346 4692 Si
378 4629 504 4690 fidei
533 4638 807 4703 pronrium
856 4645 939 4690 est
975 4629 1213 4700 vincere,
1246 4637 1385 4705 qttod
1422 4629 1594 4704 majus
1633 4638 1885 4690 indicium
1919 4633 1968 4691 D
1999 4636 2208 4702 plicitas
2234 4633 2519 4703 opponitur
2572 4632 2972 4705 praedicationis
3023 4629 3354 4694 Maximiani,
3397 4633 3579 4705 quifi-

289 4721 419 4760 csse
449 4707 621 4773 possit
653 4720 818 4772 penes
853 4721 948 4759 nos
981 4722 1102 4761 esse
1121 4723 1301 4760 veram
1337 4708 1520 4772 fidem,
1552 4723 1712 4776 quam
1743 4709 1884 4775 quod

294 4790 466 4846 penes
491 4791 589 4830 nos
622 4777 795 4843 palma
826 4786 908 4830 est
936 4788 1094 4844 atque
1119 4778 1380 4830 victoria?
1409 4784 1744 4845 Qttupl'Oplel‘
1781 4792 1885 4832 non

296 4848 470 4916 placet
502 4847 642 4919 isllltl
679 4847 924 4914 Bll‘Ollll,
946 4863 1102 4916 quant
1130 4857 1182 4901 ut
1213 4850 1384 4919 palma
1408 4848 1642 4917 fruamur
1682 4860 1890 4902 auctore

301 4919 528 4969 Domino
556 4926 604 4969 et
626 4917 775 4970 bona.

372 4989 397 5025 ι’
436 4988 546 5042 lloc
573 4998 674 5050 est,
708 5001 828 5040 cum
852 4988 1144 5052 apostolica
1167 4987 1316 5053 sede,
1347 4988 1430 5042 cui
1456 4988 1508 5042 in
1539 4989 1725 5057 primis
1769 4989 1888 5044 fidei

299 5057 603 5120 tle-positum
637 5075 662 5108 a
697 5058 912 5111 Christo
953 5061 1003 5112 in
1039 5059 1197 5113 Petro
1246 5061 1532 5124 creditum,
1564 5070 1616 5113 et
1648 5078 1675 5111 a
1732 5061 1890 5114 Petro

303 5128 710 5182 sucenswtibns
738 5129 851 5182 suis
885 5130 1135 5184 traditum
1165 5140 1324 5195 atque
1357 5131 1728 5184 transmissum
1770 5131 1886 5184 fuit.

378 5208 400 5270 ἐ
435 5199 633 5253 Eadem
658 5201 907 5261 l0=|ll0lltll
939 5203 1148 5254 ratione
1180 5201 1346 5255 utitur
1387 5200 1695 5267 Simplicius
1736 5217 1893 5270 papa,

307 5269 393 5341 qui
425 5270 712 5338 epistolam
734 5270 798 5324 l9
825 5273 901 5323 sic
927 5272 1168 5325 orditur:
1204 5271 1586 5341 Cogitationum
1612 5271 1764 5340 ferias
1790 5269 1893 5326 non

287 5340 580 5411 ‘haoemus;
613 5356 704 5411 nec
724 5341 854 5392 enim
886 5343 1146 5411 quiescere
1176 5340 1452 5396 uos’rausa
1477 5344 1744 5408 permittit.

377 5410 403 5446 ά
435 5413 587 5479 Apud
623 5410 813 5464 Baron.
836 5426 881 5462 et
900 5410 1070 5466 Lab.:
1092 5411 1208 5466 Una
1230 5422 1363 5466 estet
1389 5414 1636 5466 vincentes
1663 5414 1900 5466 obtinuit.

311 5477 870 5550 livulgatoVinci-otii
899 5483 1064 5536 Lirin.
1095 5483 1522 5538 Comtnonitorio
1550 5499 1668 5550 cap.
1701 5485 1793 5549 45,
1814 5485 1902 5537 ubi

312 5551 424 5623 haec
450 5553 714 5606 sententia
742 5554 995 5618 refertur,
1017 5551 1131 5608 Una
1152 5567 1224 5607 est
1247 5571 1361 5623 quw
1381 5556 1634 5608 evidenter
1663 5555 1901 5608 obtinuit.

313 5619 415 5676 Pro
441 5625 719 5694 evidenter,
747 5623 807 5694 in
833 5629 1148 5692 pcrantiquo
1193 5619 1430 5694 ejusdem
1494 5625 1903 5679 Commonitorii

313 5695 602 5762 exemplari
633 5693 795 5766 Corh.
829 5703 1005 5766 exstat
1034 5697 1317 5756 riitcenter.
1353 5700 1495 5766 quod
1548 5697 1771 5765 perinde
1821 5705 1906 5750 cst

312 5776 472 5835 atque
514 5765 920 5835 cttttt_}'ictnt'i;c
959 5766 1154 5835 palma.
1218 5765 1445 5821 Rursum
1503 5767 1586 5821 hic
1631 5767 1695 5822 ad
1738 5768 1902 5824 verba

311 5831 571 5891 Honn.v.
591 5841 632 5902 l,
657 5833 853 5900 Xystus
877 5831 973 5890 sua
1004 5837 1186 5904 exigit.

1991 4709 2112 4761 dem
2135 4702 2335 4759 certam
2369 4714 2426 4758 et
2446 4706 2510 4757 ab
2540 4702 2830 4770 apostolica
2854 4705 2980 4755 sede
2997 4712 3298 4770 acceptam,
3334 4718 3438 4754 non
3466 4703 3584 4756 sine

1990 4793 2052 4834 ea
2083 4778 2367 4830 dulcedine
2400 4791 2557 4844 quam
2591 4775 2785 4844 veritas
2825 4773 2985 4842 parit,
3021 4772 3289 4826 tradebat.

2065 4858 2090 4895 8
2115 4847 2392 4916 Septemb.
2418 4843 2495 4900 ’15
2525 4863 2650 4899 antt.
2681 4843 2809 4898 455.

2063 4917 2090 4954 δ
2139 4911 2260 4971 Iliae
2313 4919 2537 4986 epismla
2586 4931 2688 4970 una
2737 4913 3082 4986 cutnitribus
3131 4911 3583 4986 sultsequentilns

1993 4990 2238 5046 Concilio
2265 4982 2504 5042 Roiitano
2536 4989 2633 5039 sub
2662 4987 2699 5038 Β
2723 4985 2933 5038 mifacio
2967 4984 3028 5046 ll,
3059 4984 3200 5052 qttod
3228 4982 3398 5037 Lucas
3430 4983 3584 5037 llols-

2000 5064 2176 5114 tcnius
2210 5059 2403 5129 publici
2432 5059 2567 5127 juris
2609 5057 2762 5119 fecit,
2793 5057 2991 5129 inserti
3024 5065 3125 5129 est.
3159 5053 3422 5129 Chronica
3460 5067 3585 5108 uota

1998 5147 2118 5200 qua:
2162 5121 2285 5184 huic
2335 5121 2504 5191 deest,
2538 5144 2599 5181 ex
2633 5126 2880 5190 sequenti
2912 5124 3212 5200 supplenda
3239 5134 3346 5178 est.
3376 5121 3588 5200 Obscu-

2001 5196 2118 5256 rnm
2139 5202 2278 5256 enim
2303 5217 2406 5253 non
2428 5209 2512 5254 est
2527 5210 2806 5264 utramque
2827 5196 3013 5250 eadem
3035 5197 3099 5251 de
3112 5209 3270 5249 causa
3291 5197 3586 5265 eademque

2007 5274 2291 5329 occasione
2319 5271 2674 5337 conscriptam
2705 5283 2844 5321 es:e.

2084 5341 2098 5379 ί
2132 5342 2296 5412 Cujus
2326 5343 2401 5396 rei
2432 5333 2589 5396 fidem
2638 5339 2840 5392 faciant
2867 5335 3122 5390 Bonifacii
3154 5333 3438 5404 lepistolze
3467 5337 3524 5403 ι,
3557 5339 3592 5392 5

2007 5426 2059 5470 et
2087 5417 2104 5468 Ι

2085 5486 2097 5534 i
2140 5485 2318 5544 Forte,
2344 5483 2486 5536 item.

2084 5557 2107 5592 κ
2141 5555 2426 5623 l’erigenes
2445 5552 2668 5606 tuultnm
2691 5550 2946 5623 Bouiania:
2969 5547 3202 5623 debebat
3215 5545 3490 5623 Ecclesiae,
3509 5557 3590 5623 ul-

2015 5635 2135 5693 pote
2164 5616 2317 5693 cujus
2349 5623 2543 5694 praesa]
2566 5622 3017 5694 Bonifaciusenm
3061 5619 3373 5694 praefecerat
3399 5616 3593 5694 Coriu-

2014 5690 2418 5764 thiis,atque'ut
2450 5697 2587 5747 hanc
2641 5697 2822 5748 sedem
2873 5692 3054 5764 invitis
3101 5690 3598 5764 ajmulis‘retineret

2013 5761 2282 5821 effecerat.
2320 5765 2572 5820 Nonnihil
2628 5779 2837 5833 quoque
2877 5761 3058 5817 debuit
3103 5762 3596 5825 Tltessztlonicensi,

2015 5841 2310 5904 pra-serum
2341 5851 2466 5894 cum
2500 5835 2802 5892 Bonifacius
2855 5835 3004 5892 iiluttt
3055 5833 3453 5890 Corinthiorum
3483 5835 3595 5902 epi-
