3916 6178
1268 311 1469 367 XYSTI
1511 311 1576 367 III
1617 311 1818 367 PAPIE
1859 311 2211 368 EPISTOLIE
2256 314 2340 369 ΕΤ
2382 312 2717 373 ΒΕΟΒΕΤΑ.

3502 328 3586 382 (ili

368 439 576 481 tantum
608 425 828 481 honoris
847 425 1094 492 contulit,
1120 434 1179 479 ut
1209 441 1304 495 pro
1323 437 1374 480 te
1399 439 1585 481 contra
1605 441 1700 481 eos
1727 426 1815 495 qui
1855 427 1949 481 tibi
1976 432 2027 490 Α
2053 428 2146 482 Cui
2177 443 2398 485 necesse
2424 438 2509 485 est
2536 445 2633 485 nos
2660 445 2904 501 quoque,
2928 431 3111 500 siquid
3142 441 3341 489 tentare
3369 440 3583 507 voluerit,

374 532 501 574 tunc
520 517 694 573 aemuli
720 518 928 572 fuerant
958 527 1305 587 repugnaret.

891 682 917 709 ⁸
945 673 1281 729 EPISTULA
1327 674 1461 741 VIII,

526 802 675 841 XYSTI
722 802 778 841 Ill
830 803 977 841 ΡΔΡιΕ
1018 804 1086 842 AD
1124 802 1356 842 SYNODU!
1406 802 1813 842 TRESSALONICAI

942 873 1386 914 CONGREGANDAI.

383 964 573 1036 Victirii
604 967 900 1032 dignitatem
930 983 1017 1033 per
1041 964 1309 1036 Illyricum
1335 983 1388 1018 se
1411 966 1474 1019 de
1505 981 1646 1018 more
1686 964 1957 1017 Anastasio

444 1035 881 1088 Thcssaloniccnsi
907 1038 1145 1106 episcopo
1199 1036 1450 1106 tribuisse.
1490 1038 1617 1106 Ωιιίὲ
1655 1035 1960 1106 ejussitpo-

447 1116 621 1169 testas,
654 1122 767 1173 qua:
817 1104 1010 1159 munia.
1050 1106 1116 1160 Ut
1163 1107 1206 1159 ei
1258 1105 1527 1176 Perigenes
1573 1104 1957 1158 Corinthiorum

446 1180 714 1247 episcopus
739 1179 1066 1241 subiiciatur.

379 1287 751 1386 Dilectissimis
810 1313 1064 1386 fratribus
1110 1315 1373 1368 universis
1431 1315 1697 1382 episcopis
1752 1316 1960 1386 synodo

517 1384 657 1452 apud
686 1384 1116 1438 Thessalonicam
1144 1387 1533 1454 congregandis
1563 1384 1791 1439 Xvs'rus.

452 1517 503 1569 I.
533 1516 586 1569 Si
611 1526 867 1584 quantum
893 1515 1183 1569 inservitur
1206 1516 1411 1584 legibus
1432 1524 1486 1569 et
1508 1516 1807 1585 principum
1826 1531 1958 1571 ceu-

374 1607 605 1671 stitutis,
648 1622 763 1671 qum
789 1616 910 1659 sunt
959 1607 1270 1675 temporalia
1302 1618 1356 1661 et
1398 1615 1689 1676 mutantur,
1723 1618 1774 1662 et
1818 1623 1961 1678 smpe

375 1698 572 1764 saapius
600 1697 899 1761 abolentur,
931 1706 1136 1751 tantum
1169 1698 1363 1751 divinis
1394 1698 1600 1767 legibus
1637 1700 1962 1769 mternisque

380 1785 976 1843 mandatisobedientiaz
992 1800 1388 1859 praestaremus,
1437 1807 1677 1846 essemus
1719 1791 1960 1863 profecto

378 1894 603 1931 summa:
630 1880 970 1934 beatitudinis
996 1890 1299 1949 compotes,
1333 1891 1385 1936 et
1409 1882 1690 1936 mundana:
1723 1885 1956 1938 vexatio-

380 1972 460 2023 llis
498 1972 771 2026 molestias
794 1973 1108 2037 vitaremus,
1134 1973 1225 2027 illo
1260 1984 1471 2028 rectore
1501 1974 1581 2029 vel
1608 1976 1835 2044 praasule
1872 1974 1962 2044 qui

379 2063 603 2116 subinde
632 2064 917 2117 subvenire
953 2065 1176 2131 cupiens
1225 2066 1547 2134 quotidiauis
1580 2068 1799 2121 vocibus
1850 2068 1963 2121 cla-

381 2162 488 2206 mat
521 2170 534 2206 :
564 2152 926 2206 Concertimini
949 2155 1016 2207 ad
1040 2170 1139 2220 me,
1164 2164 1210 2207 et
1243 2166 1510 2208 convertar
1547 2157 1615 2209 ad
1640 2172 1725 2210 vos
1773 2154 1959 2225 (lactt.

381 2258 421 2306 ι,
450 2243 576 2311 '5)...
632 2242 801 2313 (Inter
846 2256 1027 2298 cwtcra
1057 2253 1104 2298 et
1136 2246 1204 2297 ad
1234 2246 1422 2315 locum)
1451 2246 1555 2301 Nos
1601 2246 1746 2301 fratri
1794 2258 1847 2301 et
1876 2262 1966 2302 co-

381 2336 636 2405 episcopo
659 2347 841 2389 nostro
852 2336 1136 2391 Anastasio
1161 2347 1362 2391 tantum
1380 2340 1689 2404 tribuimus,
1706 2352 1962 2410 quantum

383 2428 757 2481 decessoribus
777 2428 939 2492 ipsius
965 2443 995 2480 a
1021 2429 1217 2482 nostris
1238 2429 1612 2483 decessoribns
1626 2431 1959 2486 attributum.

386 2520 904 2587 I‘rt'orunijudicium
955 2522 1250 2589 sequimur,
1280 2522 1390 2575 ha'c
1440 2522 1818 2575 constituendo
1841 2539 1958 2592 qua:

382 2611 450 2665 ab
477 2611 558 2664 his
580 2611 822 2666 novimus
851 2615 1139 2667 eoustituta
1165 2630 1179 2667 :
1208 2614 1325 2684 quia
1350 2626 1401 2668 et
1450 2615 1621 2681 ipsum
1654 2617 1811 2683 hujus
1845 2631 1968 2683 pro-

386 2704 573 2757 hamus
604 2706 800 2769 meriti,
832 2706 985 2774 cujus
1018 2706 1233 2760 fuerunt
1263 2707 1338 2760 illi
1368 2710 1457 2778 qui
1485 2708 1607 2761 talia
1636 2717 1964 2764 meruerunt.

383 2793 568 2848 Nullus
596 2796 775 2851 obviet
811 2796 1116 2851 salubribus
1170 2798 1499 2863 constitutis,
1548 2799 1726 2854 nullus
1766 2815 1965 2870 pra-ce-

386 2886 653 2954 ptionibus
682 2887 761 2939 liis
788 2888 1032 2942 resultet.
1051 2888 1292 2942 llaheaut
1314 2889 1570 2944 honorem
1589 2905 1744 2945 suum
1770 2903 1968 2945 metro-

386 2978 603 3045 politani
640 2977 1040 3047 Itsingularum,
1096 2979 1248 3032 salvo
1293 2980 1453 3049 hujus
1491 2982 1765 3053 privilegio
1806 2997 1963 3051 quem

386 3072 652 3125 honorare
692 3071 921 3126 debeant
977 3074 1205 3141 amplius
1260 3074 1526 3131 honorati.
1597 3078 1652 3132 lu
1695 3078 1964 3147 provincia

2055 521 2311 585 obviare;
2343 522 2433 592 qui
2457 528 2846 591 prmteritorum
2889 538 3008 591 qua:
3027 523 3100 576 illi
3142 539 3233 592 per
3263 541 3355 580 nos
3384 533 3587 596 prastits

2055 621 2182 665 sunt
2206 627 2469 669 memores
2490 628 2674 671 sumus
2721 625 2775 670 et
2806 614 3009 669 illicitis
3031 628 3239 685 semper
3264 622 3590 687 .surpatioui-

2058 703 2157 758 bus
2183 705 2482 760 obviamus.

2128 801 2184 854 3.
2222 800 2295 854 De
2320 801 2531 855 caneris
2560 817 2708 863 vero,
2729 816 3081 873 quaecumque
3120 804 3222 859 illa:
3267 814 3405 869 sunt,
3425 810 3593 862 nostris

2062 890 2416 957 prmsentibus
2446 891 2695 946 volumus
2721 892 3016 950 finiantur:
3043 894 3288 962 quoniam
3318 891 3343 930 ἀ
3372 904 3468 948 tota
3496 896 3595 949 illo-

2062 996 2178 1033 rum
2206 980 2345 1047 apud
2369 996 2465 1036 nos
2506 982 2638 1036 (Ides
2677 990 2782 1049 est,
2821 994 2877 1038 ut
2900 999 3020 1053 quae
3049 984 3122 1038 illi
3151 986 3491 1055 probaverim,
3515 1002 3596 1041 nos

2060 1069 2345 1128 credamus
2368 1072 2637 1139 judicasse
2693 1074 2891 1140 pariter
2918 1082 2975 1129 et
3013 1076 3285 1144 probasse.
3333 1086 3355 1113 °
3385 1076 3501 1131 Data
3518 1092 3596 1132 vtu

2062 1160 2179 1213 idus
2205 1160 2396 1228 Julias,
2419 1162 2724 1219 Theodosio
2754 1180 2828 1218 xv
2857 1175 2912 1220 et
2967 1165 3329 1221 Valentiniano
3366 1182 3412 1222 tv
3452 1184 3595 1236 augu-

2061 1253 2159 1306 stis
2178 1254 2510 1309 consulbus.

2636 1348 2969 1404 EPISTOLA
2999 1349 3093 1412 IX,

2073 1435 2233 1491 XYS'I'I
2285 1452 2343 1490 III
2398 1452 2545 1492 ΡΔΡΕ
2571 1454 2637 1493 ΑΒ
2683 1454 2924 1494 Ριοειυιι
2975 1455 3600 1497 αοκετλκτικοιιοιιτηυι

2707 1525 3011 1565 ιιηειιυρωι.

2076 1617 2143 1674 Ut
2168 1619 2761 1695 sine_Thessaloniccnsis
2783 1625 3027 1677 antistitis
3082 1626 3318 1695 formata,
3340 1639 3401 1676 ex
3422 1624 3600 1695 iispro-

2143 1690 2321 1744 vinciis
2343 1708 2454 1759 qua:
2482 1694 2550 1744 ad
2574 1694 2716 1745 illum
2765 1695 3035 1760 pertinent,
3081 1690 3281 1749 nullum
3331 1694 3603 1747 sacerdotem

2138 1765 2207 1813 ad
2230 1778 2283 1814 sc
2313 1764 2589 1815 venientem
2615 1764 2880 1833 suscipiat.

2313 1872 2669 1928 Dilectissimo
2697 1874 2845 1929 fratri
2876 1875 3081 1931 l‘nocuo
3129 1877 3353 1931 errus.

2137 1985 2188 2037 I.
2225 1982 2371 2038 Licet
2416 1983 2798 2041 fraternitatem
2851 1997 3017 2053 tuam,
3056 1988 3350 2054 disciplinis
3386 1983 3606 2041 ecclesia-

2063 2078 2214 2135 Sticis
2240 2078 2524 2142 eruditam.
2549 2094 2610 2134 ea
2634 2082 2811 2133 omnia
2839 2096 2955 2148 qum
2985 2082 3049 2134 ad
3079 2084 3373 2150 regularum
3395 2086 3447 2132 et
3465 2092 3603 2130 cano-

2064 2187 2191 2228 num
2213 2171 2613 2227 observantiam
2639 2173 2910 2240 pertinent
2926 2175 3201 2229 custodire
3220 2186 3417 2229 summa
3437 2168 3606 2223 sollici-

2066 2264 2250 2319 tudine
2275 2265 2603 2331 noverimus,
2666 2267 3068 2334 necqnidquam
3098 2276 3195 2320 aut
3222 2267 3384 2335 ipsam
3435 2264 3604 2323 facere,

2065 2369 2154 2409 aut
2184 2354 2362 2410 facere
2399 2355 2534 2409 alias
2557 2357 2868 2413 saccrdmes
2901 2373 2958 2410 se
2995 2355 3013 2394 ί
3062 2357 3385 2412 conniveute
3420 2350 3607 2424 permit-

2067 2456 2199 2513 tere,
2233 2446 2373 2515 qitod
2404 2455 2610 2501 vetu~ta
2644 2447 2855 2502 Patrum
2903 2448 3192 2503 constituta
3228 2451 3499 2516 pervertat,
3526 2438 3607 2494 do-

2064 2538 2331 2592 cumentis
2353 2539 2687 2593 cvident.bus
2730 2541 3136 2608 probaverimus
3166 2540 3241 2611 (id
3268 2539 3404 2592 enim
3433 2533 3607 2604 optimo

2064 2630 2315 2684 convenit
2336 2641 2389 2685 et
2416 2629 2525 2685 Deo
2546 2630 2859 2701 dignissimo
2880 2631 3186 2698 sacerdoti,
3212 2637 3268 2683 ut
3286 2639 3338 2683 et
3358 2625 3419 2679 ad
3432 2639 3484 2678 se
3505 2636 3604 2689 μετ’

2076 2728 2300 2782 liuentia
2324 2741 2427 2794 qua
2451 2734 2625 2792 potest
2648 2738 2776 2776 rura
2813 2722 3107 2788 custodiat,
3142 2731 3197 2777 et
3223 2720 3351 2775 alios
3375 2710 3604 2769 fratribus

2071 2819 2185 2871 suis
2203 2818 2384 2871 debita
2405 2817 2627 2869 minimc
2646 2816 2950 2885 inquietare
2971 2815 3052 2867 vel
3078 2825 3347 2868 temerare
3368 2822 3426 2861 cx
3446 2804 3601 2873 aliqua

2074 2920 2224 2978 parte
2243 2908 2535 2977 permittat,
2554 2922 2960 2963 MODERATIOREII
2976 2914 3450 2960 BONORZPICENTIAI
3472 2905 3603 2950 suam

2067 3003 2270 3072 majore
2286 3002 2454 3072 gloria
2471 3010 2803 3063 servaturus,
2822 3004 2864 3057 si
2889 3000 3022 3053 nihil
3047 2999 3215 3053 licere
3234 3006 3408 3049 toutra
3426 2999 3601 3043 morem

2068 3103 2311 3148 veterum
2342 3095 2740 3149 attentantibns
2769 3095 2959 3159 sinat).
2997 3101 3186 3145 nostra
3229 3096 3400 3140 tamen
3431 3080 3603 3135 adhor-

384 3162 577 3230 suajns
605 3162 836 3215 habeant
857 3163 1134 3217 ordinandi
1163 3181 1177 3229 ;
1211 3167 1303 3220 sed
1327 3166 1448 3233 hoc,
1484 3168 1652 3222 inscio
1684 3169 1767 3224 vel
1798 3170 1963 3225 invito
1993 3187 2037 3249 ρ
2070 3187 2272 3237 m'one
2328 3197 2429 3254 pm-
2453 3184 2680 3252 graiiam
2706 3183 2989 3237 Charilaus
3024 3182 3129 3235 hoc
3176 3171 3484 3233 fraternitati
3514 3177 3603 3219 ωε

385 3269 542 3317 quem
580 3253 647 3306 de
673 3252 921 3306 omnibus
972 3256 1216 3309 volumus
1263 3256 1689 3311 ordinationibus
1736 3260 1967 3327 consuli,

387 3343 563 3414 nullus
592 3345 787 3398 audeat
813 3345 1080 3400 ordinare.
1113 3347 1193 3402 Ad
1222 3348 1753 3405 'I‘hes3alouiceusem
1794 3354 1967 3421 majo-

388 3453 475 3492 res
503 3453 678 3493 eausie
708 3438 1011 3493 referantur
1035 3441 1352 3495 antistitem.
1382 3441 1560 3511 Ipsum
1617 3444 1789 3513 major
1837 3460 1965 3501 cura

392 3541 677 3601 respectet,
710 3547 804 3586 eos
841 3535 928 3603 qui
958 3534 1023 3586 ad
1068 3534 1433 3605 episcopatum
1490 3548 1749 3592 vocantur
1787 3538 1967 3594 discu-

387 3624 551 3677 tiendi
581 3624 862 3678 sollicitius
889 3637 943 3679 et
973 3625 1253 3694 probandi.
1283 3627 1399 3696 Ipse
1421 3627 1653 3697 Optimos
1677 3630 1966 3685 solertissi-

386 3732 608 3784 tuosque
629 3717 695 3770 de
718 3728 897 3771 vestro
912 3732 1138 3771 numero
1158 3718 1345 3789 eligat,
1374 3735 1511 3789 quos
1533 3720 1759 3791 negotiis
1789 3736 1968 3776 secum

385 3809 612 3861 asciscat
641 3808 906 3874 arbitros;
933 3818 1023 3861 aut
1050 3809 1169 3863 sine
1201 3824 1260 3864 se
1295 3812 1513 3878 tribuat,
1557 3811 1647 3881 qui
1698 3813 1758 3866 in
1798 3812 1973 3867 disce-

388 3901 678 3968 ptationem
707 3902 865 3954 missa
896 3912 1203 3971 componat.

455 3994 509 4047 2.
536 3992 758 4047 Noverit
778 3993 1086 4047 Corinthius
1117 3995 1403 4067 episcopus
1450 3996 1550 4051 sibi
1580 3997 1849 4052 licentiam
1881 4011 1972 4066 po-

389 4085 598 4137 testatis
620 4084 803 4137 liberm
827 4084 1046 4138 minime
1075 4084 1429 4153 tribuendam,
1463 4088 1507 4140 si
1561 4088 1682 4143 huic
1736 4089 1968 4142 voluerit

390 4176 649 4231 Ecclesia:
676 4186 698 4215 ο
748 4177 1033 4243 resultare,
1073 4193 1232 4249 quam
1280 4179 1379 4234 sibi
1424 4181 1631 4236 noverit
1673 4184 1963 4254 praduissc.

384 4351 630 4413 scopum,
661 4336 760 4390 nisi
790 4335 907 4413 Boii
924 4336 1421 4413 Thessalonicensis
1445 4338 1699 4413 antistitis
1731 4339 1972 4413 testitnog

386 4410 478 4462 nio
502 4417 554 4461 et
597 4423 782 4475 opera,
813 4407 1019 4461 institui
1069 4409 1324 4461 noluerit.
1359 4409 1645 4476 Perigenes
1671 4407 1871 4471 tamen,
1915 4410 1969 4463 ni

392 4491 571 4532 nostra
606 4494 702 4533 nos
730 4477 863 4531 fallit
884 4479 1218 4546 conjectura,
1238 4495 1394 4545 quam
1426 4495 1490 4534 ex
1518 4479 1714 4534 Leonis
1741 4480 1968 4548 epistola

390 4550 457 4603 15
486 4548 698 4601 tirntare
724 4550 865 4611 licet,
898 4549 1119 4617 synodis
1151 4565 1179 4601 a
1214 4550 1677 4604 'l'hessaloniceusi
1716 4555 1972 4619 episcopo

388 4619 601 4672 indictis
638 4619 934 4685 interesse,
989 4630 1081 4672 aut
1106 4619 1156 4673 ei
1197 4619 1299 4671 ulla
1348 4620 1398 4672 itt
1445 4635 1503 4673 re
1540 4621 1765 4675 subesse
1793 4621 1973 4676 detre-

392 4692 596 4743 claltat.

2067 3271 2380 3339 specialiter
2412 3272 2569 3326 debet
2595 3271 2878 3333 accedere,
2924 3279 2982 3325 ιιι
3031 3280 3223 3323 contra
3258 3256 3603 3330 sttbrcptiollﬁs

2067 3360 2372 3430 illi‘I"0|‘llln
2391 3361 2782 3428 circumspecta
2804 3360 3062 3414 sanctitas
3084 3369 3176 3413 tua
3198 3355 3488 3440 facultatem
3509 3357 3598 3440 non

2070 3452 2307 3521 prtcbeat
2339 3452 2532 3503 horum
2570 3449 2880 3519 incongrua:
2922 3448 3210 3510 voluntati,
3253 3442 3343 3511 qui
3380 3434 3602 3491 EccleSils

2070 3554 2165 3608 per
2195 3554 2252 3592 se
2284 3537 2600 3591 scandalum
2639 3537 2862 3605 cupiunt
2904 3545 2958 3588 et
2990 3533 3320 3589 discordiam
3354 3530 3603 3597 generare.

2068 3629 2314 3683 volentes
2336 3641 2429 3695 per
2450 3626 2810 3681 Iicclesiarttm
2834 3623 3300 3692 perturbationem
3317 3611 3609 3672 crescere.“

2071 3719 2249 3774 locum
2287 3720 2389 3774 sibi
2430 3734 2523 3788 per
2552 3717 3012 3787 dispensationem
3047 3715 3233 3769 facere
3272 3705 3606 3765 sacerdotum-

2141 3818 2195 3869 2.
2222 3814 2277 3869 Id
2298 3829 2446 3885 ergo,
2478 3813 2617 3882 quod
2646 3828 2743 3869 nos
2768 3793 2981 3883 quoque
3006 3824 3309 3876 servamus,
3338 3799 3611 3861 fraternita-

2074 3917 2177 3963 tem
2209 3918 2376 3972 tuatn,
2406 3920 2562 3974 quam
2606 3906 2803 3958 scimus
2844 3905 2946 3959 hoc
2992 3918 3096 3957 suo
3136 3918 3283 3959 more
3310 3910 3333 3946 Β
3365 3900 3611 3950 facturam,

2072 4001 2320 4054 volumus
2357 3998 2656 4060 custodire;
2682 3997 2733 4051 id
2773 4006 2876 4060 est,
2910 4006 2962 4049 ut
2989 3997 3034 4051 si
3077 3998 3202 4066 quis
3246 3993 3309 4048 ad
3342 3991 3542 4080 fratrem
3569 3986 3615 4080 et

2071 4089 2452 4161 coepisc0pum
2484 4099 2723 4142 nostrum
2754 4087 3252 4142 'I‘he»salonicensis
3281 4082 3418 4138 urbis
3436 4073 3616 4131 antisti-

2075 4194 2182 4238 tetu
2228 4183 2416 4237 harum
2448 4181 2839 4251 provinciarum
2864 4178 2916 4245 δ,
2944 4196 3064 4249 qua:
3093 4178 3162 4235 ad
3205 4190 3326 4233 eum
3358 4169 3614 4243 ρετιίιιεηί·

2154 4351 2178 4388 ις
2213 4341 2328 4408 Quo
2371 4340 2621 4394 nimirum
2668 4356 2728 4395 ea
2763 4356 2881 4407 quae
2930 4340 3313 4395 ccclesiasticm
3349 4326 3616 4408 disciplin

2073 4399 2471 4477 suntrservare
2502 4412 2656 4465 solet.
2698 4399 2971 4465 Utatttcttt
3005 4412 3137 4464 nihil
3170 4426 3199 4463 a
3227 4404 3412 4477 Proclo
3446 4399 3614 4477 durunt

2196 4461 2323 4550 ipso
3005 4461 3250 4543 suadeat,
3282 4474 3460 4550 ethoc
3496 4461 3615 4550 (ψρᾳ

2075 4546 2243 4623 rogat,
2273 4567 2303 4605 a
2342 4567 2400 4605 se
2445 4546 2568 4622 erga
2599 4546 2883 4622 episcopos
2910 4551 3107 4621 Illyrici
3152 4548 3355 4605 servari
3403 4546 3617 4611 ρτοιιιηθ

2130 4643 2321 4676 alatur.

2073 4632 2503 4747 te"tEJIlI‘t’i't‘stenius
2533 4689 2618 4745 hic
2642 4692 2840 4758 aliquid
2866 4692 3076 4757 deesse,
3106 4700 3268 4759 alq'w,
3298 4688 3367 4759 ίιῖι
3391 4676 3616 4759 ξυρριθη.

459 4771 485 4797 ἰ
515 4760 741 4840 Tantum
773 4757 1048 4840 decurtata
1077 4759 1128 4813 in
1152 4757 1284 4813 actis
1330 4759 1551 4840 concilii
1571 4760 1824 4840 Itomaui,
1852 4776 1971 4840 qua:
2002 4782 2049 4840 ι)
2075 4762 2201 4840 dum
2237 4773 2385 4840 putat
2417 4781 2429 4815 :
2466 4762 2592 4828 Qua:
2638 4762 2704 4814 ad
2736 4753 2874 4815 tuam
2923 4753 3196 4840 spec-taret:
3218 4753 3616 4840 Ecclesiarnhltﬁ'.

388 4832 558 4887 Lucas
591 4830 902 4883 lIoIstenins
941 4829 992 4883 in
1038 4830 1207 4883 lucem
1239 4829 1436 4893 emisit,
1469 4831 1674 4899 prolata
1728 4841 1827 4886 est.
1863 4829 1970 4886 Nec

386 4901 527 4955 aliud
557 4901 1116 4963 succurritexetnnlar
1148 4899 1288 4953 und-2
1324 4901 1667 4953 resarciatur.
1712 4901 1796 4955 Nil
1828 4913 1972 4957 certe

388 4974 487 5025 fuit
514 4973 771 5043 omissum
802 4970 943 5043 quod
963 4971 1025 5043 ad
1052 4969 1364 5043 apostolica:
1384 4970 1528 5024 sedis
1556 4974 1606 5025 in
1625 4972 1815 5043 Illyrici
1846 4988 1983 5038 pro-.

391 5043 589 5098 vincias
620 5042 702 5108 ius
729 5040 1109 5096 stabiliendum
1141 5040 1480 5111 conferebat,
1505 5057 1627 5096 cum
1674 5040 1737 5097 ea
1766 5053 1971 5098 tantum

384 5117 454 5167 tle
479 5128 638 5167 causJ
673 5112 876 5180 prolata
909 5116 996 5165 sit.

461 5183 485 5223 ι’
517 5183 723 5251 Supple
748 5182 1151 5252 provinciarum.

467 5264 487 5291 ε
520 5254 1011 5307 'I‘he~salonicensi.

456 5323 483 5359 ει
518 5324 677 5390 Lege,
704 5334 863 5376 tanta.
910 5324 1004 5376 llic
1040 5324 1167 5377 tiles
1193 5325 1606 5380 commendatur
1647 5324 1962 5393 legatorum,

391 5409 522 5463 quos
556 5393 755 5463 Xystus
785 5395 847 5445 ad
878 5396 1139 5463 synodum
1171 5396 1434 5450 mittebat.

466 5471 492 5501 °
510 5462 633 5517 Jttlti
665 5463 698 5519 8
722 5465 845 5517 anui
866 5462 988 5519 455.

470 5531 491 5572 τ
519 5535 668 5599 Apud
696 5535 963 5599 Itolsten.,
995 5533 1277 5589 cohibente.
1312 5534 1525 5605 Experti
1561 5535 1690 5588 nihil
1740 5536 1792 5587 in
1820 5544 1967 5589 vete~

389 5602 537 5655 ribus
564 5606 713 5660 libris
740 5606 983 5659 usitatius
1019 5606 1234 5666 otl'eudi,
1289 5602 1445 5674 quain
1491 5618 1546 5658 ιιι
1570 5608 1971 5677 proconuiverc

388 5683 442 5726 et
473 5678 785 5726 connivenua
816 5688 1060 5743 pingatttr
1097 5677 1361 5728 conltibere
1406 5687 1458 5729 et
1516 5676 1857 5742 rouhibcntia,
1885 5678 1969 5730 hic

394 5744 677 5799 testiluerc
705 5762 806 5799 non
832 5747 1135 5800 dubitamus
1168 5749 1479 5801 conniventi:-

2078 4821 2255 4887 σεισάοὲ
2283 4835 2391 4886 sine
2418 4821 2505 4885 tuo
2522 4849 2772 4886 consensu
2800 4821 3087 4896 arcesserit,
3109 4830 3185 4885 υρι
3209 4837 3385 4883 contra
3408 4821 3472 4875 ad
3494 4826 3617 4896 tuom

2076 4905 2403 4976 sanctitatem
2421 4904 2635 4976 istarum
2680 4892 3084 4974 provinciarum,
3108 4917 3222 4970 qua:
3245 4899 3457 4976 oderim

2078 4985 2218 5033 nent,
2244 4990 2348 5028 ezc.
2369 4973 2561 5027 Verum
2592 4963 2691 5025 hoc
2722 4963 3096 5041 supplemento
3122 4963 3352 5041 antistiti
3381 4963 3619 5041 Constat"

2080 5028 2434 5108 liuopobtazto
2470 5056 2661 5112 ιπίριθι·
2702 5028 2849 5114 Χγὲὺ
2896 5058 3153 5106 tuentem,
3183 5028 3617 5114 ιξθηάθιηιηινφξο

2079 5099 2363 5181 maturum,
2392 5099 2633 5181 adeoque
2656 5124 2708 5166 ct
2730 5099 3177 5179 titetropolitirttm
3197 5111 3284 5182 jus
3307 5099 3614 5182 concedittgr;

2077 5161 2239 5254 ᾇίέέῐιῖ
2259 5161 3070 5254 ἰδἰἥςῖᾖόἑιέῖπξ’(ἓὲῇέὲῇἶς”’ὸί’⁷
3096 5161 3329 5254 iiégitvit.
3359 5174 3509 5254 epist.
3558 5161 3618 5254 ιδ

2079 5249 2227 5309 tium.
2264 5249 2623 5320 IOIscribens
2645 5253 2748 5308 Cl’.
2782 5254 3053 5306 civntatetn
3081 5249 3184 5305 non
3215 5249 3529 5325 solitarium

2076 5326 2164 5379 des
2187 5314 2392 5378 minime
2421 5327 2697 5385 numerari,
2723 5325 2813 5377 sed
2842 5341 2933 5377 nec
2958 5325 3095 5376 inter
3125 5314 3617 5385 metropolitanoqu

2068 5397 2197 5464 jura
2244 5412 2436 5448 censen
2487 5394 2695 5461 Integer
2720 5396 2823 5449 erit
2853 5394 3021 5459 locus,
3055 5395 3097 5446 si
3134 5392 3477 5464 ita_|t'8“I“':
3508 5386 3618 5464 "tu?!

2075 5457 2185 5531 quis
2224 5482 2255 5518 a
2300 5470 2458 5532 fratre
2509 5474 2553 5517 et
2596 5457 2901 5533 coepiscopo
2946 5457 3118 5517 nostra
3171 5457 3618 5534 Thessalonicensis

2076 5528 2214 5587 urbis
2244 5528 2469 5588 antistite
2503 5528 2696 5611 narunt
2720 5528 3121 5611 ρνρίιξηοῇαηιηι,
3155 5543 3261 5611 etc.
3297 5528 3501 5611 Iftauior

2078 5616 2182 5659 tt-m
2216 5623 2293 5659 sic
2326 5608 2475 5659 fieret
2504 5624 2518 5659 :
2548 5605 2615 5660 Ut
2647 5607 2689 5660 si
2721 5596 2843 5677 'quis
2890 5606 3074 5659 harum
3103 5596 3492 5677 prouinciarum.

2076 5678 2144 5728 ad
2177 5678 2387 5741 fratrem
2415 5686 2461 5730 et
2490 5667 2847 5748 coepiscopum
2898 5667 3151 5748 nostrum
3180 5667 3617 5748 Th'ssalotticettftj

2078 5737 2216 5801 urbis
2266 5749 2541 5803 antistitem
2584 5737 2869 5817 'perti'neut,
2902 5761 3006 5803 ctc.
3043 5747 3299 5802 Ambrma
3338 5746 3477 5793 ct-t'tc
3523 5737 3615 5779 n0"
