3916 6178
364 341 481 400 (τη

1367 331 1458 387 AD
1487 329 1716 387 OPERA
1737 326 1938 387 XYSTI
1979 328 2045 384 lll
2083 330 2284 386 PARS
2316 325 2684 387 AI’PENDIX.

3550 326 3665 381 630

358 468 458 513 rat
488 455 669 526 priore
724 452 880 507 latius
937 459 987 503 et
1032 447 1266 517 apertius
1315 445 1639 516 explicabat.
1680 443 1806 499 Duae
1851 443 1955 498 iil-e
1985 443 2034 504 Α
2064 442 2261 513 Pelagii
2286 446 2630 509 St‘lllelllialll,
2656 457 2760 512 qua
2792 441 2984 497 dixites
3016 456 3044 495 a
3078 454 3252 511 regno
3274 440 3537 497 calorum
3568 454 3662 495 ex-

371 549 616 619 epistoite
647 545 981 599 exciderunt.

441 640 494 692 9..
542 638 616 691 Ad
654 637 747 688 his
778 630 1104 702 Angit-tinus
1130 630 1263 685 tlttas
1295 630 1534 686 vicissim
1560 629 1819 693 reddidit,
1853 625 1959 683 sci-

374 734 496 786 licet
531 730 622 784 191
653 740 701 782 et
740 726 859 780 194.
908 725 1149 782 Seorsim
1203 721 1560 793 rescripserat
1612 730 1665 777 et
1713 720 1957 792 Alypius,

370 822 464 878 sed
495 836 666 891 neque
692 818 795 871 hac
826 821 1086 888 scriptum
1120 817 1185 869 ad
1215 829 1311 869 nos
1335 814 1602 885 pervenit.

438 911 492 967 3.
537 911 591 965 In
624 909 946 966 bibliotheca
984 910 1199 964 Patrum
1231 908 1297 961 ad
1323 907 1580 962 sa'culum
1604 920 1691 971 γι,
1724 914 1833 959 tres
1863 901 1959 957 ha~

378 1005 571 1061 bentur
600 1003 747 1067 libri,
780 1001 986 1073 primus
1016 1000 1083 1054 de
1121 999 1364 1063 Divitiis,
1396 999 1537 1053 alter
1572 996 1639 1053 de
1672 996 1823 1052 Malis
1856 996 1960 1050 Do-

368 1098 609 1153 ctoribus
638 1108 689 1153 et
717 1096 783 1150 de
815 1095 1082 1165 Operihus
1127 1094 1297 1158 l’idei,
1346 1101 1653 1163 postremus
1682 1091 1749 1144 de
1787 1088 1959 1146 Casti-

367 1200 500 1255 tate,
530 1189 703 1261 Xysto
730 1188 792 1245 Ili
828 1203 977 1257 papze
997 1204 1021 1238 a
1054 1184 1258 1241 Jacobo
1283 1183 1503 1240 Salonio
1534 1183 1765 1253 primum
1794 1178 1963 1235 ascri-

373 1282 468 1352 pti,
498 1282 592 1336 sed
623 1281 671 1335 ei
701 1295 731 1334 a
782 1280 1052 1351 plerisque
1083 1277 1336 1332 omnibus
1376 1275 1600 1331 eruditis
1642 1272 1955 1343 abiudicati.

368 1376 511 1431 Sane
539 1383 595 1428 ut
627 1388 720 1429 eos
753 1372 1011 1428 Salonius
1039 1370 1215 1442 Xystu
1255 1381 1441 1424 nostro
1470 1368 1818 1429 attribueret,
1852 1378 1957 1419 una

368 1479 545 1520 motus
573 1475 657 1520 est
683 1464 1006 1531 exemplaris
1028 1464 1112 1516 sui
1160 1462 1518 1525 auctoritate;
1546 1469 1601 1514 et
1645 1456 1846 1511 fatetur
1873 1468 1955 1509 ta-

370 1574 490 1614 mcn
526 1557 579 1612 1⁸
605 1558 820 1612 titulum
855 1555 938 1609 his
963 1555 1114 1609 libris
1148 1554 1199 1607 in
1231 1568 1329 1607 suo
1351 1550 1645 1621 exemplari
1680 1546 1954 1617 pra-fixum

367 1667 491 1706 esse
520 1648 841 1705 recentioris
874 1662 1097 1711 manus,
1128 1644 1185 1700 2'
1233 1662 1338 1699 non
1365 1642 1520 1715 Xysti
1558 1642 1623 1697 lli
1654 1656 1823 1713 papa,
1857 1638 1955 1694 sed

366 1742 520 1816 Xyin
542 1758 691 1813 papa:
710 1751 758 1795 et
793 1740 1040 1811 martyris
1068 1752 1263 1794 nomen
1295 1735 1640 1808 pranseferre:
1676 1744 1953 1803 postremo

2060 535 2251 599 cludit,
2282 552 2309 588 a
2340 534 2511 607 Xystn
2539 545 2924 605 propugnatant
2958 549 3062 588 non
3087 548 3211 589 esse
3242 534 3383 589 iszud
3416 536 3656 589 maximo

2062 628 2260 684 indicio
2290 640 2391 694 cst,
2427 628 2571 700 quod
2599 645 2720 682 cum
2767 629 3102 697 Augustinus
3129 627 3292 696 cpist.
3328 627 3429 683 191
3477 627 3659 681 ontnia

2061 719 2237 791 Xysto
2267 731 2524 792 exponat,
2558 721 2829 790 simulque
2860 721 3029 775 diluat
3056 720 3471 791 Pelagianorum
3498 735 3662 789 argu-

2062 823 2263 881 tuenta,
2304 814 2371 869 de
2400 815 2597 884 quibus
2641 830 2764 868 eum
2795 813 3193 867 admonendum
3225 829 3347 869 esse
3376 815 3656 879 censebat,

2059 904 2128 961 dc
2163 906 2261 960 hoc
2292 906 2550 976 singulari
2581 905 2782 975 Pelagii
2808 907 2951 959 circa
2980 904 3177 961 divites
3203 905 3402 974 placito
3432 920 3656 976 prorsus

2059 999 2201 1055 silet.
2233 998 2332 1055 Vel
2384 1001 2508 1054 hinc
2539 998 2704 1071 igitur
2735 1000 2787 1053 in
2837 998 3066 1071 Xystnm
3113 1000 3334 1055 minime
3365 1001 3657 1055 convenire

2060 1092 2319 1162 probatur
2351 1094 2585 1163 primum
2614 1092 2682 1147 de
2718 1091 2931 1147 Divitiis
2965 1093 3199 1157 libzum;
3233 1110 3340 1162 quo
3371 1094 3418 1147 ei
3443 1092 3657 1162 ahjndi-

2058 1194 2203 1251 cato,
2251 1182 2388 1239 alius
2426 1183 2564 1240 duos
2609 1185 2815 1255 pariter
2864 1185 3041 1239 eidem
3089 1185 3479 1255 ahjuditandns
3532 1200 3657 1240 esse

2060 1292 2221 1332 nemo
2248 1276 2453 1332 inficias
2482 1277 2622 1332 ierit.
2656 1276 2921 1333 Praeterea
2966 1278 3009 1332 si
3060 1276 3211 1349 Xysti
3252 1294 3309 1333 re
3342 1279 3459 1347 ipsa
3487 1280 3661 1334 etsti-

2060 1371 2252 1423 tisscnt
2282 1368 2356 1423 illi
2400 1368 2544 1435 libri,
2579 1382 2699 1423 cum
2734 1368 2886 1423 illum
2920 1368 2985 1423 iis
3018 1369 3069 1423 in
3126 1368 3278 1425 libris
3315 1386 3483 1439 prava
3530 1390 3657 1425 sett-

2057 1461 2198 1517 sisse
2227 1475 2291 1517 ac
2320 1461 2571 1516 docuisse
2600 1460 2941 1531 exploratum
2973 1470 3137 1526 esset,
3173 1477 3278 1515 non
3310 1463 3439 1515 solis
3472 1462 3656 1531 su-pi-

2059 1555 2306 1610 cionibus
2336 1570 2401 1610 ac
2443 1556 2752 1611 rumoribus
2783 1555 2953 1622 falsis,
2983 1558 3079 1611 sed
3120 1558 3283 1611 certis
3311 1558 3656 1627 argumentis

2060 1659 2115 1703 ut
2149 1647 2527 1704 hmreticorum
2558 1646 2737 1703 fautor
2760 1647 2950 1704 audire
2982 1648 3277 1703 debuisset.
3308 1649 3417 1705 Nec
3446 1661 3559 1704 tum
3586 1649 3652 1703 :ul

2060 1740 2311 1810 iniectam
2353 1740 2421 1795 de
2448 1758 2507 1796 se
2538 1739 2735 1795 famam
2768 1741 3174 1811 expurgandam
3215 1742 3346 1795 satis
3384 1745 3430 1795 ei
3466 1742 3655 1795 ftnsset

363 1837 536 1891 libros
594 1836 713 1890 illos
758 1832 933 1904 Xysto
986 1848 1138 1902 papa:
1178 1840 1234 1885 ct
1290 1830 1534 1902 martyri,
1570 1835 1759 1898 utpote
1801 1826 1953 1896 cujus
1988 1818 2031 1879 Β
2064 1832 2367 1902 Pelagianis
2395 1832 2682 1887 anathema
2715 1832 2925 1899 dicere;
2959 1835 3052 1888 sed
3080 1833 3239 1887 simul
3268 1834 3558 1888 damnandi
3593 1848 3655 1888 ac

366 1938 524 1984 actate
558 1927 883 1998 posteriores
911 1939 1004 1981 eos
1031 1940 1153 1980 esse
1181 1924 1519 1996 exploratum
1552 1931 1637 1975 est
1672 1936 1777 1975 non
1815 1934 1951 1973 eon-

366 2036 578 2091 grucre.
614 2020 718 2075 Sed
744 2020 788 2074 si
825 2018 989 2073 falsus
1022 2017 1232 2084 titulus,
1279 2015 1407 2087 quid
1446 2024 1565 2071 erat
1607 2028 1705 2068 cur
1732 2028 1801 2067 ex
1838 2012 1954 2081 eius

370 2112 472 2167 lide
500 2109 670 2183 Xysto
698 2108 767 2165 111
801 2107 1076 2180 papaa,qui
1096 2118 1244 2164 certe
1272 2117 1478 2178 martyr
1505 2121 1609 2160 non
1640 2104 1757 2170 fuit,
1789 2102 1955 2158 ascri-

368 2204 656 2261 herentur‘l
688 2203 893 2260 Deinde
922 2202 1064 2273 apud
1111 2216 1301 2257 omnes
1341 2199 1591 2256 eruditos
1622 2200 1673 2253 itt
1705 2197 1954 2253 caulesso

362 2308 451 2352 est
495 2297 659 2353 libros
689 2296 814 2351 illos
866 2294 1171 2366 Pelagianis
1229 2293 1510 2350 erroribus
1546 2290 1772 2347 refettos
1810 2304 1953 2353 esse,

362 2388 794 2459 nominatimque
862 2387 1001 2443 hanc
1062 2386 1263 2457 Pelagii
1309 2384 1674 2447 sententitm,
1736 2380 1955 2435 Divitem

361 2489 651 2532 manentem
698 2480 749 2531 in
798 2478 992 2531 divitiis
1031 2476 1141 2530 suis
1185 2477 1238 2530 in
1294 2492 1511 2543 regnum
1562 2473 1657 2527 Dei
1693 2490 1791 2526 non
1811 2487 1959 2544 posse

360 2568 588 2639 ingredi,
623 2582 782 2638 quam
816 2566 1147 2637 Augustinus
1180 2565 1342 2637 epist.
1376 2564 1474 2619 157
1506 2565 1573 2619 ad
1608 2563 1865 2618 llilariutn
1900 2577 1952 2618 c.

363 2662 399 2716 s
440 2663 685 2733 pluribus
716 2661 932 2730 refellit,
962 2662 1170 2717 diserte
1203 2662 1256 2715 in
1289 2660 1400 2715 illis
1428 2660 1776 2729 propugnari.

434 2760 489 2812 4.
531 2756 729 2813 Verum
778 2756 878 2811 hoc
906 2763 1223 2827 argumento
1244 2795 1259 2821 ,
1291 2768 1400 2825 quo
1423 2752 1513 2807 alii
1547 2753 1652 2808 hoc
1685 2768 1821 2821 Opus
1848 2749 1956 2822 Xy-

354 2859 448 2903 sto
483 2847 812 2918 abjudicant,
863 2845 1022 2901 JOan.
1069 2844 1366 2901 Garnerius
1416 2845 1607 2911 utitur,
1646 2857 1703 2898 ut
1740 2844 1869 2897 illud
1906 2845 1953 2897 ei

362 2938 636 3012 adjudicet
662 2958 671 2992 :
694 2939 836 3010 quia,
867 2939 1062 3010 inquit,
1088 2948 1292 3012 constat
1325 2936 1539 3007 Xystum
1558 2937 1681 2990 olim
1710 2934 1957 3007 Pelagia-

354 3034 439 3087 ttis
477 3031 689 3105 favisse,
719 3047 965 3102 suumque
1003 3032 1127 3099 ipsis
1160 3009 1483 3101 aliquamdiu
1525 3028 1836 3098 impendisse
1862 3044 1959 3097 pa-

362 3125 633 3181 trocinium
674 3125 861 3195 (Garn.
897 3127 951 3179 in
982 3124 1202 3179 Mercat.
1228 3142 1284 3192 ρ.
1317 3140 1333 3179 t
1368 3141 1491 3196 pag.
1532 3122 1685 3192 362).
1717 3125 1784 3176 At
1813 3120 1956 3192 quod

2057 1924 2428 1996 supprimendi
2454 1933 2609 1981 erant
2640 1925 2718 1980 illi
2751 1925 2898 1991 libri,
2928 1940 2990 1981 ac
3020 1942 3286 1998 perversm
3322 1928 3518 1998 Pelagii
3555 1926 3654 1981 do—

2056 2016 2245 2072 ctrinm
2286 2020 2365 2073 eis
2395 2019 2614 2074 inserta:
2640 2020 2913 2074 contraria
2964 2018 3099 2074 lities
3148 2020 3465 2091 profitenda.
3515 2018 3651 2073 Cum

2060 2110 2219 2180 igitur
2266 2125 2373 2166 non
2418 2128 2523 2165 una
2575 2112 2782 2167 ratione
2814 2110 3088 2167 historica:
3139 2112 3353 2168 \‘Cfilitlt
3388 2119 3653 2183 repugnet

2059 2201 2226 2258 libros
2267 2203 2388 2258 illos
2413 2200 2585 2275 Xysto
2615 2203 2834 2270 ascribi,
2880 2204 3077 2257 mirum
3121 2211 3207 2258 est
3241 2210 3445 2257 tantum
3496 2203 3653 2256 titulo

2058 2310 2087 2348 a
2114 2294 2321 2350 recenti
2347 2310 2511 2349 manu
2539 2293 2723 2349 addito
2752 2309 2814 2351 ac
2842 2295 3123 2349 manifeste
3153 2294 3288 2349 falso
3317 2294 3517 2348 deferri
3551 2310 3649 2363 po-

2058 2384 2247 2455 tuisse,
2285 2395 2338 2441 ut
2370 2386 2637 2441 catholico
2676 2387 3015 2458 presbytero,
3046 2387 3242 2442 summi
3274 2386 3542 2455 pontificis
3572 2387 3656 2439 di-

2057 2478 2257 2548 gnitate
2306 2486 2497 2549 postea
2565 2478 2843 2550 insignito,
2915 2478 3279 2534 asct-ibcretur
3328 2478 3651 2533 ltwreticum

2058 2588 2217 2644 opus,
2242 2572 2384 2642 quod
2412 2572 2458 2627 si
2492 2571 2644 2644 Xysti
2669 2573 2840 2628 nostri
2874 2571 3083 2636 fuisset,
3121 2588 3226 2627 non
3257 2571 3394 2627 εἰςειὶ
3425 2587 3578 2641 papa:
3604 2578 3652 2625 et

2058 2664 2322 2736 martyris,
2356 2664 2451 2721 sed
2497 2663 2651 2736 Xysti
2680 2664 2962 2736 presbyteri
2988 2661 3204 2719 nomine
3246 2661 3651 2717 inscribendum

2056 2768 2193 2813 erat.

2129 2850 2183 2906 6.
2226 2850 2340 2906 llnc
2370 2861 2547 2906 tamen
2576 2850 2717 2921 iacto
2751 2849 3123 2915 fundamento,
3154 2849 3296 2920 (ιιιοά
3330 2848 3529 2921 Xystus
3556 2863 3650 2902 er-

2059 2959 2245 2999 rorum
2289 2943 2705 3013 Pelagianorum
2757 2943 2936 2998 fautor
2981 2942 3312 3014 aliquamdiu
3356 2942 3649 3006 exstiterit,

2060 3050 2263 3104 eosque
2294 3034 2447 3090 libris
2478 3033 2638 3089 editis
2670 3032 2975 3101 tradiderit,
3019 3033 3147 3088 inde
3194 3032 3442 3087 laudatus
3471 3032 3553 3085 vir
3601 3032 3655 3085 in

2063 3124 2201 3181 alias
2250 3125 2363 3181 abit
2417 3125 2785 3196 conjecturas,
2819 3126 3020 3195 quibus
3060 3126 3221 3180 etiam
3264 3124 3432 3180 libros
3472 3122 3657 3194 llypo-

354 3218 440 3271 a‘ir
467 3216 733 3282 eruditus,
784 3216 934 3271 velut
973 3216 1255 3286 Augustini
1297 3217 1482 3270 verbis
1538 3216 1706 3284 epist.
1759 3214 1853 3267 till
1900 3225 1955 3268 et
1983 3197 2026 3257 Ο
2059 3218 2359 3274 mnesticon
2388 3219 2529 3288 apud
2552 3218 2914 3289 Augustinum
2949 3218 3001 3273 in
3022 3218 3657 3287 appendiCetotninI-

360 3307 471 3367 194.
506 3307 670 3363 nixus
700 3324 797 3377 pro
823 3317 975 3363 certo
1002 3309 1175 3377 ponit,
1208 3307 1432 3361 minime
1460 3317 1669 3360 certum
1701 3315 1804 3360 cst.
1836 3304 1951 3359 Non

358 3400 502 3454 enim
554 3399 625 3453 ait
656 3400 990 3469 Augustinus
1019 3398 1167 3469 quod
1204 3397 1436 3463 faveret,
1489 3398 1583 3451 sed
1635 3396 1779 3466 quod
1829 3411 1951 3451 eum

357 3493 500 3562 fama
540 3494 767 3564 jttctaret
813 3490 1034 3544 inimicis
1076 3490 1382 3545 Christiana:
1420 3489 1601 3557 gratia
1624 3487 1815 3558 favere.
1848 3492 1957 3542 Aut

356 3598 403 3638 st
432 3600 501 3640 ex
534 3582 845 3654 hujusmodi
896 3582 1037 3636 fama
1069 3598 1191 3637 eum
1242 3579 1533 3649 Pelagiano
1575 3595 1768 3635 errore
1816 3581 1952 3636 infe-

354 3690 499 3733 etmn
533 3676 804 3732 hmtcticis
836 3676 943 3731 iliis
975 3674 1173 3730 favisse
1198 3675 1505 3739 Conficitur,
1533 3673 1786 3729 eumdem
1819 3691 1946 3743 quo-

358 3790 463 3848 que
516 3772 898 3829 Nestorianum
950 3772 1229 3827 exstitisse
1275 3769 1680 3828 concedendum
1731 3772 1855 3827 erit.
1902 3771 1952 3830 ls

360 3867 502 3922 enim
544 3865 744 3935 pariter
763 3864 832 3919 de
876 3865 970 3919 illo
1018 3874 1209 3932 postea
1258 3864 1552 3933 dissipatus
1604 3873 1689 3918 est
1742 3878 1950 3932 rumor,

355 3957 498 4027 quod
530 3958 780 4012 Ncstorio
808 3955 1033 4012 faveret.
1080 3957 1352 4026 Quocirca
1383 3954 1619 4027 Cyrillus
1641 3955 1705 4011 atl
1747 3956 1949 4011 calcem

350 4049 601 4119 epistol-.e
628 4048 695 4101 ad
735 4048 993 4103 Acacium
1026 4047 1419 4103 Melitinensem
1473 4048 1705 4103 scribit:
1754 4048 1817 4101 Si
1861 4049 1951 4115 qui

353 4139 624 4205 epistolam
659 4150 918 4210 tamquam
947 4155 980 4192 a
1007 4137 1254 4211 Philippo
1292 4141 1719 4195 reoerendissitno
1756 4140 1953 4196 flama-

354 4247 437 4285 ms
462 4230 707 4284 Ecclesia:
733 4230 1025 4299 presbytero
1050 4230 1297 4300 scriptam
1319 4230 1602 4294 attulerint,
1630 4232 1843 4302 perinde
1867 4248 1949 4286 so-

354 4333 559 4379 nantem
598 4338 659 4375 ac
688 4323 732 4376 si
760 4322 1114 4377 sanctissimus
1139 4321 1407 4393 episcopus
1436 4321 1638 4393 Xystus
1666 4324 1950 4394 depositio-

356 4433 469 4470 nem
495 4413 725 4469 Nestorii
751 4413 962 4468 moleste
987 4414 1263 4482 acceperit,
1295 4414 1445 4485 eique
1474 4431 1620 4485 apem
1651 4415 1856 4483 tulerit;
1887 4433 1951 4471 ne

355 4509 529 4562 credat
573 4506 669 4560 Itoc
711 4508 962 4561 sanctitas
1008 4518 1097 4562 tua
1125 4504 1351 4576 (Concil.
1383 4515 1508 4561 tom.
1553 4506 1622 4562 111
1652 4526 1704 4579 p.
1761 4507 1944 4580 £229).

2056 3319 2210 3381 salus
2239 3309 2410 3381 Xysto
2442 3309 2663 3367 attribui
2709 3326 2869 3381 posse
2915 3310 3191 3381 epinatur.
3223 3310 3418 3365 Verum
3459 3309 3655 3365 funda-

2059 3412 2244 3458 mento
2266 3402 2568 3473 hujusmodi
2591 3403 2792 3470 diruto,
2820 3413 3079 3459 corruant
3100 3418 3324 3459 necesse
3340 3414 3423 3459 est
3447 3418 3512 3459 eo
3545 3419 3656 3457 uno

2057 3492 2207 3548 fultae
2239 3493 2588 3563 conjecturas.
2622 3493 2689 3548 Et
2736 3509 2869 3549 vero
2923 3495 2973 3549 in
3027 3494 3317 3551 net-issima
3364 3494 3652 3565 Augustini

2056 3586 2317 3654 editione,
2345 3599 2572 3642 censura
2606 3584 2759 3641 libris
2785 3586 2895 3641 illis
2924 3586 3167 3656 pra-fixa,
3202 3602 3299 3642 eos
3321 3586 3387 3641 ad
3421 3587 3647 3640 Marium

2058 3677 2411 3735 Mercatorem
2440 3680 2618 3750 potius
2643 3694 2803 3752 quam
2834 3680 2900 3735 ad
2950 3678 3181 3753 Xystum
3231 3681 3506 3751 pertinere
3558 3680 3652 3736 de-

2056 3778 2315 3825 monstrat
2326 3787 2412 3828 ιη’.

2126 3863 2179 3918 7.
2220 3860 2551 3935 Argumenta
2598 3880 2703 3920 non
2731 3863 2929 3922 desunt
2974 3865 3170 3936 quibus
3208 3864 3465 3937 Xystum,
3520 3866 3648 3920 dum

2054 3951 2230 4009 adhuc
2271 3953 2556 4026 presbyter
2596 3963 2765 4022 esset,
2795 3955 2862 4010 ad
2890 3953 3220 4021 Nestorium,
3272 3957 3336 4011 ad
3381 3955 3647 4011 Joannem

2053 4044 2453 4101 Antiochenam
2481 4056 2539 4102 et
2558 4045 2629 4102 ad
2651 4046 2911 4117 Cyrillum
2928 4047 3351 4103 Alexandrinum
3366 4049 3650 4118 scripsisse

2053 4139 2396 4209 colligamus.
2426 4138 2473 4195 A
2515 4138 2796 4195 Gennadio
2841 4138 2934 4196 lib.
2968 4139 3037 4196 de
3081 4140 3279 4209 Script.
3314 4140 3457 4194 Eccl.
3490 4139 3649 4211 Xysti

2052 4234 2121 4289 ad
2142 4234 2451 4290 Nestorium
2473 4234 2700 4304 epistola
2728 4242 3078 4289 memoratur.
3110 4235 3227 4303 Ipse
3254 4232 3457 4305 Xystus
3483 4235 3647 4304 epist.

2053 4324 2087 4380 6
2116 4325 2232 4399 πλε
2258 4324 2454 4381 Joanni
2484 4324 2742 4396 episeopo
2770 4323 3108 4379 Antiocheno
3134 4326 3185 4379 in
3215 4324 3533 4379 memoriam
3560 4338 3645 4378 re.

2054 4426 2212 4471 vocat
2239 4417 2463 4488 qualiter
2490 4416 2687 4485 (inquit
2711 4414 2780 4471 de
2810 4413 3083 4484 Nestorio)
3114 4417 3159 4469 ei
3192 4416 3445 4469 voluimus
3472 4426 3648 4469 nostra

2053 4507 2404 4562 admonitione
2428 4524 2741 4562 succurrere.
2790 4508 2927 4562 Eum
2976 4518 3157 4563 autem
3212 4508 3283 4562 ibi
3328 4508 3398 4562 de
3448 4506 3649 4561 litteris

353 4602 490 4655 Tum
523 4600 677 4655 addit
720 4600 952 4672 Cyrillus
987 4617 1000 4653 :
1055 4574 1279 4668 Scripsit
1319 4601 1456 4655 enim
1486 4574 1712 4657 consona
1753 4574 1949 4661 sancta:
1974 4574 2029 4636 D
2052 4607 2179 4655 ante
2217 4599 2585 4669 pontificatum
2614 4598 2831 4667 scriptis
2860 4598 3004 4669 loqui
3036 4598 3204 4667 liquet
3230 4613 3296 4653 ex
3328 4597 3497 4667 ipsius
3523 4596 3651 4665 epi-

353 4695 551 4765 synodo
582 4690 919 4763 (Ephesium)
951 4692 1223 4762 omniaque
1252 4691 1395 4747 illius
1424 4702 1569 4764 gesta
1596 4696 1942 4763 conﬁrmavit,

353 4802 415 4838 ac
461 4784 724 4838 nobiscum
768 4784 944 4837 sentit.
994 4784 1057 4837 lit
1086 4783 1246 4853 hujus
1274 4784 1493 4855 quidem
1523 4786 1599 4841 rei
1629 4796 1793 4843 testes
1822 4798 1949 4845 sunt

354 4876 524 4945 ipsius
578 4873 845 4943 epistolae.
900 4872 1105 4944 Nempe
1145 4889 1273 4931 cum
1326 4875 1532 4949 Xystus
1584 4876 1945 4948 integerrimas

352 4984 569 5039 semper
604 4968 722 5023 fidei
751 4966 930 5033 fuerit,
966 4968 1087 5039 ejus
1117 4980 1299 5025 tamen
1347 4980 1466 5027 erat
1518 4972 1738 5038 indolis,
1786 4983 1847 5029 ut
1888 4971 1942 5029 in

350 5062 674 5117 damnandis
716 5061 988 5118 haereticis
1034 5062 1167 5119 nihil
1196 5078 1604 5136 praeproperum
1632 5067 1817 5135 vellet,
1848 5069 1945 5125 sed

349 5158 535 5209 omnia
560 5156 710 5225 prius
738 5165 957 5224 cuperet
986 5156 1245 5226 experiri,
1278 5157 1323 5213 si
1353 5156 1492 5214 forte
1515 5167 1945 5229 temperamento

349 5245 528 5317 aliquo
572 5246 639 5301 ad
688 5246 969 5302 veritatem
1011 5248 1202 5303 adduci
1232 5259 1474 5319 possent.
1511 5250 1641 5308 inde
1690 5252 1820 5308 viris
1846 5252 1938 5323 qui

350 5341 525 5396 minus
560 5341 829 5411 patientes
856 5350 1014 5398 erant
1056 5342 1179 5398 data
1233 5341 1447 5400 occasio
1479 5360 1581 5417 qua
1631 5355 1939 5418 suspectam

350 5432 609 5489 haberent
650 5432 793 5489 illius
824 5433 1008 5500 fidem,
1046 5447 1095 5491 et
1127 5436 1413 5506 prmdietos
1444 5452 1691 5495 rumores
1738 5448 1942 5497 temere

346 5538 615 5582 sererent.
646 5526 804 5583 Aliud
846 5539 928 5587 est
957 5539 1133 5584 autem
1180 5530 1467 5599 quamdam
1499 5546 1623 5602 erga
1654 5530 1941 5588 btereticos

349 5620 733 5689 benignitatem
777 5622 1117 5691 prmscferre.
1163 5622 1307 5676 aliud
1358 5638 1545 5678 eorum
1598 5623 1797 5681 ducere
1848 5633 1940 5680 aut

350 5711 486 5765 ιυριὶ
515 5725 751 5765 errores.

378 5809 470 5865 ,5.
512 5800 832 5863 Nntninatim
864 5820 992 5858 vero
1040 5806 1368 5878 singularem
1419 5806 1570 5861 illam
1601 5821 1663 5861 ac
1710 5820 1930 5878 pravam

2050 4690 2249 4746 stolist
2283 4700 2338 4744 et
2364 4688 2420 4743 2.
2445 4688 2650 4756 Nempe
2680 4687 2855 4743 adhuc
2901 4688 3195 4757 superstite
3224 4687 3520 4743 leestino
3562 4688 3644 4741 le-

2050 4792 2208 4853 gatos
2235 4782 2464 4838 Romam
2519 4781 2818 4838 deStinarat
2859 4781 3112 4854 Cyrillus,
3164 4790 3221 4836 et
3260 4781 3492 4850 qualiter
3519 4796 3643 4835 eum

2049 4875 2256 4933 Joanne
2276 4874 2616 4931 Atttioclteno
2642 4873 2911 4945 agendum
2934 4883 3079 4929 esset
3107 4873 3474 4929 consuluerat.
3504 4873 3643 4928 Tum

2048 4966 2101 5022 in
2133 4966 2411 5023 leestini
2439 4967 2619 5021 locum
2651 4964 2910 5021 suffectus
2936 4964 3165 5037 Xystus,
3195 4979 3259 5020 ac
3290 4965 3479 5034 legatis
3507 4980 3647 5034 prte-

2052 5059 2305 5115 sentibus
2347 5056 2650 5121 ordinatus,
2691 5055 3019 5128 respondit:
3071 5055 3399 5126 Suﬁcitbant
3438 5054 3646 5125 quidem

2051 5153 2161 5208 illa:
2178 5151 2381 5217 littera,
2409 5168 2537 5223 quas
2557 5159 2606 5206 et
2624 5160 2777 5205 antea
2807 5165 2903 5221 per
2936 5148 3185 5204 Ecclesia
3208 5148 3647 5213 Constantinam-

2052 5246 2226 5300 litante
2264 5244 2476 5300 clericos
2505 5254 2550 5299 ct
2577 5259 2669 5314 per
2697 5242 2941 5297 diaconos
2969 5250 3069 5297 istc
3091 5240 3380 5295 sanctitatis
3410 5238 3535 5309 (boc
3562 5249 3650 5293 est

2049 5335 2265 5409 Cyrilli)
2296 5336 2474 5408 plenas
2496 5335 2729 5389 omnibus
2756 5334 3063 5390 necessariis
3086 5333 3223 5389 misi.
3256 5332 3326 5387 lis
3354 5344 3539 5387 tamen
3566 5332 3650 5385 lo~

2047 5430 2126 5484 cis
2150 5428 2362 5485 litteras
2386 5443 2508 5499 qua:
2530 5427 2813 5484 leestini
2840 5427 3061 5482 nomine
3092 5426 3312 5495 scripta
3356 5425 3649 5494 miserque

2046 5523 2281 5591 fuerant,
2315 5522 2733 5579 commemorari
2759 5523 3119 5592 suspicamur.
3150 5518 3495 5591 Xystumqtte
3522 5518 3647 5587 opi-

2045 5634 2240 5673 namur
2268 5618 2339 5673 de
2380 5618 2463 5673 his
2492 5618 2642 5688 loqui
2668 5617 2833 5672 veluti
2859 5616 2931 5673 de
2966 5615 3102 5683 suis,
3155 5630 3261 5670 non
3291 5614 3468 5670 solum
3520 5612 3646 5685 quia

2041 5707 2344 5763 successori
2377 5707 2536 5763 liceat
2558 5707 2876 5764 decessoris
2902 5708 2987 5761 sui
3030 5708 3233 5777 scripta
3285 5714 3545 5776 gestaque
3592 5705 3645 5759 in

2040 5801 2345 5874 huiusmodi
2379 5801 2561 5857 causis
2585 5801 2686 5858 sibi
2714 5801 3039 5872 attribuere,
3073 5809 3163 5856 aut
3189 5797 3315 5871 quia
3336 5798 3642 5856 litterarum
