3916 6178
271 314 383 373 6‘29

1709 316 2241 374 PROLEGUMENA.

3451 317 3560 377 634)

272 431 361 499 qui
384 427 581 498 grandi
607 424 819 497 piaculo
846 425 1107 497 adstringi
1136 436 1323 497 putant
1344 444 1468 484 eum
1503 428 1594 497 qui
1622 427 1853 484 i'itteen-
1886 433 1934 492 Α
1962 446 2125 500 gnare
2150 431 2356 486 scilicet
2369 429 2497 500 quin
2522 429 2594 485 sit
2616 430 2743 484 illud
2772 429 3092 501 Symbolum
3126 429 3393 487 Vincentii
3424 430 3565 486 Liri-

270 524 407 578 tiutu
433 521 775 578 Lirincttsetn
806 566 819 589 ,
853 524 1070 579 eximia:
1105 523 1426 580 eruditionis
1458 540 1524 580 ac
1572 526 1873 581 sanctitatis

272 624 513 683 patrem,
542 614 595 669 iu
626 613 1044 671 Massiliensium
1073 615 1257 671 album
1293 616 1483 683 rel‘ert,
1515 618 1667 685 quasi
1698 617 1875 673 Semi-

274 707 551 775 pelagiaui
581 705 634 762 id
661 708 920 775 temporis
951 706 1195 763 haeretici
1226 708 1448 776 fuerint,
1480 726 1585 764 non
1625 725 1755 765 vero
1777 709 1873 765 υἱοὶ

278 811 445 865 supra
472 808 704 853 ca-tcros
742 799 799 853 in
847 798 1041 855 Galliis
1089 799 1395 856 doctissimi
1446 810 1609 871 atque
1649 802 1878 856 sanctis-

281 888 430 942 simi.
453 905 474 941 ι
499 890 769 945 Hactenus
788 890 870 945 vir
893 891 1373 960 praestantissimus
1391 911 1405 945 :
1426 894 1517 961 qui
1545 902 1598 948 et
1621 894 1747 948 alibi
1773 892 1873 947 ad-

282 995 473 1034 versus
501 980 839 1035 Biondellum
856 982 936 1052 (a)
958 982 1166 1051 Optime
1188 986 1384 1039 astruit
1402 985 1503 1055 (ὁ),
1538 984 1874 1040 Vincentium

273 1075 401 1147 jure
444 1074 612 1129 fuisse
663 1073 987 1132 abEcclesia
1016 1086 1325 1132 sanctorum
1357 1077 1504 1131 iustis
1535 1078 1852 1147 ascriptum.

357 1167 412 1222 ϐ.
446 1166 563 1222 Non
596 1168 777 1221 solum
816 1179 994 1223 autem
1024 1179 1159 1223 auct.
1185 1170 1229 1224 ri
1283 1179 1471 1224 nostro
1501 1170 1717 1225 tributa!
1758 1169 1881 1223 Vin-

286 1259 542 1312 cen:ianre
568 1259 879 1327 obiectiones
905 1259 974 1314 ab
1002 1260 1066 1315 iis
1098 1260 1228 1314 viris
1263 1260 1466 1316 criticis
1515 1277 1745 1329 quorum
1790 1275 1882 1314 su-

289 1348 476 1418 perius
501 1350 881 1416 mt‘niittimils;
913 1367 1100 1405 verum
1126 1352 1286 1406 etiam
1304 1352 1606 1423 symbdum
1638 1351 1883 1418 Quicum-

286 1458 387 1512 que
418 1440 584 1495 rari's
632 1441 965 1512 argumentis
1003 1442 1179 1498 eidem
1231 1458 1478 1498 asserere
1525 1454 1750 1499 cenatus
1796 1452 1882 1497 est

291 1531 542 1587 laudatus
580 1535 922 1588 Antolntius:
957 1537 1097 1590 inter
1150 1551 1274 1605 qua:
1311 1536 1543 1606 alicujus
1585 1552 1718 1591 sane
1769 1552 1886 1591 tuo-

293 1622 462 1676 tnenti
493 1624 706 1680 videtur
729 1640 853 1681 esse
888 1626 1042 1692 illud,
1073 1626 1219 1697 quod
1266 1628 1399 1696 petit
1430 1628 1513 1683 vir
1550 1626 1790 1682 eruditus
1815 1641 1883 1682 ex

291 1714 568 1784 aliquibus
600 1717 850 1786 loquendi
905 1718 1150 1774 formulis
1174 1735 1421 1790 magnam
1469 1735 1592 1776 cum
1640 1719 1884 1791 Symboli

1976 523 2161 578 ncttsis
2188 538 2346 592 opus,
2388 522 2438 578 si
2479 521 2613 576 alias
2641 532 2850 579 certum
2900 521 3190 592 quodpiam
3242 533 3564 595 suppeteret

1978 631 2077 686 pro
2106 615 2389 670 Vincentio
2434 614 2517 670 vel
2546 613 2751 671 codicis
2797 614 2881 669 vel
2911 614 3195 685 scriptoris
3223 616 3449 685 alicujus
3480 628 3573 673 te-

1974 706 2309 762 stituoniuut.
2340 706 2449 763 Sed
2482 706 2598 760 lucc
2617 705 2897 760 hactenus.
2927 705 3070 759 Nihil
3093 722 3259 775 porto
3284 708 3475 778 reliqui
3496 709 3569 766 do

1974 808 2199 855 auctOre
2253 808 2441 854 nostro
2482 798 2638 853 nobis
2680 808 2930 867 superest
2960 797 3323 868 adjiciendum
3366 809 3568 868 praeter

1977 893 2238 946 monitum
2272 891 2339 947 de
2364 890 2451 946 illa
2473 892 2712 947 editione
2734 908 2834 961 qua
2868 892 2947 946 usi
2971 906 3157 947 sumus
3186 892 3238 946 iu
3264 891 3384 962 ejus
3406 892 3568 948 Com-

1976 987 2272 1040 mooitorio
2321 984 2662 1041 excudeudo.
2722 982 2854 1038 Eam
2915 984 3170 1038 nimirum
3222 983 3568 1039 adhibuimus

1979 1091 2137 1146 quam
2156 1076 2376 1131 Parisiis
2399 1091 2539 1129 anno
2571 1076 2706 1130 1084
2729 1074 2887 1130 tertio
2910 1077 3177 1145 evolgavit
3200 1078 3410 1131 caeteris
3434 1092 3569 1144 pta:—

1978 1170 2296 1222 stautiorem
2348 1166 2654 1237 Stephanus
2710 1167 2962 1221 Balnzius
2994 1184 3008 1221 :
3041 1167 3129 1235 qui
3178 1168 3408 1235 primum
3447 1184 3570 1221 runt

1982 1261 2192 1316 duobus
2227 1260 2507 1316 codicibus
2555 1275 2689 1316 mss.
2726 1257 3076 1314 biblimltecae
3126 1258 3309 1327 Regia:
3345 1259 3574 1314 contulit

1984 1353 2136 1423 ejusu
2159 1353 2248 1408 odi
2282 1352 2635 1421 opusculum;
2664 1350 2921 1418 deinceps
2951 1364 3083 1403 vero
3112 1348 3244 1406 illttd
3272 1365 3457 1404 rursus
3481 1365 3575 1403 ex-

1986 1446 2097 1512 egit
2133 1444 2200 1498 ad
2249 1442 2385 1498 atios
2433 1442 2569 1497 duos
2611 1458 2812 1509 eosque
2864 1442 3293 1506 vetustissimos,
3344 1455 3572 1510 quorum

1986 1537 2125 1589 alter
2157 1549 2299 1589 nunc
2322 1545 2638 1589 asservatus
2672 1533 2723 1587 in
2757 1532 3085 1588 bib’iotltera
3118 1531 3452 1595 Coibcrtiua,
3476 1531 3572 1585 fuit

1988 1628 2115 1682 olim
2152 1626 2292 1680 Petti
2322 1625 2545 1689 Pitlttei;
2573 1626 2707 1678 alter
2733 1626 2832 1679 relt
2852 1623 3071 1679 bcrrimi
3102 1624 3413 1679 monasterii
3441 1622 3577 1677 Cor-

1988 1718 2243 1775 beiensis.
2275 1716 2439 1771 Notas
2467 1726 2644 1771 autem
2676 1715 2996 1769 Baluzianas
3020 1729 3242 1783 quarum
3277 1715 3581 1783 praecipuus

294 1808 572 1876 particulis
604 1808 929 1878 quibusdam
963 1810 1377 1866 similitudinem
1428 1827 1538 1881 prae
1571 1827 1633 1867 se
1666 1811 1885 1867 ierenti-
1920 1807 1962 1867 Β
1990 1824 2186 1879 scopas
2217 1818 2297 1863 est
2333 1809 2600 1863 variantes
2630 1807 2895 1861 lectiones
2929 1805 3197 1867 iudicare,
3227 1804 3393 1859 textui
3420 1804 3577 1872 adje-

296 1900 419 1967 bu=,
447 1915 582 1970 quas
610 1915 677 1955 ex
712 1901 982 1957 Vini-entii
1028 1902 1458 1960 Commonitotio
1507 1903 1599 1961 ille
1638 1904 1878 1973 collegit.

295 1990 400 2045 Eas
428 1991 594 2045 refert
617 2006 679 2045 ac
709 1993 964 2061 expendit
1004 1993 1078 2050 cl.
1121 1994 1548 2050 Montl‘aucouius
1571 1994 1670 2063 (ο),
1699 1996 1882 2066 aitque

296 2080 348 2133 id
378 2082 545 2150 probe
574 2083 773 2137 eruditi
807 2084 902 2137 viri
949 2086 1281 2155 argumentis
1310 2087 1526 2155 conﬁci,
1562 2086 1689 2141 nihil
1724 2101 1882 2155 repu-

348 2240 442 2360 ⁸(η)
473 2239 745 2363 ῌῗὶιὼξιι.
783 2240 851 2296 de
883 2242 1103 2297 Prituat.
1140 2243 1193 2298 in
1221 2243 1364 2300 Eccl.
1392 2254 1521 2299 sect.
1550 2242 1602 2311 6,
1632 2258 1751 2314 pag.
1797 2245 1885 2308 5'3,

374 2325 429 2360 ιι.
615 2349 629 2360 .
1158 2350 1161 2351 ν

299 2325 429 2364 είινι.
473 2325 629 2363 ιβιι.

368 2350 443 2449 (ἶ)
473 2350 650 2435 suis.
685 2396 808 2451 opp.
836 2392 967 2437 lunt.
998 2383 1085 2450 tu,
1122 2399 1276 2454 pagg.
1312 2384 1446 2440 1010
1475 2394 1529 2439 et
1554 2399 1672 2454 seq.

1986 1902 2186 1966 cimus,
2206 1898 2392 1968 paruis
2424 1913 2520 1967 pro
2548 1912 2698 1952 more
2729 1905 2916 1951 nostro
2946 1894 3012 1950 ad
3040 1894 3243 1950 calcem
3265 1893 3617 1966 paginarum.

1987 1994 2274 2066 appositis.

2065 2244 2136 2314 (ε)
2170 2243 2355 2299 Monii.
2398 2241 2582 2314 iDiatr.
2639 2239 2927 2314 inASymb.
2981 2242 3299 2311 Quicumque
3352 2241 3418 2296 ad
3452 2258 3615 2312 οιψ.-

1992 2309 2193 2370 Atitatt.
2230 2327 2359 2367 tom.
2396 2313 2456 2376 Il,
2494 2326 2611 2382 pag.
2644 2309 2749 2366 724
2778 2309 2930 2381 seqq.

326 2508 3573 2533 mw

951 2572 975 2609 \

1432 2639 1760 2701 NOTITIA
1811 2634 2450 2700 SCHOENEMANNI.

1295 2780 1406 2843 [Ex
1459 2781 1584 2831 Bibl.
1633 2780 1762 2831 iiist.
1808 2780 1980 2830 Litter.
2028 2777 2135 2827 Lat.
2185 2776 2288 2825 Pal.
2336 2780 2458 2826 tom.
2507 2770 2617 2836 Ii.)

650 2901 677 2973 §
704 2902 743 2957 Ι.
793 2902 913 2957 Vita
949 2902 1204 2957 Vittcentii
1233 2904 1535 2958 Lirinensis.

380 2995 669 3049 Lirinensis
696 3010 995 3066 cognomen
1028 2996 1129 3066 ipsi
1154 2997 1385 3052 inditum
1413 2998 1542 3066 fuit,
1584 3008 1637 3053 ut
1678 3000 1744 3051 ab
1775 2998 1894 3051 abis

308 3087 557 3159 ejusdem
589 3088 821 3141 nominis
850 3096 1012 3158 atque
1037 3090 1213 3142 aetatis
1238 3089 1460 3159 scriptm
1476 3089 1596 3144 ibus
1622 3088 1897 3144 discerne-

310 3188 481 3243 retur,
517 3179 586 3231 ab
618 3177 825 3245 insula,
856 3180 907 3233 in
939 3195 1044 3249 qua
1078 3179 1365 3235 maximam
1399 3179 1522 3236 vitae
1547 3195 1661 3236 suae
1688 3189 1893 3249 partem

1998 2934 2082 2983 est
2114 2938 2293 2992 neque
2314 2920 2587 2991 Peregrini
2610 2935 2830 2987 nomen,
2855 2936 3030 2991 neque
3055 2920 3441 2977 Commonitorii
3463 2926 3589 2980 titu-

1999 3017 2109 3072 lunt
2131 3014 2200 3070 ab
2223 3017 2339 3084 ipso
2359 3023 2579 3070 auctore
2608 3013 2871 3083 profecta,
2898 3014 2993 3070 sed
3025 3030 3095 3071 ex
3125 3014 3441 3085 praefatione
3466 3016 3603 3072 libri-

1956 3180 1961 3185 θ
1999 3106 2166 3177 petita
2209 3118 2352 3162 esse.
2392 3105 2552 3160 Multa
2595 3105 2864 3173 disputata
2911 3114 3041 3161 sunt
3088 3121 3118 3159 a
3167 3107 3591 3171 recentioribus,

2003 3198 2363 3265 prtncuntibus
2395 3197 2586 3253 Vossio
2618 3206 2672 3252 ct
2696 3195 2932 3261 Notisio,
2955 3197 3025 3253 de
3050 3197 3598 3268 Sctnipelaglanistno

311 3270 627 3327 monasticis
656 3270 848 3326 studiis
878 3270 1164 3341 impendit.
1192 3272 1363 3327 Pauca
1388 3281 1443 3328 ct
1465 3289 1571 3327 non
1593 3274 1725 3328 satis
1752 3281 1892 3328 certa

2006 3291 2275 3347 Vincentii
2326 3291 2611 3361 studioque
2650 3289 2772 3359 ejus
2808 3291 3252 3361 Augustiniauam
3291 3291 3589 3347 doctrinam

312 3362 380 3419 de
408 3370 531 3416 ortu
563 3361 678 3430 ejus
705 3370 867 3429 atque
893 3361 1205 3419 conditione
1236 3364 1508 3420 memetite
1536 3366 1725 3419 tradita
1749 3374 1897 3419 sunt.

313 3454 484 3509 Natus
531 3454 627 3508 fuit
673 3456 725 3509 in
766 3453 937 3510 Gallia
969 3454 1167 3509 Ceitica
1201 3457 1282 3509 vel
1317 3456 1530 3527 Belgica
1553 3498 1567 3519 ,
1599 3469 1648 3512 et
1698 3458 1743 3510 si
1777 3473 1900 3511 vere

315 3560 611 3617 germanus
640 3544 784 3600 iliius
823 3544 919 3600 fuit
948 3545 1129 3616 Lupus
1165 3548 1255 3601 ille
1284 3547 1600 3613 Trecensis,
1635 3548 1774 3617 quod
1817 3558 1899 3602 ta-

317 3654 438 3691 tneo
461 3636 756 3691 dot-tissimi
779 3653 957 3691 rerum
979 3640 1252 3706 utriusque
1273 3640 1567 3705 scriptores
1588 3651 1779 3709 negant
1798 3639 1898 3708 (a),

318 3731 534 3784 Tullum
566 3730 861 3784 Leucorum
898 3733 1122 3799 patriam
1148 3730 1349 3784 habuit.
1384 3733 1499 3798 Quo
1526 3742 1763 3800 tempore
1793 3731 1901 3801 pri-

316 3839 465 3877 mum
496 3822 695 3877 strculo
725 3823 972 3876 nuntium
1003 3822 1268 3876 remiserit
1298 3832 1349 3878 et
1377 3822 1428 3876 itt
1456 3821 1683 3876 insulam
1716 3838 1897 3878 seces-

316 3916 473 3979 serit,
516 3915 840 3985 quandoque
887 3925 940 3970 et
988 3915 1077 3970 tibi
1126 3917 1421 3987 presbyteri
1471 3917 1784 3988 dignitatem
1832 3918 1904 3971 sit

315 4008 564 4077 adeptus.
591 3994 900 4077 ignoramus
930 4023 945 4059 :
978 4007 1073 4063 sed
1106 4019 1315 4061 tnature
1340 4008 1533 4062 factum
1565 4021 1686 4062 esse
1716 4007 1897 4073 debet,

317 4097 366 4151 si
416 4096 632 4167 quidem
684 4095 981 4151 Eucherius
1031 4096 1100 4151 dc
1145 4112 1210 4151 eo
1255 4096 1540 4166 praedicat,
1569 4111 1691 4150 eum
1734 4096 1898 4149 lilium

317 4205 478 4245 suum
523 4188 832 4252 Salonium,
875 4189 965 4257 qtti
1016 4188 1084 4243 ab
1129 4188 1405 4243 Hauorato
1457 4187 1651 4242 abbate
1697 4187 1902 4241 institui

315 4288 586 4346 cit-perat,
634 4294 754 4332 cum
806 4278 1063 4333 Salviano
1108 4292 1542 4346 consummasse,
1592 4277 1903 4347 obitumque

314 4368 435 4438 ejus
462 4385 552 4422 au.
581 4369 687 4424 450
715 4368 1012 4436 assignant.

623 4459 650 4531 ᾗ
680 4459 739 4514 Il.
773 4458 980 4532 Scripta
1023 4459 1271 4513 Vincentii
1300 4458 1599 4514 Lirinensis.

279 4538 296 4605 Ν
398 4570 417 4603 r
454 4552 770 4623 Comptsuit
808 4553 873 4605 ad
921 4551 1210 4607 evertenda
1261 4552 1639 4607 itarreticorunt
1680 4552 1905 4620 Collegia

321 4644 491 4699 nitido
534 4654 588 4699 ct
625 4659 742 4713 apCt
760 4651 813 4697 to
860 4658 1111 4698 sermone
1158 4643 1537 4698 validissimam
1588 4643 1910 4713 diSptttatio-

2005 3384 2073 3441 de
2098 3385 2271 3455 gratia
2302 3393 2574 3454 tamquam
2608 3382 2916 3438 hmreticam
2941 3384 3276 3439 traducendi.
3308 3381 3444 3450 Quin
3470 3400 3595 3454 pro-

2002 3478 2177 3547 prium
2210 3475 2262 3533 in
2298 3491 2364 3531 co
2407 3474 2589 3545 operis
2629 3474 2788 3544 ltujus
2817 3475 3106 3530 consilium
3149 3474 3396 3529 tonnulii
3424 3490 3591 3545 agno-

2003 3584 2157 3625 scere
2181 3568 2283 3624 sibi
2314 3569 2414 3622 visi
2443 3578 2563 3622 sunt
2595 3576 2651 3623 et
2683 3567 2799 3622 loca
2839 3567 3019 3621 omnia
3050 3565 3592 3637 Setnipelagiauisuto

2002 3674 2243 3717 ωτιςοηα
2275 3661 2559 3730 diligenter
2585 3667 2897 3725 enotarunt,
2923 3659 2991 3713 de
3028 3660 3226 3729 quibus
3260 3660 3494 3730 itemque
3524 3662 3592 3716 iis

2002 3767 2121 3820 quae
2143 3751 2209 3804 ab
2232 3751 2353 3805 aliis
2371 3749 2613 3819 opposita
2639 3759 2763 3804 sunt
2782 3748 3050 3804 Oudinttm
3073 3748 3224 3804 adire
3246 3758 3465 3817 prrcsmt
3490 3751 3587 3820 (lt).

2002 3840 2203 3895 Eadem
2238 3839 2348 3894 fere
2378 3839 2445 3894 de
2473 3852 2636 3893 causa
2672 3854 2702 3893 a
2744 3838 3066 3909 quibusdam
3107 3839 3390 3894 Vincentio
3428 3842 3591 3895 tribui

2002 3941 2198 4002 cespite
2225 3938 2353 3989 sunt
2386 3930 2712 4002 Objectiones
2751 3931 2856 3986 illa:
2891 3931 3239 3986 Vincentium:
3274 3942 3455 3987 contra
3486 3935 3593 3987 Au-

2003 4025 2192 4094 gustini
2220 4024 2542 4088 doctrinam,
2581 4037 2715 4093 quas
2751 4023 3010 4093 singulari
3052 4024 3232 4079 studio
3258 4036 3594 4095 oppugnavit

2004 4116 2236 4185 Prosper
2262 4116 2315 4171 in
2348 4116 2483 4172 libro
2506 4116 2874 4189 Responsionis
2900 4117 2969 4171 ad
2992 4118 3224 4188 capitula
3247 4118 3593 4190 objectiontmt

2012 4205 2481 4269 Vincentianarum.
2514 4216 2571 4263 et
2597 4221 2735 4277 opus
2767 4205 3136 4263 Prtedeslinatt'
3164 4209 3306 4278 quod
3337 4224 3426 4264 an.
3455 4207 3594 4264 i643

2011 4295 2232 4352 Parisiis
2261 4297 2411 4353 exire
2452 4295 2578 4352 fecit
2612 4297 2728 4352 Jac.
2768 4296 3106 4355 Sirmondus.
3141 4297 3248 4354 Sed
3281 4309 3469 4368 praeter
3517 4300 3599 4354 le-

2008 4402 2129 4442 vem
2172 4386 2406 4442 nominis
2441 4387 2495 4442 in
2535 4387 2708 4443 altero
2738 4396 2792 4443 et
2830 4388 3090 4444 doctrina:
3121 4391 3175 4443 in
3206 4397 3433 4460 utroque
3470 4405 3594 4446 cum

2012 4477 2097 4531 illa
2130 4476 2654 4547 Semipelagianismi
2686 4476 2739 4533 itt
2780 4477 3066 4533 Vincentio
3092 4479 3402 4547 suspicione
3439 4478 3596 4535 sitni-

2013 4570 2291 4625 litudinem
2322 4570 2503 4626 omnia
2534 4569 2639 4626 alia
2669 4580 2987 4642 argumenta
3017 4581 3232 4627 cessant
3266 4569 3363 4643 (ε).

321 4688 489 4699 ...νυν
534 4688 588 4699 --
625 4688 810 4713 Ὕν.
860 4688 1111 4698 --....-...,
1166 4688 1537 4698 .-.....--.........
1589 4688 1880 4713 ...Ἵππην
2277 4706 2330 4717 __
2625 4707 2637 4719 .
2972 4706 2982 4718 .
3564 4706 3578 4718 ,

321 4753 465 4798 nent,
497 4751 655 4804 quam
686 4735 932 4789 absconso
968 4735 1167 4789 nomine
1193 4751 1288 4788 suo
1309 4734 1595 4789 attitulavit
1617 4735 1905 4807 Peregrini,
1940 4688 1986 4747 ο
2017 4700 2046 4772 ᾗ
2078 4702 2161 4756 m‘
2187 4700 2476 4770 Εώηοηην
2504 4706 3065 4807 ⁹⁶Γ⁸¹⁰ξ²ξξεξξκξῗξ¹¹⁶⁶⁵
3095 4721 3309 4777 operum
3340 4704 3599 4762 "nam"

322 4827 565 4880 adversus
608 4824 877 4879 haereticos
909 4841 927 4879 :
957 4825 1109 4895 cujus
1142 4826 1325 4895 operis
1364 4828 1484 4893 quia
1527 4826 1750 4881 set-undi
1783 4826 1904 4882 libri

323 4920 609 4973 maximam
645 4918 697 4972 in
726 4917 998 4971 scltedttlis
1030 4928 1236 4986 partem
1266 4933 1296 4971 a
1325 4918 1644 4989 quibusdam
1679 4917 1905 4971 furatun

324 5011 585 5082 perdidit,
618 5009 880 5076 recapitul
902 5018 976 5062 tto
1000 5010 1114 5079 ejus
1139 5010 1321 5078 ptucis
1350 5012 1691 5065 sermonibus
1713 5027 1905 5077 sensu,

325 5103 499 5170 primo
541 5101 810 5169 compegit
852 5110 903 5155 et
946 5101 996 5154 itt
1037 5118 1200 5156 unum
1254 5102 1445 5157 librum
1491 5102 1678 5157 edidit.
1720 5120 1738 5154 t
1783 5102 1911 5158 llac

324 5192 634 5249 Gennadius
664 5206 715 5246 c.
745 5190 835 5245 64.
862 5192 1120 5261 Superest
1151 5193 1318 5249 ltocce
1348 5193 1689 5261 opusculum,
1720 5193 1911 5249 inscri-

324 5294 472 5356 ptum
526 5283 1021 5350 Commonitorium,
1069 5300 1163 5343 seu
1214 5284 1617 5339 Commonitoria
1666 5286 1767 5340 duo
1816 5302 1911 5358 pro

324 5377 591 5433 catholica
619 5376 743 5447 ﬁdei
769 5378 1072 5448 antiquitate
1100 5389 1146 5432 et
1169 5379 1495 5432 universitate
1515 5378 1759 5432 adversus
1790 5395 1912 5447 pro-

327 5473 477 5539 fanas
527 5469 760 5524 omnium
822 5469 1182 5524 Itazreticorum
1228 5469 1498 5524 novitates.
1547 5468 1653 5526 Sed
1702 5480 1907 5525 certum

396 5625 479 5695 (α)
519 5626 653 5684 Hist.
691 5625 815 5683 Litt.
848 5625 915 5680 de
944 5625 992 5679 ia
1024 5624 1252 5681 France.
1290 5634 1330 5677 t.
1359 5623 1422 5681 ll.
1458 5640 1507 5689 p.
1538 5622 1661 5677 505.

398 5695 478 5771 (b)
520 5700 797 5771 Dissuta}.
942 5696 1221 5771 Vittcrtttiﬂn
1246 5708 1367 5771 cap.
1410 5695 1474 5755 ἓ,
1507 5697 1539 5750 5
1579 5705 1821 5771 seqq.__t.
1858 5695 1907 5757 Ι.

331 5781 383 5842 p.
407 5763 687 5827 ἨΜ-45.
727 5768 809 5825 Cf.
849 5765 985 5824 Hist.
1018 5767 1118 5823 litt.
1162 5763 1349 5821 Gallia:
1376 5776 1632 5837 auctores,
1664 5763 1706 5822 ιζ
1744 5766 1817 5835 ll,
1854 5784 1905 5839 p.

2659 4774 2961 4831 Lirinensis.

2673 4908 2938 4959 Editioncs.

2093 5012 2357 5067 Vincentsi
2388 5012 2873 5068 Commonitorium
2894 5057 2909 5078 ,
2950 5024 3005 5068 ttt
3036 5016 3262 5082 primunt
3295 5032 3324 5070 e
3354 5016 3600 5071 manibus

2016 5103 2253 5158 auctoris
2283 5104 2363 5157 sui
2395 5104 2556 5169 exiit,
2584 5105 2765 5173 plures
2788 5106 2966 5158 statim
2992 5092 3006 5170 ,
3036 5114 3092 5159 et
3120 5107 3424 5175 frequentes
3450 5107 3600 5162 deiu-

2017 5210 2146 5265 ceps
2174 5210 2268 5264 per
2296 5210 2457 5250 omne
2485 5212 2661 5250 aevum
2692 5196 2921 5251 lectores
2951 5206 3004 5251 et
3032 5213 3095 5252 ex
3128 5198 3419 5253 lectoribus
3446 5213 3594 5253 ama-

2020 5296 2165 5341 tores
2192 5286 2415 5339 invenit.
2450 5284 2567 5341 Non
2609 5287 2876 5341 immerito
2906 5287 3145 5355 quidem.
3181 5288 3273 5342 Est
3301 5287 3445 5343 enim
3476 5291 3598 5344 luti;

2016 5377 2225 5432 auctori
2259 5378 2531 5446 proprium
2559 5393 2782 5433 acumen
2808 5377 3099 5448 quoddant,
3134 5380 3239 5433 etsi
3277 5380 3466 5435 falsum
3516 5382 3598 5434 in-

2019 5471 2227 5526 tcrdtttn
2278 5480 2332 5527 et
2383 5471 2675 5542 itteptiens,
2726 5479 2783 5528 et
2828 5470 3044 5528 dicendi
3101 5487 3273 5543 genus
3326 5477 3601 5531 concisum

2021 5623 2265 5750 ῗοθὶψιί
2299 5623 2519 5678 minime
2562 5620 2942 5692 Pelagianismi
2990 5624 3368 5681 odoratoribus
3412 5641 3596 5682 assen-

2046 5711 2136 5750 tun
2168 5736 2180 5747 .

2094 5768 2169 5839 (ε)
2207 5764 2501 5825 Adcundus
2531 5764 2693 5824 etiam
2725 5765 2793 5823 de
2831 5766 2913 5825 bis
2956 5765 3217 5835 Oudirtu',
3256 5782 3376 5837 cap.
3408 5764 3440 5823 4
3465 5778 3520 5827 et
3546 5765 3605 5825 ὃ.
