3916 6178
444 342 546 400 33“,
1713 323 1990 380 \‘iSCE-Ni

2097 319 2473 379 Lllile‘NSlS
3558 312 3642 371 G36

450 454 800 512 munit-trium
843 448 1108 518 Georgius
1144 444 1392 499 Calistus
1437 438 1707 495 recensuit
1741 447 1795 492 et
1835 436 2021 492 edidit.
2054 442 2106 496 Α
2725 440 2938 481 secum
2970 441 3111 478 svnt.

451 549 627 607 Edim,
655 548 846 600 suam.
989 512 1018 518 ⁷
2205 521 2362 578 Ποῦ.
2400 520 2595 583 Retine,
2626 534 2687 571 ea:
2710 514 3056 587 typographia
3085 530 3239 568 sacra:
3260 512 3437 587 Congr.
3466 518 3520 568 de
3542 516 3646 570 Pro-

523 638 657 694 lluic
687 633 908 690 editioni
951 630 1016 685 ad
1046 629 1248 685 calcem
1280 624 1509 681 accessit
1558 637 1693 677 nova
1738 618 2031 688 disputatio
2129 634 2251 689 p'zg.
2274 616 2400 684 βας
2422 612 2878 669 iu-8°.Vincentii
2910 610 3199 667 Lirinensis
3218 609 3647 669 Commonitorium

452 727 697 785 editoris.
728 722 1105 778 Admonitionis
1135 721 1203 773 ad
1232 718 1491 772 Lectorem
1522 713 1758 769 nomine.
1789 712 1843 766 ln
1874 726 1935 766 ea
1965 707 2033 763 ab
2133 709 2187 764 in
2245 707 2463 777 Josephi
2526 704 2805 760 Tommasii
2850 701 3237 758 [restitutionem
3282 701 3652 774 Tltcologirarum

452 823 607 879 initio
648 818 890 873 declarat
937 816 1081 870 unde
1136 812 1237 867 sibi
1281 819 1406 865 ante
1454 822 1627 864 annos
1680 798 1804 861 xxvi
1861 803 2031 872 prima
2134 804 2475 875 Antiquorum
2508 798 2728 855 Patrum
2764 807 2912 853 torno
2944 796 2990 862 ι,
3017 810 3171 866 pagg.
3212 794 3488 850 lilii-275.
3516 796 3654 852 iitcu-

456 913 725 970 Vincentii
768 909 965 966 edendi
1007 906 1221 963 occasio
1250 913 1405 961 enata
1454 903 1634 956 fuerit.
1686 917 1704 951 ι
1732 898 1864 952 Cum
1890 895 2034 950 enim
2136 909 2211 950 sae
2240 901 2365 948 sunt
2391 891 2593 949 eaedem
2625 889 2845 955 ibidem,
2881 904 2911 945 a
2966 887 3102 943 1746
3136 886 3347 942 totidem
3380 890 3539 943 tantis.

457 1017 586 1063 tunc
629 1000 890 1073 temporis
937 996 1195 1071 pontiﬁcii
1222 1036 1238 1063 ,
1288 994 1482 1063 inquit,
1529 992 1582 1046 in
1625 990 1726 1045 ltac
1765 996 1820 1043 et
1848 986 2038 1041 vicinis
2210 983 2518 1052 Exemplari
2548 981 2897 1038 Biblimbecm
2946 988 3146 1035 nostrae
3185 979 3426 1033 nonnulla
3451 976 3655 1046 ascripsit

458 1095 751 1168 provinciis
787 1068 1115 1147 monasteria
1160 1096 1213 1141 et
1260 1082 1518 1139 beneficia
1544 1079 1911 1137 ecclesiastica
1942 1091 2037 1131 oe-
2143 1077 2196 1131 b.
2246 1075 2304 1131 (ἱ.
2352 1077 2416 1129 Α.
2465 1073 2825 1135 Heumanmts,
2854 1087 2922 1126 ex
2952 1072 3143 1142 quibus
3175 1068 3288 1127 haec
3315 1081 3513 1125 netassc
3534 1069 3657 1138 juva-

458 1161 759 1259 enparent,
812 1194 1026 1236 nos:ros
1074 1178 1371 1247 ejicerent,
1404 1184 1457 1229 et
1503 1187 1636 1226 nova
1662 1185 1759 1225 sua
1791 1168 2040 1237 dogmata
2144 1168 2258 1224 bit:
2310 1186 2332 1221 ι
2364 1166 2478 1222 Hoc
2518 1165 2721 1229 libello,
2754 1164 2950 1234 inquit.
3001 1162 3311 1218 Vincentius
3355 1161 3569 1216 stabilire
3590 1176 3656 1216 co-

464 1278 734 1334 mentibus
776 1272 1153 1327 nonnnllorum
1174 1311 1186 1335 ,
1231 1267 1319 1337 qui
1349 1278 1505 1319 aures
1537 1261 1864 1333 praeberent,
1900 1259 2042 1313 inse-
2144 1273 2305 1316 natur
2330 1259 2554 1316 summis
2583 1258 2786 1313 viribus
2808 1255 3179 1328 praeiudicium
3203 1251 3533 1320 auctoritatis,
3560 1265 3655 1307 coa-

463 1387 587 1426 rere
617 1376 968 1430 conarentur,
998 1362 1146 1417 venit
1176 1359 1303 1413 mihi
1337 1357 1388 1411 in
1415 1365 1651 1411 mentem
1680 1351 2046 1409 Commonilo-
2147 1360 2225 1408 tra
2260 1350 2565 1406 hominibus
2594 1350 2805 1418 eripere
2844 1346 3026 1403 studet
3063 1361 3276 1400 omnem
3313 1359 3456 1399 usum
3481 1342 3662 1399 rationis

467 1463 606 1518 rium
635 1476 663 1513 a
698 1457 983 1513 Vincentio
1014 1454 1114 1508 sub
1142 1451 1358 1507 nomine
1379 1444 1656 1517 Peregrini
1687 1444 1910 1509 editum,
1940 1455 2047 1511 quo
2148 1444 2202 1498 in
2235 1442 2428 1507 sacris,
2462 1438 2851 1495 commendans
2877 1452 3099 1508 prorsus
3120 1438 3349 1512 λατρείαν
3368 1433 3543 1508 ἄλογον.
3568 1436 3664 1505 Agit

469 1553 758 1608 novitatem
791 1562 1030 1610 omnem,
1061 1543 1202 1614 quod
1229 1542 1416 1596 attinet
1446 1540 1693 1609 dogmata
1724 1535 1790 1590 ad
1818 1535 2046 1590 salutem
2149 1535 2311 1606 igitur
2342 1533 2425 1589 bic
2456 1548 2561 1587 non
2596 1532 2837 1587 veritatis
2870 1542 3155 1600 patronum
3175 1571 3190 1596 ,
3229 1529 3320 1583 sed
3350 1526 3546 1584 erroris.
3592 1526 3666 1582 Er-

472 1644 775 1699 neeessaria
802 1682 815 1704 ,
866 1639 1009 1693 serio
1040 1646 1096 1691 et
1129 1648 1319 1690 severe
1349 1631 1552 1700 rejicit,
1585 1640 1639 1685 et
1668 1628 1717 1682 id
1750 1626 1927 1681 solum
1956 1624 2051 1680 ad—
2151 1626 2290 1682 roris
2315 1632 2418 1692 est,
2449 1638 2692 1695 quaerere
2711 1665 2724 1687 ,
2758 1630 2817 1677 ut
2846 1621 2945 1677 sub
2974 1620 3162 1675 umbra
3192 1618 3508 1674 auctoritatis
3532 1627 3577 1673 et
3596 1633 3668 1670 an-

472 1731 788 1788 mittcndum
819 1740 1030 1792 censet,
1076 1726 1217 1796 quod
1268 1722 1576 1779 testimonio
1605 1718 1935 1786 antiquitatis
1964 1715 2049 1769 ni-
2155 1717 2416 1787 tiquitatis
2447 1717 2629 1771 lateat.
2675 1713 2883 1770 Veritas
2910 1727 3008 1767 sua
3035 1712 3156 1767 luce
3196 1711 3365 1765 radiat
3389 1718 3439 1764 et
3465 1708 3668 1764 omnibus

473 1834 641 1892 tatur,
674 1822 787 1877 sive
818 1820 989 1891 quod,
1023 1827 1080 1872 ut
1112 1817 1370 1887 loquitur,
1415 1811 1793 1868 universaliter
1820 1806 2049 1876 antiqui-
2086 1816 2132 1875 Β
2158 1809 2302 1863 omni
2335 1816 2575 1877 tempore
2605 1821 2662 1860 se
2691 1804 2893 1876 praebet
2920 1803 3309 1873 inspiciendam
3340 1810 3488 1871 atque
3508 1797 3669 1855 exami-

477 1927 561 1972 tns
621 1922 892 1984 receptum
952 1909 1153 1964 fuerit:
1212 1908 1359 1961 venit
1416 1919 1632 1976 quoque
1682 1902 1734 1956 itt
1792 1906 2051 1965 mentem,
2158 1899 2415 1956 nandam.
2470 1898 2675 1953 Bonum
2706 1888 3669 1963 aurum,sivcisexcentiesesatnina.

475 2009 768 2078 scriptores
814 2001 1116 2074 pontificios
1161 2000 1513 2063 recentiores,
1570 2010 1705 2066 quos
1753 1992 2057 2064 praecipuos
2158 1992 2326 2055 veris,
2359 2005 2575 2060 semper
2601 1988 2842 2057 reperies
2869 1988 3069 2042 bonum
3103 2001 3306 2040 aurum.
3339 1984 3423 2040 Sic
3450 1991 3497 2037 et
3515 1981 3671 2037 veritas

478 2104 655 2172 legere
682 2098 1083 2161 meminissem,
1117 2095 1415 2150 doctrinam
1448 2089 1713 2146 Vincentii
1744 2099 2058 2155 summope-
2162 2094 2283 2157 post
2310 2084 2457 2139 mille
2478 2083 2723 2137 examina
2752 2090 2934 2135 manet
2957 2080 3184 2145 veritas,
3214 2072 3671 2147 etquemadtnodum

480 2212 541 2249 re
571 2191 790 2248 laudare
819 2198 874 2246 et
903 2186 1230 2259 approbare,
1264 2194 1315 2240 et
1345 2182 1570 2253 proinde
1600 2187 1746 2236 recte
1776 2193 1863 2233 me
1892 2176 2060 2231 factu-
2160 2176 2531 2233 arithmeticos
2557 2172 2979 2242 computationis
2999 2187 3113 2226 sun
3134 2172 3405 2227 veritatem
3433 2179 3673 2236 numquam

480 2303 596 2342 rum
624 2328 637 2351 ,
668 2286 712 2339 si
745 2284 882 2338 itane
910 2282 1111 2352 ipsam,
1164 2279 1496 2350 antiquitatis
1542 2276 1681 2332 adeo
1732 2284 1977 2329 tenacem
2008 2280 2062 2326 et
2167 2268 2355 2338 probat
2383 2281 2478 2336 per
2509 2280 2831 2321 consensum
2862 2265 3094 2319 aliorum
3128 2261 3576 2324 aritltmeticorum,
3602 2255 3673 2312 sed

483 2375 808 2431 adversariis
839 2351 1120 2441 tantOpere
1151 2380 1378 2441 gratam,
1414 2367 1701 2438 pontificiis
1730 2364 2062 2421 novitatibus
2165 2363 2459 2418 exclan‘rat:
2493 2358 2685 2441 Proba,
2718 2359 2981 2425 examina,
3022 2357 3104 2414 sic
3132 2364 3187 2412 et
3213 2356 3422 2411 veritas.
3451 2373 3467 2407 ι
3509 2351 3678 2408 Notavit

484 2479 834 2535 opponerem.
867 2481 887 2515 ι
937 2461 1091 2528 Quod
1135 2457 1584 2530 quemadmodum
1632 2456 1859 2523 fecerit,
1908 2460 2062 2507 antea
2167 2453 2308 2509 idem
2339 2494 2353 2520 ,
2408 2432 2742 2523 quantopere
2799 2449 2902 2503 hoc
2966 2462 3104 2516 Opus
3161 2446 3519 2516 contempserit
3574 2440 3675 2494 Dan.

488 2558 747 2614 monitum
779 2564 883 2611 est.
2170 2547 2381 2617 Whitby
2408 2546 2460 2600 in
2491 2544 2644 2616 pra-f.
2668 2544 2734 2600 ad
2764 2543 2955 2598 librum
2984 2542 3053 2597 de
3082 2541 3300 2597 Patrum
3327 2540 3375 2594 in
3400 2538 3678 2607 Scripturattt

562 2650 718 2704 1665.
740 2646 982 2710 Parisiis,
1005 2645 1146 2715 apud
1164 2641 1357 2698 Franc.
1384 2642 1618 2715 illrzguet;
1641 2643 1691 2694 in
1707 2641 1806 2697 -8°.
1836 2640 2069 2696 \‘inccn-
2168 2641 2224 2697 S.
2259 2637 2685 2693 commentariis.

489 2741 545 2793 tii
574 2737 868 2794 Lirinensis
897 2714 1403 2799 Commonitorium,
1437 2714 1518 2787 Sa
1537 2747 1659 2786 seu
1678 2744 1836 2785 ANUS
1866 2729 2070 2784 ΒΑιυ-
2246 2727 2403 2785 1751.
2441 2727 2643 2793 Romae,
2672 2726 2806 2797 typis
2828 2725 2917 2780 Jo.
2948 2725 3165 2795 Zempel
3195 2740 3345 2796 prope
3375 2720 3569 2777 Montem
3591 2714 3682 2771 Jur-

489 2848 629 2889 ztus
671 2831 737 2885 ad
783 2829 942 2884 fidem
995 2826 1242 2882 codicum
1292 2838 1424 2879 mss.
1476 2821 1779 2878 emendavit
1825 2820 2070 2888 notisque
2172 2822 2401 2888 donum;
2452 2822 2506 2875 in
2538 2821 2623 2876 8°.
2674 2819 2994 2876 Sanctorum
3046 2818 3309 2873 Vincentii
3356 2812 3613 2870 Lirinensis
3643 2815 3684 2862 et

490 2922 796 2987 "lustrati";
826 2935 949 2975 cum
982 2917 1230 2975 Salviano
1255 2915 1522 2986 ejusdem.
2174 2911 2360 2968 lliiarii
2381 2911 2714 2967 Arelatensis
2736 2909 2912 2980 Opera
2935 2908 2999 2964 ad
3025 2924 3159 2965 mss.
3183 2908 3303 2965 cod.
3328 2906 3686 2976 insignioresque

566 3016 824 3071 Adhibuit
855 3013 992 3067 duos
1020 3011 1237 3067 codices
1267 3008 1449 3078 Regia:
1478 3006 1620 3062 Bibi.
1654 3005 1828 3062 Paris.
1864 3012 1916 3060 et
1945 3019 2073 3074 pau-
2174 3004 2443 3061 editiones
2471 3004 2741 3074 recognita
2773 3017 2836 3057 ac
2859 3002 3000 3056 notis
3030 2999 3571 3064 observationibusquc
3597 2992 3686 3045 illo.

491 3108 638 3162 culas
667 3116 821 3161 notas
847 3101 1073 3168 addidit,
1104 3102 1170 3157 de
1200 3100 1400 3170 quibus
1424 3100 1543 3154 vide
1575 3098 1640 3152 ad
1666 3098 2002 3153 Salvianum.
2175 3107 2345 3152 strata
2399 3110 2431 3149 a
2465 3094 2532 3149 ο.
2571 3093 2775 3149 Joanne
2806 3094 3033 3149 Saeuus
3077 3090 3416 3163 Neapolitano
3448 3086 3559 3141 Con.
3589 3081 3684 3149 fing-

567 3197 725 3254 1664.
762 3195 1064 3267 Raceburgi,
1089 3211 1177 3262 per
1201 3193 1476 3247 Nicolaum
1502 3191 1714 3256 Nissen;
1735 3190 1904 3245 iit-12.
1941 3189 2067 3244 Vitt-
2092 3187 2137 3249 C
2172 3186 2287 3241 Lat.
2338 3203 2398 3240 ac
2446 3185 2508 3241 S.
2555 3183 2740 3240 Theol.
2795 3183 2937 3239 Lect.
2985 3182 3051 3238 ad
3111 3182 3354 3239 sanctiss.
3389 3179 3571 3235 Patrem
3595 3172 3688 3226 Cie-

493 3289 653 3344 centii
700 3284 1000 3354 Lirinensis
1056 3299 1153 3353 pro
1201 3283 1346 3337 catb.
1398 3281 1521 3337 fidei
1572 3281 1933 3351 antiquitate,
1964 3289 2071 3336 etc.
2179 3290 2412 3333 mentem
2441 3277 2534 3332 Xil
2565 3286 2713 3348 pont.
2748 3293 2891 3332 max.

498 3376 782 3433 Cal-Bibl»
810 3374 1013 3429 Βηηαυ-
2250 3372 2470 3428 Scilicet
2516 3387 2621 3426 non
2672 3384 2768 3425 sua
2798 3370 2974 3425 denuo
3021 3384 3190 3439 Opera
3236 3365 3540 3435 recognitum
3575 3355 3690 3412 dedit

570 3469 727 3524 1669.
768 3466 1018 3533 Parisiis,
1060 3467 1199 3537 apud
1243 3463 1435 3518 Franc.
1463 3463 1719 3532 Muguet;
1757 3464 1918 3521 iri-8°.
1954 3463 2079 3518 Vin-
2181 3463 2556 3526 Vincentium,
2607 3460 2701 3517 sed
2755 3460 3099 3515 Baluzianam
3145 3458 3425 3515 editionem
3467 3468 3513 3507 a.
3554 3444 3688 3502 1663:

497 3562 660 3618 ci-ntii
695 3561 991 3616 Lirinensis
1014 3556 1500 3614 Commonitorium
1524 3572 1589 3611 ex
1618 3556 1840 3610 secunda
1862 3558 2079 3611 BALUZII
2180 3572 2305 3612 nam
2349 3556 2561 3611 tertiam
2607 3554 2746 3608 baud
2776 3553 2953 3622 novit,
3002 3552 3147 3609 sicut
3177 3566 3275 3607 nec
3296 3558 3583 3605 exterarum
3608 3536 3693 3591 edi-

495 3654 754 3712 editione.
2180 3648 2386 3702 tionum
2434 3656 2788 3716 praeterquam
2832 3660 2897 3702 ex
2932 3643 3153 3699 Labbeo
3196 3652 3249 3699 et
3294 3641 3459 3696 Caveo
3497 3630 3691 3688 notitiam

571 3744 731 3801 1677.
768 3742 1045 3815 Lugduni,
1067 3740 1207 3811 apud
1234 3741 1561 3807 Anissouios;
1591 3739 1768 3811 t'n-fol.
1815 3740 2080 3795 Vincentii
2182 3739 2398 3802 habuit;
2428 3738 2594 3793 immo
2620 3752 2725 3793 non
2757 3752 2915 3792 unam
2950 3728 3137 3791 laudat
3164 3735 3357 3791 diserte
3384 3728 3634 3786 edtionem
3654 3720 3693 3774 in

496 3835 987 3890 Commonitorium
1037 3833 1295 3887 adversus
1336 3833 1601 3899 haereses;
1649 3832 1700 3887 in
1750 3830 1886 3887 Bibl.
1931 3831 2077 3888 Max.
2180 3829 2334 3899 cujus
2365 3843 2507 3884 anno
2530 3844 2635 3884 non
2655 3843 2810 3885 error
2832 3829 2963 3883 βίω
2989 3826 3159 3883 Notas
3177 3840 3301 3891 vero
3326 3817 3695 3879 observationes-

502 3926 625 3984 PP.
657 3938 699 3982 t.
731 3926 844 3993 VII,
875 3941 1029 3997 pagg.
1057 3926 1164 3981 219
1186 3954 1212 3966 -
1232 3923 1357 3980 265.
2181 3935 2286 3992 que
2308 3961 2326 3989 ,
2358 3919 2555 3991 inquit,
2588 3920 2721 3976 tales
2744 3920 3041 3985 adiecimus
3061 3961 3077 3987 ,
3107 3934 3227 3990 qua:
3268 3915 3491 3971 laborem
3516 3906 3697 3997 diligen-

578 4018 735 4074 1684.
767 3993 1008 4084 Parisiis,
1039 4016 1182 4084 apud
1220 4014 1412 4070 Franc.
1452 4015 1700 4086 Mttguet;
1732 4016 1898 4071 iit-8°.
1954 4015 2082 4071 Vitt-
2183 4013 2423 4085 tiamque
2465 4013 2843 4070 desiderarunt
2883 4011 3033 4084 (sic):
3091 4020 3271 4067 utrum
3319 4014 3487 4076 postea
3516 3993 3698 4086 animi“?

499 4113 664 4169 centii
695 4108 994 4166 Lirinensis
1031 4107 1515 4163 Commonitorium
1556 4125 1621 4163 ex
1655 4112 1809 4165 tertia
1848 4109 2083 4165 editione
2182 4104 2289 4161 sint
2320 4080 2591 4171 utilitatis,
2626 4103 2806 4160 dicere
2829 4080 2936 4158 non
2966 4080 3167 4171 audeo,
3197 4108 3252 4156 et
3277 4098 3440 4153 libens
3467 4092 3571 4147 illas
3594 4080 3699 4151 aqtti

503 4204 708 4262 Srcrn.
740 4200 987 4265 BALCZII;
1016 4213 1137 4253 cum
1171 4198 1436 4253 Saltiano.
2183 4196 2399 4250 lectoris
2427 4195 2630 4264 judicio
2655 4196 2937 4251 submitte.
2985 4193 3233 4263 Capitnm
3260 4186 3624 4245 distinctionem
3648 4171 3699 4265 li-

577 4294 910 4350 Retractavit
942 4301 997 4348 et
1027 4292 1226 4362 passim
1263 4291 1488 4345 mutavit
1520 4290 1757 4360 priorum
1787 4290 2081 4346 editionum
2183 4295 2269 4342 cet
2311 4260 2596 4347 aBaiuzio
2643 4284 2908 4339 sublatam
2936 4325 2949 4348 ,
2978 4260 3101 4337 cum
3148 4279 3440 4339 editoribus
3473 4270 3579 4326 aliis
3603 4260 3700 4320 reli-

510 4396 742 4454 textum,
776 4392 1038 4453 notasque
1065 4384 1333 4438 auctiores
1360 4382 1587 4437 addidit.
2184 4393 2315 4432 nere
2342 4380 2544 4445 justum
2575 4392 2638 4432 ac
2669 4376 2862 4430 rationi
2885 4385 3307 4431 consentaneum
3337 4361 3565 4437 apparuit
3589 4352 3699 4428 (sic).

579 4444 740 4533 1687.
765 4444 1148 4545 ϐαηιαέήςὶω,
1192 4490 1257 4529 ea:
1293 4474 1386 4543 o/f.
1418 4472 1575 4528 Joan.
1617 4473 1810 4545 floyes,
1839 4474 2084 4545 impensis
2183 4478 2238 4524 et
2284 4444 2405 4525 meo
2448 4468 2668 4538 quidem
2704 4468 2908 4538 judicio
2956 4482 3061 4522 non
3093 4478 3314 4541 prorsus
3342 4456 3598 4517 inutiliter.
3632 4444 3703 4545 Pe

504 4571 653 4628 Guil.
705 4569 927 4635 Graves;
966 4536 1143 4623 ίηῖηξ
1188 4536 1450 4623 Vincentii
1498 4536 1805 4623 Lirinensis.
1825 4536 2083 4623 adversus
2110 4548 2159 4609 ι)
2184 4563 2431 4620 doctrina
2553 4562 2662 4618 Viri
2685 4536 2932 4632 ,Vpergit,
2962 4536 3111 4616 circa
3142 4536 3465 4614 Traditiones
3486 4542 3597 4602 alibi
3619 4536 3704 4635 dis-

508 4662 762 4733 pt-of‘anas
802 4660 1039 4715 omnium
1074 4658 1335 4713 novitates
1372 4658 1747 4713 ltrereticorurn
1775 4659 2084 4714 Commoni-
2187 4669 2431 4711 seremus
2460 4660 2651 4709 contra
2679 4652 2938 4709 Joannem
2962 4651 3218 4707 Dalizeum
3248 4664 3310 4703 ac
3335 4639 3595 4710 Georgium
3626 4624 3705 4683 0³⁸

508 4726 729 4819 ioriutn,
756 4766 878 4806 cum
910 4753 1051 4804 notis
1081 4748 1144 4804 ν.
1178 4748 1240 4802 C.
1272 4749 1455 4817 Steph.
1480 4747 1700 4804 Baluzii.
1731 4748 1998 4818 Adjicitur
2018 4750 2078 4805 S.
2192 4747 2380 4804 lixtum
2400 4788 2416 4812 ,
2448 4746 2773 4800 Luthcranm
2804 4744 3019 4799 familiae
3049 4743 3354 4801 hominem,
3379 4734 3459 4806 qui
3486 4726 3703 4784 [Ieiunia-

510 4842 793 4912 Augustini
826 4839 962 4895 liber
986 4838 1055 4894 de
1084 4838 1413 4894 llaeresibus.
2189 4839 2266 4893 dii
2292 4839 2475 4909 periit!
2504 4858 2522 4891 s
2562 4837 2761 4892 Eodem
2795 4837 2935 4909 stle
2959 4844 3015 4892 et
3049 4834 3267 4907 ingenio
3304 4838 3449 4885 notas
3476 4833 3586 4877 suas
3610 4824 3705 4884 De"

586 4930 849 4988 Praecedit
895 4929 1157 4985 immensa
1216 4926 1475 4998 praefatio.
1548 4927 1699 4984 Notis
1742 4929 1953 4985 additus
2002 4939 2084 4986 est
2192 4934 2362 4990 texnit
2387 4931 2566 4987 statim
2593 4930 2884 5001 subjectas.

511 5024 785 5098 Appendix
813 5021 1059 5076 Actorum
1087 4990 1328 5075 adversus
1364 5017 1629 5091 Pelagium
1662 5030 1708 5075 et
1760 5023 2057 5080 caelestium

2267 5023 2424 5079 177-1.
2464 4990 2710 5089 Venetiis:
2750 5021 2892 5091 apud
2920 5017 3008 5075 Jo.
3059 5003 3223 5087 Bapt.
3255 4990 3703 5098 Αιιινίιὶωηίίηξξοέ

665 5117 986 5175 ειινιλιευε.
1492 5085 1511 5091 ⁷

2195 5114 2463 5171 Vincentii
2512 5112 2813 5183 Lirinensis
2858 5085 3335 5166 Commonitorium
3361 5102 3500 5171 juxta
3536 5085 3707 5144 tertiam

583 5210 743 5269 1688.
776 5207 1006 5273 Bromie,
1038 5204 1277 5279 sumptio.
1310 5203 1597 5259 Hermanni
1634 5201 1887 5274 Braveri;
1914 5206 2088 5259 iit-4°.
2196 5207 2387 5277 Steph.
2423 5206 2623 5261 Baluzii
2651 5204 2939 5260 editionem
2971 5217 3092 5257 cum
3122 5199 3263 5254 notis
3289 5189 3515 5264 ejusdem
3537 5184 3710 5279 εἰρίοε·

515 5265 784 5361 V'iitcetitii
822 5265 1116 5358 Lirinensis
1150 5265 1636 5355 Commonitorium
1677 5311 1705 5351 a
1736 5265 1955 5351 Balu'zio
1982 5296 2092 5353 Tu-
2198 5265 2354 5366 sum;
2386 5300 2437 5354 in
2487 5298 2705 5353 Andrei:
2749 5295 3015 5351 οαηαηάῑε
3056 5292 3188 5348 Bibl,
3240 5287 3354 5344 PP,
3395 5292 3438 5338 et
3476 5276 3570 5334 SS.
3621 5265 3708 5321 νει-

515 5398 691 5452 telensi
731 5395 798 5451 ad
830 5394 987 5449 fidem
1018 5400 1261 5449 veterum
1296 5389 1544 5445 codicum
1582 5402 1715 5443 mss.
1749 5389 2090 5444 emendatum
2202 5393 2400 5449 Eccles.
2428 5401 2467 5447 t.
2497 5390 2567 5458 Χ,
2599 5406 2756 5462 pagg.
2792 5388 2895 5446 103
2916 5418 2938 5434 -
2963 5387 3083 5444 121.

516 5498 566 5539 ιιι
601 5487 938 5541 illustratum.
990 5483 1275 5540 Praemissa
1304 5481 1687 5537 dissertatione
1714 5479 1780 5536 G.
1814 5480 2006 5536 Calixti
2035 5481 2087 5537 in
2268 5485 2532 5541 Pauculas
2554 5448 2640 5539 Idle
2669 5448 2775 5537 ἔξω
2818 5479 3221 5537 observationes
3267 5469 3331 5525 ad
3376 5475 3515 5521 oram
3542 5448 3710 5525 ρπεῖτιπ

522 5575 876 5643 Vincentium,
906 5585 1036 5643 etc.;
1062 5591 1183 5630 cum
1209 5574 1449 5630 Salviani
1480 5571 1755 5642 Operibus.
2199 5578 2511 5633 infcrioer
2548 5574 2797 5645 apposui;
2819 5613 2833 5638 ν
2867 5568 3399 5632 dissemlionmquc
3438 5555 3499 5607 de
3530 5545 3713 5602 ViﬂCcn'

550 5714 555 5717 .
589 5670 779 5725 ωηιιί
811 5671 1116 5728 dissertatio
1139 5685 1202 5725 ex
1233 5669 1495 5739 protentio
1525 5666 1639 5739 ejus
1680 5667 1959 5740 desumpta
1991 5677 2092 5725 est.
2200 5672 2272 5727 tio
2302 5666 2563 5741 praemisit
2592 5668 2645 5723 in
2678 5663 2923 5738 Pralegg.
2953 5679 3070 5734 cap.
3097 5658 3161 5726 ll,
3191 5670 3339 5727 pagg.
3370 5656 3527 5706 Iit-Vi-
