3916 6178
275 322 383 378 (illi

271 437 331 483 ut
351 436 484 484 tant:
504 443 564 483 ac
586 427 715 483 tales
739 429 833 483 viri
857 430 1009 484 unius
1031 439 1120 484 aut
1140 430 1361 485 duorum
1387 429 1660 485 hominum
1699 447 1846 486 erra-

268 519 474 574 bundas
496 519 700 589 sibique
723 520 846 588 ipsis
868 521 1158 574 contrarias
1182 520 1505 590 suspiciones
1530 528 1632 573 tam
1657 496 1847 590 magno

266 609 540 664 molimine
561 608 885 674 adsererent,
911 619 1000 662 aut
1027 625 1152 664 vero
1178 624 1271 679 pro
1305 609 1525 678 alicujus
1560 609 1830 678 provincia

262 699 334 751 l:e
377 699 655 753 temeraria
698 697 926 768 quadam
967 700 1354 769 consliiratione
1406 708 1696 760 certarent.
1751 699 1845 754 sed

262 789 503 844 omnium
547 798 742 841 sancta;
784 789 1032 843 Ecclesizr
1073 789 1404 844 sacerdotum
1449 790 1749 859 apostolica:
1791 797 1844 844 et

262 878 538 932 catholica
575 878 811 931 veritatis
852 877 1120 932 hrrredum
1164 879 1371 933 decreta
1405 890 1456 934 et
1491 879 1702 934 definita
1729 895 1838 934 sec-

263 975 460 1030 tantes,
482 967 778 1022 maluerunt
795 970 1108 1038 semctipsos
1134 985 1289 1038 quam
1337 980 1554 1022 vetustae
1580 969 1841 1023 universi-

255 1059 388 1113 tatis
416 1057 568 1113 fidem
591 1058 835 1124 prodere.
867 1059 1013 1114 Unde
1029 1070 1083 1114 ct
1103 1061 1167 1113 ad
1195 1069 1392 1114 tantam
1415 1061 1632 1132 gloriam
1658 1076 1843 1131 perve-

259 1147 379 1202 nire
419 1158 758 1213 meruerunt,
797 1159 855 1204 ut
891 1165 996 1203 non
1037 1150 1206 1204 solum
1241 1150 1616 1216 Centies-seres,
1658 1165 1844 1204 verum

257 1254 280 1290 ε
297 1239 422 1293 tiam
444 1238 816 1295 Cordessorum
841 1241 1104 1310 principes
1124 1241 1244 1309 jure
1285 1241 1578 1310 meritoque
1613 1239 1843 1294 habean-

258 1339 372 1383 tur.

336 1433 420 1487 \‘l.
462 1434 702 1506 Magnum
725 1433 828 1489 hoc
848 1435 1004 1506 igitur
1025 1435 1330 1490 eorumdem
1361 1435 1634 1490 beatorum
1659 1449 1841 1490 exem-

257 1525 429 1592 plum,
455 1525 711 1594 planeque
731 1525 986 1592 divinum,
1012 1533 1065 1579 et
1085 1525 1224 1581 veris
1245 1526 1538 1596 quibusque
1556 1524 1842 1580 Catholiels

254 1611 522 1669 indefessa
535 1615 872 1670 meditatione
893 1615 1229 1670 recolendum
1245 1657 1259 1679 ,
1277 1616 1366 1685 qui
1388 1615 1601 1670 modum
1622 1625 1844 1686 septem-

250 1695 411 1769 plicis
449 1704 749 1759 candelabri
771 1706 987 1775 septena
1013 1706 1178 1760 sancti
1201 1705 1429 1777 Spiritus
1445 1707 1560 1759 luce
1581 1705 1838 1771 radiante,

245 1793 604 1850 clarissimam
637 1794 860 1863 posteris
890 1795 1166 1848 formulam
1205 1802 1670 1865 praemonstrarunt
1705 1809 1842 1864 quo-

245 1900 384 1939 nam
407 1883 563 1938 modo
606 1883 854 1954 deinceps
890 1899 986 1954 per
1005 1884 1208 1954 singula
1230 1901 1451 1956 quaeque
1475 1901 1714 1941 errorum
1748 1901 1844 1940 va-

250 1974 492 2044 niloquia
522 2016 537 2040 ,
595 1982 814 2029 sacrate
858 1975 1136 2029 vetustatis
1188 1977 1500 2030 auctoritate
1554 1976 1840 2046 prophana:

251 2064 508 2117 novitatis
527 2069 830 2118 conteratur
847 2063 1082 2118 audacia.
1122 2063 1301 2134 Neque
1330 2065 1429 2120 hoc
1456 2081 1582 2120 sane
1621 2080 1835 2120 novum.

257 2152 530 2224 Siquidem
559 2167 674 2207 mos
699 2154 797 2209 iste
839 2169 1050 2224 semper
1082 2155 1135 2210 in
1170 2155 1403 2211 Ecclesia
1434 2156 1599 2225 viguit
1639 2163 1697 2211 ut
1735 2171 1840 2226 quo

248 2244 482 2315 quisque
503 2243 634 2298 foret
652 2244 956 2314 religioser,
999 2260 1063 2300 eo
1103 2245 1398 2316 promptius
1436 2246 1656 2301 novellis
1689 2245 1840 2300 adin-

245 2333 594 2388 \entionibus
637 2333 940 2389 eontrairet.
981 2334 1248 2404 Exemplis
1291 2335 1484 2390 talibus
1523 2336 1676 2405 plena
1717 2345 1839 2392 sunt

247 2425 458 2480 omnia.
477 2426 582 2481 Sed
610 2442 676 2480 ne
695 2426 908 2496 longum
938 2426 1046 2491 liat,
1072 2442 1230 2481 unum
1253 2427 1497 2498 aliquod,
1541 2436 1595 2483 et
1637 2428 1738 2486 hoc
1771 2429 1838 2485 ab

255 2515 560 2584 Apostolica
585 2516 918 2585 potissimum
944 2515 1082 2571 Sede
1109 2532 1405 2582 sumemus;
1435 2526 1492 2572 ut
1511 2533 1696 2576 omnes
1721 2520 1839 2574 luce

259 2607 453 2661 clarius
479 2606 689 2662 videant
710 2607 983 2663 beatorum
1007 2609 1378 2679 Apostolorum
1401 2610 1553 2665 beata
1574 2612 1838 2668 successio

257 2711 454 2770 quanta
476 2701 525 2755 vi
561 2717 798 2771 semper,
832 2713 1028 2772 quanto
1067 2702 1260 2768 studio,
1289 2712 1482 2774 quanta
1503 2707 1838 2761 contentione

253 2791 555 2846 defenderit
598 2801 856 2862 suscepta:
897 2794 1062 2848 semel
1123 2794 1405 2864 Religionis
1463 2796 1833 2867 integritatem.

260 2883 534 2952 Quondam
563 2886 718 2956 igitur
735 2886 1049 2942 venerabilis
1076 2887 1344 2941 mcmorize
1370 2887 1686 2957 Agrippinus
1708 2887 1838 2942 Car-

262 2977 584 3046 thaginensis
606 2978 679 3048 (l)
702 2979 1012 3050 Episcopus,
1036 2981 1237 3050 primus
1273 2981 1509 3034 omnium
1537 2981 1837 3035 mortalium

262 3069 444 3124 contra
465 3069 696 3124 divinum
718 3069 1010 3138 Canoncm,
1035 3078 1218 3125 contra
1245 3071 1555 3126 universalis
1590 3072 1837 3126 Ecclesiae

262 3159 516 3229 regulam,
539 3168 721 3214 contra
741 3175 952 3216 sensum
981 3161 1216 3216 omnium
1239 3161 1692 3228 eonsaccrdotum,
1720 3177 1840 3217 con-

263 3255 343 3303 tra
368 3265 570 3304 morem
607 3260 764 3320 atque
801 3250 1036 3305 instituta
1074 3251 1331 3320 majorum
1354 3297 1368 3318 ,
1409 3251 1838 3320 rebaptizandum

263 3355 380 3395 esse
401 3341 670 3396 censebat.
694 3341 823 3408 Quae
850 3345 1188 3413 pnesumptio
1212 3351 1413 3397 tantum
1437 3344 1559 3397 mali
1603 3344 1798 3399 invexit
1821 3389 1836 3412 ,

263 3440 322 3486 ut
339 3447 442 3486 non
466 3431 636 3485 solum
656 3431 926 3486 [lmrcticis
944 3433 1188 3488 omnibus
1210 3433 1431 3488 formam
1449 3434 1726 3504 sacrilegii.
1746 3436 1839 3490 sed

263 3523 420 3578 etiam
441 3523 754 3593 quibusdam
775 3524 1058 3579 Catholicis
1079 3527 1410 3580 occasionem
1435 3526 1718 3596 prmbuerit
1756 3543 1837 3581 er-

264 3613 416 3667 roris.
441 3612 576 3667 Cum
603 3629 728 3684 ergo
749 3613 976 3684 undique
999 3613 1064 3668 ad
1098 3615 1384 3670 novitatem
1427 3616 1503 3670 rei
1542 3617 1712 3670 cuncti
1757 3632 1842 3671 re.

263 3705 582 3773 clamarent,
605 3715 759 3776 atque
781 3723 964 3763 omnes
988 3723 1404 3778 quaquaversum
1427 3707 1723 3764 sacerdotes
1746 3723 1841 3778 pro

263 3809 358 3849 suo
379 3797 604 3866 quisque
624 3797 796 3853 studio
815 3798 1168 3853 retinerentur
1182 3840 1196 3863 ,
1235 3807 1356 3851 tunc
1380 3797 1545 3852 beata:
1573 3800 1842 3852 memoria;

264 3883 402 3956 Papa
442 3886 744 3957 Stephanus
789 3887 866 3958 (2)
911 3888 1223 3958 Apostolicae
1261 3887 1412 3943 Sedis
1441 3889 1679 3951 antistes,
1723 3903 1841 3942 cum

335 4025 412 4094 (i)
434 4024 712 4078 Secundus
735 4023 1225 4094 Carthaginensium
1269 4025 1550 4092 prmsulum
1573 4065 1589 4091 ,
1618 4040 1842 4094 quorum

265 4096 524 4164 memoria
543 4095 610 4147 ad
637 4109 733 4149 nos
754 4111 934 4164 usque;
947 4095 1200 4162 pervenit.
1230 4094 1342 4150 Sub
1365 4110 1430 4150 eo
1455 4094 1560 4150 duo
1580 4095 1842 4151 celebrata

263 4164 411 4218 luere
433 4162 867 4234 Carthaginensia
906 4162 1137 4218 Concilia
1161 4205 1175 4230 ,
1218 4165 1445 4234 primum
1487 4164 1554 4234 de
1581 4164 1844 4221 hmreticis

265 4234 593 4316 baptizandis
615 4233 1403 4316 ab.Episeopis_l’rog)nsu_l_aris
1422 4233 1626 4316 Africa!
1651 4249 1714 4316 ac
1738 4235 1844 4291 Nu-

265 4304 466 4374 midim,
495 4304 546 4356 in
568 4304 707 4359 tertii
720 4303 884 4358 seculi
903 4303 1078 4358 initio.
1103 4305 1232 4374 Nam
1259 4305 1610 4360 Tertullianus
1627 4306 1717 4374 qui
1736 4322 1846 4361 cer-

265 4382 340 4438 to,
363 4382 423 4427 ut
449 4373 650 4444 fertur,
677 4375 856 4442 lapsus
881 4382 962 4428 est
986 4375 1126 4428 circa
1151 4373 1516 4428 haereticorum
1542 4373 1799 4444 baptisma
1823 4419 1840 4442 ,

263 4445 336 4497 ait
363 4444 416 4497 in
445 4443 580 4513 libro
605 4443 672 4498 de
701 4445 965 4512 Baptismo
985 4444 1126 4497 edito
1160 4452 1279 4513 post
1314 4459 1509 4498 annum
1535 4443 1662 4498 Chr.
1691 4446 1795 4500 200
1825 4464 1838 4500 :

269 4533 286 4562 ι
322 4513 481 4568 Circa
513 4512 790 4567 haereticos
812 4529 940 4568 sane
974 4513 1098 4583 quid
1138 4512 1538 4583 custodiendum
1577 4515 1648 4568 sit
1687 4515 1843 4583 digne

269 4602 285 4632 ι
317 4583 440 4654 quis
489 4585 777 4654 retractet?
818 4583 884 4654 ad
933 4579 1032 4636 nos
1075 4585 1216 4654 enim
1243 4579 1438 4654 editum
1459 4591 1567 4649 est;
1605 4601 1625 4636 ›
1652 4579 1844 4654 quibus

263 4653 444 4706 verbis
489 4652 554 4708 ad
600 4653 872 4722 Agrippini
917 4653 1214 4722 respexisse
1270 4653 1541 4708 decretum
1590 4652 1846 4709 concedet

265 4735 451 4790 mnus
479 4721 662 4778 lector.
688 4721 822 4776 Hinc
847 4735 950 4776 non
973 4721 1101 4777 satis
1143 4731 1285 4778 recte
1302 4736 1342 4776 ‘a
1368 4723 1427 4777 P.
1457 4723 1725 4778 Harduino
1767 4725 1846 4778 af-

266 4793 430 4846 tixum
459 4800 542 4864 est
569 4792 672 4864 tale
698 4791 1149 4864 Concilium_ann.
1167 4792 1317 4864 Chr.
1357 4793 1462 4864 2l5
1483 4835 1498 4859 ,
1549 4794 1843 4864 praesertim

265 4859 752 4932 quumCyprianus
778 4863 830 4916 in
859 4863 955 4932 Ep.
987 4861 1052 4916 73
1077 4904 1091 4927 ,
1118 4862 1184 4916 ad
1222 4861 1533 4916 Jubaianum
1550 4859 1679 4918 'data
1705 4880 1852 4919 anno

313 4880 428 4914 uuln
457 4880 498 4916 υ
523 4880 752 4932 'pnanus
778 4880 830 4916 ιιι
862 4880 955 4932 np.
997 4880 1052 4916 ιο
1077 4904 1091 4927 ,
1118 4880 1184 4916 au
1222 4880 1533 4916 montanum
1559 4880 1679 4918 nata
1705 4880 1846 4919 anno

313 4931 394 4985 hr.
421 4880 551 5003 253,
580 4932 720 5003 dicat
747 4951 758 4986 :
796 4951 814 4983 ι
843 4932 996 5003 Apud
1021 4949 1118 4986 nos
1143 4947 1244 4986 non
1280 4947 1412 4986 nova
1458 4940 1548 4986 aut
1573 4935 1846 5003 repentina

267 5021 284 5051 o
319 5015 409 5073 res
428 5002 540 5073 est,
560 5009 617 5057 ut
640 5002 980 5073 baptizandos
1000 5016 1448 5073 censeamuseos,
1476 5003 1565 5073 qui
1589 5002 1658 5073 ab
1677 5003 1846 5060 luere~

268 5089 284 5121 ι
318 5071 442 5126 ticis
468 5072 533 5126 ad
564 5071 856 5126 Ecclesium
879 5073 1132 5140 veniunt,
1161 5072 1369 5142 quando
1391 5071 1560 5142 multi
1587 5072 1696 5140 jam
1721 5073 1846 5128 anni

271 5161 287 5190 ι
327 5147 493 5208 sunt,
520 5149 576 5198 ct
617 5142 773 5212 longa
798 5148 962 5207 astas,
1002 5158 1068 5198 ex
1093 5140 1200 5212 quo
1236 5142 1336 5196 sub
1373 5140 1662 5212 Agrippino
1680 5142 1846 5197 -bon:e

272 5230 288 5261 ι
320 5213 600 5281 memoria:
620 5211 736 5266 viro
758 5211 1132 5269 convenientes
1151 5211 1202 5266 in
1215 5226 1390 5281 unum
1411 5211 1618 5281 plurimi
1639 5212 1848 5280 Episco-

269 5299 288 5331 ι
322 5282 374 5352 pi
402 5280 507 5338 hoc
529 5289 846 5352 statuerunt.
885 5299 904 5333 ι
932 5282 1168 5337 Alterum
1195 5280 1507 5348 Concilium,
1528 5281 1582 5338 in
1601 5296 1707 5350 quo
1725 5296 1848 5338 san-

266 5351 407 5405 citus
429 5367 600 5408 canon
631 5370 644 5406 :
676 5351 759 5406 Ne
776 5352 984 5406 clericus
1003 5352 1134 5406 ullus
1160 5353 1392 5415 tutelam,
1427 5366 1658 5406 curamve
1686 5352 1846 5405 suadi-

270 5432 432 5490 peret,
451 5422 777 5476 celebratum
802 5420 899 5476 fuit
922 5422 1048 5476 circ.
1077 5434 1193 5479 ann.
1228 5420 1352 5477 Chr.
1380 5421 1504 5479 $l5.

343 5490 421 5559 (2)
461 5491 740 5562 Celebrate
763 5506 794 5546 a
813 5491 1075 5562 Cypriane
1095 5490 1594 5562 lllﬂCarthagine-nsi
1613 5489 1850 5562 Concilio

272 5558 326 5614 in
344 5558 507 5614 causa
532 5558 960 5627 rebaptizatiouis
985 5576 1124 5616 anno
1149 5560 1274 5616 Chr.
1299 5558 1418 5617 255'
1429 5561 1512 5616 vel
1543 5561 1648 5616 256
1670 5603 1686 5627 ,
1731 5560 1847 5614 Kal.

275 5627 424 5701 Sept.
450 5646 600 5701 Meum
639 5627 912 5701 Episcopis
956 5631 1025 5687 87
1073 5630 1470 5686 Proconsularis
1523 5629 1850 5695 Provincite,

576 5715 639 5755 ac
659 5696 1002 5762 Mauritanize.
1025 5702 1256 5769 graviter
1277 5705 1572 5757 commotus
1609 5710 1690 5757 est
1733 5701 1854 5756 Ste-

1436 313 2008 373 COMMONITORIUH
2055 317 2335 374 PRIMUM.

3410 332 3516 386 636

1952 433 2157 487 exteris
2178 433 2388 502 quidem
2426 433 2638 503 collegis
2659 435 2797 501 suis,
2840 436 2930 490 sed
2956 445 3128 490 tamen
3169 454 3276 508 pra:
3316 445 3521 498 ceteris

1953 523 2160 583 restitit,
2190 523 2423 590 dignum,
2449 533 2502 577 ut
2525 525 2727 593 Opinor,
2751 525 3055 582 existimans
3076 527 3119 582 si
3143 530 3372 599 reliquos
3403 549 3521 588 om-

1952 627 2046 666 nes
2071 619 2269 665 tantum
2299 611 2414 666 ﬁdei
2449 613 2727 668 devotione
2759 616 2991 672 vinceret
3011 624 3263 687 quantum
3294 621 3391 676 loci
3427 639 3522 678 au-

1950 701 2193 756 ctoritate
2218 703 2519 771 superabat.
2543 703 2777 774 Denique
2811 704 2862 759 in
2885 707 3118 776 Epistula
3146 709 3221 780 (ι)
3248 726 3365 780 qum
3396 723 3519 768 tunc

1948 790 2013 844 ad
2034 789 2265 846 Africam
2295 793 2453 846 missa
2473 802 2553 848 est
2568 835 2582 858 ,
2612 795 2694 850 his
2713 797 2888 851 verbis
2907 799 3080 853 sanxit
3109 817 3122 852 :
3145 801 3297 854 Num.
3319 817 3520 856 uorax-

1951 897 2052 935 ouu
2091 897 2190 936 rust
2230 897 2363 943 ouoo
2402 901 2663 938 maerrem
2693 903 2804 940 ηδτ.
2843 887 3166 959 lntelligebat
3202 893 3397 945 etenim
3438 894 3523 948 vir

1947 983 2159 1028 sanctus
2185 983 2239 1027 et
2265 975 2494 1044 prudens
2521 976 2650 1030 nihil
2671 977 2810 1032 aliud
2836 981 3092 1035 rationem
3117 981 3321 1052 pictatis
3339 983 3522 1038 admit-

1949 1072 2079 1131 tere,
2102 1065 2204 1120 nisi
2221 1075 2276 1120 ut
2295 1067 2491 1131 omnia,
2508 1082 2610 1136 qua
2632 1067 2732 1122 [ide
2752 1083 2781 1121 a
2807 1069 3044 1138 patribus
3062 1081 3302 1139 suscepta
3326 1073 3516 1135 tirrcut.

1945 1157 2130 1214 eadem
2159 1157 2260 1214 ﬁde
2295 1158 2413 1213 liliis
2431 1160 2905 1230 consignareutur;
2936 1177 3138 1230 nosque
3171 1161 3518 1232 Religionem.

1945 1263 2051 1304 non
2077 1263 2179 1318 qua
2206 1249 2458 1304 vellemus
2478 1249 2693 1314 ducere,
2717 1249 2808 1304 sed
2847 1250 3022 1320 potius
3056 1250 3160 1320 qua
3196 1250 3279 1304 illa
3307 1250 3524 1306 duceret

1945 1339 2096 1408 sequi
2117 1348 2365 1410 oportere
2384 1356 2411 1415 ς⁸
2424 1338 2581 1410 idque
2600 1355 2718 1395 esse
2738 1340 3010 1411 proprium
3051 1340 3365 1396 Christianae
3407 1355 3523 1395 mo-

1945 1429 2129 1484 destia:
2165 1439 2220 1485 et
2243 1431 2534 1501 gravitatis,
2574 1448 2680 1486 non
2719 1446 2813 1486 sua
2854 1432 3080 1503 posteris
3117 1432 3344 1497 tradere,
3375 1432 3466 1487 sed
3497 1447 3526 1486 .1

1945 1521 2233 1590 majoribus
2257 1531 2472 1591 accepta
2491 1537 2723 1577 servare.
2747 1521 2875 1588 Quis
2894 1537 3021 1594 ergo
3048 1531 3172 1578 tunc
3187 1522 3418 1578 universi
3440 1539 3525 1578 ne-

1944 1611 2072 1682 gotii
2091 1611 2301 1666 exitus?
2320 1611 2446 1678 Quis
2483 1612 2663 1680 utique
2690 1611 2791 1666 nisi
2829 1613 3050 1666 usitatus
3084 1622 3138 1666 et
3163 1611 3388 1667 solitus?
3415 1612 3523 1666 lle-

1946 1711 2087 1757 tenta
2105 1711 2186 1758 est
2211 1704 2412 1759 scilicet
2431 1703 2734 1773 antiquitas,
2771 1704 2985 1774 explosa
3007 1705 3230 1758 novitas.
3255 1703 3360 1758 Sed
3389 1702 3522 1758 forte

1947 1799 2070 1847 tunc
2107 1791 2204 1864 ipsi
2234 1793 2445 1848 novitia:
2478 1792 2836 1848 adinvcntioni
2878 1793 3167 1865 patrocinia
3205 1793 3520 1850 defuerunt!

1944 1881 2055 1938 lmo
2075 1900 2202 1940 vero
2228 1893 2370 1940 tanta
2390 1885 2470 1940 vis
2492 1886 2685 1956 ingenii
2711 1886 2891 1950 adluit,
2919 1895 3066 1940 tanta
3090 1887 3402 1957 eloquentiae
3419 1884 3519 1940 llu-

1943 1976 2105 2042 mina,
2130 1985 2305 2032 tantus
2329 1978 2657 2032 adsertorum
2687 1994 2957 2042 numerus.
2991 1988 3130 2033 tanta
3159 1977 3520 2033 verisimilitu-

1942 2067 2030 2134 do,
2056 2077 2197 2124 tanta
2218 2068 2406 2125 divina:
2428 2070 2558 2140 legis
2574 2071 2804 2135 oracula,
2833 2068 2926 2125 sed
2950 2071 3102 2142 plane
3123 2086 3260 2125 novo
3288 2085 3348 2124 ac
3380 2067 3517 2124 malo

1942 2176 2092 2216 more
2119 2161 2401 2228 intellecta,
2431 2171 2490 2218 ut
2513 2162 2642 2218 mihi
2679 2163 2852 2217 omnis
2888 2161 2973 2217 illa
3013 2163 3334 2233 conspiratio
3375 2163 3518 2218 nullo

1941 2251 2101 2307 modo
2126 2251 2324 2306 destrui
2347 2251 2579 2322 potuisse
2605 2252 2844 2307 videatur
2871 2252 2969 2307 nisi
2997 2253 3106 2307 sola
3136 2253 3264 2306 tanti
3293 2253 3519 2306 molimi-

1942 2341 2023 2396 nis
2042 2357 2200 2397 causa
2229 2342 2340 2412 ipsa
2363 2342 2447 2396 illa
2469 2351 2732 2412 suscepta,
2756 2341 2868 2412 ipsa
2889 2342 3123 2407 defensa,
3151 2341 3358 2396 laudata
3379 2343 3520 2396 novi-

1940 2434 2064 2487 tatis
2108 2432 2366 2503 professio
2420 2432 2762 2488 destituisset.
2805 2432 2940 2499 Quid
2992 2432 3297 2504 postrcmo?
3352 2431 3520 2502 Ipsius

1940 2522 2174 2578 Africani
2200 2523 2417 2578 Concilii
2448 2521 2524 2593 (2)
2555 2523 2667 2578 sive
2695 2522 2895 2577 decreti
2929 2540 3048 2590 quae
3079 2523 3257 2576 vires?
3285 2523 3522 2578 Donante

1942 2615 2071 2680 Deo,
2101 2617 2291 2681 nullm;
2321 2614 2416 2671 sed
2440 2615 2686 2672 universa
2733 2625 2978 2686 tanquam
3015 2615 3240 2678 somnia,
3271 2624 3518 2684 tanquam

1941 2706 2150 2774 fabulze,
2194 2718 2442 2779 tauquam
2469 2708 2753 2778 superﬂua,
2781 2709 2972 2762 abolita
2989 2749 3002 2768 ,
3027 2708 3293 2776 antiquata
3317 2709 3390 2777 (5)
3413 2708 3519 2760 cal-

1939 2809 2056 2854 cata
2077 2809 2217 2854 sunt.
2243 2801 2327 2864 Et,
2355 2816 2580 2855 orerum
2609 2800 2739 2854 mira
2761 2799 3339 2854 conversiolAuctores
3365 2800 3510 2868 ejus-

1941 2889 2061 2944 dem
2098 2889 2360 2960 opinionis
2390 2889 2678 2952 Catholici,
2706 2898 3098 2944 consectatorcs
3123 2904 3251 2944 vero
3273 2889 3517 2944 Ha‘rclici

1937 2979 2273 3050 iudicantur;
2314 2979 2658 3034 absolvuntur
2683 2979 2948 3050 magistri.
2989 2979 3410 3034 condemnentur
3434 2979 3518 3032 di-

1942 3069 2162 3140 scipuli;
2185 3069 2573 3140 conscriptores
2593 3069 2844 3124 librorum
2869 3069 2956 3122 lilii
2979 3069 3124 3139 regni
3152 3077 3324 3133 erunt,
3347 3069 3520 3122 adsen

1945 3170 2086 3217 tores
2101 3177 2226 3218 vero
2241 3161 2479 3232 geheuna
2496 3161 2764 3232 suscipiet.
2784 3160 2914 3215 Nam
2931 3163 3048 3231 quis
3071 3162 3154 3215 ille
3175 3168 3279 3214 tam
3301 3160 3520 3217 demens

1943 3262 2024 3309 est
2050 3253 2140 3324 qui
2175 3253 2300 3308 illud
2333 3261 2635 3308 sanctorum
2674 3252 2908 3306 omnium
2945 3260 3000 3306 et
3043 3252 3425 3321 Episcoporum
3468 3263 3524 3308 et

1942 3345 2228 3417 Martyrum
2251 3347 2426 3400 ltnncn
2442 3345 2801 3399 beatissimum
2824 3344 3142 3414 Cyprianum
3170 3358 3288 3397 cum
3315 3345 3522 3398 caneris

1943 3437 2157 3508 collegis
2178 3436 2288 3490 suis
2313 3435 2364 3490 in
2393 3443 2647 3489 aeternum
2668 3435 2870 3488 dubitet
2892 3443 3228 3502 regnaturum
3257 3447 3374 3486 esse
3400 3447 3522 3487 cum

1944 3527 2192 3582 Christo?
2217 3526 2322 3580 Aut
2360 3526 2478 3595 quis
2512 3534 2615 3579 tam
2643 3524 2827 3578 contra
2866 3523 3152 3591 sacrilegus
3178 3523 3266 3590 qui
3302 3523 3520 3576 Donati-

1944 3630 2054 3675 stas
2091 3627 2144 3673 et
2170 3627 2390 3672 czeteras
2417 3625 2612 3686 pestes,
2649 3630 2766 3684 quae
2789 3615 2926 3668 illius
2952 3613 3265 3668 auctoritate
3301 3611 3520 3670 Concilii

1945 3746 2170 3813 pilanus,
2201 3744 2288 3813 qui
2317 3741 2471 3812 paulo
2493 3750 2615 3795 ante
2635 3741 2797 3813 Lucio
2837 3747 3184 3813 successerat.
3237 3739 3382 3794 Unde
3398 3755 3522 3813 coa-

1945 3809 2025 3868 cta
2055 3829 2194 3866 anno
2217 3809 2343 3876 256⁷,
2368 3813 2549 3865 Romae
2575 3811 2778 3878 synodo
2808 3823 2958 3862 acres
2983 3810 3353 3878 aculeatasque
3380 3809 3524 3866 dedit

1946 3884 2010 3936 ad
2040 3884 2288 3946 Africam,
2317 3897 2378 3935 ae
2398 3881 2779 3944 Firmilianum,
2808 3879 3066 3948 Helenum
3093 3879 3263 3944 Tarsi,
3289 3880 3522 3948 aliosque

1947 3953 2277 4022 Apustolicas
2325 3951 2568 4015 litteras,-
2608 3958 2661 4022 ct
2681 3950 2726 4022 si
2771 3949 2926 4004 [idem
2972 3947 3228 4022 habemus
3272 3947 3525 4002 Dionvsio

1947 4019 2302 4077 Alexandrino
2326 4022 2379 4076 in
2402 4022 2568 4090 Epist.
2597 4019 2664 4074 ad
2684 4019 2927 4090 Xystum,
2973 4019 3155 4073 statuit
3187 4038 3203 4069 ‹
3239 4033 3519 4090 none-om-

1953 4112 1971 4144 ι
2007 4091 2377 4146 nmnicandum
2405 4087 2524 4146 esse
2550 4091 2650 4144 his.
2681 4087 2770 4160 qui
2792 4090 3150 4158 rebaptizant;
3195 4087 3286 4142 sed
3330 4088 3526 4160 debere

1953 4183 1970 4213 ι
2005 4161 2341 4218 considerare
2366 4160 2775 4230 magnitudinem
2803 4161 2878 4215 rei
2899 4201 2913 4223 ,
2943 4160 3063 4228 quia
3103 4175 3237 4222 non,
3285 4159 3526 4228 quicum-

1954 4253 1972 4282 ι
2005 4247 2128 4303 que,
2158 4231 2252 4286 sed
2280 4233 2586 4301 permagni,
2616 4239 2670 4285 et
2712 4231 2917 4285 nobiles
2953 4230 3199 4297 Episcopi
3246 4230 3342 4283 viri
3380 4241 3527 4294 sunt,

1953 4323 1973 4355 ι
2007 4302 2198 4372 quibus
2225 4303 2324 4356 hoc
2346 4302 2515 4355 visum
2536 4311 2636 4356 est.
2675 4319 2694 4352 ι

2019 4366 2093 4442 (1)
2122 4372 2400 4442 Deperdita
2420 4372 2640 4442 epistola
2655 4369 2969 4442 sententiam
2981 4383 3134 4442 serva
3143 4376 3245 4442 tam
3271 4366 3526 4442 habemus

1949 4444 2000 4496 in
2027 4436 2126 4512 Ep.
2151 4436 2216 4495 74
2260 4436 2591 4512 Cyprianiad
2611 4441 2919 4512 Pompeium
3026 4436 3307 4512 Consultus
3325 4438 3527 4512 enim)

1949 4506 2199 4581 Pompeio
2219 4506 2522 4567 Sabratensi
2541 4506 2801 4580 Episcopo
2821 4510 2934 4562 lucc
2946 4523 3010 4561 ex
3030 4506 3526 4581 Stephaniepistnta

1947 4576 2246 4660 decerpsit:
2277 4581 2379 4660 ε
2405 4581 2523 4660 quis
2547 4576 2674 4649 ergo
2697 4576 3086 4660 a‘quacumque
3113 4576 3299 4660 h‘asresi
3321 4578 3527 4660 venerit

1953 4672 1981 4704 ει
2007 4652 2075 4706 ad
2093 4645 2224 4718 nos,
2247 4651 2378 4706 nihil
2412 4645 2712 4716 innovetnr,
2738 4645 2839 4704 nisi
2873 4645 3015 4718 quod
3041 4645 3288 4702 traditum
3309 4657 3433 4718 est,
3467 4658 3526 4704 ut

1954 4741 1980 4774 σο
2007 4737 2195 4776 manus
2212 4716 2293 4777 illi
2313 4723 2613 4792 imponatur
2631 4720 2683 4774 in
2703 4716 3102 4792 paenitentiam;
3123 4732 3285 4787 quum
3308 4716 3406 4792 nisi
3425 4717 3526 4792 lue-

1954 4812 1972 4844 ε
2007 4793 2156 4848 retici
2177 4787 2404 4868 proprio
2415 4787 2724 4868 alterutrum
2744 4789 2810 4844 ad
2836 4804 2896 4846 se
2919 4789 3190 4868 venientes
3217 4802 3322 4842 non

1955 4881 1974 4914 ‹
2007 4871 2147 4919 sent.
2169 4857 2672 4919 sedcommunioent
2695 4869 2916 4916 tantttm.
2940 4879 2958 4910 ι
2975 4859 3088 4916 Non
3109 4873 3316 4917 errasse
3341 4857 3524 4912 Ponti-

1951 4905 2894 5000 iss'mﬁsersaass'nzgaﬁa
2904 4905 3524 5000 ίὼῐὶιᾘέἦιῖιῖἐιιῖἆίιῖιι

1952 5003 2081 5070 luce
2106 5002 2294 5070 prohat
2333 4997 2674 5070 Doetissimus
2710 4997 2874 5070 Pater
2910 4999 2968 5052 υ.
3011 4997 3369 5070 Constantius,
3391 5007 3522 5070 tom,

1959 5072 2008 5131 l,
2045 5065 2428 5137 Epistolarum.
2591 5069 2782 5125 Pontif.
2807 5084 2841 5121 ει
2872 5082 2989 5137 pag.
3015 5067 3177 5137 ΕΠ,
3213 5074 3269 5118 ut
3302 5065 3521 5120 nimium

1953 5136 2152 5206 tardus,
2175 5139 2258 5194 vel
2279 5140 2536 5208 malignus
2559 5139 2649 5205 sit,
2670 5140 2759 5208 qui
2787 5136 2886 5196 illis
2914 5152 3020 5208 non
3041 5136 3310 5208 suadetur.

2043 5155 2152 5206 nus,
2175 5155 2260 5222 vet
2279 5155 2536 5221 maugitus
2559 5155 2649 5221 sit,
2787 5155 2886 5196 una
2914 5155 3020 5218 non
3041 5155 3310 5190 sumetur.
3385 5203 3396 5214 .

2043 5211 2099 5281 3)
2121 5211 2353 5281 Tertium
2376 5210 2616 5281 tutelltgtt
2641 5210 2682 5261 Α
2737 5223 2831 5281 tea:
2855 5206 3171 5281 universale,
3185 5203 3332 5281 quod
3355 5219 3508 5281 sinet:

1953 5271 2051 5334 lari
2074 5271 2330 5335 modestia
2356 5271 2887 5348 refellit'Auguuinus
2919 5276 3012 5331 lib.
3043 5275 3078 5330 2
3103 5283 3160 5328 et
3183 5271 3240 5339 3‘,
3269 5271 3337 5328 de
3371 5273 3520 5347 ιιυιιι.

1953 5361 2096 5405 cont.
2119 5350 2376 5404 Donatist.

2025 5419 2103 5490 (3)
2129 5419 2380 5490 Suspicor
2412 5418 2739 5490 Lirinensem
2767 5417 2835 5472 ad
2860 5415 2975 5490 luce
3000 5413 3309 5490 Hierimymi
3337 5412 3389 5466 in
3418 5413 3526 5490 Dia-

1955 5489 2006 5544 lo
2033 5482 2073 5543 ὀ
2084 5482 2281 5544 contra
2303 5488 2660 5544 Luciferianos
2684 5487 2980 5556 respexisse
3010 5503 3023 5538 :
3059 5503 3076 5533 ι
3110 5482 3345 5540 Conatus
3363 5491 3443 5536 est
3465 5483 3525 5541 ll.

1961 5579 1980 5611 ι
2007 5506 2318 5616 Evnriauns.
2341 5559 2528 5616 inquit.
2550 5557 2805 5613 contritas
2828 5557 2971 5610 lacus
2991 5553 3190 5616 fugere,
3216 5569 3318 5610 nec
3347 5551 3525 5615 hibera

1961 5579 1980 5611 ι
2009 5551 2318 5630 Cyprianus,
2341 5559 2528 5628 inquit,
2550 5551 2805 5613 contritas
2828 5557 2971 5610 lacus
2991 5553 3190 5624 fugere,
3216 5569 3318 5610 nec
3347 5551 3529 5615 hibero

1962 5649 1986 5682 ε
2013 5630 2080 5684 de
2114 5644 2250 5706 aqua
2287 5629 2464 5706 aliena
2487 5645 2500 5681 :
2538 5635 2596 5706 e_t
2631 5624 2826 5706 idcirco
2861 5622 3529 5706 hereticormn'hapti'sma

1963 5719 1986 5752 cr
2018 5691 2324 5767 reprehens,
2347 5698 2412 5753 ad
2433 5697 2758 5763 Stephanum
2775 5705 2912 5772 tunc
2936 5695 3192 5752 Romana
3220 5694 3374 5752 Urbis
3402 5691 3520 5760 Epi-
