3916 6178
308 253 409 309 619

293 381 601 432 decerneret
633 397 642 429 ε
677 377 779 431 Sed
813 380 921 442 licet
943 398 1050 440 nos,
1082 381 1276 449 inquit,
1310 393 1394 434 aut
1422 389 1625 453 angelus
1650 389 1711 438 de
1736 391 1855 440 m’lo

291 467 590 534 evangelizet
618 468 750 518 vobis
779 478 1104 535 prattcrqttam
1132 470 1264 535 quod
1288 474 1727 540 cvangelimrimus
1769 493 1853 528 ro-

287 555 382 616 bis,
414 556 676 607 anathema
709 557 791 616 sit,
825 556 937 609 Gal.
979 559 1020 610 l.
1054 558 1187 623 Quid
1211 570 1289 614 est
1318 563 1456 629 quod
1484 567 1583 627 ait,
1615 567 1718 618 Sed
1744 568 1854 619 licet

284 646 417 695 nos?
444 643 547 697 Cur
573 660 675 698 non
710 647 902 714 potius,
936 646 1039 700 Sed
1067 649 1175 701 licet
1199 654 1326 717 rgo?
1353 652 1463 705 lloc
1489 663 1570 706 est
1600 673 1610 707 :
1637 657 1852 709 Etiamsi

280 731 491 794 Petrus,
514 735 716 787 etiamsi
748 736 1001 797 Andreas,
1021 739 1224 791 etiamsi
1247 740 1494 804 Joannes,
1525 745 1727 797 etiamsi
1756 762 1850 813 po-

278 831 483 875 stremo
523 825 693 876 omnis
727 825 1097 892 Apostolorum
1125 829 1317 882 chorus
1357 833 1678 900 evangelizct
1701 836 1850 889 vobis

277 921 630 981 pnetcrquam
652 915 788 982 quod
808 917 1292 984 evangelizavimus,
1311 921 1586 994 anathema
1613 925 1696 976 sit.
1718 927 1846 981 Tre-

274 1002 470 1054 menda
498 1002 755 1056 districtio
775 1046 788 1067 ,
812 1015 1026 1074 pmptcr
1045 1007 1388 1063 adscrendam
1420 1014 1602 1081 prima:
1631 1015 1747 1070 ﬁdei
1772 1026 1848 1072 tc-

272 1092 579 1154 nacitatem,
599 1110 697 1147 nec
713 1095 831 1159 sibi,
857 1111 952 1149 nec
969 1099 1174 1152 czeteris
1187 1105 1502 1169 coapostolis
1519 1107 1842 1174 pepercisse!

271 1183 470 1236 Parum
498 1193 580 1237 est
610 1203 621 1237 :
656 1186 867 1238 Etiamsi
886 1190 1105 1256 angelus,
1129 1191 1313 1259 inquit,
1332 1194 1391 1245 de
1411 1196 1530 1248 creto
1551 1199 1847 1267 evangelizet

270 1273 434 1332 vobis,
465 1284 794 1343 pratterquam
817 1277 950 1344 quod
973 1279 1412 1348 wangelizavimus
1431 1324 1444 1344 ,
1473 1286 1736 1338 anathema
1759 1290 1840 1342 sit.

268 1362 392 1416 Non
435 1365 711 1419 suffecerat
735 1366 801 1420 ad
830 1368 1123 1422 custodiam
1152 1370 1352 1424 tradita:
1378 1375 1541 1427 semel
1573 1375 1709 1440 fidei,
1741 1378 1843 1432 hu-

267 1465 445 1505 tnana:
460 1454 774 1508 conditionis
792 1471 1234 1513 commemorasse
1248 1469 1506 1529 naturain,
1530 1465 1629 1518 nisi
1644 1468 1842 1535 angeli-

263 1557 389 1595 cam
420 1557 628 1610 quoque
648 1545 1008 1599 excellentiam
1035 1550 1538 1616 comprehendisset.
1572 1552 1705 1606 Licet
1730 1572 1838 1618 nos,

263 1633 459 1701 inquit,
489 1644 575 1686 aut
599 1636 802 1703 angelus
830 1637 891 1688 de
914 1637 1053 1690 casto.
1083 1639 1195 1692 Non
1222 1641 1342 1709 quia
1377 1644 1538 1696 sancti
1572 1646 1841 1700 caelestes—

260 1737 374 1789 que
401 1723 571 1791 angeli
599 1738 816 1791 peccare
836 1724 945 1792 jam
967 1727 1194 1794 possint;
1227 1729 1320 1782 sed
1355 1729 1453 1783 hoc
1482 1741 1562 1785 est
1586 1734 1725 1801 quod
1760 1735 1840 1788 di—

260 1813 376 1866 cit:
409 1813 463 1866 Si
491 1815 669 1872 etiam,
704 1815 886 1883 inquit,
918 1816 1004 1869 fiat
1023 1818 1162 1886 quod
1189 1836 1290 1872 non
1320 1830 1492 1889 potest
1526 1823 1656 1888 fieri,
1693 1827 1838 1894 quis-

259 1903 385 1970 quis
409 1902 495 1955 ille
524 1903 765 1956 traditam
793 1907 956 1958 semel
980 1906 1131 1960 fidem
1164 1917 1366 1962 mutare
1389 1914 1680 1974 tentaverit,
1707 1931 1834 1967 ana-

257 1991 442 2044 thema
478 1993 566 2044 sit.
604 1991 707 2046 Sed
743 1993 856 2046 lucc
896 1994 1111 2049 forsitan
1148 1997 1496 2065 perfunctorie
1524 2005 1835 2071 prazlocutus

256 2087 364 2140 est,
384 2089 438 2134 et
455 2081 686 2134 humano
702 2083 875 2151 potius
902 2085 1084 2138 effudit
1109 2087 1324 2156 impetu,
1355 2101 1511 2158 quam
1544 2092 1716 2147 divina
1748 2112 1831 2148 ra-

255 2171 407 2224 tione
433 2172 682 2226 decrevit.
712 2174 879 2227 Absit.
906 2175 1154 2244 Sequitur
1169 2179 1329 2243 enim,
1359 2189 1410 2234 ct
1437 2181 1537 2236 hoc
1557 2183 1727 2252 ipsum
1751 2188 1831 2239 in-

253 2262 401 2331 genti
416 2264 684 2318 molimine
699 2265 897 2319 itcratxe
914 2267 1274 2325 insinuationis
1288 2271 1510 2326 inculcat
1527 2292 1537 2326 :
1556 2275 1696 2328 Sicut
1713 2293 1834 2344 pra:-

251 2351 502 2413 rlixinms,
520 2362 566 2404 et
581 2356 895 2407 nunciterum
911 2358 1020 2410 dico
1037 2374 1054 2410 :
1067 2359 1245 2427 Siquis
1262 2361 1395 2413 vobis
1408 2365 1826 2432 euangelizavcrit,

256 2450 596 2509 prrtterquam
619 2444 753 2510 quod
772 2447 1053 2514 accepistis,
1083 2448 1347 2500 anathema
1379 2451 1462 2502 sit.
1504 2452 1616 2505 Non
1661 2455 1790 2509 dixit
1815 2475 1825 2508 :

251 2531 312 2585 Si
325 2533 446 2600 quis
463 2533 613 2586 vobis
625 2536 1008 2591 annuntiavcrit
1021 2548 1366 2608 prmterquam
1381 2543 1519 2609 quod
1532 2546 1826 2612 accepistis,

250 2621 568 2675 benedictus
584 2623 670 2686 sit,
690 2624 945 2688 laudetur,
970 2628 1282 2695 recipiatur;
1312 2630 1425 2694 sed,
1456 2632 1718 2684 anathema
1743 2636 1824 2699 sit,

252 2712 444 2780 inquit,
464 2711 516 2765 id
533 2723 630 2776 est,
647 2725 936 2782 separatus,
958 2727 1278 2788 segregatus,
1298 2722 1542 2776 exclusus
1558 2765 1571 2789 ,
1596 2740 1662 2778 ne
1677 2727 1829 2782 unius

251 2802 370 2854 ovis
390 2801 566 2854 dirum
585 2804 880 2872 contagium
907 2806 1175 2860 innoxium
1208 2824 1417 2879 gregem
1445 2809 1638 2866 Christi
1665 2829 1827 2868 vene-

251 2898 374 2943 nata
397 2891 748 2958 permixtione
771 2895 1109 2948 contaminet.

319 2981 416 3033 IX.
460 2981 563 3034 Sed
592 2981 807 3035 forsitan
833 2983 1028 3038 Calatis
1050 2986 1146 3038 ista
1169 2994 1368 3040 tantum
1395 2999 1655 3059 prmcepta
1679 3002 1821 3046 sunt.

251 3071 392 3138 Ergo
418 3079 474 3123 et
494 3071 578 3122 illa
601 3071 725 3124 solis
748 3071 942 3126 Calatis
968 3074 1218 3143 imperata
1239 3087 1361 3130 sunt
1379 3094 1497 3147 quas
1517 3080 1570 3133 in
1589 3081 1825 3150 ejusdem

250 3160 506 3227 Epistolze
549 3162 888 3228 sequentibus
935 3176 1446 3224 commemorantur:
1485 3171 1658 3239 qualia
1705 3182 1828 3230 sunt

249 3249 404 3300 hzec:
437 3247 498 3300 Si
532 3249 739 3302 vivimus
771 3253 978 3320 spiritu,
1019 3255 1197 3323 spiritu
1240 3265 1285 3308 et
1332 3259 1658 3314 ambulemus.
1704 3261 1825 3315 Non

248 3340 523 3406 r/ﬁcianmr
547 3340 707 3392 inanis
731 3341 903 3410 gloria:
926 3343 1113 3411 cupidi,
1140 3345 1343 3398 invicem
1366 3359 1712 3416 provocantes,
1741 3353 1822 3405 in-

250 3429 494 3490 videntes,
521 3427 636 3481 σαι.
663 3430 715 3495 5,
745 3439 796 3483 et
827 3432 1043 3500 reliqua.
1073 3431 1222 3497 Quod
1255 3435 1300 3487 si
1325 3435 1608 3490 absurdum
1634 3447 1742 3506 est,
1770 3450 1824 3495 et

244 3516 497 3569 omnibus
523 3531 588 3569 ex
623 3532 774 3585 aequo
807 3519 1061 3587 imperata
1097 3529 1246 3586 sunt,
1275 3531 1438 3576 restat
1472 3533 1528 3578 ut
1551 3527 1685 3580 sicut
1709 3528 1823 3582 inec

246 3620 459 3657 morum
495 3606 759 3672 mandata,
787 3608 854 3660 ita
879 3609 1038 3662 etiam
1065 3610 1148 3662 illa
1175 3626 1291 3678 qum
1312 3611 1377 3665 de
1398 3613 1498 3667 fide
1521 3624 1673 3670 cauta
1701 3627 1822 3671 sunt

244 3708 437 3746 omnes
461 3695 571 3760 pari
592 3695 748 3748 modo
767 3697 1232 3764 comprehendant,
1256 3707 1309 3752 et
1328 3701 1462 3754 sicut
1481 3704 1676 3757 nemini
1699 3705 1822 3760 licet

245 3782 477 3834 invicem
507 3798 793 3850 provocare
821 3793 910 3837 aut
948 3786 1181 3840 invidere
1221 3787 1472 3854 invicem,
1515 3792 1586 3844 ita
1623 3794 1818 3847 nemini

246 3871 422 3934 liccat,
450 3880 639 3950 pra_:ter
665 3872 714 3924 id
740 3872 877 3940 quod
905 3874 1135 3927 Ecclesia
1161 3875 1424 3931 Catholica
1446 3895 1818 3950 usquequaque

245 3943 576 4027 evangelizat
614 3962 871 4028 accipere.
917 3963 1020 4015 Aut
1059 3963 1274 4017 forsitan
1300 3975 1421 4019 tunc
1449 3967 1745 4035 jubebatur,
1774 3973 1817 4025 si

245 4048 370 4114 quis
396 4049 759 4103 annuntiasset
784 4059 1128 4119 praeterquam
1151 4053 1290 4120 quod
1315 4057 1674 4110 annuntiatum
1702 4058 1816 4113 fue-

247 4145 349 4200 rat,
375 4137 836 4203 anathematizari;
860 4155 997 4192 nunc
1022 4156 1145 4194 vero
1167 4142 1276 4208 jam
1303 4158 1404 4196 non
1427 4143 1658 4211 jubetur.
1683 4147 1817 4216 Ergo

246 4233 298 4276 ct
320 4225 447 4277 illud
468 4226 607 4293 quod
628 4227 752 4278 item
775 4227 842 4280 ibi
869 4228 942 4280 ait
965 4246 976 4280 :
1003 4228 1128 4280 Dico
1148 4239 1330 4293 autem,
1351 4231 1531 4299 spiritu
1547 4234 1813 4300 ambulate,

245 4322 290 4363 et
326 4313 629 4366 desiderium
653 4317 816 4368 carnis
841 4334 938 4368 non
966 4319 1245 4386 perﬁcietis,
1285 4328 1408 4373 tunc
1436 4330 1636 4376 tantum
1659 4324 1813 4392 jube—

247 4400 420 4466 batur,
453 4402 610 4457 modo
637 4419 762 4458 vero
790 4405 900 4473 jam
935 4421 1036 4458 non
1067 4407 1297 4474 jubetur.
1334 4408 1483 4474 Quod
1518 4413 1561 4464 si
1596 4413 1812 4481 impium

247 4490 446 4556 pariter
469 4497 521 4544 et
545 4493 894 4558 perniciosum
922 4503 1001 4546 est
1027 4495 1094 4546 ita
1124 4495 1358 4561 credere,
1389 4501 1687 4553 necessario
1725 4518 1811 4556 se-

246 4579 422 4645 quitur
448 4588 504 4632 ut
529 4582 663 4634 sicut
688 4581 800 4634 hzec
829 4584 1032 4637 cunctis
1057 4585 1293 4638 astantibus
1314 4587 1640 4642 observanda
1669 4600 1809 4658 sunt,

249 4667 316 4718 ita
345 4669 432 4720 illa
457 4684 666 4738 quoque
695 4686 812 4738 qua:
839 4672 903 4726 de
930 4688 1032 4726 non
1067 4675 1310 4727 mutanda
1342 4677 1442 4730 fide
1467 4681 1665 4733 sancita
1693 4693 1814 4736 sunt

240 4757 448 4809 cunctis
463 4759 706 4811 aetatibus
727 4759 979 4826 imperata
995 4763 1116 4813 sint.
1137 4762 1460 4818 Annuntiai‘e
1476 4782 1599 4835 ergo
1619 4769 1812 4838 aliquid

247 4842 556 4897 Christianis
579 4846 869 4910 catholicis,
894 4857 1083 4915 prcetcr
1107 4849 1156 4902 id
1182 4850 1319 4918 quod
1345 4864 1658 4920 acceperunt
1681 4873 1810 4912 nun-

247 4947 400 4998 quam
431 4935 597 5000 licuit,
637 4952 892 5006 nusquam
923 4939 1062 5004 licet,
1091 4956 1352 5008 nunquam
1381 4943 1582 5009 licebit;
1611 4955 1663 4999 et
1686 4962 1811 5001 aua-

246 5023 587 5080 tliematizare
625 5041 717 5105 eos
757 5028 844 5096 qui
882 5031 1191 5084 annuntiant
1232 5033 1426 5101 aliquid
1464 5044 1808 5105 prseterquam

246 5112 380 5178 quod
402 5115 564 5168 semel
586 5104 857 5184 accéptmn
878 5127 976 5183 est,
1006 5134 1270 5188 nunquam
1294 5137 1398 5174 non
1421 5125 1668 5190 oportuit,
1694 5141 1811 5179 nus-

235 5213 397 5280 .quam
420 5217 524 5255 non
552 5201 777 5271 Oportet,
805 5206 1070 5274 nunquam
1092 5223 1195 5261 non
1222 5210 1503 5277 oportebit.
1538 5211 1664 5276 Quae
1688 5214 1807 5267 cum

245 5287 314 5340 ita
337 5289 464 5354 sint,
496 5300 645 5345 estne
667 5293 856 5361 aliquis
884 5296 964 5347 vel
987 5303 1143 5348 tantm
1165 5297 1396 5351 audacire
1426 5300 1513 5367 qui
1541 5310 1731 5368 printer
1755 5303 1807 5356 id

242 5379 381 5447 quod
408 5381 546 5448 apud
571 5382 860 5437 Ecclesiam
896 5386 1254 5439 annuntiatum
1279 5395 1361 5440 est
1394 5390 1684 5455 aununtiet,
1724 5393 1804 5444 vel

244 5473 400 5520 tantae
427 5468 652 5522 levitatis
682 5473 768 5539 qui
799 5481 986 5538 pra-ter
1009 5474 1058 5526 id
1083 5476 1220 5542 quod
1246 5476 1312 5529 ab
1343 5477 1574 5531 Ecclesia
1605 5481 1806 5548 accepit

246 5557 499 5617 accipiat?
524 5558 726 5611 Clamat
771 5571 820 5612 et
842 5563 1123 5632 repetendo
1144 5568 1356 5625 clamat.
1388 5577 1438 5620 et
1459 5568 1717 5628 omnibus.
1749 5578 1802 5623 et

385 5654 623 5708 PATROL.
654 5656 713 5709 L.

1478 265 2045 330 COMMONITOIHUM
2089 279 2367 338 [διιιλιυξιι.

3418 300 3519 354 (ἱῖἐο

1961 408 2186 461 semper,
2216 406 2267 449 ct
2295 399 2481 467 ubique
2509 416 2600 469 per
2621 404 2817 459 litteras
2843 423 2962 462 suas
2981 412 3171 467 clamat
3189 414 3296 477 ille.
3320 419 3406 473 ille
3429 436 3520 474 vas

1959 483 2244 551 electionis,
2266 489 2348 542 ille
2363 492 2609 560 magister
2623 496 2872 561 gentium,
2890 499 2973 551 ille
2989 501 3358 568 Apostolorum
3373 509 3492 561 tuba
3504 554 3516 568 .

1959 572 2040 625 ille
2065 581 2318 630 terrarum
2348 594 2536 646 pratco.
2575 582 2657 635 ille
2683 585 2932 638 cmlorum
2961 591 3223 656 conscius,
3254 603 3310 646 ut
3331 595 3375 647 si
3403 598 3520 665 quis

1957 676 2145 716 novum
2168 663 2353 734 dogma
2377 671 2778 737 annuntiaverit,
2802 676 3289 734 auathematizetur.
3317 683 3378 736 Et
3401 663 3518 736 con-

1957 757 2032 803 tra
2052 754 2338 807 reclamant
2359 772 2497 810 rana:
2513 759 2771 826 qua-dam,
2797 771 2848 815 et
2863 765 3136 832 eyniphes,
3161 777 3213 820 et
3227 785 3421 824 musca:
3442 773 3514 838 (-l)

1953 840 2248 908 moriturcc,
2282 845 2462 911 quales
2495 855 2616 898 sunt
2639 848 2930 918 Pelagiani,
2967 861 3020 904 et
3059 853 3158 907 hoc
3196 856 3511 913 Catholicis:

1951 925 2130 993 Nobis,
2164 929 2430 999 inquiunt,
2455 935 2774 1001 auctoribus,
2804 938 2954 992 nobis
2984 941 3332 1012 principibus,
3361 947 3512 1000 nobis

1951 1017 2351 1084 cxpositoribus,
2395 1020 2640 1075 damnate
2683 1039 2798 1090 qua:
2846 1027 3133 1093 tenebatis,
3181 1041 3352 1087 tenete
3395 1051 3512 1103 qua:

1948 1102 2294 1170 damnabatis,
2319 1108 2517 1175 rejicite
2538 1111 2803 1179 antiquam
2821 1113 2997 1177 fidem,
3021 1122 3507 1186 paternainstituta,

1948 1193 2204 1259 majorum
2229 1195 2494 1262 deposita;
2523 1207 2575 1251 et
2599 1201 2812 1267 rccipite
2839 1221 2850 1253 :
2888 1217 3129 1269 quamam
3156 1206 3239 1258 illa
3266 1209 3511 1264 tandem?

1948 1280 2137 1334 horreo
2162 1281 2336 1337 dicere
2363 1302 2374 1336 :
2404 1295 2526 1339 sunt
2552 1288 2692 1341 enim
2720 1298 2825 1342 tam
2860 1291 3082 1358 superba
3102 1333 3114 1355 ,
3153 1303 3209 1346 ut
3243 1297 3371 1350 mihi
3406 1315 3511 1353 non

1947 1368 2105 1423 modo
2132 1370 2383 1442 afirmari,
2412 1376 2504 1430 sed
2529 1391 2595 1430 ne
2622 1378 2784 1432 refelli
2811 1381 3021 1448 quidem
3052 1383 3166 1436 sine
3196 1385 3370 1454 aliquo
3395 1388 3508 1457 pia-

1945 1457 2062 1510 culo
2085 1473 2240 1526 posse
2263 1462 2554 1518 videantur.

2015 1546 2079 1598 Χ.
2111 1547 2215 1602 Sed
2241 1550 2379 1605 dicet
2400 1554 2586 1623 aliquis
2612 1576 2622 1608 :
2654 1557 2758 1612 Cur
2778 1572 2902 1629 ergo
2922 1577 3156 1630 persche
3179 1565 3425 1620 divinitus
3447 1568 3508 1619 si-

1944 1645 2137 1689 nuntur
2155 1641 2470 1696 excellentes
2489 1647 2724 1713 mundam
2742 1665 2980 1716 personae
2998 1652 3048 1703 in
3073 1654 3303 1706 Ecclesia
3320 1657 3506 1709 consti-

1944 1733 2065 1777 tutre
2102 1742 2186 1780 res
2215 1745 2376 1784 novas
2403 1733 2684 1788 Catholicis
2715 1740 3055 1795 annuntiarc?
3093 1743 3252 1795 Recta
3283 1744 3505 1797 interro-

1939 1815 2078 1878 gatio
2097 1825 2150 1869 et
2169 1817 2322 1887 (ligna
2345 1836 2462 1890 qua:
2489 1823 2784 1894 diligentius
2809 1837 2964 1896 atque
2989 1830 3202 1885 uberius
3222 1843 3508 1900 pertracte-

1942 1898 2054 1954 tur:
2083 1906 2166 1958 cui
2197 1915 2372 1962 tamen
2403 1927 2506 1965 non
2542 1915 2751 1983 ingenio
2775 1920 3007 1986 proprio,
3035 1921 3127 1974 sed
3161 1921 3351 1976 divina:
3377 1923 3502 1992 legis

1937 1994 2264 2060 auctoritate,
2291 1999 2638 2056 Ecclesiastiei
2663 2007 2946 2074 magisterii
2968 2009 3282 2065 documento
3298 2014 3502 2067 satisfa-

1936 2081 2177 2136 ciendum
2201 2096 2299 2139 est.
2330 2089 2618 2146 Audiamus
2641 2111 2765 2164 ergo
2787 2109 3025 2152 sanctum
3044 2100 3284 2170 Moysen;
3313 2112 3365 2157 et
3393 2103 3505 2172 ipse

1936 2187 2032 2226 nos
2058 2174 2243 2230 doceat
2264 2193 2359 2232 cur
2377 2180 2516 2235 docti
2542 2184 2658 2249 viri,
2688 2197 2741 2240 et
2765 2188 2853 2255 qui
2882 2198 3095 2258 propter
3127 2191 3358 2246 scientiae
3380 2209 3502 2262 gra-

1937 2262 2062 2315 tiam
2093 2264 2160 2316 ah
2194 2266 2445 2335 Apostolo
2481 2273 2637 2326 etiam
2667 2276 2934 2344 prophetae
2966 2290 3350 2348 nuncupantur,
3381 2296 3500 2350 pro—

1934 2351 2070 2408 ferre
2095 2355 2352 2410 interdum
2375 2362 2744 2427 permittantur
2765 2381 2897 2419 nova
2923 2367 3184 2436 dogmata,
3212 2384 3330 2437 quae
3350 2379 3499 2423 vetus

1934 2439 2326 2498 Testamentum
2377 2449 2658 2519 allegorice
2703 2469 2947 2508 sermone
2990 2455 3116 2509 deos
3160 2457 3360 2511 alienos
3404 2473 3500 2526 ap-

1934 2531 2126 2595 pellare
2167 2539 2468 2604 consuevit,
2510 2540 2573 2594 eo
2609 2541 2749 2610 quod
2794 2544 2995 2597 scilicet
3027 2543 3096 2596 ita
3136 2544 3203 2597 ab
3241 2545 3500 2599 haereticis

1933 2617 2162 2686 ipsorum
2197 2625 2470 2692 opiniones
2512 2629 2646 2683 sicut
2676 2645 2706 2682 a
2730 2632 2971 2700 gentibus
2996 2632 3066 2686 dii
3101 2633 3180 2684 sui
3217 2631 3498 2685 observen-

1934 2715 2032 2759 tur.
2079 2710 2271 2766 Scribit
2307 2730 2432 2785 ergo
2479 2717 2530 2771 in
2579 2719 2983 2773 Deuteronomio
3029 2721 3212 2774 beatus
3251 2721 3493 2791 Moyses:

1932 2793 1994 2848 Si
2031 2805 2324 2867 surrexerit,
2365 2806 2559 2874 inquit,
2609 2809 2659 2860 in
2699 2809 2858 2861 medio
2895 2810 2966 2862 tui
3001 2810 3271 2878 propheta,
3296 2819 3392 2881 aut
3413 2813 3496 2879 qui

1930 2888 2172 2942 somnium
2223 2893 2403 2947 vidisse
2451 2912 2502 2948 se
2552 2897 2701 2959 dicat,
2744 2896 2893 2950 Deut.
2945 2899 3030 2964 15,
3067 2899 3118 2952 id
3159 2907 3268 2963 est,
3302 2900 3494 2968 magis~

1931 2983 2011 3029 ter
2049 2977 2100 3030 in
2146 2980 2377 3036 Ecclesia
2412 2987 2751 3051 constitutus,
2786 3002 2940 3054 quem
2974 2987 3215 3056 discipuli
3246 2983 3327 3041 vel
3348 2988 3493 3041 audi~

1931 3072 2072 3119 tores
2111 3069 2191 3121 sui
2231 3086 2295 3124 ex
2341 3073 2512 3141 aliqua
2557 3075 2875 3127 revelatione
2917 3071 3108 3129 docere
3152 3076 3490 3130 arbitrentur.

1927 3154 2063 3221 Quid
2094 3157 2317 3213 deinde?
2354 3171 2400 3214 et
2434 3163 2737 3230 prredixerit,
2766 3164 2953 3232 inquit,
2981 3165 3178 3233 signum
3202 3175 3347 3235 atque
3373 3182 3492 3234 ροτ-

1927 3254 2140 3312 tcntum,
2183 3258 2229 3302 et
2261 3252 2471 3303 evenerit
2503 3252 2635 3320 quod
2668 3251 2860 3306 locutus
2894 3263 2984 3306 est.
3011 3253 3229 3323 Magnus
3263 3254 3496 3323 profecto

1928 3336 2104 3389 nescio
2148 3339 2266 3406 quis
2305 3340 2538 3408 signatur
2575 3343 2825 3411 magister
2858 3350 2910 3396 et
2946 3351 3103 3397 tanta:
3138 3344 3369 3398 scicntia:
3404 3344 3494 3412 qui

1925 3429 2274 3482 sectatoribus
2318 3432 2542 3501 propriis
2584 3447 2687 3485 non
2737 3434 2905 3486 solum
2947 3448 3064 3502 qua:
3108 3434 3333 3486 humana
3373 3443 3498 3486 sunt

1926 3531 2103 3581 nosse,
2146 3532 2326 3571 verum
2353 3520 2508 3572 etiam
2547 3536 2664 3589 qua:
2705 3537 2864 3590 supra
2899 3522 3164 3575 hominem
3205 3530 3328 3576 sunt
3358 3538 3487 3590 prae-

1925 3621 2145 3660 noscere
2171 3623 2324 3674 posse
2344 3607 2616 3672 videatur;
2639 3610 2820 3677 quales
2843 3609 2950 3663 fere
2975 3608 3214 3677 discipuli
3238 3609 3315 3662 sui
3335 3609 3485 3677 jacti-

1925 3701 2035 3746 tant
2070 3695 2230 3748 fuisse
2252 3696 2604 3762 Valentinum,
2645 3697 2922 3761 Donatum,
2949 3697 3228 3749 Photinum
3247 3740 3259 3762 ,
3287 3696 3484 3764 Apolli-
3545 3743 3553 3745 _

1923 3797 2125 3846 narem,
2166 3792 2489 3853 c:eterosque
2514 3785 2791 3852 ejusmodi.
2817 3785 2951 3849 Quid
2975 3789 3188 3853 postea?
3211 3799 3256 3839 et
3286 3789 3482 3855 αἰανῆ,

1922 3871 2109 3939 inquit,
2133 3872 2221 3924 tibi
2244 3889 2261 3924 :
2288 3873 2494 3937 Eamus,
2516 3883 2562 3926 et
2579 3890 2842 3940 sequamur
2864 3875 2980 3927 deos
2999 3876 3186 3929 alienos
3205 3895 3326 3946 quos
3347 3879 3482 3949 igno-

1921 3977 2024 4023 ras,
2047 3969 2095 4013 et
2130 3961 2397 4013 serviamus
2433 3963 2522 4014 eis.
2563 3961 2662 4028 Qui
2688 3972 2810 4017 sunt
2831 3959 2904 4017 dii
2941 3964 3116 4030 alieni,
3145 3966 3244 4018 nisi
3280 3983 3488 4024 errores

1920 4053 2154 4106 extranei
2187 4068 2318 4121 quos
2356 4055 2660 4124 ignorabas,
2698 4055 2749 4109 id
2785 4065 2891 4124 est,
2927 4056 3047 4110 novi
3075 4065 3127 4110 et
3149 4057 3398 4112 inauditi?
3425 4061 3491 4113 lit

1991 4262 2065 4331 (l)
2105 4262 2408 4334 Suspicatur
2433 4265 2492 4324 Ρ.
2515 4265 2727 4318 Macedo
2748 4267 3039 4334 reSpexisse
3065 4267 3328 4321 Gelasium
3359 4267 3483 4321 Pon-

1921 4331 2110 4384 tificem
2132 4332 2197 4384 ad
2219 4333 2357 4406 hunc
2381 4334 2636 4387 Vincentii
2660 4331 2851 4406 locum,
2875 4335 2998 4388 dum
3022 4337 3075 4406 in,
3094 4337 3262 4404 Epist;
3285 4339 3348 4390 ad
3371 4339 3483 4406 Epi-

1918 4415 2104 4474 scopus
2133 4417 2225 4469 per
2253 4403 2495 4474 Picenum
2523 4404 2850 4464 constitutos,
2881 4414 3029 4457 vocat
3048 4403 3268 4458 delirum
3295 4403 3479 4474 quem-

1918 4468 2036 4520 dam
2087 4468 2266 4542 senem
2310 4471 2648 4542 Pelagianam
2686 4488 2903 4542 muscam
2943 4475 3263 4538 morituram,
3312 4468 3479 4542 'quunl

1916 4539 2119 4608 vulgata
2143 4537 2315 4608 lectio,
2336 4549 2389 4592 ut
2410 4540 2493 4591 ille
2515 4541 2761 4608 loquitur,
2779 4540 2970 4594 habeat
2988 4558 3168 4594 musca:
3187 4537 3478 4606 morientes;

1918 4607 2054 4660 unde
2094 4608 2143 4660 in
2171 4607 2461 4661 Comment.
2501 4607 2641 4662 Eccl.
2672 4610 2870 4662 Polcm.
2899 4625 3013 4678 cap.
3051 4627 3122 4673 x1,
3163 4611 3317 4664 infert
3341 4612 3464 4665 Liri-

1919 4692 2132 4729 nenscm
2158 4692 2261 4728 non
2291 4678 2448 4730 fuisse
2475 4678 2747 4745 Pelagiana
2769 4679 2853 4731 luc
2874 4680 3137 4732 infectum.
3165 4679 3374 4741 Poterat
3394 4683 3476 4735 ad-

1917 4745 2067 4807 dere,
2096 4745 2344 4814 appellari
2373 4747 2528 4799 etiam
2572 4764 2746 4800 ranam
2776 4762 2804 4801 a
2838 4749 3064 4802 Gelasio.
3099 4770 3115 4798 ι
3145 4747 3358 4803 Oblatus
3395 4761 3474 4805 est

1923 4833 1938 4862 ‹
1964 4815 2134 4884 nobis,
2172 4815 2356 4884 inquit,
2395 4817 2708 4870 miserabilis
2739 4833 2895 4870 senex
2927 4818 3123 4871 Seneca
3159 4821 3387 4882 nomine,
3420 4820 3472 4873 in

1922 4903 1938 4930 ι
1963 4883 2548 4955 Ρυιίιέςίξιῐιεελγοτᾳεζίηὶδ
2582 4901 2761 4948 emno,
2799 4886 2932 4940 sicut
2965 4887 3029 4941 de
3066 4888 3375 4955 quibusdam
3419 4890 3471 4943 in

1922 4970 1937 5000 ι
1965 4953 2273 5021 Apocalypsi
2297 4953 2533 5023 legimus,
2563 4956 2703 5007 velut
2728 4971 2826 5007 una
2849 4953 3096 5008 ranarum
3119 4957 3471 5023 imprudenter

1920 5039 1937 5069 ι
1963 5021 2258 5093 immersus.
2287 5023 2354 5093 ᾼῑ
2390 5021 2596 5093 Gelasio
2622 5033 2800 5076 notum
2838 5023 2995 5077 fuisse
3025 5021 3280 5078 Vincenu'i
3316 5041 3464 5093 opus,
3512 5071 3518 5078 .

1914 5104 2016 5158 non
2044 5089 2200 5141 credo
2224 5105 2235 5139 :
2267 5091 2492 5158 alioquin
2515 5092 2585 5144 illi
2606 5093 2845 5145 meritum
2873 5093 3196 5158 rependisset
3216 5089 3466 5147 honorem

1913 5157 1964 5210 in
1985 5158 2289 5211 recensione
2317 5157 2588 5225 librorum,
2617 5171 2668 5214 et
2694 5157 3043 5214 testimonium
3073 5161 3193 5214 illud
3211 5163 3352 5215 Eccl.
3379 5165 3464 5226 10,

1911 5242 1962 5278 v.
1996 5228 2064 5298 1,7
2075 5226 2141 5298 de
2165 5229 2346 5298 muscis
2374 5230 2625 5281 morituris
2651 5229 2782 5282 forte
2808 5230 2928 5297 legit
2965 5230 3015 5281 in
3041 5230 3229 5298 Optato
3265 5231 3463 5285 Milevi-

1911 5303 2034 5368 tano
2053 5295 2142 5368 lib.
2177 5296 2226 5360 7,
2256 5310 2398 5368 num.
2422 5298 2474 5368 4,
2497 5299 2578 5350 vel
2606 5295 2894 5367 Augustino
2919 5299 3008 5352 lib.
3031 5299 3064 5351 2
3082 5295 3224 5368 cont.
3253 5301 3348 5368 Ep.
3374 5301 3463 5354 Pc-

1910 5365 2071 5439 tiliani
2093 5379 2207 5433 cap.
2232 5381 2284 5428 χ,
2308 5365 2391 5417 ubi
2413 5365 2483 5418 ait
2507 5385 2518 5417 :
2554 5387 2570 5417 ‹
2595 5365 2819 5439 Propter
2830 5367 3250 5439 mulierositatem
3268 5365 3462 5439 musas

1915 5452 1932 5480 ι
1949 5433 2181 5486 arbitror
2206 5449 2322 5487 esse
2347 5444 2675 5502 comparatos
2691 5433 2714 5497 ξ
2733 5437 2822 5488 sed
2847 5437 2894 5487 lui
2917 5434 3265 5489 exterminant
3288 5437 3458 5492 oleum

1915 5521 1930 5549 ι
1957 5503 2245 5573 suavitatis,
2273 5503 2360 5570 qui
2385 5520 2484 5556 non
2509 5505 2671 5572 ipsam
2704 5505 2788 5557 Dei
2817 5507 3058 5573 gratiam,
3077 5505 3166 5558 sed
3187 5504 3460 5560 hominum

1915 5589 1930 5619 ‹
1956 5585 2127 5624 mores
2155 5572 2435 5624 intuentur.
2469 5592 2484 5620 ι

3229 5658 3292 5713 Et
