3916 6178
404 258 539 319 651

438 381 701 432 amiculus
727 380 815 436 eis,
833 377 886 433 id
901 381 997 437 est,
1021 368 1296 426 credamus
1316 370 1412 434 eis,
1438 383 1717 439 sequamur
1731 383 1842 422 eos.
1865 367 2002 432 Quid

437 466 505 520 ad
528 462 858 521 extremum?
877 477 975 514 non
999 459 1187 521 audies,
1215 458 1401 526 inquit,
1430 459 1574 511 verba
1594 457 1849 527 prophetae
1867 456 2001 510 illius

438 565 524 607 aut
542 552 874 607 soniniatoris.
899 550 963 603 Et
982 563 1163 618 quare,
1182 562 1277 601 oro
1298 556 1367 612 te,
1392 562 1422 600 a
1442 547 1550 601 Deo
1569 561 1673 599 non
1698 545 2002 615 prohibetur

434 642 610 696 doceri
644 640 783 710 quod
819 654 849 692 a
884 639 992 692 Deo
1030 636 1334 707 prohibetur
1366 636 1567 689 audiri?
1607 634 1766 699 Quia,
1809 628 1997 703 inquit,

435 738 587 783 tanta:
607 746 692 783 vos
712 728 955 781 Dominus
980 725 1112 780 Deus
1132 734 1304 787 uester,
1327 734 1382 777 ut
1402 725 1569 794 palam
1589 724 1679 792 ﬁat
1696 732 1863 777 utrum
1884 722 2000 775 dili-

431 819 559 887 gatis
585 833 697 871 eum
718 833 784 869 an
813 832 931 878 non,
963 815 1019 867 in
1041 822 1142 867 toto
1168 813 1316 865 corde
1344 822 1390 865 et
1411 813 1463 866 in
1492 821 1595 866 tota
1619 813 1787 865 anima
1815 813 1995 865 vestra.

430 905 569 959 Luce
588 905 781 959 clarius
798 911 977 973 aperta
997 917 1154 956 causa
1176 910 1257 956 est
1276 916 1371 955 cur
1390 901 1652 955 interdum
1672 900 1845 955 divina
1869 900 1999 953 Pro-

431 995 661 1051 videntia
695 994 951 1065 quosdam
985 992 1341 1046 Ecclesiarum
1373 992 1651 1061 magistros
1681 1005 1814 1044 nova
1850 1004 1997 1058 qure-

409 1084 550 1136 'dam
577 1080 820 1151 dogmata
841 1080 1127 1149 prtedieare
1148 1081 1392 1149 patiatur.
1422 1080 1489 1135 Ut
1510 1088 1658 1133 tentet
1677 1096 1780 1143 vos,
1807 1079 1993 1147 inquit,

404 1153 675 1227 fbominus
707 1168 844 1222 Deus
870 1179 1045 1222 vester.
1083 1169 1148 1223 Et
1184 1169 1415 1237 profecto
1448 1183 1633 1239 magna
1670 1169 1887 1223 tentatio
1918 1176 2000 1221 est

404 1241 548 1339 Teum
570 1260 656 1315 ille
672 1275 828 1329 quem
845 1268 896 1314 tu
921 1261 1252 1329 prophetam,
1276 1274 1432 1329 quem
1447 1260 1818 1329 prephetarum
1839 1258 1997 1312 disci-

395 1344 627 1415 ”pulnm,
656 1363 814 1418 quem
835 1348 1104 1403 doctorem
1132 1356 1185 1402 et
1210 1348 1534 1403 adsertorem
1559 1349 1795 1402 veritatis
1821 1356 1992 1417 putes,

426 1452 583 1506 quem
615 1452 818 1493 summa
840 1440 1177 1494 veneratione
1201 1446 1254 1492 et
1278 1453 1458 1494 amore
1490 1439 1793 1508 complexus
1819 1439 1913 1504 sis,
1949 1439 1996 1493 is

427 1528 599 1584 subito
642 1532 865 1585 latenter
904 1530 1091 1584 noxios
1117 1530 1428 1584 subinducat
1468 1545 1706 1596 errores,
1734 1545 1866 1599 quos
1898 1545 1997 1583 nec

426 1616 531 1670 cito
554 1616 947 1686 deprehendere
972 1620 1166 1685 valeas,
1202 1618 1327 1672 dum
1351 1620 1547 1689 antiqui
1585 1619 1868 1689 magisterii
1894 1619 1994 1672 du-

426 1704 563 1758 ceris
592 1707 926 1775 przejudicio,
960 1723 1058 1762 nec
1092 1707 1242 1762 facile
1273 1708 1526 1762 damnare
1550 1707 1629 1763 fas
1659 1707 1842 1775 ducas,
1870 1707 1995 1762 dum

428 1794 663 1863 magistri
685 1798 876 1852 veteris
900 1797 1205 1866 praepediris
1228 1797 1435 1852 allecto.

496 1884 586 1939 XI.
627 1886 722 1941 ilic
747 1887 963 1943 forsitan
1003 1887 1252 1958 efflagitet
1283 1889 1471 1957 aliquis
1501 1895 1559 1942 ut
1591 1903 1653 1942 ea
1682 1903 1800 1958 quae
1829 1890 1994 1943 sancti

423 1970 587 2044 Moysi
613 1976 787 2030 verbis
813 1976 1021 2032 adserta
1046 1984 1187 2043 sunt,
1215 1977 1598 2031 Ecclesiasticis
1621 1976 1880 2046 aliquibus
1901 1977 1995 2032 de-

424 2070 786 2119 monstrentur
819 2066 1094 2134 exemplis.
1138 2065 1306 2135 .IEqua
1346 2065 1723 2135 expostulatio,
1764 2080 1862 2120 nec
1905 2065 1993 2120 diu

425 2152 733 2209 differenda.
756 2155 887 2211 Nam
916 2165 973 2210 ut
996 2172 1027 2210 a
1049 2155 1301 2225 proximis
1330 2165 1384 2211 et
1406 2155 1698 2211 manifestis
1722 2156 1988 2226 incipiam,

423 2246 630 2314 qualem
653 2245 812 2301 fuisse
832 2263 1000 2316 nuper
1022 2248 1361 2301 tentationem
1383 2255 1646 2316 putamus,
1673 2248 1794 2301 cum
1814 2247 1990 2301 infelix

422 2335 509 2390 ille
533 2335 824 2405 Nestorius,
855 2338 1027 2392 subito
1048 2355 1113 2392 ex
1137 2354 1235 2392 ove
1256 2320 1541 2392 conversus
1567 2337 1618 2391 in
1641 2338 1843 2406 lupum,
1870 2351 1991 2407 gre-

420 2439 537 2493 gem
550 2425 744 2481 Christi
768 2428 1001 2482 lacerare
1021 2430 1289 2497 ccepisset,
1318 2443 1439 2483 cum
1458 2443 1578 2482 eum
1599 2428 1654 2481 hi
1675 2429 1774 2498 ipsi
1795 2429 1883 2497 qui
1906 2444 1994 2483 ro-

421 2514 679 2570 debantur
698 2533 762 2572 ex
789 2533 975 2588 magna
997 2518 1166 2573 adhuc
1187 2527 1335 2587 parte
1354 2533 1507 2573 ovem
1530 2518 1823 2584 crederent,
1848 2518 1992 2574 ideo-

421 2617 522 2673 que
557 2605 819 2660 morsibus
859 2607 974 2675 ejus
1013 2608 1179 2678 magis
1215 2607 1486 2677 paterent?
1528 2607 1660 2661 Nam
1707 2607 1823 2677 quis
1869 2623 1992 2662 eum

420 2689 573 2747 facile
591 2708 767 2749 errare
781 2696 1122 2750 arbitraretur
1135 2712 1292 2766 quem
1309 2704 1454 2750 tanto
1475 2694 1683 2765 imperii
1704 2696 1901 2765 judicio
1914 2695 1989 2767 (Ι)

419 2778 660 2847 eiectum,
686 2790 828 2838 tanto
850 2784 1180 2839 sacerdotum
1202 2786 1376 2839 studio
1398 2792 1733 2854 prosecutum
1754 2784 1989 2849 videret;

418 2870 506 2939 qui
534 2885 652 2926 cum
687 2888 877 2943 magno
899 2883 1202 2929 sanctorum
1235 2888 1436 2938 amore,
1473 2888 1681 2928 summo
1706 2873 1885 2943 populi
1907 2873 1988 2927 fa-

418 2972 544 3015 vore
567 2961 941 3030 celebraretur,
965 2963 1197 3033 quotidie
1216 2963 1388 3033 palam
1410 2961 1584 3017 divina
1606 2961 1990 3016 traetabat‘eloc

418 3050 562 3117 quia,
592 3058 645 3104 et
668 3052 853 3106 noxios
878 3067 1114 3121 quosque
1140 3052 1443 3106 Judzeoram
1467 3059 1521 3105 et
1549 3051 1834 3106 Gentilium
1858 3042 1988 3105 coti-

418 3136 616 3192 futabat
662 3142 901 3195 errores?
948 3139 1063 3206 Quo
1093 3140 1303 3195 tandem
1348 3141 1447 3195 iste
1484 3141 1641 3194 modo
1681 3156 1787 3194 non
1823 3141 1989 3195 cuivis

419 3225 577 3280 iidem
598 3226 794 3301 faceret
818 3244 876 3283 se
901 3239 1044 3283 recta
1069 3229 1287 3294 docere,
1315 3236 1459 3283 recta
1492 3227 1808 3297 pmdicare,
1844 3237 1989 3282 recta

419 3315 644 3379 sentire,
681 3316 769 3386 qui
811 3325 871 3370 ut
906 3317 999 3370 uni
1026 3317 1215 3371 haeresi
1248 3332 1357 3371 suae
1390 3316 1624 3369 auditum
1651 3315 1984 3385 patefaceret,

419 3414 726 3459 cunctarum
742 3406 1013 3461 haereseon
1033 3406 1107 3478 (2)
1124 3406 1476 3476 biasphemias
1493 3406 1987 3486 insectabatur?§ed

418 3493 519 3550 hoc
556 3506 669 3550 erat
711 3495 837 3551 illud
875 3497 1014 3566 quod
1049 3497 1254 3568 Moyses
1281 3497 1387 3550 ait:
1414 3496 1592 3550 Tentat
1625 3512 1708 3550 vos
1741 3495 1987 3551 Dominus

420 3581 552 3638 Deus
581 3595 736 3639 vester
768 3586 813 3639 si
837 3585 1061 3656 diligatis
1096 3603 1208 3639 eum
1236 3601 1301 3639 an
1346 3601 1463 3639 non.
1500 3584 1567 3639 Et
1600 3593 1658 3638 ut
1689 3582 1986 3639 Nestorium

418 3682 806 3743 praetereamus,
835 3676 887 3729 in
925 3691 1030 3745 quo
1058 3676 1176 3745 plus
1201 3690 1411 3745 semper
1433 3673 1795 3729 admirationis
1828 3689 1986 3744 quam

418 3764 672 3829 utilitatis,
696 3766 811 3834 plus
838 3764 989 3820 fama:
1013 3780 1169 3835 quam
1194 3765 1534 3836 experientia:
1551 3764 1668 3828 fuit,
1697 3780 1851 3834 quem
1874 3766 1987 3834 opi-

416 3852 573 3908 nione
595 3854 730 3924 vulgi
755 3854 1075 3924 aliquamdiu
1094 3870 1340 3925 magnum
1361 3856 1588 3909 humana
1608 3854 1776 3924 magis
1793 3853 1987 3911 fecerat

485 3983 563 4051 (1)
582 3983 796 4051 Erepto
814 3997 845 4036 e
862 3982 996 4036 vivis
1016 3983 1231 4044 Sisinio,
1253 3984 1384 4038 ortis
1409 3982 1639 4037 dissidiis
1669 3982 1805 4035 inter
1826 3983 1983 4037 cleri-

417 4066 534 4114 cos,
565 4050 1156 4120 Constantinopolitanze
1190 4053 1439 4106 Ecclesia:
1467 4051 1499 4104 ξι
1527 4051 1824 4104 Theodosio
1891 4052 1983 4119 .ju-

410 4120 567 4189 niore
590 4119 1018 4189 renuntiatus’est
1036 4121 1252 4184 i’rtesul,
1274 4120 1562 4183 Nestorius,
1585 4120 1671 4189 qui
1691 4119 1984 4175 Antiochiae

411 4187 721 4258 sub‘habitu
748 4196 801 4242 ct
845 4188 1171 4258 professione
1186 4189 1429 4242 monachi
1448 4187 1673 4242 vivebat.
1698 4189 1764 4241 Et
1788 4197 1845 4258 ut
1862 4204 1985 4243 nar-

418 4269 498 4327 rat
518 4255 762 4312 Socrates
781 4255 870 4312 lib.
897 4258 947 4322 7,
976 4273 1092 4327 cap.
1114 4258 1202 4321 29,
1226 4258 1497 4312 ordinatus
1516 4257 1613 4327 fuit
1631 4272 1770 4311 anno
1788 4257 1983 4313 Christi

419 4326 539 4397 ΕΒ,
567 4328 601 4382 4
627 4327 701 4381 id.
729 4327 858 4397 Apr.
882 4326 1302 4382 bonis’omnibus
1326 4326 1778 4397 applaudentibus,
1807 4336 1983 4396 gratu-

414 4394 751 4467 lantibusque
777 4394 935 4467 quasi
970 4398 1102 4451 alter
1136 4398 1339 4451 futurus
1362 4394 1514 4467 esset
1554 4394 1978 4467 Chrysostomus.

418 4465 679 4536 gmsulat
694 4465 858 4522 lector
880 4467 1144 4522 Caelestini
1181 4467 1318 4536 epist
1363 4465 1431 4519 ad
1470 4465 1714 4536 eumdem
1754 4474 1900 4536 parte
1929 4467 1979 4532 i,

415 4533 616 4591 Concii.
658 4537 851 4606 Ephes.
881 4551 996 4606 cap.
1023 4537 1108 4602 i7,
1136 4533 1314 4606 Cyrilii
1342 4535 1496 4605 epist.
1533 4535 1599 4589 ad
1628 4533 1981 4589 Theodosium

418 4615 552 4674 part.
582 4606 634 4665 5,
656 4604 819 4660 Cone.
841 4604 1096 4672 ejusdem.

489 4675 564 4741 ('2)
605 4675 702 4727 Vix
741 4675 923 4728 urbem
965 4675 1354 4743 Ecclesiamque
1393 4673 1676 4742 ingressus,
1720 4673 1771 4726 in
1812 4673 1982 4743 prima

413 4758 573 4807 quam
602 4743 783 4797 habuit
818 4744 1092 4808 concione,
1122 4743 1474 4797 Theodosium
1499 4743 1752 4797 allocutus
1776 4751 1857 4797 est
1889 4758 1980 4797 cce

418 4812 547 4866 lebri
576 4813 675 4883 illa
715 4814 993 4876 sententia,
1032 4828 1152 4883 qua:
1180 4813 1326 4883 Asicut
1363 4812 1629 4883 nonnullis
1651 4812 1981 4883 placui_t,_ita

419 4881 730 4947 truculenta,
758 4892 813 4937 et
830 4879 1081 4951 arrogans
1103 4881 1221 4936 aliis
1245 4882 1487 4951 apparuit
1510 4899 1523 4935 :
1559 4900 1577 4933 ι
1606 4879 1679 4934 Da
1702 4879 1850 4945 mihi,
1876 4880 1981 4951 im-

423 4970 441 5002 σ
466 4960 697 5034 perator,
720 4967 917 5034 puram
949 4950 1016 5006 ab
1048 4950 1325 5034 luereticis
1342 4960 1554 5034 terram,
1582 4961 1651 5034 et.
1668 4965 1764 5020 ego
1788 4950 1981 5034 cmium

423 5038 441 5071 ι
465 5020 696 5077 vicissim
716 5020 808 5075 tibi
835 5022 1007 5076 dabo:
1036 5031 1212 5076 everte
1240 5036 1444 5074 mecum
1473 5020 1776 5081 haereticos,
1805 5028 1858 5073 et
1884 5035 1981 5089 ego

422 5106 443 5141 ο
466 5098 636 5146 tecum
659 5091 847 5146 Persas
871 5100 1124 5145 evertam.
1155 5108 1177 5143 ι
1206 5089 1356 5146 Unde
1379 5090 1572 5144 acriter
1597 5089 1798 5158 insequi
1823 5104 1979 5144 exor-

417 5160 1151 5230 susesteujuscumquesccta:
1164 5160 1401 5215 homines
1420 5174 1548 5230 voce
1558 5167 1621 5230 _et
1639 5174 1816 5230 manu,
1839 5160 1982 5230 Prae-

419 5226 688 5289 lectorum
702 5230 847 5285 urbis
873 5226 1310 5301 potentiafretus.
1341 5230 1479 5301 Etsi
1506 5228 1633 5301 fides
1659 5227 1981 5301 Gothofredo

518 5296 1059 5365 tBaroniumfampla
1087 5300 1172 5353 illa
1200 5298 1482 5353 Theodosii
1508 5299 1589 5353 lex
1617 5298 1668 5351 in
1695 5296 1980 5352 Haareticos

439 5376 520 5437 ata
550 5383 735 5425 omnes
758 5385 899 5425 anno
935 5366 1030 5425 Ch.
1068 5369 1189 5433 428,
1217 5369 1361 5436 circa
1395 5368 1515 5422 Maii
1542 5366 1744 5437 riﬁnem,
1774 5367 1982 5437 prodiit

420 5435 661 5495 Nestorio
683 5448 915 5495 auctore.
954 5438 1084 5493 Vide
1116 5438 1320 5493 Comm.
1358 5435 1661 5492 Gothofrcdi
1695 5436 1749 5489 in
1773 5435 1874 5503 leg.
1911 5436 1979 5489 65

626 5509 852 5570 Τὴθοᾱν,
874 5518 929 5564 et
951 5508 1224 5564 Socratem
1253 5507 1345 5560 lib.
1376 5507 1426 5571 7,
1454 5505 1661 5573 capi28
1681 5514 1733 5559 et
1758 5518 1904 5572 sequ.

1688 245 2018 302 VINCENTII
2071 234 2442 300 LiRlNENSiS

3456 314 3461 317 ,
3558 242 3657 308 852

2106 368 2266 433 gratia
2302 379 2457 434 quam
2507 364 2709 430 divina,
2744 379 2836 420 eos
2864 365 3037 434 potius
3075 379 3546 421 eommemoremus
3576 366 3659 438 qui

2104 457 2281 511 multis
2334 456 2652 526 profectibus
2707 457 2972 526 multaque
3026 456 3279 511 industria
3322 456 3523 527 pnediti
3560 474 3657 513 non

2104 562 2276 616 parvae
2303 541 2579 602 tentationi
2601 547 2881 602 Catholicis
2898 548 3196 602 hominibus
3215 549 3547 602 exstiterunt.
3569 548 3659 604 Ve-

2104 635 2180 689 lut
2204 636 2340 705 apud
2365 637 2662 690 Pannonias
2688 638 2949 705 majorum
2985 638 3240 692 memoria
3275 635 3531 693 Photinus
3565 640 3656 692 Ec-

2103 724 2316 778 clesiam
2365 725 2703 779 Sirmitanam
2744 733 2974 780 tentasse
3017 735 3380 780 memoratur:
3420 727 3509 781 ubi
3544 742 3657 781 eum

2102 826 2294 881 magno
2318 814 2551 866 omnium
2586 812 2763 867 favore
2790 814 2842 867 in
2869 814 3220 868 sacerdotium
3245 814 3429 870 fuisset
3451 817 3654 882 ascitas,

2102 909 2155 954 et
2188 902 2487 971 aliquandiu
2531 913 2774 973 tanquam
2800 904 3100 960 Catholieus
3134 906 3548 969 administraret,
3575 923 3655 962 su-

2102 989 2228 1053 bito,
2277 992 2413 1045 sicut
2436 994 2605 1046 malus
2642 994 2728 1047 ille
2766 993 3019 1063 propheta
3058 1003 3149 1048 aut
3188 996 3476 1049 somniator
3511 1012 3656 1065 quem

2102 1080 2307 1150 Moyses
2327 1083 2603 1151 significat,
2626 1083 2878 1137 creditam
2899 1084 2998 1138 sibi
3020 1084 3225 1153 plebem
3240 1085 3331 1139 Dei
3355 1086 3656 1155 persuadere

2101 1172 2261 1241 cmpit
2279 1181 2338 1227 ut
2360 1183 2668 1243 sequeretur
2682 1173 2810 1228 deos
2825 1174 3044 1237 alienos,
3072 1174 3125 1227 id
3150 1183 3249 1238 est,
3271 1190 3480 1229 errores
3494 1184 3660 1229 extra-

2101 1278 2257 1327 neos,
2284 1279 2417 1334 quos
2455 1272 2608 1319 antea
2632 1264 2918 1318 nesciebat.
2957 1263 3060 1318 Sed
3096 1264 3196 1317 hoc
3231 1264 3501 1318 usitatum.
3540 1264 3659 1319 Illud

2100 1366 2226 1409 vero
2260 1356 2632 1424 perniciosum,
2673 1353 2812 1424 quod
2844 1353 2911 1407 ad
2939 1362 3138 1407 tantum
3168 1352 3315 1407 nefas
3335 1368 3439 1407 non
3467 1353 3661 1407 medio.

2099 1442 2275 1497 cribus
2299 1443 2629 1498 adminiculis
2660 1443 2918 1497 utebatur.
2943 1441 3073 1495 Nam
3111 1450 3226 1495 erat
3247 1449 3302 1495 et
3325 1442 3518 1511 ingenii
3542 1443 3661 1496 viri-

2100 1528 2197 1584 bus
2220 1532 2400 1586 valens
2424 1541 2479 1586 et
2501 1532 2753 1586 doctrinae
2777 1530 2965 1601 Opibus
2990 1532 3066 1600 (Ι)
3094 1531 3356 1586 excellens
3380 1539 3435 1584 et
3457 1531 3661 1601 eloquio

2169 1700 2244 1770 (i)
2285 1702 2357 1755 De
2384 1701 2609 1755 Photino
2627 1702 2838 1755 natione
2862 1700 3066 1770 Galata,
3096 1700 3167 1770 ita
3196 1699 3248 1770 in
3273 1699 3535 1770 Chronico
3554 1700 3655 1754 Eu-

2098 1768 2233 1824 sebii
2243 1769 2314 1840 ab
2336 1771 2653 1840 Hieronymo
2672 1778 2824 1824 aucto
2843 1769 2910 1840 ad
2928 1785 3052 1840 apii.
3077 1768 3341 1840 5797juxta
3356 1768 3657 1840 editionem,

2097 1839 2310 1893 Arnaitli
2349 1837 2565 1893 Pontaci
2606 1839 2906 1894 Vasatensis
2947 1837 3228 1907 Episc0pi:
3267 1837 3567 1907 «Photinus
3609 1839 3657 1893 in

2104 1926 2122 1957 ‹
2147 1908 2345 1962 Galatia
2366 1909 2606 1971 moritur,
2636 1923 2664 1961 a
2691 1924 2795 1977 quo
2814 1906 3255 1977 Photinianornrnr
3280 1906 3471 1977 dogma
3508 1907 3658 1960 indu-

2104 1995 2121 2025 ε
2145 1985 2306 2039 ctum,
2334 1978 2422 2046 qui
2440 1978 2602 2031 multa
2617 1976 2970 2046 continentize,
2993 1985 3047 2030 et
3070 1976 3263 2046 ingenii
3286 1976 3422 2029 bona
3442 1991 3556 2046 uno
3575 1991 3659 2030 su-

2104 2065 2121 2095 c
2145 2047 2339 2114 perbize
2354 2044 2497 2101 inalo
2519 2046 2763 2116 perdidit.
2795 2066 2812 2097 ι
2846 2046 2915 2116 At
2930 2045 3158 2099 Joannes
3172 2044 3415 2116 ρει-ἕψε
3438 2045 3491 2097 in
3513 2047 3655 2113 prmi.

2096 2113 2239 2169 Ai'tis
2264 2116 2391 2170 Crit.
2417 2113 2645 2171 Edition.
2669 2114 2995 2170 Germanica:
3015 2129 3131 2183 pag.
3165 2114 3250 2178 15,
3272 2113 3337 2166 ad
3357 2123 3658 2181 sequentem

2099 2184 2342 2239 transfert
2368 2185 2613 2239 Basilium
2640 2199 2796 2239 voces
2822 2184 2955 2245 illas,
2992 2201 3009 2233 ι
3038 2183 3125 2251 qui
3146 2183 3306 2236 multa
3327 2183 3658 2236 continentiae

2102 2271 2119 2301 ι
2145 2261 2198 2306 et
2222 2254 2415 2323 ingenii
2449 2255 2586 2308 bona
2613 2269 2718 2307 uno
2743 2253 3002 2321 superbia:
3026 2253 3166 2306 maio
3192 2251 3436 2323 perdidit,
3470 2271 3489 2302 ι
3518 2252 3656 2323 quod

2096 2321 2367 2390 probate:
2398 2322 2566 2387 MSS,
2610 2341 2627 2374 ‹
2666 2322 3000 2377 temerariam
3033 2321 3444 2385 correctionem,
3483 2331 3541 2373 ut
3565 2321 3655 2385 ait,

2102 2409 2119 2473 ξ
2144 2406 2248 2472 non
2279 2392 2462 2473 passis,
2486 2401 2544 2473 et
2566 2408 2632 2446 ex
2658 2392 3003 2473 Nazianaeno.
3031 2410 3048 2442 ι
3081 2390 3239 2447 Miror
3263 2390 3658 2473 hazc‘evcidisse

2097 2458 2315 2530 homini,
2343 2461 2428 2530 qui
2451 2462 2642 2530 ubique
2668 2460 2901 2515 veritatis
2920 2474 3154 2530 amorem
3174 2473 3235 2513 ac
3254 2458 3499 2512 candoris
3526 2458 3659 2530 inge-

2094 2528 2590 2598 nuitatem—praefert
2622 2545 2682 2584 ac
2710 2530 2890 2598 jactat.
2932 2530 3070 2582 Sane
3104 2529 3365 2583 Pontacus
3403 2542 3495 2582 sex
3530 2528 3657 2582 vidit

2092 2597 2240 2651 MSS.
2267 2596 2433 2669 codd.
2474 2596 2769 2663 Vaticanus,
2786 2613 3019 2669 quorum
3044 2598 3147 2669 duo
3170 2606 3372 2651 tantum
3399 2598 3657 2651 recentio-

2094 2681 2180 2725 res
2215 2682 2279 2721 ac
2314 2667 2507 2722 infima:
2538 2678 2676 2723 noun
2713 2667 2947 2722 tribuunt
2981 2667 3202 2731 Basilio,
3237 2681 3400 2734 quum
3434 2675 3657 2734 quatuor

2093 2736 2178 2789 alii
2198 2744 2321 2807 nota
2346 2752 2407 2807 ac
2431 2745 2689 2791 vetustate
2716 2736 2985 2807 digniores
3005 2744 3308 2807 constanter
3326 2734 3655 2807 Photinoin-

2092 2806 2230 2875 genii
2263 2805 2489 2869 laudem,
2519 2821 2581 2860 ac
2606 2804 2863 2875 superbia:
2888 2806 3081 2875 malum
3108 2804 3435 2875 adjudicent;
3464 2804 3653 2875 quibus

2093 2872 2286 2928 addere
2312 2875 2467 2929 liceat
2489 2875 2621 2929 duos
2644 2872 2795 2937 alios,
2824 2888 3012 2937 nempe
3035 2873 3164 2927 Cod.
3193 2873 3325 2927 Bibl.
3356 2872 3473 2925 Vat.
3502 2872 3655 2926 Pala-

2094 2943 2217 2997 tina:
2240 2959 2386 2996 num.
2414 2944 2536 3008 8i8,
2563 2953 2616 2998 et
2639 2944 2860 2998 alterum
2885 2941 3018 2997 Bibi.
3044 2941 3203 2995 Card.
3222 2941 3467 2996 Ottoboni
3488 2941 3566 2994 lit.
3587 2941 3651 2996 G.

2092 3028 2164 3075 tv,
2197 3014 2245 3065 i.
2272 3012 2327 3066 in
2347 3013 2666 3068 Bibliotheca
2682 3013 2837 3066 etiam
2855 3011 3132 3067 Christinte
3183 3011 3284 3065 duo
3299 3008 3659 3064 suntCodices

2092 3096 2237 3134 num.
2280 3082 2384 3135 555
2422 3091 2475 3135 et
2512 3081 2615 3136 560
2646 3080 2893 3136 Chronici
2918 3080 3197 3135 Eusebiani
3229 3079 3296 3132 ab
3335 3078 3658 3148 Hieronymo

2092 3150 2258 3212 aucti,
2287 3160 2363 3227 _et
2399 3159 2572 3227 tamen
2612 3150 2949 3227 illaminime
2995 3150 3048 3202 in
3088 3149 3281 3227 Basilio
3325 3157 3653 3227 comparent,

2090 3220 2331 3289 quamvis
2354 3220 2546 3273 nullztn
2581 3220 2720 3289 passi
2759 3220 2863 3274 sint
2888 3218 3217 3289 temerariam
3242 3218 3653 3289 correctionem;

2052 3333 2065 3343 .
2091 3286 2145 3341 et
2170 3288 2353 3343 revera
2377 3286 2609 3343 Scaliger
2633 3289 2684 3341 in
2713 3289 2851 3343 notis
2876 3288 2941 3341 ad
2966 3288 3105 3340 hunc
3129 3286 3300 3340 locum
3316 3292 3536 3339 testatur
3561 3286 3657 3339 ad—

2088 3356 2227 3427 jecta
2252 3358 2336 3427 illa
2355 3372 2384 3410 a
2399 3330 2623 3427 quodam
2645 3357 2804 3411 fuisse
2826 3357 2891 3410 ad
2908 3372 3075 3421 oram,
3104 3364 3161 3427 ut
3175 3369 3203 3407 a
3220 3361 3364 3427 textu
3382 3362 3652 3427 extranea.

2090 3423 2216 3490 Qua:
2242 3423 2488 3491 diximus,
2516 3427 2728 3480 Patrum
2748 3427 2904 3479 etiam
2928 3426 3240 3479 auctoritate
3256 3423 3549 3476 ﬁrmantur.
3579 3424 3657 3476 De

2090 3495 2296 3576 Pitotini
2337 3497 2565 3576 ingeni_o_,
2592 3511 2661 3576 ac_
2682 3496 2926 3576 superbia
2960 3496 3092 3576 satis
3116 3492 3402 3576 sitmaudire
3425 3491 3658 3576 Epipha-

2090 3565 2235 3618 nium
2262 3566 2313 3618 in
2340 3561 2468 3618 hair.
2499 3566 2583 3627 7i,
2613 3566 2699 3620 ubi
2726 3561 2802 3619 sic
2833 3564 3095 3632 loquitur:
3129 3582 3148 3614 ι
3170 3561 3425 3635 Photinus
3450 3561 3675 3635 insania

2096 3653 2113 3684 ‹
2138 3650 2243 3688 non
2282 3635 2497 3688 minima
2536 3635 2730 3695 elatus,
2772 3641 2825 3687 et
2856 3628 3012 3702 supra
3053 3646 3237 3685 omnes
3279 3629 3504 3702 furiosus
3542 3628 3656 3702 iac-

2096 3722 2113 3754 ι
2138 3712 2240 3765 tus,
2269 3712 2393 3767 etc.,
2424 3703 2519 3757 fuit
2542 3705 2732 3772 loquax
2756 3711 2809 3756 et
2832 3698 2997 3772 acuta:
3021 3702 3229 3772 linguzc,
3257 3698 3658 3772 et_qui_muitos

2096 3793 2112 3824 ι
2138 3781 2314 3846 posset
2336 3766 2779 3846 propiuntia'tione,
2807 3780 2860 3824 et
2883 3766 3658 3846 dicendipromptitudinede-

2095 3861 2113 3892 ι
2136 3834 2377 3910 ἄρξει-εἶ»
2423 3842 2497 3895 De
2538 3841 2732 3910 Basilio
2768 3834 2895 3910 vero
2931 3840 3032 3893 alia
3058 3834 3181 3910 sunt
3213 3834 3659 3910 prorsusjudicia

2089 3904 2322 3974 Patrum,
2351 3926 2470 3964 nam
2498 3925 2528 3963 τι
2556 3908 2719 3964 Cone.
2749 3909 3013 3976 Ephesino
3055 3927 3073 3957 ι
3100 3904 3323 3976 Magnus
3336 3913 3389 3958 et
3412 3904 3662 3976 Sanctis-

2094 3999 2112 4030 ι
2137 3980 2300 4033 simus
2312 3972 2397 4033 est
2419 3981 2708 4048 appellatus
2730 3997 2741 4031 :
2772 3972 2934 4048 gloria
2953 3972 3205 4048 Ecclesia?
3217 3984 3271 4029 et
3282 3987 3407 4048 fere
3424 3972 3661 4048 famulus

2094 4068 2111 4099 ι
2138 4048 2250 4103 Dei.
2278 4067 2297 4097 ›
2327 4049 2408 4101 Ab
2433 4042 2719 4101 Athanasio
2744 4042 2839 4115 Ep.
2862 4047 2928 4100 ad
2944 4046 3197 4100 Joannem
3230 4062 3249 4093 ι
3274 4042 3653 4115 Orbislunien,

2093 4133 2235 4190 «vox
2261 4125 2315 4171 et
2338 4118 2459 4190 tuba
2485 4118 2661 4190 orbis:
2683 4110 2943 4190 Doctrina;
2980 4115 3229 4190 palatium
3254 4131 3273 4163 ι
3303 4127 3333 4165 a
3358 4110 3660 4190 Gregib-

2087 4188 2321 4241 zianzen.
2362 4187 2459 4255 Ep.
2490 4187 2575 4241 ΙΟ.
2601 4186 2685 4241 Ab
2714 4180 3005 4255 Augustino
3041 4184 3133 4255 lib.
3176 4184 3227 4246 i,
3270 4188 3412 4255 cont.
3454 4180 3658 4255 Julian.

2086 4272 2203 4325 cap.
2234 4258 2286 4318 5,
2315 4248 2460 4309 num.
2489 4256 2575 4317 i8,
2610 4248 2825 4325 insignis
2842 4254 2941 4325 vir,
2962 4262 3007 4305 et
3027 4252 3168 4325 plora
3194 4249 3431 4325 parilitas
3463 4248 3661 4325 sumti-

2088 4317 2213 4390 taie;
2254 4317 2403 4394 eujus
2428 4325 2609 4395 ingens
2635 4317 2879 4378 meritum
2903 4317 3255 4395 sic_divinitus
3289 4319 3348 4372 Β.
3385 4317 3661 4395 Ephremo

2086 4386 2353 4474 ostensum
2383 4386 2639 4448 estham
2664 4407 2906 4474 quaerens
2929 4392 3111 4474 εξ
3141 4398 3199 4443 ιιι
3225 4386 3529 4474 ostenderet
3553 4387 3660 4474 sihi

2084 4464 2253 4544 qualis
2289 4472 2617 4544 (ιςιεωιιιξφερ
2652 4456 2733 4544 Υῖτ
2766 4470 2911 4544 εδδθὶ
2935 4460 3165 4544 ,Βὲιεηίιὲε
3235 4476 3254 4509 ‘
3280 4456 3663 4544 ὲυηῴὶὲῗὲἓῗ

2091 4525 2118 4586 ἱ
2133 4535 2273 4588 Deus
2296 4525 2349 4587 et
2371 4525 2547 4587 oranti
2576 4532 2839 4600 Ephrcmo
2863 4530 3033 4600 oblata
3060 4537 3141 4581 est
3163 4526 3431 4600 eregione
3456 4525 3663 4600 Aitaris

2090 4622 2108 4654 ι
2133 4603 2334 4673 species
2358 4593 2637 4655 columnte'
2653 4600 2923 4673 immensa}
2946 4598 3077 4652 adeo
3109 4606 3165 4673 ut
3191 4593 3434 4673 jungeret
3457 4593 3662 4673 coeiimr:

2091 4691 2110 4723 ι
2135 4662 2307 4735 terris,
2324 4685 2584 4739 vocesque
2598 4684 2821 4725 sonuere
2836 4670 2886 4722 in
2904 4669 3016 4721 haec
3025 4662 3219 4739 verba:
3240 4662 3464 4739 thiein
3476 4662 3661 4715 vidisti

2090 4760 2110 4793 ‹
2132 4732 2428 4812 columnam
2453 4732 2681 4812 igneam,
2719 4739 2879 4792 talem
2917 4736 3117 4812 credito
3153 4732 3562 4812 esse-Basilina)
3586 4750 3659 4812 :4-

2084 4811 2403 4882 quodgrave
2420 4800 2777 4863 testimonium
2801 4814 2971 4882 crista}
2996 4806 3047 4882 in
3075 4814 3203 4882 tom.
3228 4803 3253 4855 Ι
3281 4800 3660 4882 Bibi._i)rient.

2153 4897 2203 4963 g.
2227 4869 2321 4963 5?,
2345 4894 2489 4933 num.
2517 4895 2592 4938 xi,
2620 4892 2811 4946 magno
2836 4875 3082 4963 Ecclesim
3106 4872 3264 4963 b029,
3292 4886 3355 4951 ac
3379 4869 3665 4963 iiitfmrife
3754 4918 3764 4931 ,

2153 4897 2203 4963 ὅ.
2227 4896 2316 4945 03,
2345 4896 2489 4933 num.
2517 4896 2592 4938 Ii.
2620 4896 2811 4946 magno
2836 4896 3082 4954 ιδεοιεδιίῑξ
3108 4896 3264 4931 Dono.
3380 4896 3665 4922 Humana:

2084 4896 2402 5019 Reipublicae
2439 4956 2762 5019 incremento
2799 4945 2952 5019 edita:
2977 4958 3005 4996 a
3028 4957 3142 5019 Vtro
3172 4939 3387 5019 Clariss.
3417 4936 3666 5019 Josepim

2084 5006 2335 5075 Siuionio
2359 5010 2662 5072 Assemano.
2698 5015 2805 5069 Nec
2834 5015 3009 5068 obstat
3038 5011 3229 5065 nedum
3256 5009 3325 5062 ah
3362 5006 3661 5075 hmreticis,

2026 5122 2031 5129 ι
2062 5088 2179 5155 sed
2200 5097 2255 5143 et
2277 5074 2308 5141 a
2330 5086 2614 5141 Catholicis
2638 5084 2705 5139 de
2728 5082 3008 5155 superciiio
3024 5076 3522 5155 accusaiurirfuisse
3545 5074 3665 5155 iia-

2083 5143 2278 5229 silium,
2303 5157 2495 5229 quibus
2518 5154 2707 5229 etipse
2731 5143 3000 5229 respondit
3021 5151 3122 5229 _Ep.
3152 5147 3274 5229 iiii,
3301 5146 3526 5229 illosque
3545 5143 3663 5197 Na-

2085 5217 2340 5285 zianzeni‘
2364 5226 2426 5278 tia
2451 5217 2677 5293 gravitas
2703 5217 2869 5285 nota't‘,
2892 5217 3157 5291 utiniqitos
3180 5227 3226 5271 et
3253 5217 3457 5269 παιδος
3480 5229 3669 5271 rerum

2085 5295 2290 5348 iudices.
2319 5242 2463 5348 δεδι.
2486 5292 2540 5347 in
2563 5291 2769 5346 laudem
2795 5290 2992 5348 Basilii,
3018 5303 3081 5343 ac
3102 5296 3435 5348 nosteromm
3454 5297 3669 5337 memo—

2074 5295 2290 5367 judices.
2319 5290 2476 5348 Oratf
2486 5292 2540 5347 in
2559 5291 2769 5367 laudem
2795 5290 3004 5367 Basilii,_
3018 5303 3081 5343 ac
3102 5296 3435 5367 posteromm
3454 5297 3669 5367 memo—

2082 5351 2175 5418 ria:
2216 5372 2463 5418 testatum
2500 5361 2712 5431 reliquit
2739 5360 2953 5431 {vier
2974 5351 3159 5431 (hunc.
3200 5366 3255 5410 et
3284 5370 3343 5431 se
3373 5353 3444 5408 ab
3480 5351 3661 5431 ambi-

2032 5458 2039 5497 ;
2086 5452 2108 5478 οι
2129 5434 2281 5514 tione
2295 5441 2350 5504 et
2373 5421 2866 5501 tiicatricaqpadam
2882 5427 3074 5499 ingenii
3091 5422 3441 5482 ostentatione
3453 5421 3675 5477 abhor-

2033 5546 2043 5557 .
2090 5522 2107 5554 (
2132 5516 2319 5556 Γυιδςθ.
2342 5521 2359 5553 ι
