3916 6178
332 240 432 296 655

317 365 637 425 przepotens;
679 354 869 424 quippe
902 354 991 424 qui
1031 362 1248 423 utroque
1288 368 1531 408 sermone
1566 354 1778 424 c0piose
1819 365 1870 408 et

314 445 539 512 graviter
563 443 850 513 disputaret
873 454 925 498 et
957 445 1239 498 scriberet:
1264 445 1402 513 quod
1428 445 1780 498 monumentis
1807 445 1869 496 li-

314 534 523 586 brorum
544 547 756 586 suorum
773 533 1150 599 manifestatur,
1169 550 1299 603 quos
1316 535 1450 588 idem
1473 535 1659 602 partim
1677 549 1866 601 gnere.

315 621 499 689 partim
547 622 707 676 latino
750 637 992 677 sermone
1039 624 1350 692 composuit.
1403 623 1506 677 Sed
1551 623 1683 677 bene
1731 624 1870 690 quod

309 710 606 765 Commissa:
635 710 732 780 ipsi
756 725 882 766 oves
905 711 1097 766 Christi
1125 713 1345 766 multum
1371 727 1466 780 pro
1491 712 1741 765 catholica
1771 711 1870 764 ﬁde

311 797 585 864 vigilantes
603 806 656 852 et
670 807 855 865 cautte,
876 800 980 853 cito
999 800 1064 853 ad
1091 801 1461 869 prmrnonentis
1481 800 1640 870 Moysi
1665 800 1870 866 eloquia

310 895 683 955 respexerunt,
713 895 766 942 et
795 889 1062 958 propheta:
1087 897 1243 958 atque
1277 893 1498 958 pastoris
1525 891 1605 942 sui
1629 889 1749 943 licet
1774 889 1868 942 ad-

310 975 628 1030 mirarentur
647 978 1016 1047 eloquentiam,
1041 979 1380 1032 tentationem
1407 988 1580 1032 tamen
1607 994 1709 1031 non
1733 979 1871 1047 igno-

309 1071 510 1116 rarunt.
539 1063 672 1117 Nam
699 1080 854 1134 quem
880 1075 1032 1119 antea
1057 1067 1204 1134 quasi
1237 1067 1456 1119 arietem
1484 1067 1656 1135 gregis
1680 1081 1868 1133 seque-

307 1150 519 1216 bantur,
555 1152 798 1207 eumdem
833 1154 1079 1221 deinceps
1111 1154 1269 1206 veluti
1295 1155 1473 1222 lupum
1494 1155 1670 1222 fugere
1695 1169 1870 1222 caspe-

307 1246 450 1291 runt.
488 1239 669 1308 Neque
707 1241 876 1294 solum
911 1242 1119 1296 Photini
1145 1243 1238 1299 sed
1265 1246 1420 1299 etiam
1457 1243 1768 1312 Apollinaris
1795 1243 1868 1310 (l)

304 1328 554 1395 exemplo
579 1327 729 1382 istius
748 1329 1128 1384 Ecclesiastiea:
1149 1333 1447 1385 tentationis
1463 1331 1748 1400 perieulum
1773 1331 1871 1384 dis-

304 1420 498 1484 cimus,
531 1429 586 1474 et
604 1421 758 1473 simul
785 1421 851 1474 ad
876 1421 1211 1474 observandae
1233 1422 1528 1491 diligentius
1553 1421 1670 1474 ﬁdei
1691 1433 1868 1472 cusm-

302 1507 448 1562 diam
476 1524 889 1564 eommonemur.
919 1511 1123 1565 Etenim
1152 1513 1264 1581 ipse
1288 1513 1610 1565 auditoribus
1636 1512 1745 1564 suis
1762 1525 1871 1562 ma-

301 1611 442 1664 gnos
462 1607 624 1652 :estns
651 1599 726 1668 (2)
753 1609 805 1652 et
831 1615 1044 1670 magnas
1069 1601 1336 1670 generavit
1359 1600 1652 1668 angustias;
1681 1600 1871 1666 quippe

302 1699 432 1737 cum
448 1700 542 1738 eos
569 1685 669 1739 hac
689 1687 935 1741 Ecclesia:
951 1688 1180 1742 traheret
1197 1689 1499 1753 auctoritas,
1523 1690 1623 1741 huc
1639 1687 1870 1755 magistri

304 1776 608 1831 retraheret
643 1777 985 1842 consuetudo;
1027 1793 1250 1846 cumque
1287 1778 1423 1830 inter
1460 1785 1678 1845 utraque
1716 1785 1870 1829 nuta-

305 1861 473 1916 bundi
491 1873 545 1918 et
567 1865 898 1931 ﬁuctuantes,
922 1867 1043 1936 quid
1068 1867 1242 1935 potius
1266 1867 1363 1920 sibi
1392 1865 1713 1934 seligendum
1739 1865 1873 1918 foret

305 1970 419 2008 non
444 1956 770 2024 expedirent.
801 1956 906 2010 Sed
933 1957 1144 2010 forsitan
1172 1955 1428 2025 ejusmodi
1456 1955 1541 2009 ille
1556 1955 1635 2008 vir
1659 1955 1870 2021 eratqui

303 2043 502 2116 dignus
535 2055 676 2101 esset
712 2045 862 2101 facile
886 2046 1168 2101 contemni.
1201 2045 1312 2101 lino
1333 2061 1457 2100 vero
1478 2053 1650 2098 tantus
1675 2059 1736 2097 ac
1754 2044 1873 2096 talis

302 2135 397 2187 cui
427 2135 646 2188 nimium
675 2137 778 2190 cito
798 2136 849 2188 in
871 2135 1107 2203 plurimis
1129 2134 1449 2188 crederetur.
1481 2133 1610 2186 Nam
1633 2131 1758 2201 quid
1786 2131 1874 2184 illo

304 2225 668 2291 praestantius,
697 2225 957 2291 acumine,
987 2225 1378 2290 exercitatione,
1407 2223 1674 2277 doctrina?
1706 2220 1872 2287 Quam

304 2311 506 2365 multas
544 2312 630 2367 ille
665 2313 892 2368 haereses
930 2314 1103 2373 multis
1136 2313 1487 2367 voluminibus
1523 2312 1870 2381 oppresserit,

302 2408 443 2470 quot
476 2402 717 2456 inimicos
751 2401 873 2456 ﬁdei
911 2402 1256 2457 confutaverit
1293 2417 1518 2467 errores,
1563 2401 1754 2455 indicio
1795 2409 1876 2453 est

301 2505 450 2561 opus
475 2492 601 2546 illud
631 2492 838 2562 triginta
867 2508 970 2547 non
997 2493 1170 2546 minus
1199 2493 1470 2556 librorum,
1495 2490 1876 2544 nobilissimum

303 2594 374 2632 ac
397 2580 704 2646 maximum,
731 2596 838 2649 quo
857 2581 1066 2635 insanas
1085 2580 1358 2650 Porphyrii
1377 2579 1663 2633 calumnias
1688 2593 1874 2648 magna

305 2669 680 2736 probationum
697 2670 836 2723 mole
850 2669 1097 2724 confudit.
1117 2671 1350 2740 Longum
1363 2677 1444 2724 est
1457 2670 1698 2724 universa
1715 2670 1876 2738 ipsius

305 2773 476 2827 opera
508 2775 950 2825 commemorare;
985 2762 1173 2830 quibus
1200 2761 1432 2830 profecto
1457 2762 1675 2816 summis
1709 2763 1874 2815 aediﬁ-

305 2849 582 2902 catoribus
609 2849 857 2904 Ecclesia:
894 2865 988 2918 par
1018 2865 1136 2906 esse
1167 2852 1440 2919 potuisset,
1475 2852 1576 2904 nisi
1611 2852 1875 2919 prophana

305 2936 404 2990 illa
438 2937 697 2991 hteretica:
722 2938 1038 3004 curiositatis
1070 2939 1282 2993 libidine
1319 2955 1514 2994 novum
1542 2940 1719 2994 nescio
1752 2939 1876 3008 quid

305 3024 671 3079 adinvenisset
685 3041 790 3094 quo
800 3035 854 3080 et
867 3034 1081 3081 cunctos
1096 3027 1299 3081 labores
1315 3043 1439 3082 suos
1453 3029 1593 3082 velut
1606 3012 1876 3096 cujusdam

310 3113 479 3183 leprte
506 3114 823 3168 admixtione
857 3114 1075 3170 foedaret
1098 3125 1152 3169 et
1173 3118 1520 3171 committeret
1558 3127 1615 3170 ut
1640 3118 1876 3172 doctrina

310 3219 440 3271 ejus
463 3217 569 3256 non
605 3209 710 3256 tam
737 3203 1030 3268 aediﬁcatio,
1061 3221 1213 3272 quam
1251 3207 1467 3260 tentatio
1494 3209 1666 3275 potius
1693 3209 1874 3262 Eccle-

308 3291 531 3346 siastica
550 3291 830 3348 diceretur.

392 3420 468 3490 (Ι)
506 3421 704 3494 Praeter
744 3421 1120 3494 Apollinarium
1169 3423 1607 3494 Hierapolitanum
1662 3428 1879 3481 Antisti-

309 3501 427 3544 tem
455 3491 627 3558 magni
653 3492 877 3545 nominis
903 3491 1092 3557 virum,
1121 3493 1207 3558 qui
1235 3491 1414 3545 sub’M.
1443 3495 1670 3547 Antonio
1685 3495 1876 3558 ﬂoruit,

310 3562 462 3613 circa
487 3560 658 3627 quarti
684 3560 855 3631 seculi
869 3560 1096 3631 medium
1115 3560 1218 3631 duo
1241 3563 1554 3631 exstiterunt
1575 3563 1880 3631 Apollinarii

311 3637 473 3698 pater
512 3637 793 3698 nempehet
829 3628 964 3682 ﬁlius
997 3629 1152 3682 ambo
1191 3630 1527 3684 Alexandrini
1567 3628 1774 3698 genere,
1821 3649 1882 3687 ac

313 3696 544 3764 uterque
583 3696 889 3750 Laodiceam
928 3713 986 3751 se
1024 3698 1243 3750 contulit
1288 3700 1387 3751 sub
1426 3696 1696 3753 Theodoto
1739 3702 1882 3755 urbis

311 3765 604 3833 Episcopo,
644 3767 1054 3838 commoratique
1092 3767 1162 3818 ibi
1202 3775 1324 3820 sunt
1359 3768 1462 3838 sub
1494 3768 1717 3838 Georgio
1746 3771 1882 3823 illius

313 3848 648 3887 successore.
678 3835 744 3886 At
769 3835 835 3887 ab
860 3836 959 3887 isto
984 3836 1129 3889 fuere
1154 3849 1181 3887 a
1201 3837 1570 3890 communione
1597 3835 1800 3900 sémoti,
1831 3841 1883 3892 li—

312 3911 407 3957 cet
433 3911 583 3970 pater
607 3903 656 3954 in
682 3903 1106 3972 presbyterorum
1123 3945 1138 3963 ,
1165 3919 1225 3957 ac
1251 3903 1390 3958 ﬁlius
1409 3906 1460 3958 in
1488 3906 1763 3959 Lectorum
1798 3923 1884 3960 or-

314 3973 502 4024 dinem
528 3981 668 4023 esset
691 3981 980 4040 cooptatus.
1012 3972 1125 4036 Qua
1160 3981 1333 4025 autem
1358 3973 1422 4027 de
1446 3984 1600 4027 causa
1628 3977 1881 4028 incertum

313 4047 407 4095 est
442 4040 870 4093 dissentientibus
906 4042 1187 4094 veteribus.
1223 4042 1464 4095 Nonnulli
1494 4043 1673 4096 dicunt
1703 4045 1772 4097 ob
1796 4062 1881 4097 ar-

314 4109 617 4181 ctissimum
639 4109 879 4181 amicitia:
897 4109 1177 4181 vinculum,
1200 4125 1304 4178 quo
1322 4111 1610 4179 Epiphanio
1624 4112 1884 4181 Sophistae

317 4177 524 4230 homini
552 4177 730 4246 gentili
756 4186 972 4245 uterque
997 4188 1110 4231 erat
1127 4177 1380 4246 junctus;
1405 4177 1511 4244 alii,
1548 4189 1606 4234 ut
1637 4177 1885 4236 Sdzome-

317 4245 568 4314 nus.quia
581 4245 865 4314 Athanasio
879 4245 1391 4301 communicaverant
1401 4248 1710 4303 Laodiceam
1725 4260 1886 4304 trans-

318 4313 517 4377 eunte,
551 4322 620 4387 _ut
652 4313 1131 4387 Alexandriatn‘ab
1169 4316 1326 4387 exilio
1369 4317 1593 4383 rediret;
1638 4320 1884 4387 quoniam

319 4392 508 4454 notum
534 4383 869 4454 Apollinariis
893 4393 1007 4436 erat
1030 4383 1310 4454 Georgium
1335 4399 1518 4454 parum
1546 4387 1597 4438 in
1619 4383 1885 4442 Trinitatis

321 4450 655 4522 professione
692 4451 793 4522 sibi
843 4462 1101 4506 constare.
1147 4450 1438 4522 Utcumque
1479 4470 1565 4508 res
1606 4457 1882 4521 acciderit,

319 4518 645 4592 Apollinaris
669 4518 815 4592 ﬁlius
837 4521 1044 4592 illatam
1080 4522 1320 4592 injuriam
1344 4518 1658 4592 impotenter
1688 4518 1882 4590 ferens,

317 4589 456 4643 artis
481 4604 591 4660 sua:
607 4588 800 4660 ﬁducia
829 4589 1011 4660 fretus,
1039 4591 1386 4644 etulciscendi
1401 4588 1682 4660 cupiditate
1697 4588 1884 4648 novam

320 4657 645 4730 excogitavit
673 4658 951 4730 patresim;
997 4675 1152 4730 quam
1190 4673 1287 4713 nec
1319 4657 1660 4716 dissefninare
1693 4664 1887 4730 quievit

323 4727 483 4796 paulo
510 4734 633 4800 post
656 4726 1264 4800 ‘LaodicenoAEptseopo
1302 4731 1615 4800 renuntiato.
1660 4726 1725 4784 Et
1766 4733 1885 4800 quia

322 4795 611 4862 antequam
653 4795 706 4848 in
746 4795 1084 4850 infortunium
1124 4795 1478 4862 delaberetur,
1519 4799 1720 4853 Sanctis
1762 4795 1887 4855 viris

327 4864 644 4936 Epiphanio,
664 4865 1195 4936 Athanasio,Basilio,
1224 4865 1515 4935 Serapioni,
1533 4868 1750 4936 aliisque
1769 4869 1888 4924 ﬁdei

326 4933 828 5004 defensoribusierat
844 4935 1076 5002 apprime
1096 4934 1284 5004 charus
1308 4954 1319 4988 :
1345 4933 1618 5004 propterea
1637 4933 1890 4992 funestior

328 5002 446 5086 ejus
469 5002 662 5086 ‘lapsus
685 5003 932 5086 Ecclesiae
969 5003 1184 5085 accidit,
1226 5002 1596 5086 uberioresque
1629 5006 1889 5086 laqrqus

379 5070 628 5142 pipltanio
652 5079 705 5124 et
725 5071 916 5142 Basilio
939 5073 1214 5142 expressit.
1237 5073 1493 5126 infelicem
1512 5070 1642 5126 tanti
1668 5070 1763 5128 viri
1779 5077 1891 5128 exi-

332 5147 446 5192 tum
481 5139 892 5211 deplorantibus.
929 5139 1179 5195 Consulat
1210 5142 1414 5194 Lector.
1454 5142 1664 5211 Dionys.
1707 5143 1885 5198 Petav.

335 5217 480 5290 tam;
496 5209 567 5290 5:.
578 5208 918 5290 Theol_.LDog.
1072 5211 1276 5290 iLcap;
1285 5211 1342 5290 β,
1359 5226 1508 5290 _num.
1588 5208 1650 5264 ‘ct
1674 5212 1725 5264 5.

409 5277 484 5345 (Ξ)
523 5276 649 5349 Haec
672 5287 754 5349 est
767 5276 928 5349 lectio
944 5279 1074 5333 Cod.
1102 5276 1229 5349 Regi
1246 5279 1405 5333 'Unde
1423 5281 1759 5334 continuatur
1775 5296 1891 5334 con-

331 5346 535 5418 jectura
564 5346 798 5418 Barthol.
823 5347 961 5418 Petri
988 5346 1285 5417 Duac.,_qui
1312 5349 1362 5401 in
1385 5349 1615 5418 margine
1635 5351 1759 5403 edit.
1784 5366 1891 5403 suae

337 5414 609 5486 adnotavit
647 5416 732 5469 hic
761 5417 1034 5486 legendum
1072 5414 1229 5471 mstiti
1245 5434 1339 5486 uro
1373 5433 1436 5470 eo
1473 5414 1610 5485 quod
1639 5420 1892 5473 editiones

340 5482 604 5539 habebant
627 5493 784 5538 actus.
807 5482 1062 5541 Baluzitts.

1479 231 2047 289 COMMUNITORIUM
2082 233 2369 291 PRIMUM.

3439 241 3544 309 63$

2044 354 2154 408 ΧΠ.
2200 356 2294 409 llic
2327 372 2356 408 a
2393 372 2477 411 me
2511 358 2726 413 forsitan
2754 359 3065 428 deposcatur
3101 376 3154 418 ut
3189 367 3371 420 horum
3405 383 3538 436 quos

1975 459 2127 512 supra
2163 449 2567 501 commemoravi
2603 449 2830 505 hmreses
2855 467 3137 521 exponam,
3174 455 3396 509 Nestorii
3437 458 3538 510 sci—

1974 531 2112 596 licet,
2151 533 2489 601 Apollinaris,
2527 545 2580 590 et
2605 538 2830 592 Photini.
2873 542 2981 595 l-loc
3001 543 3211 611 quidem
3232 545 3295 596 ad
3335 561 3446 598 rem
3471 544 3537 598 de

1972 623 2073 686 qua
2089 637 2227 674 nunc
2243 624 2444 691 agimus
2464 639 2566 678 non
2588 628 2791 682 attinet.
2816 630 3144 698 Propositum
3172 635 3366 687 etenint
3379 634 3538 688 nobis

1973 715 2081 772 est,
2123 724 2225 762 non
2255 711 2575 780 singulorum
2604 730 2809 770 errores
2835 721 3098 786 persequi,
3128 721 3220 773 sed
3252 735 3536 789 paucorum

1972 797 2207 863 exempla
2234 799 2494 865 proferre,
2523 803 2711 868 quibus
2743 805 3012 858 evidenter
3043 822 3104 860 ac
3132 809 3404 876 perSpicne
3443 807 3537 861 de—

1973 894 2296 939 monstretur
2338 889 2464 943 illud
2502 891 2641 958 quod
2688 893 2893 962 Moyses
2936 897 3036 958 ait,
3088 897 3208 964 quia
3253 899 3453 951 scilicet
3495 899 3540 951 si

1971 972 2180 1038 quando
2214 975 2610 1032 Ecclesiasticus
2645 981 2832 1048 aliquis
2862 984 3132 1049 magister,
3168 994 3220 1036 ct
3248 987 3357 1052 ipse
3383 987 3540 1038 inter-

1974 1062 2239 1126 pretandis
2260 1065 2628 1132 prophetarum
2657 1071 2919 1137 mysteriis
2946 1071 3222 1138 prepheta,
3253 1073 3370 1124 novi
3387 1073 3539 1140 quid-

1972 1148 2092 1202 dam
2115 1151 2166 1202 in
2193 1152 2480 1205 Ecclesiam
2509 1155 2598 1208 Dei
2628 1165 2791 1210 tentet
2813 1157 3080 1222 inducere,
3109 1158 3174 1210 ad
3197 1159 3538 1211 tentationem

1973 1238 2024 1292 id
2046 1248 2278 1293 nostram
2300 1242 2409 1295 ﬁeri
2427 1243 2756 1297 Providentia
2773 1245 2943 1298 divina
2962 1247 3204 1314 patiatur.
3226 1247 3363 1301 Utile
3384 1247 3538 1315 igitur

1973 1325 2146 1392 fuerit,
2179 1330 2230 1382 in
2258 1346 2502 1398 excursu,
2532 1333 2656 1400 quid
2677 1349 2833 1402 supra
2861 1336 3135 1388 memorati
3161 1335 3390 1388 lunrctici
3420 1350 3543 1388 sen-

1974 1417 2105 1469 tiant
2130 1417 2358 1472 breviter
2381 1435 2663 1487 exponere,
2689 1423 2742 1474 id
2770 1431 2869 1487 est,
2901 1409 3174 1487 Photinus,
3205 1423 3538 1492 Apollinaris,

1974 1503 2260 1559 Nestorius.
2292 1507 2498 1560 Photini
2527 1524 2650 1577 ergo
2667 1519 2808 1563 secta
2831 1511 2941 1563 hzec
2968 1521 3068 1564 est.
3098 1513 3232 1565 Dicit
3257 1513 3417 1566 Deum
3443 1511 3544 1564 sin-

1973 1595 2149 1661 gulum
2170 1609 2288 1648 esse
2307 1604 2360 1649 et
2373 1598 2680 1663 solitarium,
2699 1607 2752 1651 et
2771 1614 2916 1652 more
2932 1599 3148 1654 Judaico
3163 1599 3536 1654 conﬁtendum.

1977 1679 2244 1736 Trinitatis
2278 1684 2650 1751 plenitudinem
2676 1696 2848 1755 negat,
2880 1703 3049 1756 neque
3073 1689 3231 1742 ullam
3261 1689 3351 1742 Dei
3383 1687 3543 1741 Verbi

1975 1778 2065 1821 aut
2085 1771 2241 1828 ullam
2277 1772 2503 1840 Spiritus
2531 1777 2696 1828 sancti
2730 1785 2876 1844 putat
2907 1792 3022 1831 esse
3050 1793 3348 1846 personam.
3389 1776 3540 1830 Chri-

1975 1865 2114 1911 stum
2146 1875 2273 1915 vero
2305 1861 2568 1916 hominem
2604 1866 2962 1919 tantummodo
2996 1867 3282 1920 solitarium
3309 1866 3505 1919 adserit
3525 1907 3539 1930 ,

1976 1946 2060 1998 cui
2085 1947 2395 2016 principium
2421 1951 2668 2004 adscribit
2699 1968 2764 2005 ex
2796 1953 2952 2006 Maria
2979 1972 2990 2006 :
3021 1963 3073 2007 et
3098 1954 3197 2007 hoe
3223 1953 3538 2008 omnimodis

1977 2033 2315 2104 dogmatizat,
2344 2041 2507 2095 solam
2537 2056 2633 2095 nos
2667 2056 2941 2109 personam
2969 2043 3060 2096 Dei
3090 2043 3259 2096 Patris
3292 2052 3346 2097 et
3373 2043 3542 2096 solum

1978 2122 2242 2179 Christum
2268 2128 2532 2182 hominem
2553 2131 2726 2184 colere
2742 2131 2952 2184 debere.
2977 2132 3098 2186 llaec
3118 2149 3243 2202 ergo
3263 2133 3536 2187 Photinus.

1979 2211 2295 2279 Apollinaris
2335 2232 2460 2270 vero
2499 2218 2550 2271 in
2591 2219 2792 2272 unitate
2828 2209 3039 2286 quidem
3084 2221 3352 2274 Trinitatis
3394 2223 3542 2290 quasi

1978 2305 2278 2358 consentire
2303 2320 2362 2358 se
2383 2305 2608 2373 jactitat,
2637 2315 2691 2358 et
2714 2307 2815 2359 hoc
2831 2308 3001 2374 ipsum
3028 2322 3131 2360 non
3152 2308 3303 2375 plena
3327 2307 3444 2361 ﬁdei
3467 2308 3542 2375 (l)

1981 2391 2230 2456 sanitate;
2253 2392 2347 2445 sed
2366 2393 2416 2446 ia
2435 2393 2638 2447 Domini
2658 2394 3011 2448 incarnatione
3027 2403 3204 2462 aperta
3224 2395 3546 2462 professione

1979 2477 2326 2549 blasphemat.
2355 2482 2488 2535 Dicit
2513 2482 2654 2536 enim
2674 2484 2726 2536 in
2748 2483 2860 2552 ipsa
2887 2483 3175 2537 Salvator-is
3201 2485 3364 2536 nostri
3381 2498 3539 2537 carne

1979 2575 2069 2620 aut
2100 2570 2328 2622 animam
2356 2569 2637 2624 humanam
2669 2573 2877 2640 penitus
2917 2587 3020 2626 non
3049 2573 3239 2637 fuisse,
3276 2564 3366 2625 aut
3398 2572 3552 2626 certe.

1980 2657 2135 2709 talem
2162 2657 2324 2712 fuisse
2343 2659 2426 2711 cui
2447 2675 2595 2714 mens
2620 2669 2672 2715 et
2690 2661 2824 2714 ratio
2851 2676 2954 2715 non
2978 2669 3135 2715 esset.
3167 2662 3272 2715 Sed
3300 2670 3351 2715 et
3379 2662 3542 2729 ipsam

1980 2744 2186 2799 Domini
2222 2762 2433 2801 carnem
2468 2764 2572 2802 non
2597 2748 2665 2802 de
2697 2757 2890 2802 sancta:
2918 2750 3144 2817 Virginis
3176 2750 3347 2803 Maria:
3384 2765 3544 2803 carne

1981 2843 2296 2903 susceptam,
2319 2836 2409 2890 sed
2431 2837 2497 2891 de
2522 2837 2656 2891 caelo
2676 2838 2728 2890 in
2756 2839 3020 2907 Virginem
3041 2837 3376 2890 descendisse
3395 2837 3541 2890 dice—

1979 2921 2094 2988 bat;
2123 2939 2343 2992 eamque
2358 2925 2688 2980 nutabundus
2713 2941 2922 2994 semper
2936 2933 2988 2979 et
3013 2925 3201 2979 dubius
3227 2925 3384 2980 modo
3403 2940 3541 2978 eoa:-

1983 3019 2182 3066 ternam
2209 3013 2317 3068 Deo
2343 3015 2536 3079 Verbo,
2571 3015 2728 3069 modo
2753 3014 2819 3069 de
2853 3015 3009 3070 Verbi
3048 3014 3318 3068 divinitate
3352 3014 3540 3067 factam

1983 3101 2312 3169 prmdicabat.
2347 3103 2568 3158 Nolebat
2602 3105 2742 3157 enim
2769 3106 2823 3157 in
2855 3103 3062 3158 Christo
3094 3119 3211 3157 esse
3249 3103 3379 3157 duas
3412 3103 3538 3156 sub-

1981 3190 2218 3254 stantias,
2249 3207 2404 3244 unam
2439 3189 2686 3259 divinam,
2716 3194 2932 3247 alteram
2963 3192 3262 3256 humanam,
3294 3197 3448 3246 unam
3475 3207 3540 3246 ex

1981 3276 2164 3344 Patre,
2201 3281 2418 3333 alteram
2445 3297 2510 3335 ex
2546 3292 2741 3346 matre;
2778 3282 2872 3336 sed
2904 3284 3069 3351 ipsam
3100 3281 3258 3336 Verbi
3302 3290 3540 3336 naturam

1983 3368 2195 3435 putabat
2213 3385 2330 3423 esse
2364 3369 2658 3436 discissam,
2683 3372 2831 3440 quasi
2852 3371 2990 3426 aliud
3011 3371 3125 3439 ejus
3147 3381 3472 3438 permaneret
3491 3371 3542 3424 in

1981 3455 2110 3522 Deo,
2133 3457 2273 3510 aliud
2298 3472 2422 3511 vero
2449 3473 2658 3512 versum
2685 3458 2868 3512 fuisset
2894 3460 2945 3511 in
2965 3474 3206 3521 carnem;
3237 3467 3293 3510 ut
3316 3473 3436 3510 cum
3465 3475 3545 3511 ve-

1983 3543 2111 3596 ritas
2131 3543 2269 3598 dicat
2292 3559 2357 3597 ex
2373 3544 2575 3598 duabus
2601 3545 2903 3598 substantiis
2928 3561 3089 3598 unum
3106 3559 3224 3598 esse
3249 3543 3541 3607 Christum,

1983 3629 2068 3684 ille
2103 3633 2396 3685 contrarius
2429 3633 2634 3685 veritati
2669 3647 2733 3685 ex
2759 3645 2860 3688 una
2887 3631 3080 3686 Christi
3107 3633 3382 3685 divinitate
3417 3632 3545 3684 duas

1981 3718 2188 3772 adserat
2202 3719 2362 3772 factas
2377 3733 2494 3772 esse
2509 3719 2844 3773 substantias.
2865 3719 2985 3772 Haec
3007 3719 3180 3787 itaque
3201 3720 3540 3786 Apollinaris.

1983 3805 2250 3859 Nestorius
2275 3815 2448 3860 autem
2465 3805 2726 3859 contrario
2751 3805 3034 3872 Apollinari
3051 3806 3254 3869 morbo,
3285 3805 3407 3858 dum
3426 3820 3545 3857 seso

1983 3891 2112 3945 duas
2137 3893 2188 3946 in
2219 3892 2428 3948 Christo
2452 3893 2768 3946 substantias
2793 3893 3115 3960 distinguere
3148 3893 3385 3957 simulat,
3416 3893 3546 3946 duas

1983 3980 2265 4035 introducit
2293 3989 2509 4050 repente
2533 3995 2807 4049 personas,
2843 3988 2896 4035 et
2923 3979 3156 4034 inaudito
3181 3980 3381 4034 scelere
3415 3979 3547 4040 duos

2053 4113 2127 4180 (l)
2166 4112 2325 4165 Miror
2350 4111 2710 4165 doctissimum
2736 4111 2905 4164 virum
2939 4107 3546 4180 DionysiumiPetavium

1986 4179 2196 4258 tom._5.
2225 4181 2679 4258 'l‘heolog._dogm.
2709 4181 2802 4258 lib.
2832 4181 2882 4238 i.
2909 4193 3026 4258 cap.
3056 4179 3190 4258 6,_n.
3221 4179 3305 4258 i5,
3333 4179 3545 4258 opposi-

1986 4259 2095 4304 tum
2123 4251 2312 4319 legere,
2340 4247 2489 4319 quasi
2529 4247 2718 4319 nempe
2745 4247 3279 4319 \-’inccntius__d_ixe_rit,
3314 4256 3360 4300 et
3386 4248 3548 4315 ipsum

1988 4320 2134 4388 plena
2159 4315 2277 4388 fidei
2305 4315 2536 4388 sanitate,
2563 4315 2966 4388 reclamantibus
2991 4315 3324 4388 editionibus,
3346 4329 3411 4388 ac
3433 4330 3550 4369 con-

1989 4383 2130 4441 textu
2157 4383 2270 4455 ipso
2295 4405 2306 4438 :
2339 4386 2628 4455 prieSertim
2649 4386 2888 4455 quianon
2904 4385 3244 4455 latuitAvirum
3272 4383 3546 4455 ontnigcna

1988 4451 2279 4510 eruditione
2306 4451 2556 4508 refertum
2583 4466 2610 4506 a
2636 4451 2826 4521 Basilio
2850 4454 2901 4506 in
2929 4453 3024 4521 Ep.
3041 4451 3165 4516 295,
3185 4451 3550 4521 etaCrcgorio

1989 4523 2390 4601 [ﬁazizinaeno__itt
2418 4523 2514 4591 Ep.
2545 4523 2595 4585 1,
2623 4522 2688 4601 ad
2704 4520 2869 4601 Clod:
2882 4519 2998 4601 pag}
3031 4521 3149 4583 744,
3172 4519 3548 4601 reprehensum

1991 4594 2154 4647 fuisse
2191 4589 2566 4661 Apoliinarem,
2607 4600 2664 4661 ut
2703 4591 2753 4644 in
2783 4589 2994 4661 Sabellii
3031 4604 3263 4661 errorem
3289 4589 3548 4661 inclinan-

1991 4671 2117 4724 tetn,
2153 4656 2302 4729 cujus
2325 4661 2400 4714 rei
2427 4669 2588 4714 testes
2617 4659 2700 4712 hic
2733 4659 2989 4729 posterior
3013 4657 3159 4729 all‘ert
3179 4658 3369 4729 libros
3390 4656 3545 4729 illius.

1993 4733 2124 4784 llinc
2149 4727 2361 4783 minime
2380 4729 2669 4783 audiendus
2692 4727 2940 4782 Leontius
2966 4727 3017 4780 in
3044 4728 3133 4781 lib.
3162 4727 3227 4781 de
3246 4727 3403 4780 sectis
3429 4727 3544 4779 Act.

1991 4802 2043 4863 4,
2075 4809 2202 4853 tom.
2236 4800 2318 4862 11,
2351 4798 2482 4851 Bibl.
2513 4799 2613 4852 PP.
2643 4798 2767 4851 dum
2792 4797 3018 4850 affirmat
3042 4796 3302 4849 hominem
3330 4811 3434 4849 non
3460 4809 3548 4848 cr-

1992 4884 2110 4922 rare
2151 4868 2290 4920 circa
2328 4867 2654 4921 Trinitatem.
2704 4885 2721 4916 ι
2751 4865 3012 4924 Tametsi,
3061 4865 3254 4933 inquit,
3311 4863 3548 4933 Gregorii

1999 4956 2016 4986 ι
2041 4935 2194 4990 ambo
2213 4937 2369 4990 etiam
2391 4937 2558 4989 hacin
2578 4945 2726 5005 parte
2743 4933 2936 5005 erroris
2963 4935 3106 5005 illum
3130 4931 3366 5005 arguant.
3393 4931 3548 5005 {Sed

1992 5014 2184 5074 praeter
2207 5005 2486 5071 Gregorios
2508 5001 2678 5074 exstat
2707 5005 2864 5074 etiam
2891 5003 3111 5057 Basilius
3146 5010 3200 5056 et
3231 5001 3516 5074 Lirinensis

1992 5069 2051 5127 ut
2088 5074 2219 5126 alios
2244 5069 2508 5136 omittam;
2551 5072 2686 5128 unde
2717 5073 2956 5141 suspicor
2995 5087 3098 5141 non
3144 5069 3443 5141 pervenisse
3482 5069 3549 5127 ad
3636 5124 3638 5126 ,

1993 5143 2267 5197 Leontium
2293 5142 2603 5210 Apollinaris
2621 5137 2880 5205 librosfin
2900 5139 3088 5210 quibus
3105 5137 3333 5210 erratum
3360 5137 3549 5210 depre-

1996 5211 2174 5265 hendit
2188 5207 2540 5263 Nazianzenus
2565 5229 2575 5262 :
2606 5211 2702 5262 nisi
2726 5211 2856 5264 forte
2875 5207 2991 5278 quis
3010 5209 3183 5278 dicere
3202 5207 3366 5278 malit,
3391 5207 3548 5278 homi-

1995 5296 2114 5333 nem
2153 5280 2409 5332 contraria
2449 5279 2688 5348 dogmata
2728 5275 3160 5348 vulgaése,quod
3199 5275 3437 5348 accidere
3474 5276 3547 5348 illi

1996 5351 2181 5418 potuit,
2204 5349 2326 5418 dum
2359 5367 2376 5396 ε
2402 5349 2452 5400 in
2481 5344 2747 5401 tractanda
2768 5344 3052 5415 Thcologia
3069 5361 3170 5400 non
3190 5361 3221 5418 _e
3241 5344 3542 5414 Scripturis.

2003 5415 2020 5468 ὲ
2043 5417 2134 5471 sed
2153 5434 2214 5470 ex
2233 5417 2471 5469 immanis
2498 5418 2719 5469 intentis
2747 5424 3045 5485 argumenta
3068 5415 3293 5485 petebat,
3323 5432 3340 5465 ι
3365 5429 3548 5484 quem-

1993 5487 2273 5539 admodum
2295 5487 2367 5538 ait
2389 5485 2622 5539 Basilius.
