3916 6178
332 238 468 305 7855

340 390 478 429 esse
497 376 609 427 vult
630 372 760 425 ﬁlios
780 370 872 424 Dei
887 410 901 432 ,
931 368 1062 421 duos
1084 363 1341 429 Christos,
1372 378 1532 417 unum
1560 363 1724 416 Dcnm
1740 403 1753 427 ,
1790 362 1919 414 alte-

358 478 476 517 rum
497 462 782 525 hominem,
812 473 972 512 unum
992 457 1082 526 qui
1103 471 1167 510 ex
1193 455 1369 518 Patre,
1398 452 1619 506 alterum
1638 451 1727 519 qui
1743 451 1811 503 sit
1829 464 1919 519 ge-

337 559 570 608 meratus
596 565 659 603 ex
687 556 871 601 matre.
900 545 1071 612 Atque
1094 543 1213 597 ideo
1237 539 1427 594 asserit
1442 547 1676 598 sanctam
1702 537 1918 590 Mariam

355 656 461 693 non
490 639 786 697 Theotocon,
817 634 911 689 sed
949 633 1289 687 Christotocon
1314 643 1432 683 esse
1455 626 1729 681 dicendam
1754 645 1766 679 :
1796 627 1916 695 quia

354 728 553 781 scilicet
576 741 640 780 ex
662 740 725 780 ea
758 740 864 779 non
900 723 987 776 ille
1012 720 1252 775 Christus
1275 718 1364 787 qui
1397 718 1556 781 Deus,
1594 714 1687 773 sed
1708 715 1794 768 ille
1826 715 1916 782 qui

353 824 467 870 erat
487 817 665 880 homo,
688 822 843 867 natus
862 812 948 866 sit.
977 809 1127 876 Quod
1153 809 1197 863 si
1216 809 1335 877 quis
1349 821 1469 861 eum
1497 812 1643 874 putat
1657 805 1708 857 in
1729 803 1917 856 litteris

332 905 463 959 suis
486 917 647 958 unum
673 902 940 957 Christum
966 900 1142 953 dicere
1162 906 1215 951 et
1233 911 1391 952 uuam
1418 894 1610 949 Christi
1632 892 1917 962 praedicare

352 1007 653 1061 personam,
682 1005 786 1044 non
814 998 1012 1043 temere
1031 986 1229 1040 credat.
1253 985 1357 1038 Aut
1381 984 1521 1037 enim
1548 980 1686 1035 istud
1706 978 1917 1033 fallendi

325 1071 469 1143 ζει-ιθ
484 1081 811 1134 machinatus
837 1086 946 1142 est,
976 1084 1035 1130 ut
1060 1090 1153 1144 per
1184 1075 1320 1128 bona
1360 1072 1560 1126 facilius
1594 1068 1839 1124 suaderet
1864 1075 1918 1121 et

322 1160 521 1234 imala,‘
538 1170 675 1223 sicut
694 1168 768 1220 ait
785 1165 1067 1234 Apostolus
1086 1182 1099 1217 :
1125 1163 1226 1216 Per
1243 1164 1422 1215 bonum
1449 1160 1570 1212 mild
1596 1166 1826 1228 operatus
1845 1165 1918 1209 est

319 1240 576 1337 Emonam,
608 1259 761 1310 Hom.
793 1256 843 1308 7.
878 1256 984 1309 Aut
1009 1270 1155 1323 ergo,
1192 1260 1250 1307 ut
1278 1253 1525 1317 diximus,
1556 1247 1916 1303 fraudulentus

319 1344 508 1400 '-causa
546 1343 856 1415 quibusdam
897 1344 949 1396 in
984 1343 1114 1396 locis
1146 1342 1458 1409 scriptorum
1503 1352 1717 1393 suorum
1753 1350 1916 1389 unum

350 1435 614 1489 Christum
637 1442 690 1488 et
708 1448 864 1487 uuam
879 1431 1072 1487 Christi
1091 1446 1370 1499 personam
1385 1428 1602 1483 credere
1620 1442 1678 1481 se
1688 1426 1911 1495 jactitat,

344 1514 438 1575 aut
467 1530 609 1577 certe
635 1529 754 1590 post
775 1528 981 1589 partum
1004 1519 1113 1587 jam
1143 1518 1369 1587 Virginis
1396 1518 1468 1570 ita
1499 1515 1739 1569 in'unum
1758 1513 1916 1567 Chri-

350 1618 486 1664 stum
506 1611 637 1664 duas
648 1609 888 1679 perhibet
905 1607 1218 1663 convenisse
1234 1619 1504 1676 personas,
1520 1612 1583 1658 ut
1602 1610 1779 1656 tamen
1796 1616 1916 1656 con-

349 1707 529 1769 ceptus
547 1714 640 1753 seu
662 1706 841 1767 partus
859 1696 1085 1767 Virginei
1107 1706 1362 1764 tempore,
1387 1702 1441 1749 et
1453 1692 1717 1762 aliquanto
1731 1690 1914 1760 postea

348 1787 479 1842 duos
494 1788 729 1843 Christos
744 1787 905 1841 fuisse
920 1785 1229 1849 contendat;
1252 1792 1310 1838 ut
1327 1798 1447 1837 cum
1456 1782 1662 1835 scilicet
1673 1780 1912 1835 Christus

349 1875 507 1931 homo
526 1877 821 1932 communis
840 1877 1067 1946 primum
1087 1882 1141 1929 et
1158 1874 1423 1928 solitarius
1444 1880 1596 1926 natus
1616 1871 1702 1936 sit,
1727 1863 1896 1923 etnec

348 1965 470 2019 dum
490 1967 580 2021 Dei
599 1967 769 2022 Verbo
788 1980 1026 2035 persona:
1046 1965 1245 2019 unitate
1260 1964 1508 2029 sociatus,
1529 1969 1711 2030 postea
1724 1961 1775 2013 in
1792 1975 1911 2014 eum

347 2055 672 2111 adsumentis
698 2056 855 2111 Verbi
880 2070 1102 2124 persona
1135 2052 1493 2115 descenderit;
1533 2059 1587 2105 et
1617 2051 1738 2104 licet
1773 2064 1913 2103 nunc

346 2144 398 2197 in
421 2144 512 2198 Dei
527 2144 690 2215 gloria
706 2152 916 2199 maneat
930 2143 1258 2211 adsumptus,
1277 2140 1576 2210 aliquandiu
1592 2148 1765 2193 tamen
1783 2137 1911 2192 nihil

347 2232 482 2288 inter
504 2234 650 2288 illum
677 2242 731 2289 et
749 2241 968 2288 caeteros
994 2232 1236 2287 homines
1260 2231 1557 2286 interfuisse
1579 2230 1837 2285 videatur.

415 2315 549 2375 Xlll.
574 2322 715 2376 Haec
732 2337 858 2391 ergo
876 2321 1170 2387 Nestorius,
1188 2320 1524 2388 Apollinaris,
1545 2319 1799 2373 Photinus
1819 2318 1911 2372 ad-

347 2425 531 2466 versus
554 2411 875 2467 Catholicam
905 2410 1062 2472 ﬁdem
1086 2409 1254 2463 rabidi
1282 2402 1441 2462 cane's
1468 2409 1688 2462 latrant:
1726 2406 1908 2461 Photi-

348 2515 465 2566 nus,
490 2500 797 2554 Trinitatem
817 2514 922 2553 non
943 2497 1267 2561 conﬁtendo;
1294 2497 1627 2564 Apollinaris,
1650 2496 1910 2550 converti-

348 2590 502 2644 bilem
531 2590 687 2644 Verbi
710 2588 932 2643 dicendo
951 2596 1211 2653 naturam,
1240 2594 1294 2641 et
1313 2586 1443 2640 duas
1473 2586 1526 2638 in
1546 2584 1755 2640 Christo
1781 2584 1907 2638 sub-

344 2680 564 2734 stantias
584 2694 689 2734 non
715 2677 1040 2743 conﬁtendo,
1075 2685 1129 2731 et
1154 2682 1244 2730 aut
1266 2683 1428 2730 totam
1451 2673 1644 2729 Christi
1679 2674 1907 2727 animam

341 2779 434 2826 aut
450 2779 593 2826 certe
612 2778 841 2825 mentem
861 2777 1018 2838 atque
1038 2768 1296 2821 rationem
1317 2766 1370 2819 in
1389 2766 1562 2819 anima
1578 2763 1903 2833 denegando,

343 2867 402 2914 et
422 2858 714 2914 adserende
751 2873 846 2926 pro
889 2871 1049 2911 sensu
1086 2855 1278 2909 mentis
1316 2853 1479 2907 fuisse
1516 2853 1609 2907 Dei
1645 2852 1903 2917 Verbum;

346 2947 632 3013 Nestorius,
660 2946 791 3001 duos
811 2946 1045 3001 Christos
1064 2952 1155 2999 aut
1180 2958 1389 3012 semper
1411 2957 1550 3008 esse,
1574 2950 1664 2995 aut
1682 2942 1907 3011 aliquan-

345 3036 430 3089 diu
461 3036 621 3090 fuisse
644 3035 1020 3090 adseverando.
1056 3033 1289 3087 Ecclesia
1312 3046 1438 3085 vero
1463 3030 1728 3085 Catholica
1763 3040 1817 3084 et
1841 3031 1907 3085 de

344 3124 452 3177 Deo
480 3133 533 3178 et
565 3124 631 3178 de
656 3124 927 3177 Salvatore
952 3129 1133 3176 nostro
1152 3130 1295 3175 recta
1318 3121 1570 3186 sentiens,
1599 3134 1698 3174 nec
1717 3120 1768 3172 in
1793 3119 1908 3173 Tri-

343 3213 519 3267 nitatis
552 3213 806 3283 mysterio
831 3226 929 3265 nec
968 3212 1019 3264 in
1046 3210 1239 3265 Christi
1274 3210 1628 3263 incarnatione
1663 3208 1907 3276 blasphe-

345 3310 468 3355 mat.
491 3303 620 3355 Nam
636 3310 691 3356 et
705 3317 861 3355 uuam
879 3300 1205 3355 divinitatem
1228 3300 1279 3352 in
1302 3297 1570 3351 Trinitatis
1588 3296 1908 3365 plenitudine

342 3397 397 3442 et
417 3391 684 3444 Trinitatis
698 3390 1048 3459 aequalitatem
1070 3388 1120 3441 in
1138 3401 1239 3441 una
1260 3394 1416 3454 atque
1436 3385 1619 3439 eadem
1635 3384 1907 3454 majestate

344 3487 637 3545 veneratur,
666 3485 721 3533 et
745 3493 904 3533 unum
927 3477 1193 3531 Christum
1214 3476 1415 3540 Jesum,
1445 3490 1549 3529 non
1576 3474 1735 3540 duos,
1760 3490 1907 3528 eum-

343 3569 566 3638 tlemque
581 3569 746 3622 Deum
763 3569 957 3636 pariter
971 3574 1128 3635 atque
1145 3565 1412 3619 hominem
1427 3563 1722 3617 conﬁtetur.
1737 3563 1906 3619 Unam

344 3655 551 3724 quidem
577 3657 629 3710 in
654 3669 1047 3724 copersenam,
1092 3653 1185 3708 sed
1221 3653 1352 3708 duas
1391 3653 1738 3718 substantias;
1775 3653 1906 3709 duas

342 3745 686 3813 substantias,
729 3745 824 3800 sed
868 3760 1023 3799 unam
1068 3743 1236 3798 credit
1278 3757 1396 3798 esse
1432 3758 1749 3811 personam:
1776 3744 1906 3799 duas

341 3834 677 3901 substantias,
723 3835 844 3905 quia
876 3834 1125 3888 mutabile
1164 3849 1267 3887 non
1296 3841 1377 3888 est
1415 3834 1645 3889 Verbum
1680 3836 1802 3905 Dei,
1849 3845 1908 3891 ut

343 3920 508 3993 ipsum
529 3931 820 3978 verteretur
840 3925 891 3977 in
912 3938 1155 3988 carnem;
1174 3925 1342 3976 ’unam
1360 3938 1661 3991 personam,
1687 3942 1754 3980 ne
1773 3926 1905 3982 duos

341 4012 632 4081 proﬁtendo
664 4012 826 4076 ﬁlios,
860 4012 1265 4080 quaternitatem
1290 4012 1529 4066 videatur
1556 4015 1761 4080 colere,
1800 4030 1905 4069 non

340 4100 667 4156 Trinitatem.
698 4099 804 4155 Sed
827 4115 1002 4167 opera:
1029 4100 1252 4167 pretium
1280 4107 1363 4153 est
1390 4108 1445 4153 ut
1466 4100 1518 4154 id
1549 4100 1720 4169 ipsum
1747 4103 1904 4156 etiam

339 4198 495 4259 atque
520 4190 679 4242 etiam
715 4188 1009 4242 distinctius
1034 4196 1088 4241 et
1111 4189 1412 4255 expressius
1451 4190 1806 4245 cnuclecmus.
1849 4190 1905 4244 ln

341 4279 451 4334 Deo
476 4294 579 4332 una
605 4280 916 4343 substantia,
942 4278 1034 4333 sed
1058 4285 1164 4331 tres
1186 4293 1452 4347 personm;
1481 4280 1532 4333 in
1555 4279 1764 4335 Christo
1789 4281 1906 4336 dua:

339 4369 664 4439 substantia,
703 4368 795 4423 sed
824 4383 925 4423 una
952 4383 1196 4437 persona.
1226 4366 1281 4421 ln
1316 4368 1568 4441 Trinitate
1593 4370 1724 4423 alius
1749 4378 1906 4440 atque

338 4458 498 4523 alius,
527 4474 630 4513 non
662 4458 803 4512 aliud
822 4465 980 4527 atque
1006 4457 1175 4523 aliud;
1201 4458 1261 4511 in‘
1286 4457 1557 4513 Salvatore
1582 4459 1721 4514 aliud
1748 4468 1905 4528 atque

337 4547 498 4614 aliud,
517 4561 620 4601 non
641 4548 775 4600 alius
794 4556 949 4616 θυμω
965 4547 1118 4600 alius.
1145 4547 1419 4612 Quomodo
1435 4548 1487 4600 in
1505 4548 1759 4603 Trinitate
1772 4549 1905 4602 alius

338 4644 496 4705 atque
514 4635 667 4702 alius,
691 4651 796 4689 non
823 4635 962 4688 aliud
987 4644 1142 4703 atque
1165 4634 1345 4690 aliud?
1363 4636 1493 4701 Quia
1511 4637 1710 4691 scilicet
1733 4638 1831 4690 alia
1853 4648 1906 4692 et

339 4741 561 4795 persona
586 4726 775 4791 Patris,
810 4726 1075 4791 alial‘ilii,
1105 4727 1203 4779 alia
1226 4727 1450 4794 Spiritus
1472 4729 1667 4793 sancti;
1704 4729 1797 4783 sed
1823 4737 1903 4782 ta-

339 4831 460 4871 men
487 4817 657 4886 Patijis
681 4823 734 4869 et
760 4816 875 4869 Filii
904 4824 957 4870 et
983 4817 1208 4884 Spiritus
1230 4818 1397 4871 sancti
1430 4832 1532 4871 non
1561 4820 1659 4871 alia
1695 4826 1749 4873 et
1780 4821 1901 4886 alia,

337 4904 431 4960 sed
450 4918 555 4959 una
575 4904 866 4975 eademque
887 4906 1089 4958 natura.
1109 4904 1383 4971 Quomodo
1404 4907 1454 4959 in
1476 4907 1746 4962 Salvatore
1766 4909 1904 4962 aliud

338 5005 496 5067 atque
517 4994 687 5063 aliud,
717 5012 823 5052 non
856 4994 990 5050 alius
1014 4990 1169 5066 atque
1195 4997 1361 5052 alias?
1392 4998 1535 5066 Quia
1556 4999 1799 5053 videlicet
1829 5000 1907 5052 al-

337 5095 452 5143 tera
472 5088 765 5143 substantia
789 5088 1094 5155 divinitatis,
1122 5089 1286 5143 altera
1316 5090 1680 5156 humanitatis;
1709 5091 1803 5145 sed
1828 5098 1907 5145 ta—

339 5193 461 5235 men
485 5178 655 5234 deitas
675 5186 730 5234 et
751 5179 1050 5234 humanitas
1074 5196 1179 5235 non
1219 5181 1352 5236 alter
1370 5170 1429 5236 et
1452 5181 1603 5248 alter,
1644 5182 1738 5237 sed
1770 5197 1907 5236 unus

340 5267 585 5338 idemque
607 5266 866 5336 Christus,
895 5285 1031 5324 unus
1068 5269 1312 5340 idemque
1347 5271 1482 5326 ﬁlius
1514 5272 1637 5339 Dei,
1667 5279 1721 5327 et
1753 5272 1907 5327 unius

343 5357 683 5427 ejusdemque
702 5359 895 5415 Christi
917 5367 971 5414 et
994 5358 1083 5413 ﬁlii
1104 5360 1196 5413 Dei
1218 5375 1318 5414 una
1346 5360 1635 5431 eademque
1660 5377 1902 5430 persona;

344 5448 480 5502 sicut
496 5449 555 5503 in
582 5449 794 5504 homine
829 5451 969 5504 aliud
994 5464 1145 5513 caro,
1176 5460 1229 5504 et
1256 5451 1394 5505 aliud
1424 5453 1593 5505 anima
1611 5496 1624 5518 ,
1655 5452 1745 5507 scd
1775 5468 1908 5508 unus

349 5533 589 5605 idemque
626 5552 784 5593 nomo
808 5542 980 5593 anima
1002 5548 1055 5599 et
1080 5556 1219 5594 caro.
1252 5539 1305 5593 lu
1330 5541 1488 5594 Petro
1514 5550 1566 5595 et
1588 5543 1746 5596 Paule
1768 5543 1907 5596 aliud

1594 232 1934 289 VINCENTI‘I
1965 232 2344 289 LIHlNENSIS

3479 235 3586 292 656

2024 360 2216 424 anima,
2246 359 2386 413 aliud
2409 373 2564 425 care;
2594 372 2691 413 nec
2710 366 2883 413 tamen
2903 356 3014 413 duo
3039 358 3201 425 Petri,
3228 373 3353 413 caro
3381 370 3437 415 et
3463 363 3583 417 ani-

2024 463 2136 513 ma;
2168 457 2259 501 aut
2281 448 2414 503 alter
2439 448 2630 501 Paulus
2670 449 2864 511 anima,
2900 457 2954 501 et
2981 447 3114 502 alter
3136 462 3291 512 caro;
3325 449 3420 503 sed
3445 466 3582 505 unus

1964 538 1971 545 “
2024 539 2267 608 idemque
2292 540 2497 604 Petrus,
2529 553 2662 593 unus
2688 538 2931 607 idemque
2956 538 3166 605 Paulus,
3195 554 3261 592 ex
3287 538 3476 603 duplici
3504 540 3585 593 di-

2022 646 2278 700 versaque
2294 631 2584 684 subsistens
2598 630 2757 683 animi
2772 630 3109 698 corporisque
3123 638 3327 683 natura.
3346 629 3495 701 ltaigi
3506 638 3587 684 tur

2023 720 2075 773 in
2091 735 2195 774 uno
2211 721 2502 789 eodemque
2516 720 2726 774 Christo
2742 720 2859 773 dua:
2874 720 3176 774 substantia:
3198 727 3347 783 sunt;
3368 721 3459 775 sed
3480 737 3582 775 una

2022 809 2217 876 divina,
2259 809 2423 863 altera
2460 809 2715 873 humana;
2754 824 2859 863 una
2884 824 2950 862 ex
2974 808 3130 862 Patre
3155 809 3285 872 Deo,
3321 810 3481 863 altera
3517 826 3583 864 ex

2021 908 2189 953 matre
2216 899 2456 969 Virgine;
2484 915 2586 954 una
2611 908 2873 954 coaeterna
2899 910 2953 952 et
2984 900 3200 967 aequalis
3229 900 3389 965 Patri,
3424 901 3585 955 altera

2022 1005 2085 1042 ex
2106 998 2343 1057 tempore
2362 996 2415 1042 et
2430 990 2603 1042 minor
2621 989 2803 1053 Patre;
2827 1003 2929 1042 una
2949 975 3409 1042 consubstantialis
3424 988 3585 1051 Patri,

2021 1081 2182 1134 altera
2225 1079 2687 1134 consubstantialis
2726 1080 2909 1141 matri;
2950 1093 3086 1132 unus
3124 1087 3297 1133 tamen
3346 1079 3587 1147 idemque

2020 1165 2260 1221 Christus
2280 1168 2333 1221 in
2355 1177 2572 1236 utraque
2587 1168 2896 1222 substantia.
2919 1167 3032 1221 Non
3053 1182 3179 1236 ergo
3196 1168 3329 1221 alter
3345 1167 3587 1221 Christus

2019 1255 2179 1321 Deus,
2206 1257 2340 1311 alter
2368 1257 2553 1321 homo;
2584 1270 2690 1310 non
2715 1257 2848 1310 alter
2872 1257 3155 1321 increatus,
3194 1257 3327 1310 alter
3346 1265 3585 1323 creatus;

2019 1359 2124 1398 non
2145 1346 2279 1400 alter
2299 1347 2653 1414 impassibilis,
2676 1347 2809 1401 alter
2827 1347 3115 1415 passibilis;
3140 1362 3243 1401 non
3264 1348 3396 1401 alter
3408 1363 3586 1416 atqua—

2018 1434 2083 1487 lis
2103 1434 2244 1487 Patri
2258 1476 2273 1500 ,
2310 1436 2444 1489 alter
2462 1436 2633 1489 minor
2656 1435 2839 1499 Patre;
2868 1451 2971 1489 non
2997 1436 3131 1489 alter
3148 1451 3214 1490 ex
3236 1435 3416 1501 Patre,
3452 1437 3585 1490 alter

2019 1539 2085 1577 ex
2103 1533 2300 1591 matre;
2325 1525 2420 1579 sed
2445 1540 2580 1579 unus
2614 1524 2858 1594 idemque
2887 1524 3124 1580 Christus
3158 1526 3297 1580 Deus
3324 1536 3378 1580 et
3404 1526 3584 1591 homo,

2018 1614 2155 1668 idem
2178 1630 2284 1669 non
2309 1623 2519 1670 creatus
2544 1623 2599 1670 et
2622 1623 2859 1682 creatus,
2894 1615 3032 1670 idem
3059 1616 3501 1670 incommutabilis
3538 1628 3585 1671 el

2018 1694 2384 1771 impassibilis,
2417 1703 2558 1758 idem
2591 1712 2943 1759 commutatus
2966 1713 3019 1758 et
3045 1719 3251 1772 passus,
3280 1705 3417 1759 idem
3445 1706 3585 1759 Patri

2016 1801 2071 1847 et
2086 1795 2302 1863 aqualis
2321 1802 2375 1849 et
2391 1794 2584 1862 minor,
2608 1794 2748 1849 idem
2770 1810 2835 1850 ex
2856 1795 3010 1849 Patre
3023 1803 3147 1849 ante
3161 1796 3335 1849 secula
3356 1797 3582 1865 genitus,

2015 1882 2156 1937 idem
2188 1883 2242 1937 in
2269 1883 2448 1937 seculo
2485 1899 2550 1938 ex
2584 1891 2754 1938 matre
2788 1892 3084 1953 generatus,
3114 1884 3377 1952 perfectus
3414 1884 3582 1947 Deus,

2016 1971 2277 2041 perfectus
2302 1974 2481 2028 homo.
2514 1974 2571 2028 In"
2605 1975 2714 2029 Deo
2742 1990 2947 2029 summa
2972 1975 3237 2041 divinitas,
3276 1976 3328 2029 in
3369 1976 3584 2030 homine

2015 2062 2165 2129 plena
2187 2062 2503 2117 humanitas.
2535 2063 2726 2130 Plena,
2755 2064 2997 2134 inquam,
3025 2064 3324 2118 humanitas
3347 2083 3361 2118 ;
3388 2065 3584 2134 quippe

2014 2168 2132 2222 quas
2156 2154 2383 2207 animam
2406 2154 2561 2208 simul
2582 2154 2773 2208 habeat
2796 2163 2850 2210 et
2874 2142 3105 2219 carnem,
3136 2154 3230 2209 sed
3252 2170 3462 2209 carnem
3490 2171 3582 2209 ve-

2014 2260 2147 2312 ram,
2170 2253 2425 2313 uostram,
2448 2253 2760 2312 maternam,
2778 2246 3007 2299 animam
3020 2261 3149 2301 vero
3162 2246 3424 2300 intellectu
3445 2260 3582 2314 pra:-

2013 2335 2196 2401 ditam,
2219 2326 2396 2391 mente
2416 2351 2478 2391 ac
2497 2337 2700 2391 ratione
2717 2338 3020 2405 pollentem.
3047 2338 3141 2392 Est
3161 2353 3285 2407 ergo
3299 2337 3350 2391 in
3371 2337 3582 2392 Christo

2012 2427 2252 2493 verbum,
2269 2427 2464 2493 anima,
2487 2442 2629 2493 caro;
2653 2427 2746 2481 sed
2767 2428 2869 2482 hoc
2888 2436 3057 2482 totum
3075 2443 3212 2482 unus
3224 2436 3306 2482 est
3319 2427 3577 2494 Christus,

2013 2533 2149 2571 unus
2173 2517 2310 2573 ﬁlius
2329 2519 2443 2584 Dei,
2468 2526 2521 2572 et
2539 2533 2675 2572 unus
2699 2518 2938 2573 Salvator
2959 2534 3022 2573 ac
3039 2518 3360 2587 Redemptor
3377 2527 3575 2574 noster.

2013 2605 2159 2660 Unus
2183 2613 2379 2672 autem,
2409 2622 2512 2660 non
2534 2608 2861 2675 corruptibili
2885 2608 3065 2661 nescio
3088 2621 3191 2676 qua
3216 2606 3501 2661 divinitatis
3523 2615 3578 2660 et

2011 2694 2349 2748 humanitatis
2373 2695 2700 2761 confusione,
2729 2695 2824 2748 sed
2850 2696 3050 2765 integra
3082 2703 3136 2750 et
3159 2695 3407 2765 singulari
3439 2709 3573 2763 qua-

2010 2780 2131 2835 dam
2154 2783 2355 2836 unitate
2377 2797 2637 2851 personae.
2662 2783 2841 2851 Neque
2862 2783 3003 2837 enim
3028 2783 3114 2836 illa
3136 2782 3434 2851 conjunctio
3452 2784 3575 2835 alte-

2010 2886 2128 2924 rum
2149 2872 2201 2925 iu
2221 2872 2445 2926 alterum
2469 2872 2729 2926 convertit
2752 2880 2910 2942 atque
2934 2872 3154 2927 mutavit
3179 2872 3288 2941 (qui
3319 2879 3403 2926 est
3425 2885 3576 2926 error

2010 2962 2252 3031 proprius
2270 2961 2607 3031 Arianorum)
2624 2961 2721 3031 (l),
2744 2961 2836 3016 sed
2858 2962 2929 3015 ita
2945 2963 2997 3016 in
3019 2976 3179 3015 unum
3195 2962 3369 3029 potius
3389 2967 3566 3013 utrum

2010 3065 2112 3119 que
2136 3051 2416 3120 compegit,
2449 3058 2508 3104 ut
2528 3058 2772 3105 manente
2805 3054 3023 3119 semper
3038 3050 3091 3105 in
3116 3049 3324 3105 Christo
3346 3048 3577 3118 singula-

2081 3205 2156 3275 (ι)
2196 3206 2262 3261 Ut
2288 3206 2467 3260 Ariani
2495 3206 2697 3261 facilius
2720 3208 3023 3276 improvidis
3047 3206 3330 3262 suaderent
3344 3201 3577 3276 Verbum

2010 3274 2224 3341 alterius
2249 3290 2365 3329 esse
2391 3291 2420 3328 a
2447 3276 2601 3330 Patre
2628 3274 2953 3341 substantia,
2986 3291 3197 3345 passum
3225 3289 3498 3345 asseruere
3521 3274 3578 3327 in

2011 3358 2197 3414 carne;
2226 3358 2287 3397 ac
2305 3344 2493 3398 anima:
2510 3345 2674 3398 instar
2689 3344 2848 3399 fuisse
2866 3343 3070 3414 corpori
3091 3344 3414 3400 divinitatem
3434 3343 3577 3395 illam

2011 3411 2169 3465 Verbi
2209 3413 2368 3467 veluti
2410 3413 2773 3467 secundariam
2815 3411 3050 3477 aiebant;
3097 3414 3236 3467 unde
3277 3428 3341 3465 ex
3387 3426 3573 3465 eorum

2010 3488 2185 3562 mente
2210 3481 2263 3562 in
2292 3481 2667 3562 humanitatem
2693 3484 2841 3562 quasi
2874 3497 3129 3562 conversa
3156 3490 3269 3562 erat
3299 3480 3574 3562 divinitas,

2011 3549 2135 3603 dum
2161 3550 2498 3604 substantivzn
2523 3549 2750 3604 hominis
2778 3550 2960 3605 forma:
2984 3551 3037 3605 in
3064 3550 3276 3605 Christo
3299 3550 3471 3603 locum
3493 3557 3579 3602 te-

2011 3619 2165 3688 nuit,
2183 3619 2331 3672 Hunc
2357 3634 2592 3674 errorem
2617 3628 2897 3688 assumpta:
2924 3620 3261 3673 humanitatis
3297 3617 3578 3688 destruen-

2010 3694 2117 3758 tem
2142 3687 2298 3758 ﬁdem
2337 3697 2527 3758 prazter
2550 3686 2877 3742 Lirinensem
2908 3689 3162 3758 exprobat
3195 3688 3295 3758 illis
3320 3686 3578 3758 Leontius

2009 3755 2077 3809 de
2101 3764 2231 3809 sect.
2254 3755 2353 3809 Act
2376 3757 2429 3817 2,
2452 3756 2771 3810 Athanasius
2800 3758 2851 3810 in
2873 3757 2961 3810 lib.
2980 3755 3050 3811 de
3072 3757 3285 3811 salutari
3303 3755 3575 3817 Adventu,

2010 3832 2064 3877 et
2099 3824 2151 3877 in
2189 3825 2354 3878 altero
2389 3824 2453 3878 de
2495 3825 2851 3881 incarnatione
2889 3825 3082 3880 Christi
3108 3844 3120 3876 ;
3148 3841 3212 3879 ac
3243 3824 3579 3893 potissimum

2012 3892 2241 3947 Hilarius
2256 3894 2437 3947 inloto
2460 3894 2552 3948 lib.
2573 3910 2605 3946 χ
2626 3894 2690 3947 de
2711 3895 2983 3961 Trinitate,
3010 3894 3149 3948 unde
3164 3892 3369 3948 numer.
3395 3892 3447 3955 9,
3465 3893 3573 3945 ait:

2019 3981 2036 4012 ι
2062 3962 2255 4015 Volunt
2294 3961 2529 4031 plerique
2569 3978 2751 4017 eorum
2777 3979 2842 4017 ex
2867 3964 3127 4031 passionis
3149 3972 3313 4026 metu,
3354 3971 3407 4015 et
3430 3962 3581 4015 inﬁr-

2018 4050 2037 4080 σ
2060 4032 2240 4100 mitate
2265 4030 2516 4100 patiendi,
2546 4047 2649 4084 non
2677 4032 2728 4085 in
2754 4030 2940 4085 natura
2965 4048 3083 4085 eum
3120 4031 3455 4100 impassibilis
3478 4030 3579 4100 Dei

2018 4118 2034 4149 ι
2062 4098 2333 4153 fuisse.....
2367 4099 2471 4153 Sed
2497 4100 2758 4154 inferioris
2785 4115 2814 4153 a
2840 4102 2948 4155 Deo
2973 4101 3127 4155 Patre
3152 4098 3370 4163 natum,
3397 4107 3452 4153 et
3478 4099 3580 4152 hu—

2018 4187 2035 4218 (
2060 4184 2228 4222 mante
2253 4169 2511 4236 passionis
2545 4169 2881 4237 trepidaverit
2914 4177 3087 4231 metu,
3116 4178 3168 4222 et
3200 4168 3264 4222 ad
3289 4167 3583 4237 corporalis

2018 4255 2035 4306 ς
2060 4252 2228 4303 peteme
2244 4236 2960 4306 congemueritatrocitatem.
2989 4258 3006 4288 ι
3031 4237 3157 4303 Quae
3175 4250 3335 4306 quum
3353 4236 3423 4289 ita
3448 4237 3576 4299 sint,

2006 4305 2255 4375 jmnrsinc
2279 4305 2616 4375 ambiguitate
2640 4307 2745 4360 ulla
2772 4306 2922 4361 facile
2948 4305 3208 4360 dirimitur
3232 4313 3341 4359 tota
3366 4312 3581 4358 cmitro-

2010 4374 2179 4443 versia
2198 4415 2211 4438 ,
2250 4390 2406 4442 quam
2427 4373 2759 4429 Claudianus
2784 4376 3093 4440 Mamertus,
3134 4374 3480 4443 Berengarius
3511 4387 3581 4427 ac

2010 4442 2238 4513 Joannes
2265 4443 2477 4513 quidam
2503 4444 2639 4513 apud
2666 4444 2961 4513 Philippum
2995 4443 3146 4513 bonae
3173 4443 3283 4512 spei
3302 4442 3581 4513 iiAhbatcm

2011 4512 2304 4565 excitarunt
2325 4511 2543 4576 Hilario,
2561 4512 2707 4579 quasi
2734 4511 2991 4566 humanas
3007 4513 3058 4564 in
3073 4511 3285 4565 ChriSto
3300 4511 3583 4564 Passiones

2010 4580 2220 4647 neganti
2259 4595 2402 4633 num.
2430 4581 2499 4633 23
2526 4580 2759 4646 ejusdem
2785 4581 2900 4633 libri
2929 4581 3053 4634 dum
3092 4581 3296 4649 inquit:
3332 4597 3350 4628 ‹
3377 4579 3581 4649 Passus

2018 4668 2034 4699 ι
2058 4649 2269 4714 quidem
2299 4656 2380 4702 est
2410 4649 2661 4702 Dumiuus
2693 4649 2846 4703 Jesus
2879 4648 3139 4714 Christus,
3167 4647 3306 4701 "dum
3338 4647 3579 4713 caeditur,

2017 4737 2034 4767 ‹
2058 4716 2201 4787 dum
2225 4717 2577 4784 suspenditur,
2621 4716 2743 4771 dum
2782 4716 3116 4787 cruciﬁgitur.
3153 4717 3275 4771 dum
3313 4717 3578 4787 moritur:

2018 4805 2035 4837 ι
2060 4786 2151 4839 sed
2192 4786 2242 4839 in
2283 4783 2474 4854 cerpus
2506 4787 2710 4840 Domini
2751 4783 3184 4849 irruens'Passio,
3214 4801 3311 4839 nec
3345 4802 3448 4838 non
3468 4783 3584 4854 fuit

2018 4874 2035 4905 ι
2060 4855 2260 4921 Passio,
2290 4852 2390 4908 nec
2410 4863 2585 4907 tamen
2609 4864 2849 4908 naturam
2876 4855 3143 4909 Passionis
3169 4855 3428 4917 exseruit,
3450 4852 3585 4907 dum

2019 4943 2035 4973 ι
2061 4933 2113 4975 et
2142 4925 2333 4992 pmnali
2360 4924 2650 4977 ministerio
2675 4924 2908 4988 desmvit,
2933 4932 2987 4992 et
3011 4925 3175 4977 virtus
3200 4924 3436 4991 corporis
3462 4923 3586 4978 sine

2019 5011 2036 5042 ι
2061 4991 2218 5046 sensu
2249 5008 2417 5061 pugn-.13
2443 4993 2546 5045 vim
2573 5008 2741 5061 pmnzu
2776 4993 2827 5045 in
2854 5008 2911 5047 se
2936 4991 3267 5061 deszevientis
3294 4992 3515 5061 excepit.
3557 5012 3579 5042 ι

2013 5060 2211 5115 Sensus
2247 5059 2370 5130 ergo
2396 5069 2477 5116 est
2499 5079 2509 5113 :
2535 5059 2720 5115 Passio
2748 5077 2849 5130 qua
2885 5076 3052 5115 (κεδας
3077 5070 3157 5116 est
3182 5059 3451 5120 Christus,
3481 5059 3587 5114 fuit

2013 5146 2077 5184 ex
2104 5140 2250 5199 parte
2273 5132 2527 5199 corporis,
2558 5146 2650 5185 seu
2673 5130 3009 5184 humanitatis
3030 5144 3059 5183 a
3080 5130 3251 5184 Verbo
3270 5138 3582 5199 assunipue,

2012 5198 2131 5267 quin
2155 5215 2331 5263 sensu,
2361 5200 2561 5262 delere,
2591 5201 2867 5267 tolerantia
2891 5199 3155 5254 demutata
3182 5207 3291 5260 est;
3326 5198 3422 5267 sed
3455 5213 3584 5251 vera

2013 5265 2117 5322 non
2146 5267 2241 5322 fuit
2264 5285 2328 5322 ex
2354 5277 2499 5337 parte
2526 5268 2702 5333 Verbi,
2730 5266 2871 5337 quod
2896 5265 3586 5337 demutatiouispeffcctibus

2014 5338 2275 5418 caruerit:
2305 5335 2590 5418 ethocest
2626 5335 2766 5418 quod
2799 5337 3024 5418 Hilarius
3058 5338 3224 5406 inquit
3254 5335 3441 5389 Filium
3463 5336 3583 5415 ,Βρί

2015 5407 2112 5475 tjim
2139 5422 2298 5474 poena:
2321 5407 2371 5459 in
2405 5423 2456 5460 se
2477 5404 2784 5461 deswvientis
2808 5408 2913 5459 sine
2937 5423 3082 5459 sensu
3117 5404 3273 5475 paena:
3304 5404 3581 5475 eacepisse.

2014 5471 2264 5545 Cenéulat
2282 5476 2423 5531 Lect.
2443 5478 2737 5544 generalem
2756 5476 2957 5545 praefat:
2968 5471 3298 5545 praemissam
3316 5471 3584 5541 Operibus

2015 5492 2264 5529 LOIlSlllal
2282 5492 2423 5531 licet.
2443 5492 2737 5544 generalem
2756 5492 2953 5545 pnetat.
3011 5492 3144 5529 racm‘

2015 5544 2077 5596 D.
2110 5545 2284 5597 Hilarii
2315 5547 2450 5599 Edit.
2481 5548 2536 5598 P.
2565 5545 2836 5600 Constant.
2868 5546 2894 5611 ς
2921 5492 3009 5598 HI?
3140 5618 3144 5623 ι
