3916 6178
315 427 422 484 [57

312 561 470 616 ritate
493 555 650 612 unius
674 551 1014 624 ejusdemque
1037 560 1292 618 personae,
1323 543 1372 596 in
1394 551 1648 596 :etcrnum
1671 553 1880 607 quoque

311 653 620 719 permaneat
639 642 931 712 proprietas
961 636 1366 704 uniuscujusque
1393 637 1618 692 natur-.13;
1647 643 1752 696 quo
1777 627 1880 680 sci-

309 716 436 791 licet
461 749 558 790 nec
585 730 812 800 unquam
837 730 976 782 Deus
1001 739 1191 794 corpus
1229 737 1346 776 esse
1381 719 1620 788 incipiat,
1653 732 1746 770 nee
1785 716 1880 768 ali-

309 823 522 894 quando
546 835 758 890 corpus,
799 831 990 886 corpus
1016 829 1132 868 esse
1161 813 1396 866 desistat.
1427 807 1574 874 Quod
1601 808 1756 860 etiam
1785 805 1880 858 bu-

309 928 484 966 manze
503 907 817 965 conditionis
842 907 1232 960 demonstratur
1257 899 1516 966 exemplo.
1543 897 1720 964 Neque
1741 897 1880 946 enim

311 1007 366 1055 in
391 1000 632 1071 pnesenti
655 1006 878 1060 tantum,
903 993 995 1048 sed
1017 994 1066 1045 in
1085 991 1258 1044 futuro
1275 1001 1500 1058 quoque,
1525 985 1882 1052 unusquisque

315 1091 585 1143 hominum
627 1103 691 1142 ex
725 1086 897 1138 anima
925 1081 1184 1135 constabit
1209 1087 1260 1131 et
1295 1091 1540 1144 corpore,
1577 1087 1670 1124 nee
1705 1081 1880 1124 tamen

313 1195 546 1250 unquam
571 1186 660 1230 aut
682 1189 871 1244 corpus
893 1175 944 1226 in
983 1172 1208 1224 animum
1240 1175 1330 1219 aut
1362 1165 1533 1218 anima
1569 1169 1800 1216 vertetur
1832 1162 1880 1212 in

313 1249 532 1338 corpus;
557 1267 649 1321 sed
673 1277 986 1332 unoquoque
1013 1249 1280 1312 hominum
1309 1256 1421 1308 sine
1453 1253 1554 1305 line
1581 1252 1629 1304 vi
1651 1259 1799 1310 ‘turo,
1831 1249 1880 1301 in

317 1373 632 1426 unoquoque
671 1353 940 1406 hominum
981 1349 1096 1402 sine
1133 1346 1233 1398 ﬁne
1275 1341 1572 1396 necessario
1615 1339 1884 1406 utriusque

303 1419 627 1506 isubstaiitiie
654 1440 944 1496 diﬁ‘erentia
975 1433 1316 1506 permanebit.
1343 1431 1416 1482 Ita
1439 1430 1489 1482 in
1515 1429 1725 1482 Christo
1749 1441 1882 1494 quo-

309 1493 418 1602 ique
446 1533 716 1600 utriusque
741 1528 1045 1582 substantim
1075 1539 1168 1576 sua
1197 1523 1384 1589 cuique
1407 1521 1456 1572 in
1479 1525 1731 1572 mternum
1759 1530 1884 1583 pro~

309 1601 547 1690 iprietas,
609 1621 749 1674 salva
806 1627 978 1670 tamen
1031 1627 1266 1682 persona:
1309 1611 1507 1664 unitate
1536 1650 1550 1674 ,
1613 1604 1884 1661 retinenda

317 1723 418 1767 est.

389 1801 526 1854 XIV.
550 1801 656 1856 Sed
681 1811 798 1853 cum
827 1813 1102 1867 personam
1125 1796 1318 1864 saepius
1351 1793 1702 1856 nominamus,
1727 1801 1780 1846 et
1801 1791 1883 1844 di-

319 1893 491 1945 cimus
513 1889 652 1960 quod
673 1889 810 1942 Deus
833 1903 924 1955 per
947 1899 1224 1954 personam
1249 1883 1406 1936 homo
1429 1881 1594 1934 factus
1620 1882 1706 1946 sit,
1725 1881 1885 1934 vehe—

319 1987 530 2034 menter
551 1977 840 2032 verendum
881 1983 964 2028 est
1001 1990 1068 2028 ne
1093 1973 1194 2027 hoc
1234 1973 1410 2026 dicere
1444 1971 1716 2024 videamur
1745 1969 1884 2038 quod

319 2069 466 2122 Deus
487 2067 701 2120 verbum
729 2065 838 2118 sola
863 2061 1152 2116 imitatione
1179 2060 1398 2113 actionis
1421 2073 1538 2128 qum
1561 2067 1684 2113 sunt
1707 2067 1884 2112 nostra

317 2159 635 2226 susceperit,
668 2163 721 2210 et
757 2153 1008 2224 quidquid
1047 2153 1170 2206 illud
1208 2159 1289 2206 est
1329 2150 1746 2204 conversationis
1783 2149 1884 2202 bu-

319 2263 513 2310 manm,
537 2246 686 2315 quasi
707 2243 1066 2308 adumbratos,
1095 2257 1196 2294 non
1220 2240 1370 2308 quasi
1385 2253 1540 2292 verus
1565 2239 1724 2292 homo
1747 2238 1886 2292 fece—

319 2339 422 2400 rit;
453 2338 587 2390 sicut
607 2335 658 2388 in
681 2333 896 2387 theatris
923 2331 1031 2384 ﬁeri
1050 2330 1202 2394 solet,
1221 2329 1308 2382 ubi
1331 2343 1466 2382 unus
1489 2328 1666 2396 plures
1688 2325 1888 2396 efﬁngit

319 2433 542 2496 repente
561 2439 834 2494 personas,
858 2437 1080 2492 quarum
1106 2421 1218 2488 ipse
1239 2419 1382 2472 nulla
1407 2427 1504 2472 est.
1529 2417 1888 2484 Quotiescum-

321 2535 432 2588 que
455 2517 647 2572 etenim
673 2517 844 2584 aliqua
872 2513 1154 2580 suscipitur
1179 2511 1402 2564 imitatio
1426 2510 1647 2564 actionis
1677 2509 1882 2574 alienae,

319 2609 398 2661 ita
419 2607 640 2660 aliorum
656 2603 829 2658 ofﬁcia
849 2610 939 2655 aut
959 2615 1118 2668 opera
1135 2607 1425 2668 patrantur,
1449 2605 1508 2652 ut
1526 2606 1698 2652 tamen
1719 2597 1774 2652 hi
1797 2599 1886 2668 qui

317 2704 508 2765 agunt,
531 2709 634 2748 non
651 2694 756 2747 sint
777 2693 876 2760 ipsi
897 2705 1030 2760 quos
1050 2695 1228 2757 agunt.
1257 2688 1437 2756 Neque
1455 2688 1596 2742 enim
1622 2687 1719 2756 (ut,
1743 2687 1888 2741 verbi

316 2785 512 2852 gratia,
539 2783 850 2836 secularium
873 2789 926 2834 et
947 2777 1346 2832 Maniclueorum
1373 2777 1448 2848 (t)
1472 2785 1680 2830 utamur
1704 2791 1886 2830 exem-

321 2876 470 2944 plis),
493 2889 612 2928 cum
645 2881 789 2926 actor
827 2871 1052 2940 tragicus
1085 2869 1422 2923 Sacerdotem
1458 2866 1658 2934 effingit
1687 2873 1778 2918 aut
1805 2881 1890 2918 re-

322 2981 468 3036 gem,
493 2963 738 3018 sacerdos
760 2969 850 3014 aut
873 2977 966 3014 rex
1001 2969 1098 3014 est.
1121 2959 1250 3012 Nam
1276 2957 1548 3014 desinente
1581 2963 1698 3008 actu
1734 2955 1888 3008 simul

321 3065 382 3108 et
403 3071 466 3109 ea
496 3068 654 3124 quam
683 3057 990 3119 susceperat
1024 3063 1246 3117 persona
1287 3047 1511 3100 desistit.
1547 3045 1698 3098 Absit
1737 3044 1838 3097 hoc
1861 3059 1890 3096 a

323 3147 482 3200 nobis
495 3145 748 3198 nefarium
765 3141 1150 3209 scelestumque
1165 3139 1467 3192 ludibrium.
1487 3135 1892 3190 Manichaeorum

321 3239 396 3292 sit
427 3239 528 3290 ista
558 3235 850 3296 dementia;
879 3232 968 3302 qui
1005 3231 1292 3300 phantasia:
1325 3227 1712 3297 praedicatores,
1748 3228 1894 3282 aiunt

325 3329 520 3382 Filium
547 3325 639 3379 Dei
667 3325 852 3386 Deum,
885 3335 1164 3391 personam
1201 3319 1428 3372 hominis
1465 3333 1568 3371 non
1604 3317 1892 3371 substantia

323 3418 586 3482 extitisse,
618 3415 712 3468 sed
745 3421 864 3468 actu
899 3413 1132 3480 putativo
1160 3411 1390 3480 quodam
1416 3417 1470 3464 et
1496 3410 1895 3464 conversatione

323 3506 626 3560 simulasse.
649 3501 914 3557 Catholica
945 3517 1070 3555 vero
1095 3500 1224 3554 ﬁdes
1253 3501 1322 3552 ita
1351 3499 1581 3552 Verbum
1605 3499 1698 3552 Dei
1722 3499 1894 3551 homi-

325 3609 450 3649 nem
475 3593 668 3646 factum
692 3607 810 3645 esse
831 3591 976 3656 dicit,
1005 3599 1062 3644 ut
1082 3605 1200 3658 qua:
1223 3597 1400 3642 nostra
1426 3596 1566 3652 sunt,
1585 3603 1690 3641 non
1711 3587 1898 3641 fallaci-

323 3691 412 3736 ter
431 3690 486 3736 et
511 3681 840 3746 adumbrate,
859 3679 952 3733 sed
975 3694 1098 3733 vere
1131 3692 1486 3746 expresseque
1507 3677 1815 3744 susciperet,
1846 3685 1900 3730 et

261 3823 276 3830 -
325 3790 446 3844 quae
469 3779 620 3826 erant
657 3771 906 3834 humana,
931 3785 1034 3824 non
1067 3769 1216 3838 quasi
1259 3768 1428 3821 aliena
1463 3768 1776 3832 imitaretur,
1805 3767 1898 3820 sed

327 3863 506 3930 potius
539 3867 596 3912 ut
628 3874 722 3912 sua
765 3865 1003 3926 gereret;
1033 3865 1086 3911 et
1123 3871 1338 3925 prorsus
1379 3855 1520 3924 quod
1561 3855 1766 3924 agebat,
1801 3855 1900 3908 hoc

321 3951 490 4004 etiam
511 3955 670 4003 esset.
694 3947 841 4000 Sicut
861 3947 958 4014 ipsi
974 3961 1070 3998 nos
1085 3961 1292 4014 quoque
1312 3945 1364 3998 in
1380 3959 1444 3998 eo
1458 3944 1596 4013 quod
1617 3943 1898 4012 loquimur,

325 4040 588 4108 sapimus,
600 4037 846 4102 vivimus,
860 4035 1215 4101 subsistimus,
1235 4049 1338 4088 non
1357 4035 1622 4088 imitamur
1637 4033 1898 4100 homines,

325 4127 427 4182 sed
449 4141 652 4180 sumus.
677 4125 857 4193 Neque
882 4126 1022 4178 enim
1049 4124 1236 4178 Petrus
1259 4133 1312 4178 et
1335 4123 1586 4189 Joannes,
1609 4133 1668 4178 ut
1691 4139 1784 4178 eos
1805 4139 1901 4192 po-

327 4217 598 4270 tissimum
619 4215 906 4278 nominem,
930 4215 1184 4268 imitando
1206 4223 1357 4268 erant
1377 4215 1636 4280 homines,
1664 4215 1754 4268 sed
1779 4215 1904 4268 sub-

325 4303 595 4360 sistendo.
621 4305 800 4372 Neque
835 4303 976 4357 enim
1021 4304 1214 4357 Paulus
1247 4304 1528 4357 simulabat
1573 4304 1900 4372 Apostolum,

327 4403 424 4448 aut
453 4393 680 4462 ﬁngebat
701 4392 918 4446 Paulum
939 4409 952 4456 ;
977 4392 1068 4446 sed
1094 4401 1207 4446 erat
1237 4393 1540 4460 Apostolus,
1572 4401 1624 4447 et
1646 4394 1903 4448 subsiste-

327 4487 424 4538 bat
463 4484 677 4538 Paulus.
711 4482 784 4536 lta
826 4483 984 4536 etiam
1029 4484 1168 4536 Deus
1207 4483 1438 4536 Verbum
1484 4484 1812 4538 adsumendo
1853 4495 1908 4540 et

327 4572 584 4626 habendo
625 4571 1180 4641 carnem,loquendo,
1229 4572 1484 4636 faciendo,
1521 4574 1768 4642 patiendo
1815 4591 1908 4643 per

329 4679 577 4728 carnem,
603 4663 718 4717 sine
743 4663 846 4716 ulla
869 4671 1042 4716 tamen
1065 4679 1174 4716 sure
1207 4665 1540 4732 corruptione
1563 4673 1782 4730 natura-3,
1807 4666 1908 4720 hoc

329 4753 558 4808 omnino
589 4760 840 4819 pnestare
873 4751 1114 4820 dignatus
1137 4760 1218 4806 est
1239 4761 1296 4805 ut
1317 4752 1581 4808 hominem
1619 4754 1908 4823 perfectum

329 4861 442 4898 non
483 4844 778 4898 imitaretur
813 4851 904 4896 aut
933 4843 1170 4913 ﬁngeret,
1205 4844 1298 4897 sed
1337 4845 1628 4910 exhiberet,
1663 4855 1720 4899 ut
1750 4847 1910 4902 homo

329 4947 498 4986 verus
517 4947 624 4985 non
641 4931 908 4986 videretur
927 4941 1016 4986 aut
1035 4941 1324 5002 putaretur,
1347 4935 1440 4987 sed
1461 4943 1601 4988 esset
1624 4943 1778 5004 atque
1795 4939 1912 4991 sub-

327 5023 570 5075 sisteret.
597 5019 758 5089 igitur
782 5021 916 5074 sicut
936 5023 1110 5075 anima
1141 5037 1376 5076 connexa
1399 5025 1562 5088 carni,
1595 5039 1694 5078 nec
1713 5025 1766 5078 in
1791 5041 1908 5080 car-

327 5125 462 5165 nem
505 5118 682 5164 tamen
717 5124 898 5174 versa,
943 5125 1046 5164 non
1089 5112 1323 5166 imitatur
1364 5113 1652 5178 hominem,
1695 5115 1788 5170 sed
1831 5125 1912 5170 est

327 5199 522 5262 homo,
549 5207 605 5253 et
625 5199 786 5254 homo
821 5215 924 5255 non
959 5217 1054 5270 per
1086 5203 1494 5268 simulationem,
1523 5206 1616 5259 sed
1657 5223 1750 5275 per
1789 5209 1912 5262 sub-

325 5292 614 5356 stantiam,
639 5292 712 5344 ita
732 5294 890 5347 etiam
915 5295 1142 5348 Verbum
1165 5295 1322 5360 Deus,
1348 5297 1546 5364 absque
1571 5297 1672 5350 ulla
1696 5300 1774 5352 sui
1795 5314 1914 5352 con-

407 5401 492 5466 (Ι)
533 5401 841 5474 Arbitratur
871 5403 1110 5474 lialuzius
1137 5418 1165 5456 a
1191 5405 1353 5458 sciolo
1391 5405 1616 5473 quodam
1654 5407 1910 5474 adjectum

329 5471 506 5544 fuisse
539 5471 844 5544 parenthesi
885 5471 1278 5544 Maniclueorum
1311 5471 1492 5528 vocem
1523 5495 1534 5527 :
1568 5477 1653 5544 qui
1687 5471 1912 5532 Vincen-

329 5541 474 5611 tium
497 5555 604 5611 non
625 5539 938 5611 intelligens,
963 5543 1162 5610 putavit
1179 5539 1620 5611 comparationem
1643 5562 1756 5600 eam
1779 5549 1912 5600 sumi

327 5625 364 5662 :I
393 5609 724 5684 Manichaeis.
749 5610 948 5684 Deinde
966 5609 1029 5663 ad
1052 5627 1221 5684 _vo_cqs
1249 5609 1566 5666 sacerdotem
1589 5615 1799 5684 efﬁngit,
1821 5617 1908 5680 ait,

327 5677 614 5745 tragredos
659 5687 712 5730 et
745 5679 1280 5757 conumlos__induisse
1315 5689 1480 5757 palam
1521 5677 1762 5752 ripis-Copi
1791 5677 1910 5757 per;

329 5762 529 5800 wnam
547 5787 560 5810 ,
585 5761 693 5800 non
720 5761 872 5801 secus
893 5765 952 5802 ac
973 5751 1190 5804 aliorum
1215 5752 1500 5804 hominum.

1465 409 2034 466 COMMONITORIUM
2078 409 2357 465 PRIMUM.

3440 419 3546 474 658

1984 536 2246 600 versione,
2281 531 2510 588 uniendo
2549 546 2606 586 se
2646 531 2864 597 homini,
2893 545 2994 584 non
3031 530 3418 598 Confundendo,
3441 549 3546 588 non

1987 623 2239 678 imitando
2262 623 2428 676 factus
2453 629 2535 676 est
2553 621 2733 686 homo,
2760 621 2852 676 sed
2879 621 3235 676 subsistendo.
3261 623 3548 690 Abjiciatur

1987 731 2112 786 ergo
2149 724 2256 769 tota
2285 715 2498 783 penitus
2523 728 2764 782 personae
2785 713 2920 768 illius
2943 713 3283 783 intelligentia
3305 729 3422 782 quae
3449 713 3548 766 ﬁn-

1987 807 2160 875 gendo
2197 807 2486 860 imitatione
2529 805 2828 872 suscipitur,
2865 805 2954 858 ubi
2981 819 3190 874 semper
3223 805 3356 860 alius
3393 813 3550 860 estet

1988 897 2126 950 aliud
2149 896 2441 960 simulatur,
2463 895 2549 948 ubi
2575 895 2660 948 ille
2681 895 2768 963 qui
2791 895 2914 962 agit,
2939 910 3202 964 nunquam
3229 895 3272 947 is
3293 904 3374 948 est
3393 909 3548 962 quem

1989 987 2112 1055 agit.
2137 985 2290 1038 Absit
2317 985 2510 1038 etenim
2549 992 2605 1036 ut
2631 984 2730 1036 hoc
2772 983 2940 1036 fallaci
2963 984 3120 1036 modo
3159 984 3298 1036 Deus
3325 983 3549 1037 Verbum

1989 1091 2266 1144 personam
2295 1075 2522 1128 hominis
2547 1075 2844 1142 suscepisse
2868 1074 3142 1138 credatur;
3172 1074 3264 1126 sed
3287 1075 3357 1126 ila
3383 1077 3558 1143 potius

1991 1175 2046 1220 ut
2067 1165 2474 1220 incommutabili
2495 1179 2587 1219 sua
2611 1173 2854 1218 manente
2877 1165 3186 1226 substantia,
3213 1173 3266 1216 et
3289 1165 3340 1216 in
3365 1179 3420 1216 se
3447 1179 3564 1230 poi-4

1993 1259 2112 1311 fecti
2155 1257 2382 1312 hominis
2426 1256 2758 1324 suscipiendo
2801 1263 3072 1318 naturam,
3116 1256 3226 1322 ipse
3269 1269 3409 1317 caro,
3447 1255 3556 1322 ipse

1991 1347 2168 1413 homo,
2195 1350 2306 1416 ipse
2329 1363 2552 1416 persona
2583 1347 2810 1401 hominis
2851 1349 3124 1408 existeret,
3149 1360 3254 1398 non
3279 1346 3554 1398 simulato-

1991 1439 2086 1502 ria,
2116 1439 2208 1493 sed
2234 1455 2376 1504 vera,
2404 1455 2506 1492 non
2531 1439 2802 1504 imitativa,
2832 1438 2924 1492 sed
2957 1438 3300 1500 substantiva,
3335 1451 3438 1490 non
3458 1437 3551 1490 tle-

1991 1532 2148 1600 nique
2170 1547 2286 1598 qua:
2308 1545 2426 1584 cum
2453 1531 2656 1584 actione
2677 1529 2972 1592 desisteret,
2999 1529 3090 1582 sed
3121 1543 3237 1596 qum
3265 1541 3480 1596 prorsus
3503 1529 3554 1580 in

1993 1622 2278 1675 substantia
2303 1629 2649 1690 permaneret.

2063 1713 2174 1766 XV.
2203 1713 2325 1766 llaze
2347 1713 2502 1782 igitur
2543 1713 2593 1766 in
2621 1711 2830 1767 Christo
2869 1725 3108 1780 personre
3151 1711 3323 1764 unitas
3363 1725 3556 1778 nequa—
3625 1711 3634 1716 “

1993 1817 2148 1872 quam
2177 1811 2297 1871 post
2319 1787 2550 1872 Virginis
2571 1811 2796 1870 partum,
2820 1802 2912 1856 sed
2939 1802 2990 1854 in
3017 1803 3131 1868 ipso
3157 1801 3386 1868 Virginis
3411 1807 3556 1852 utero

1992 1901 2260 1961 compacta
2304 1901 2458 1962 atque
2497 1891 2727 1961 perfecta
2751 1899 2848 1944 est.
2879 1887 3232 1944 Vehementer
3253 1891 3392 1943 enim
3421 1905 3556 1956 pra:-

1993 1995 2179 2035 cavere
2221 1982 2491 2046 debemus,
2517 1989 2574 2034 ut
2605 1980 2874 2034 Christum
2897 1995 3000 2034 non
3039 1979 3198 2032 modo
3235 1993 3428 2042 unum,
3465 1981 3556 2033 sed

1993 2071 2151 2122 etiam
2196 2085 2406 2137 semper
2449 2069 2606 2122 unum
2653 2068 3034 2122 conﬁteamur:
3067 2067 3186 2136 quia
3233 2065 3554 2119 intoleranda

1993 2155 2316 2225 blasphemia
2341 2165 2422 2212 est
2447 2165 2502 2210 ut
2522 2157 2726 2211 etiamsi
2749 2171 2888 2210 nunc
2910 2171 3028 2209 eum
3053 2170 3216 2208 unum
3237 2168 3358 2209 esse
3377 2167 3559 2206 conce-

1991 2244 2107 2310 das,
2137 2246 2416 2314 aliquando
2443 2254 2614 2300 tamen
2643 2259 2748 2298 non
2775 2259 2958 2310 unum,
2989 2243 3084 2298 sed
3103 2243 3236 2296 duos
3250 2241 3412 2294 fuisse
3425 2255 3526 2294 con
3551 2271 3560 2278 -

1995 2335 2200 2400 tendas,
2229 2351 2389 2388 unum
2415 2337 2616 2390 scilicet
2641 2343 2761 2404 post
2779 2343 2987 2403 tempus
3009 2331 3342 2401 baptismatis
3366 2373 3380 2396 ,
3428 2331 3561 2384 duos

1993 2437 2120 2478 vero
2145 2425 2244 2478 sub
2271 2433 2508 2493 tempore
2536 2425 2842 2478 nativitatis.
2873 2422 3022 2489 Quod
3051 2423 3367 2476 immensum
3393 2419 3556 2472 sacri-

1995 2513 2186 2584 legium
2223 2531 2326 2568 non
2361 2517 2512 2570 aliter
2537 2516 2771 2584 profecto
2797 2516 2964 2568 vitare
2989 2513 3280 2581 poterimus
3317 2511 3417 2564 nisi
3443 2513 3560 2564 uni-

1995 2613 2105 2658 tum
2156 2605 2423 2660 hominem
2465 2606 2574 2660 Deo
2598 2647 2611 2672 ,
2661 2605 2764 2660 sed
2795 2606 2994 2659 unitate
3029 2617 3269 2671 persona:
3299 2643 3313 2666 ,
3365 2615 3468 2653 non
3499 2601 3564 2652 ah

1995 2709 2216 2749 ascensu
2237 2737 2250 2762 ,
2281 2696 2362 2749 vel
2389 2696 2801 2761 resurrectione,
2831 2694 2912 2748 vel
2939 2693 3201 2761 baptismo
3220 2732 3234 2754 ,
3263 2690 3354 2744 sed
3376 2689 3482 2756 jam
3513 2691 3564 2741 in

1997 2795 2162 2840 matre
2187 2829 2200 2851 ,
2244 2786 2352 2854 jam
2381 2787 2432 2838 in
2457 2795 2639 2850 utero,
2683 2786 2792 2853 jam
2835 2784 3063 2852 denique
3097 2783 3150 2835 in
3187 2781 3298 2850 ipsa
3325 2779 3564 2847 virginali

1997 2876 2338 2942 conceptione
2365 2874 2621 2928 fateamur
2650 2893 2661 2926 :
2709 2881 2922 2942 propter
2943 2887 3098 2940 quam
3125 2884 3366 2940 personae
3391 2869 3565 2921 unita-

1998 2971 2102 3016 tem
2149 2963 2506 3018 indiﬁereuter
2548 2972 2703 3034 atque
2747 2964 3044 3032 promiscue
3081 2970 3134 3016 et
3168 2977 3286 3030 qua:
3323 2961 3414 3014 Dei
3443 2967 3566 3013 sum

1999 3054 2206 3121 propria
2237 3053 2538 3107 tribuuntur
2563 3055 2791 3119 homini,
2823 3062 2875 3106 et
2899 3067 3016 3122 qua:
3041 3052 3215 3106 carnis
3242 3050 3450 3120 propria
3477 3049 3566 3102 ad-

1999 3144 2298 3197 scribuntur
2323 3144 2450 3198 Deo.
2481 3143 2606 3198 Inde
2627 3152 2708 3197 est
2733 3143 2872 3197 enim
2887 3143 3026 3212 quod
3049 3141 3297 3194 divinitus
3317 3139 3568 3207 scriptum

2001 3243 2082 3288 est
2106 3242 2159 3288 et
2181 3234 2344 3288 ﬁlium
2371 3233 2599 3288 hominis
2626 3234 2964 3288 descendisse
2990 3233 3054 3286 de
3080 3233 3216 3286 coelo
3241 3274 3254 3298 ,
3303 3238 3356 3284 et
3389 3231 3570 3284 Domi-

2001 3339 2126 3378 num
2153 3325 2443 3394 majestatis
2468 3324 2773 3378 cruciﬁxum
2801 3325 2852 3378 in
2881 3333 3018 3378 terra
3045 3365 3059 3389 ,
3109 3323 3258 3376 Joan.
3289 3322 3339 3374 '5.
3381 3321 3405 3373 1
3444 3319 3568 3374 Cor.

2001 3415 2054 3467 2.
2086 3415 2208 3469 lnde
2236 3417 2392 3470 etiam
2429 3423 2510 3470 est
2543 3423 2600 3468 ut
2625 3430 2784 3469 carne
2807 3415 3016 3468 Domini
3043 3413 3178 3467 facta
3206 3456 3219 3479 ,
3268 3427 3425 3466 carne
3465 3413 3570 3465 Do-

2003 3506 2130 3559 mini
2156 3515 2352 3572 ereata,
2378 3507 2548 3575 ipsum
2579 3505 2804 3560 Verbum
2827 3507 2920 3560 Dei
2950 3506 3162 3572 factum,
3191 3506 3302 3572 ipsa
3319 3505 3572 3572 sapientia

2005 3596 2096 3648 Dei
2125 3597 2336 3665 impleta
2365 3639 2380 3662 ,
2435 3597 2651 3650 scientia
2679 3604 2852 3650 creata
2879 3595 3110 3660 dicatur;
3157 3597 3294 3649 sicut
3337 3595 3386 3646 in
3437 3609 3572 3662 prm-

2005 3685 2220 3738 scientia
2247 3701 2432 3738 manus
2461 3685 2625 3753 ipsius
2651 3693 2703 3737 et
2733 3684 2895 3752 pedes
2940 3683 3055 3750 ejus
3095 3681 3218 3736 fossi
3269 3697 3388 3735 esse
3433 3682 3574 3734 refe-

2005 3781 2208 3826 runtur.
2241 3774 2342 3826 Per
2369 3773 2504 3826 hanc
2526 3815 2540 3839 ,
2589 3775 2800 3841 inquam
2825 3814 2840 3836 ,
2899 3787 3136 3840 persona:
3169 3772 3420 3824 unitatem
3452 3772 3575 3824 illud

2007 3877 2214 3932 quoque
2257 3863 2442 3915 similis
2486 3863 2722 3932 mysterii
2764 3861 2968 3914 ratione
3013 3860 3300 3930 perfectum
3341 3869 3422 3915 est
3453 3903 3466 3926 ,
3521 3871 3576 3914 ut

2007 3968 2166 4006 carne
2193 3953 2348 4007 Verbi
2375 3969 2440 4006 ex
2467 3955 2670 4022 integra
2715 3961 2885 4006 matre
2927 3961 3177 4008 nascente
3207 3995 3221 4018 ,
3277 3954 3390 4021 ipse
3437 3953 3577 4006 Deus

2009 4043 2238 4096 Verbum
2265 4051 2417 4096 natus
2433 4059 2494 4095 ex
2519 4043 2734 4112 Virgine
2760 4043 3165 4098 catholicissime
3187 4044 3451 4108 credatur,
3483 4045 3578 4097 im-

2009 4133 2244 4202 piissime
2267 4133 2572 4202 denegetur.
2619 4135 2748 4200 Qua:
2773 4150 2893 4188 cum
2921 4135 2990 4188 ita
3019 4135 3150 4200 sint,
3189 4135 3326 4189 absit
3353 4143 3408 4188 ut
3432 4137 3580 4204 quis-

2010 4239 2166 4292 quam
2207 4231 2440 4278 sanctam
2469 4207 2698 4277 blariam
2746 4224 2936 4278 divinae
2978 4225 3157 4294 gratia:
3199 4226 3480 4294 privilegiis
3531 4235 3581 4278 et

2013 4316 2222 4384 Speciali
2249 4316 2410 4384 gloria
2447 4315 2690 4370 fraudare
2709 4326 2954 4370 conetur.
3007 4318 3102 4370 Est
3147 4319 3288 4370 enim
3334 4319 3579 4388 singulari

2013 4405 2236 4474 quodam
2264 4406 2468 4458 Domini
2496 4421 2558 4458 ac
2582 4407 2675 4458 Dei
2701 4407 2886 4468 nostri,
2905 4405 3022 4458 Filii
3043 4413 3217 4460 autem
3235 4409 3334 4471 sui,
3365 4425 3582 4462 munere

2013 4497 2285 4550 verissime
2306 4511 2367 4549 ac
2391 4495 2693 4550 beatissime
2721 4495 2967 4549 thcotocos
2995 4495 3319 4561 conﬁtenda;
3359 4499 3450 4552 sed
3479 4515 3580 4552 non

2015 4603 2078 4642 eo
2105 4587 2260 4640 modo
2287 4588 2533 4640 theotocos
2559 4602 2664 4655 quo
2692 4586 2849 4654 impia
2875 4585 3116 4654 quaidam
3165 4585 3380 4640 haeresis
3407 4589 3582 4656 suspi-

2015 4685 2192 4740 catur,
2219 4691 2336 4744 quze
2362 4676 2559 4730 adserit
2583 4691 2700 4728 eam
2724 4676 2816 4728 Dei
2845 4683 3065 4729 matrem
3103 4675 3213 4730 sola
3239 4677 3585 4744 appellatione

2017 4766 2290 4820 dicendam
2308 4809 2322 4832 ,
2371 4766 2508 4836 quod
2541 4782 2660 4820 eum
2689 4767 2888 4820 scilicet
2914 4766 3178 4836 pepererit
3205 4765 3470 4820 hominem
3497 4769 3584 4835 qui

2018 4863 2202 4924 postea
2249 4854 2416 4908 factus
2469 4865 2550 4910 est
2597 4857 2776 4920 Deus;
2829 4857 2966 4910 sicut
3013 4855 3239 4909 dicimus
3288 4857 3585 4925 Presbyteri

2017 4955 2260 5012 matrem,
2289 4955 2378 4999 aut
2403 4929 2644 5014 Episcopi
2669 4954 2886 4999 matrem
2903 4989 2916 5012 ,
2949 4961 3052 5000 non
3076 4946 3187 5014 jam
3215 4947 3584 5016 Presbyterum

2019 5047 2108 5091 aut
2134 5038 2446 5105 Episcopum
2475 5039 2727 5106 pariendo
2753 5079 2766 5102 ,
2818 5037 2910 5091 sed
2945 5053 3064 5091 cum
3092 5036 3389 5106 generando
3415 5037 3586 5090 homi-

2019 5143 2142 5181 nem
2170 5127 2256 5195 qui
2287 5137 2468 5195 postea
2503 5127 2783 5198 Presbyter
2818 5128 2900 5180 vel
2937 5127 3230 5196 Episcopus
3275 5126 3440 5180 factus
3485 5137 3584 5182 est.

2019 5217 2132 5272 Non
2161 5217 2230 5270 ita
2250 5259 2264 5283 ,
2319 5219 2528 5286 inquam
2555 5261 2568 5283 ,
2619 5227 2796 5272 sancta
2825 5217 2982 5271 Maria
3009 5217 3260 5270 theotocos
3287 5259 3300 5282 ,
3349 5217 3440 5271 sed
3471 5218 3588 5272 ideo

2023 5309 2196 5376 potius
2221 5308 2465 5375 quoniam
2485 5350 2499 5370 ,
2529 5317 2586 5360 ut
2611 5323 2768 5376 supra
2793 5308 2988 5361 dictum
3015 5316 3122 5372 est,
3147 5307 3256 5376 jam
3283 5307 3334 5360 in
3362 5307 3475 5376 ejus
3502 5325 3587 5362 sa-

2024 5407 2342 5458 cratonta-ro
2368 5409 2758 5453 sacrosanctum
2805 5399 2928 5452 illud
2973 5399 3282 5468 mysterium
3315 5409 3588 5468 perpetra-

2024 5498 2132 5542 tum
2147 5497 2246 5552 est,
2275 5487 2410 5557 quod
2429 5497 2638 5558 propter
2659 5491 2972 5559 singularem
2991 5488 3272 5558 quamdam
3295 5498 3450 5558 atque
3477 5491 3588 5545 nni-

2023 5593 2137 5631 eam
2169 5593 2404 5647 personae
2431 5579 2683 5631 uuitatem
2703 5621 2715 5642 ,
2753 5579 2888 5632 sicut
2913 5579 3142 5632 Verbum
3171 5579 3222 5632 in
3249 5594 3408 5634 carne
3434 5595 3586 5648 caro,

2025 5667 2092 5719 ita
2121 5667 2278 5720 homo
2307 5668 2355 5720 in
2385 5669 2520 5730 Deo,
2555 5669 2690 5722 Deus
2715 5675 2812 5720 est.

2101 5757 2174 5806 λ’.
2195 5758 2228 5807 1.
2274 5757 2374 5808 Sed
2413 5759 2517 5827 jam
2548 5775 2604 5808 ea
2635 5773 2744 5822 qur
2775 5773 2930 5824 supra
2955 5759 3018 5812 de
3045 5767 3347 5814 memoratis
3372 5757 3585 5815 limresi.
