3916 6178
438 369 546 427 (89

436 512 536 569 bus
578 512 659 565 vel
702 509 769 563 de
815 504 1067 561 catholica
1104 501 1207 557 ﬁde
1230 501 1458 555 breviter
1494 498 1633 551 dicta
1676 506 1802 550 sunt
1843 511 1995 549 reuo—

434 600 617 656 unda:
643 611 800 652 causa
844 593 1113 648 memoriae
1156 590 1368 646 brevius
1409 588 1746 656 strictiusque
1769 593 1997 653 repeta-

432 705 583 751 mus;
631 702 736 758 quo
762 686 962 739 scilicet
986 691 1041 738 et
1065 681 1419 750 intelligantur
1444 679 1629 732 iterata
1659 675 1863 745 plenius
1880 714 1895 739 ,
1943 683 1997 727 et

429 780 634 834 ﬁrmius
657 777 913 832 inculcata
939 780 1233 829 teneantur.
1269 769 1562 824 Anathema
1589 767 1747 835 igitur
1771 764 1996 819 Photino

429 885 535 925 non
576 867 847 937 recipienti
880 864 1256 936 plenitudinem
1288 860 1557 915 Trinitatis
1579 901 1594 925 ,
1643 867 1697 913 et
1727 856 1994 913 Christum

428 959 697 1014 hominem
747 954 1109 1011 tantummodo
1158 952 1451 1025 solitarium
1494 947 1817 1018 praedicanti.
1856 946 1996 1000 Ana.

429 1050 606 1103 thema
631 1046 917 1116 Apollinari
950 1044 1215 1100 adserenti
1251 1042 1306 1096 in
1328 1041 1539 1095 Christo
1564 1052 1835 1093 conversa:
1859 1035 1995 1089 divi-

429 1140 607 1194 nitatis
626 1138 1035 1209 corruptionem,
1048 1143 1102 1189 et
1117 1131 1372 1188 auferenti
1393 1128 1638 1199 perfect-.1:
1659 1126 1995 1182 humanitatis

424 1230 825 1298 proprietatem.
855 1225 1147 1282 Anathema
1179 1222 1420 1277 Nestorio
1446 1218 1656 1289 neganti
1693 1233 1760 1272 ex
1783 1216 1996 1285 Virgine

432 1320 598 1374 Deutn
633 1327 811 1372 natum
837 1359 851 1384 ,
899 1315 1166 1370 adserenti
1190 1313 1324 1367 duos
1356 1311 1594 1367 Christus
1618 1351 1633 1376 ,
1684 1316 1740 1363 et
1780 1306 1996 1377 explosa

432 1389 700 1463 Trinitatis
743 1392 887 1478 ﬁde,
963 1405 1369 1475 quaternitatem
1420 1402 1572 1457 nobis
1620 1398 1991 1454 introducenti.

431 1499 589 1554 Beata
615 1498 689 1568 (l)
716 1512 841 1552 vero
865 1480 1133 1570 Catholica
1166 1494 1401 1549 Ecclesia
1430 1535 1445 1559 ,
1496 1507 1615 1562 qua:
1641 1504 1803 1545 unum
1828 1489 1995 1543 Deum

430 1590 484 1643 in
508 1589 774 1643 Trinitatis
798 1587 1117 1655 plenitudine
1136 1594 1191 1640 et
1210 1585 1336 1639 item
1356 1583 1627 1637 Trinitatis
1643 1579 1994 1649 mqualitatem

430 1680 483 1733 in
529 1696 630 1732 una
673 1678 951 1733 Divinitate
998 1684 1316 1739 veneratur;
1364 1682 1420 1727 ut
1464 1688 1634 1741 neque
1663 1669 1995 1739 singularitas

428 1770 732 1824 substantia:
752 1781 1095 1836 personarum
1114 1763 1399 1818 confundat
1416 1761 1808 1831 proprietatem,
1824 1772 1995 1826 neque

429 1861 556 1914 item
607 1857 873 1912 Trinitatis
920 1856 1186 1910 distinctio
1212 1854 1464 1907 unitatem
1500 1858 1708 1920 separet
1752 1848 1989 1903 Deitatis.

430 1953 608 2013 Beata,
651 1951 882 2018 inquam,
934 1946 1188 2011 Ecclesia,
1232 1960 1350 2014 qua:
1376 1944 1427 1997 in
1451 1940 1661 1997 Christo
1684 1940 1815 1994 duas
1844 1952 2007 2011 veras

431 2039 796 2109 perfectasque
821 2036 1156 2101 substantias,
1180 2033 1273 2087 sed
1294 2048 1451 2087 unam
1474 2030 1667 2086 Christi
1688 2029 1856 2083 credit
1875 2041 1994 2082 esse

432 2144 710 2198 personam
735 2170 751 2193 ,
805 2136 861 2181 ut
885 2142 1056 2196 neque
1083 2134 1385 2179 naturarum
1431 2123 1695 2177 distinctio
1742 2121 1993 2174 unitatem

431 2233 677 2287 persona:
702 2218 915 2282 dividat,
946 2231 1114 2286 neque
1141 2216 1264 2268 item
1290 2229 1531 2283 personze
1553 2212 1724 2266 unitas
1749 2210 1995 2267 differen—

432 2312 558 2363 tiam
584 2307 869 2362 confundat
896 2305 1322 2361 substantiarum.
1351 2305 1530 2368 Beata,
1553 2304 1784 2371 inquam,
1809 2302 1991 2355 Eccle-

432 2400 507 2452 sia
531 2439 547 2462 ,
585 2413 703 2467 quae
739 2408 797 2451 ut
842 2413 1000 2451 unum
1048 2410 1257 2464 semper
1296 2393 1564 2450 Christum
1591 2408 1711 2448 esse
1735 2401 1789 2448 et
1831 2392 1993 2448 fuisse

433 2486 678 2548 fateatur,
726 2487 927 2539 unitum
970 2485 1233 2539 hominem
1270 2484 1411 2547 Deo,
1452 2497 1557 2537 non
1592 2490 1712 2551 post
1742 2489 1947 2551 parturn
1975 2522 1990 2545 ,

434 2576 528 2631 sed
551 2576 660 2644 jam
698 2574 750 2628 in
795 2575 908 2642 ipso
950 2573 1131 2629 matris
1173 2581 1323 2627 utero
1359 2570 1656 2626 conﬁtetur.
1702 2572 1880 2636 Beata,
1908 2570 1991 2624 in-

430 2680 589 2734 quam
609 2706 625 2731 ,
669 2664 904 2718 Ecclesia
928 2704 942 2727 ,
982 2678 1101 2732 qua:
1140 2662 1304 2715 Deum
1341 2661 1535 2716 factum
1576 2661 1844 2715 hominem
1887 2676 1991 2714 non

430 2753 774 2807 conversione
798 2760 998 2806 natura:
1021 2791 1036 2816 ,
1083 2750 1175 2805 sed
1215 2765 1455 2820 persona:
1481 2751 1686 2804 ratione
1722 2749 1989 2818 intelligit,

437 2856 675 2910 persona:
700 2849 876 2894 autem
904 2855 1007 2893 non
1048 2839 1386 2893 simulatoria:
1410 2848 1464 2893 et
1501 2839 1819 2893 transeuntis
1841 2879 1856 2903 ,
1900 2838 1992 2892 sed

432 2932 769 2988 substantive:
791 2947 853 2986 ac
882 2931 1250 3000 pet-manentis.
1275 2930 1453 2995 Beata,
1478 2931 1710 2999 inquam,
1738 2929 1989 2994 Ecclesia,

432 3037 549 3091 quae
569 3020 704 3075 hanc
731 3036 968 3090 persona:
990 3021 1241 3074 unitatem
1274 3028 1474 3074 tantam
1500 3020 1604 3074 vim
1635 3019 1829 3074 habere
1855 3034 1994 3087 pra:-

430 3110 573 3166 dicat
596 3119 653 3165 ut
679 3119 890 3180 propter
926 3126 1043 3165 eam
1084 3111 1220 3165 miro
1260 3112 1610 3181 ineil‘abiliquc
1653 3111 1903 3182 mysterio
1940 3120 1995 3166 et

433 3202 607 3263 divina
635 3202 833 3256 homini
857 3208 911 3257 et
937 3202 1044 3256 Deo
1071 3201 1334 3256 adscribat
1354 3203 1600 3257 humana.
1628 3201 1757 3255 Nam
1781 3210 1995 3271 propter

434 3305 551 3359 eam
571 3300 625 3346 et
643 3290 917 3345 hominem
927 3291 993 3345 de
1008 3290 1142 3344 coelo
1160 3291 1446 3345 secundum
1474 3291 1636 3345 Deum
1659 3290 1995 3348 descendisse

434 3397 539 3437 non
560 3382 800 3452 abnegat,
843 3391 897 3436 et
923 3382 1087 3436 Deum
1110 3381 1400 3437 secundum
1425 3381 1694 3437 hominem
1735 3381 1902 3437 credit
1940 3383 1993 3437 in

431 3479 572 3526 terra
599 3471 789 3526 factum
809 3512 822 3535 ,
847 3485 1056 3541 passum
1078 3514 1091 3537 ,
1129 3479 1182 3525 et
1202 3471 1529 3525 crucifixum.
1568 3471 1792 3541 Pr0pter
1808 3486 1871 3527 ea
1896 3470 1991 3527 de-

432 3562 590 3632 nique
614 3570 668 3617 et
691 3561 954 3618 hominem
990 3563 1079 3617 Dei
1108 3564 1270 3617 ﬁlium
1302 3572 1355 3618 et
1380 3564 1544 3618 Deum
1580 3561 1741 3618 ﬁlium
1768 3563 1993 3634 Virginis

433 3653 727 3709 conﬁtetur.
759 3655 917 3709 Beata
959 3654 1112 3723 igitur
1147 3669 1209 3708 ac
1235 3654 1549 3721 veneranda,
1594 3654 1863 3709 benedicta
1885 3695 1900 3719 ,
1942 3663 1995 3709 et

434 3752 784 3810 sacrosancta,
806 3753 859 3797 ct
877 3744 1090 3798 omnino
1116 3760 1355 3813 superna:
1381 3745 1453 3798 illi
1477 3745 1778 3813 angelorum
1811 3744 1993 3799 lauda-

436 3834 561 3889 tioni
608 3835 957 3909 comparanda
1006 3835 1267 3890 confessio
1292 3878 1307 3901 ,
1353 3853 1470 3906 qua:
1517 3851 1676 3889 unum
1718 3836 1993 3890 Dominum

434 3926 597 3980 Deum
634 3926 770 3981 trina
813 3927 1223 3982 sanctiﬁcatione
1259 3926 1530 3996 gloriﬁcat.
1564 3927 1765 3982 idcirco
1798 3928 1992 3983 etenim

433 4017 515 4071 vel
542 4018 767 4072 maxime
794 4018 1043 4071 unitatem
1066 4017 1258 4072 Christi
1286 4018 1534 4087 praedicat
1552 4059 1565 4082 ,
1597 4033 1664 4072 ne
1685 4019 1993 4088 mysterium

434 4105 702 4159 Trinitatis
727 4105 962 4160 excedat.
1010 4105 1134 4160 [hac
1171 4106 1223 4158 in
1252 4120 1473 4160 excursu
1500 4106 1638 4160 dicta
1664 4108 1801 4171 sint,
1828 4107 1957 4162 alias
1974 4150 1990 4175 ,

506 4237 581 4306 (l)
618 4235 789 4303 Quum
814 4245 893 4291 tot
918 4279 933 4303 ,
975 4246 1028 4292 et
1053 4246 1209 4291 tanta:
1232 4239 1355 4308 olim
1384 4237 1615 4304 fuerint,
1654 4240 1994 4308 quemadmo-

436 4306 561 4375 dum
589 4314 643 4360 et
667 4321 806 4361 nunc
832 4315 955 4361 sunt
977 4348 990 4366 .
1031 4308 1213 4361 otiosa:
1239 4307 1603 4361 haereticorum
1632 4306 1992 4364 fraudulentize

358 4394 369 4416 ξ
430 4385 614 4446 contra
641 4376 909 4446 Trinitatis
928 4376 1406 4446 lncarnationisqne
1423 4378 1668 4446 mysteria
1685 4419 1699 4442 ,
1743 4386 1848 4431 stat
1866 4380 1995 4432 nihi-

361 4481 366 4490 .
434 4445 968 4527 lomi.nus.catl.tolic:e
1006 4444 1127 4527 ﬁdei
1177 4444 1490 4515 integritas,
1541 4455 1994 4527 tanquamaupes

358 4539 365 4585 ζ
433 4514 603 4567 valida
628 4556 643 4579 ,
694 4522 747 4568 et
791 4516 1004 4585 immota
1039 4514 1307 4585 adversus"
1323 4530 1507 4569 omnes
1534 4524 1739 4580 ventos,
1771 4514 1989 4584 pluvias,

362 4623 365 4628 .
434 4591 723 4647 torrentes,
751 4584 901 4652 quia,
949 4584 1115 4651 inquit
1142 4584 1367 4638 Hilarius
1392 4584 1481 4637 lib.
1511 4585 1564 4637 2.
1593 4585 1659 4639 de
1685 4585 1866 4638 Trinit.
1897 4602 1993 4638 nu-

364 4700 367 4701 .
433 4668 567 4723 mer.
594 4652 682 4705 22.
735 4670 753 4702 ι
784 4652 849 4707 Ut
872 4652 1111 4720 quredam
1134 4653 1636 4723 medicamentorum
1661 4668 1851 4723 genera
1872 4663 1994 4709 sunt

368 4782 369 4785 η
440 4741 457 4770 ι
487 4722 903 4801 ita_compa_rata,
929 4729 988 4801 ut
1010 4721 1358 4801 nonsingulis
1379 4723 1575 4776 tantum
1601 4721 1993 4801 aegritudinibns

436 4809 453 4837 ι
489 4789 632 4842 utilia
680 4789 822 4854 sint,
871 4789 964 4843 sed
997 4790 1239 4843 omnibus
1278 4791 1328 4842 in
1372 4789 1669 4844 commune
1686 4792 1994 4847 medeantur

436 4879 453 4909 σ
486 4858 816 4928 habeantque
858 4858 909 4928 in
954 4873 1012 4913 se
1049 4860 1300 4913 virtutem
1347 4861 1605 4928 generalis
1646 4862 1866 4925 auxilii;
1924 4864 1992 4915 ita

436 4949 450 4999 ε
485 4937 538 4983 et
562 4928 696 4982 ﬁdes
714 4927 968 4982 catholica
990 4943 1094 4999 non
1121 4927 1373 4982 adversus
1399 4931 1629 4998 singulas
1665 4938 1867 4998 pestes,
1899 4931 1991 4984 sed

436 5018 450 5061 ς
484 5004 664 5053 contra
690 5011 875 5052 omnes
899 4998 1110 5066 morbos
1134 5012 1289 5066 Opem
1327 4999 1546 5055 medela:
1572 5000 1865 5053 communis
1893 5001 1991 5053 int-

434 5088 448 5129 t
486 5067 677 5134 periit;
723 5081 827 5119 non
855 5065 1380 5135 inﬁrtnanda’gencre
1404 5110 1417 5130 ,
1471 5083 1573 5121 non
1611 5067 1865 5122 vincenda
1893 5086 1990 5121 nu-

435 5156 451 5186 ι
485 5150 669 5206 mero,
719 5151 823 5206 non
874 5135 1177 5191 diversitate
1223 5136 1490 5201 fallentia;
1543 5137 1637 5190 sed
1690 5153 1789 5190 una
1839 5146 1993 5206 atque

435 5224 451 5275 ε
484 5204 665 5275 eadem
681 5203 959 5272 adversum
979 5206 1179 5273 singula
1190 5207 1468 5274 omniaque
1485 5206 1740 5259 consistit.
1755 5203 1992 5273 Magnum

438 5274 449 5336 4
484 5282 564 5327 est
587 5274 725 5328 enim
752 5315 766 5339 ,
821 5282 897 5327 tot
924 5278 976 5328 ln
1003 5291 1104 5329 una
1134 5277 1194 5328 ea
1223 5290 1341 5329 esse
1365 5275 1595 5328 remedia
1616 5316 1631 5338 ,
1675 5283 1802 5343 quot
1827 5275 1992 5328 morbi

438 5363 451 5385 ι
485 5351 632 5404 sunt;
663 5350 717 5396 et
740 5343 959 5397 totidem
986 5345 1219 5399 veritatis
1244 5358 1362 5398 esse
1389 5343 1680 5407 doctrinas,
1726 5343 1993 5412 quotidem

439 5430 454 5469 ς
484 5420 639 5465 erunt
663 5412 833 5466 studia
862 5413 1120 5467 falsitatis.
1167 5412 1556 5466 Contrahantur
1593 5413 1643 5466 in
1688 5428 1849 5466 unum
1893 5428 1991 5466 no-

441 5480 626 5551 tmina
676 5480 1042 5536 hereticorum
1066 5523 1081 5546 ,
1133 5489 1186 5536 et
1227 5497 1413 5536 omnes
1456 5482 1651 5536 schola:
1693 5482 1988 5551 prodeant:

440 5565 457 5606 ς
488 5548 700 5621 audiant
725 5565 886 5621 unum
922 5551 1205 5621 ingenitum
1241 5552 1402 5621 Deum
1440 5561 1644 5621 patrem
1672 5548 1711 5615 ,ἡ
1740 5561 1796 5604 et
1814 5565 1993 5621 unum

435 5635 453 5681 ς
490 5616 811 5692 unigenitum
855 5617 946 5670 Dei
984 5616 1179 5672 Filium
1225 5616 1457 5686 perfecti
1492 5621 1661 5675 Patris
1709 5619 1993 5688 perfectam

432 5699 454 5757 ς
491 5692 811 5775 progeniem,
847 5701 863 5731 ι
895 5695 994 5735 etc.
1022 5702 1137 5754 qua:
1164 5698 1467 5756 sequuntur.

1705 372 2037 430 VlNCENTII
2077 372 2459 430 LlRINENSIS

3500 408 3505 413 -
3558 369 3663 426 θω

2101 506 2145 546 st
2194 494 2298 545 Deo
2334 490 2623 559 placuerit,
2668 489 2880 544 uberius
2926 489 3193 544 tractanda
3243 499 3298 544 et
3340 489 3653 559 explicanda.

2101 582 2248 637 Nunc
2267 581 2334 636 ad
2359 581 2683 650 prepositum
2710 580 3005 635 redeamus.

2171 670 2330 724 XVII.
2385 669 2698 725 Dicebamus
2740 684 2865 739 ergo
2914 669 2967 723 in
3018 669 3378 739 superioribus
3420 668 3561 740 quod
3612 671 3660 725 in

2101 756 2336 814 Ecclesia
2358 757 2696 813 Dei'tentatio
2733 765 2873 812 esset
2892 758 3070 827 populi
3084 799 3100 824 ,
3121 771 3277 814 error
3294 759 3568 830 magistri,
3612 771 3662 816 et

2102 858 2246 905 tanto
2268 850 2438 919 major
2460 849 2680 903 tentatio
2699 857 2895 918 quanto
2928 849 3045 919 ipse
3065 859 3207 905 esset
3231 850 3435 905 doctior
3456 850 3547 921 qui
3579 866 3661 907 cr-

2100 948 2261 996 raret.
2308 940 2460 1007 Quod
2498 940 2725 1010 primum
2765 939 3054 1010 Scriptura:
3087 941 3399 996 auctoritate
3422 982 3437 1007 ,
3480 942 3664 996 deinde

2100 1029 2469 1085 ecclesiasticis
2513 1029 2832 1084 docebamus
2888 1029 3143 1096 exemplis
3170 1072 3184 1096 ,
3241 1046 3424 1085 eorum
3470 1033 3665 1087 scilicet

2099 1118 2599 1174 commemoratione
2618 1118 2847 1187 quicum
2873 1118 3171 1187 aliquandiu
3192 1134 3336 1174 sana:
3356 1120 3476 1174 ﬁdei
3500 1119 3664 1175 forent

2100 1206 2301 1273 habiti,
2347 1206 2414 1260 ad
2440 1214 2735 1261 extremum
2774 1215 2948 1276 tamen
2976 1214 3067 1260 aut
3100 1207 3153 1259 in
3179 1208 3404 1261 alienam
3444 1208 3667 1263 decidis-

2098 1303 2220 1350 sent
2257 1303 2453 1349 sectam
2479 1334 2493 1358 ,
2536 1302 2627 1348 aut
2671 1294 2769 1363 ipsi
2802 1308 2956 1348 suam
2996 1292 3241 1349 haeresim
3284 1295 3664 1350 eondidisscnt.

2098 1384 2281 1454 Magna
2306 1382 2542 1453 profecto
2567 1398 2673 1447 res,
2696 1391 2751 1437 et
2773 1382 2842 1436 ad
2866 1382 3175 1437 discendum
3197 1383 3338 1437 utilis
3355 1424 3372 1450 ,
3401 1392 3455 1438 et
3486 1383 3554 1437 ad
3581 1399 3683 1452 re-,

2099 1475 2377 1530 colendum
2397 1474 2726 1537 necessaria;
2750 1488 2905 1542 quam
2932 1473 3090 1528 etiam
3117 1481 3276 1541 atque
3297 1473 3456 1527 etiam
3483 1488 3640 1528 exem
3673 1542 3679 1551 ν

2099 1557 2303 1625 plorum
2338 1556 2564 1611 molibus
2599 1555 2859 1609 illustrare
2884 1563 3041 1624 atque
3067 1555 3331 1609 inculcare
3370 1555 3665 1622 debemus;

2099 1652 2157 1698 ut
2180 1659 2365 1699 omnes
2394 1658 2518 1697 vere
2553 1641 2808 1696 Catholici
2838 1642 3080 1696 noverint
3100 1657 3157 1696 se
3176 1657 3294 1696 cum
3316 1643 3551 1697 Ecclesia
3575 1644 3670 1698 do-

2098 1742 2272 1787 ctores
2313 1733 2549 1800 recipere
2568 1774 2582 1797 ,
2611 1747 2715 1786 non
2742 1747 2861 1786 cum
2901 1731 3202 1787 doctoribus
3228 1733 3477 1787 Ecclesiae
3503 1733 3666 1788 ﬁdem

2098 1821 2344 1876 deserere
2359 1821 2569 1875 debere.
2590 1820 2695 1875 Sed
2712 1836 2808 1889 ego
2826 1820 2895 1873 ita
2914 1821 3159 1886 arbitror,
3175 1821 3314 1890 quod
3330 1838 3450 1876 cum
3472 1823 3671 1879 multos

2098 1913 2150 1967 in
2177 1912 2278 1967 hoc
2298 1912 2532 1967 tentandi
2561 1927 2753 1982 genere
2776 1912 3011 1980 proferre
3030 1913 3297 1966 valeamus
3312 1954 3326 1978 ,
3350 1929 3511 1968 nemo
3530 1929 3671 1983 pene

2098 2002 2167 2057 sit
2203 2002 2292 2071 qui
2328 2002 2573 2072 Origcnis
2613 2002 2887 2056 tentationi
2919 2003 3089 2056 valeat
3111 2004 3437 2073 comparari;
3481 2006 3671 2074 inquo

2098 2092 2244 2160 plura
2267 2092 2400 2145 adeo
2426 2092 2673 2160 pr.rclara
2699 2132 2712 2155 ,
2761 2090 2894 2145 adeo
2915 2091 3196 2160 singularia
3213 2134 3226 2157 ,
3253 2091 3387 2146 adeo
3412 2094 3546 2147 mira
3571 2111 3669 2148 cx-

2097 2181 2342 2233 stiterunt
2363 2221 2377 2243 ,
2410 2190 2465 2233 ut
2501 2181 2638 2234 inter
2673 2180 2818 2233 initia
2845 2179 3138 2234 habendam
3172 2183 3376 2237 cunctis
3400 2183 3671 2239 adsertio-

2097 2271 2251 2324 nibus
2283 2271 2397 2339 ejus
2436 2270 2588 2324 ﬁdem
2626 2271 2796 2339 quivis
2838 2271 2923 2325 ille
2952 2270 3102 2325 facile
3122 2272 3402 2339 judicaret.
3445 2273 3583 2329 Nam
3628 2278 3671 2330 si

2096 2360 2202 2413 vita
2222 2359 2346 2412 facit
2368 2360 2730 2413 auctoritatem
2756 2401 2770 2424 ,
2820 2375 3005 2429 magna
3032 2360 3104 2413 illi
3132 2360 3385 2415 industria
3408 2404 3424 2430 ,
3471 2379 3671 2434 magna

2096 2446 2343 2516 pudicitia
2405 2448 2479 2517 (l)
2505 2489 2519 2514 ,
2578 2449 2864 2518 patientia,
2924 2448 3217 2502 tolerantia.
3271 2450 3326 2504 Si
3366 2467 3533 2522 genus
3584 2456 3672 2510 vel

2168 2586 2243 2656 (l)
2280 2585 2548 2660 Pudicitia:
2590 2603 2769 2643 amore
2817 2603 2969 2660 suum
3018 2591 3220 2660 evitare
3267 2605 3458 2660 corpus
3502 2609 3674 2649 ausus

2074 2653 2346 2729 -fuit,'_non
2374 2656 2644 2729 tamferro
2668 2659 2893 2729 exsectis
2927 2659 3238 2727 genitalibus
3261 2701 3276 2725 ,
3324 2653 3481 2729 quam
3517 2665 3675 2717 cicu-

2099 2733 2205 2777 tam
2229 2725 2330 2779 illis
2353 2725 2761 2797 adbibendo,ut
2785 2725 3132 2797 Atheuienses
3162 2725 3571 2797 Hierophantas,
3603 2734 3672 2786 ad

2096 2798 2531 2867 compescendam
2552 2795 3061 2867 libidinemillevisse
3082 2798 3229 2867 testis
3250 2795 3335 2852 est
3357 2800 3471 2867 ipse
3497 2801 3598 2853 lib.
3618 2805 3666 2855 7.

2096 2861 2236 2916 cont.
2267 2861 2479 2917 Celsum
2510 2882 2523 2915 :
2571 2864 2691 2918 licet
2719 2866 2768 2917 in
2797 2864 3032 2920 diversas
3057 2865 3248 2921 abeant
3273 2861 3429 2920 etiam
3452 2878 3674 2925 veteres

2097 2931 2279 3003 Patres
2303 2933 2576 3003 opiniones
2599 2975 2613 2998 ,
2662 2934 2802 3002 quod
2827 2934 3048 2989 candide
3074 2935 3307 3003 oportuit
3331 2935 3500 2991 fateri.
3557 2939 3675 2994 [loc

2096 3001 2293 3069 grande
2318 3001 2519 3072 facinus
2538 3001 2790 3070 ipsc,’etsi
2817 3017 2956 3069 sero,
2983 3001 3250 3058 damnath
3275 3012 3471 3072 tamen,
3500 3008 3678 3063 vehe-

2097 3085 2221 3142 men
2223 3079 2401 3142 terque
2414 3071 2697 3142 absterruit
2707 3073 2837 3127 alios
2851 3080 2977 3125 tom.
2998 3072 3083 3139 l5,
3099 3073 3163 3126 ad
3179 3088 3295 3142 cap.
3314 3074 3396 3139 19,
3409 3091 3559 3130 vers.
3581 3078 3675 3141 12.

2099 3138 2149 3209 in
2175 3138 2472 3192 Matthmum
2497 3182 2511 3205 ,
2543 3150 2654 3193 tum
2680 3138 3417 3209 Scripturarumauctoriutte,
3449 3152 3567 3198 tum
3595 3138 3690 3201 ra-

2098 3208 2295 3292 tionum
2321 3209 2573 3292 pondere,
2619 3225 2687 3263 ne
2710 3208 2959 3292 conviciis
2980 3253 2995 3275 ,
3042 3212 3406 3292 ac‘ignominia
3435 3213 3689 3292 allicien—

2097 3275 2236 3352 dos,
2289 3275 2347 3331 se
2382 3279 2625 3352 omnibus
2667 3280 2935 3352 prmbeant
2965 3296 2979 3342 ;
3033 3289 3089 3352 et
3112 3275 3197 3352 his
3221 3282 3396 3335 verbis
3420 3287 3678 3352 apposite

2097 3345 2475 3419 Philo:mm,__ct
2500 3345 2715 3402 Scxtuin
2742 3350 2954 3419 arguit;
3008 3369 3024 3399 ι
3053 3349 3230 3403 Athis
3253 3392 3269 3416 ,
3318 3345 3526 3419 inquit.
3572 3354 3677 3408 Sa-

2103 3432 2122 3465 t
2149 3429 2355 3467 orarum
2392 3416 2681 3469 litterarum
2716 3416 2855 3471 circa
2909 3418 3046 3470 illam
3091 3416 3402 3473 sententiam
3444 3423 3678 3478 minime

2104 3501 2121 3531 ι
2149 3486 2403 3537 assecutis
2429 3484 2560 3539 ﬁdes
2586 3484 2823 3539 habenda
2850 3502 2955 3541 non
2980 3496 3061 3541 est
3084 3503 3097 3543 :
3149 3503 3269 3541 nam
3296 3489 3339 3542 si
3368 3490 3511 3543 inter
3538 3490 3681 3548 fruo-

2105 3570 2123 3600 ι
2153 3559 2237 3605 tus
2263 3552 2507 3627 Spiritus,
2535 3568 2654 3608 cum
2679 3555 2931 3627 charitate
2948 3597 2963 3619 ,
2992 3565 3045 3609 et
3066 3556 3279 3625 gaudio,
3310 3567 3365 3627 et
3385 3559 3675 3627 patientia,

2105 3570 2123 3600 ι
2153 3570 2237 3605 tus
2263 3570 2507 3676 spiritus,
2535 3570 2654 3608 cum
2679 3570 2931 3610 enaruate
2948 3597 2963 3619 ,
2992 3570 3045 3609 et
3066 3570 3279 3625 gaudio,
3310 3570 3365 3610 et
3385 3570 3675 3627 pauentia,

2104 3638 2122 3671 t
2150 3630 2203 3674 et
2248 3638 2303 3677 re
2329 3623 2461 3697 iqnis
2497 3638 2708 3697 quoque
2729 3626 2942 3678 castitas
2967 3634 3298 3697 recensetur,
3328 3626 3466 3682 hanc
3490 3632 3679 3697 potius

2104 3709 2122 3740 ι
2153 3697 2394 3766 tanquam
2430 3692 2652 3746 fructum
2677 3692 2803 3747 dare
2824 3736 2839 3758 ,
2886 3701 2939 3747 et
2969 3692 3534 3766 inasculumcorpusa
3566 3701 3679 3754 Deo

2103 3777 2121 3807 ι
2150 3759 2349 3837 datum,
2398 3775 2710 3837 conservare
2735 3770 2976 3837 oportet__,
3028 3778 3185 3837 quam
3228 3759 3678 3837 aliud’quidpiam

2104 3845 2122 3877 ι
2150 3827 2385 3912 audere‘,
2437 3829 2576 3912 adeo
2596 3838 2653 3884 ut
2679 3827 3092 3912 transgrediattir
3116 3833 3303 3901 aliquis
3329 3827 3427 3901 per
3449 3827 3679 3912 apposi-

2105 3915 2121 3945 ε
2153 3905 2261 3971 tum
2279 3898 2363 3971 ad
2404 3914 2517 3952 rem
2544 3898 2610 3952 de
2635 3915 2738 3971 qua
2763 3898 2932 3971 agitur
2957 3899 3120 3971 hocce
3156 3898 3540 3971 praeceptum—:-
3556 3906 3679 3960 Non

2105 3984 2122 4035 ᾳ
2151 3966 2358 4021 vitiahis
2384 3966 2855 4035 aspectum'barb'a:
2884 3978 2984 4022 tua:
3007 4010 3022 4033 ,
3072 3966 3196 4024 Lev.
3228 3970 3313 4033 l9,
3331 3966 3395 4024 'v.
3422 3973 3616 4026 27η...
3652 3995 3675 4025 ι

2099 4034 2164 4088 Et
2190 4035 2358 4090 allatis
2403 4034 2686 4105 scriptura:
2735 4037 2864 4091 locis
2910 4040 3173 4092 nonnullis
3214 4039 3521 4094 fcrvenliori
3571 4044 3681 4097 ﬁde

2099 4104 2344 4176 priditos
2392 4104 2627 4176 juvenes
2663 4106 2739 4160 sic
2786 4107 3121 4176 alloquitur:
3182 4127 3200 4157 ι
3227 4108 3343 4162 Jam
3371 4124 3502 4162 vero
3549 4127 3676 4164 cum

2105 4191 2121 4222 t
2150 4174 2325 4227 animo
2373 4189 2469 4228 suo
2519 4175 2748 4243 cogitet,
2800 4177 2888 4244 qui
2907 4174 3030 4230 ‘tale
3059 4175 3258 4231 facinus
3283 4179 3680 4236 commissurus

2104 4260 2121 4291 ι
2151 4250 2230 4295 est
2260 4261 2271 4295 :
2319 4259 2558 4314 quaenam
2580 4245 2646 4296 ab
2672 4245 2734 4297 iis
2760 4246 2828 4297 sit
2856 4260 3133 4312 passurus,
3163 4247 3252 4314 qui
3278 4247 3486 4314 probris
3514 4264 3676 4311 eum.

2105 4329 2121 4360 ι
2150 4320 2202 4363 et
2228 4312 2476 4366 conviciis
2499 4321 2833 4380 appetentes,
2863 4314 2946 4367 his
2972 4315 3146 4368 verbis
3174 4312 3386 4370 utentur
3413 4335 3425 4367 :
3456 4315 3572 4370 Non
3601 4319 3689 4373 in-

2104 4398 2121 4428 l
2150 4380 2305 4451 trahit
2332 4380 2611 4451 Eunuchus
2636 4383 2853 4445 attritis,
2893 4383 2972 4435 vel
3011 4384 3291 4451 amputatis
3330 4385 3590 4440 testiculis
3618 4389 3677 4441 in

2104 4467 2119 4496 ι
2152 4449 2440 4502 Ecclesiam
2473 4451 2735 4514 'Domini;
2798 4452 2963 4503 virum
3026 4449 3163 4505 hunc
3215 4454 3352 4505 inter
3405 4463 3679 4511 castratos

2104 4538 2125 4567 ε
2150 4526 2507 4572 numerantes.
2541 4539 2557 4569 ι
2608 4519 2802 4573 Deinde
2832 4522 2986 4588 paulo
3013 4530 3131 4588 post
3156 4522 3334 4575 subdit
3384 4540 3395 4573 :
3460 4554 3477 4573 .
3507 4523 3699 4588 Quas-

2104 4536 2507 4572 “numerantes.
2541 4539 2558 4598 ξ
2589 4536 2986 4642 _uemuedpauio
3013 4536 3131 4588 poSL
3156 4536 3334 4575 subdit
3384 4540 3395 4573 :
3460 4554 3477 4573 .
3507 4536 3692 4588 uuas-

2104 4604 2120 4636 t
2151 4602 2270 4658 nam
2296 4602 2423 4639 vero
2447 4596 2632 4655 captus
2653 4604 2808 4657 grave
2848 4590 2959 4641 ines
3004 4591 3287 4657 patiuntur,
3334 4605 3466 4658 quas
3512 4594 3692 4648 verti-

2104 4674 2121 4705 t
2149 4655 2315 4727 gines,
2340 4672 2456 4724 qua:
2482 4655 2710 4727 mentem
2739 4658 2893 4711 etiam
2922 4655 3231 4726 qttandoque
3266 4655 3557 4727 invadunt,
3613 4673 3677 4719 et

2104 4742 2122 4773 ι
2150 4724 2432 4793 imaginum
2478 4725 2828 4780 formatricem
2873 4724 3061 4779 anima:
3099 4724 3203 4779 vim
3233 4728 3332 4781 sibi
3362 4743 3527 4782 novas
3544 4724 3567 4793 ”,
3614 4741 3675 4787 et

2103 4812 2120 4843 ι
2149 4793 2420 4865 inusitatas
2445 4809 2508 4847 ex
2528 4794 2862 4865 haemateria
2886 4795 3128 4865 (semine)
3148 4796 3437 4865 ﬁngentem
3457 4799 3677 4865 species

2104 4881 2121 4933 ς
2152 4862 2521 4933 perturbant.)
2552 4863 2749 4933 Quibus
2775 4862 3084 4933 siaddatur,
3109 4862 3163 4933 id
3189 4862 3330 4933 quod
3356 4862 3512 4921 acute
3537 4868 3675 4925 vidit

2098 4931 2531 5004 Augustinuslib.
2562 4932 2626 5004 (ἲ2
2677 4932 2865 5004 prioris
2892 4934 3066 5001 operis
3100 4931 3220 5004 adv.
3248 4932 3517 4988 lulianum
3543 4951 3666 5004 cap.

2100 5000 2185 5062 14,
2210 5016 2359 5071 num.
2384 5001 2471 5071 At,
2501 4999 2760 5071 spadones
2785 4999 2940 5071 etiam
2968 5002 3194 5055 carnalis
3219 4999 3672 5071 concupiscenti—:2

2099 5069 2270 5137 urgeri
2297 5070 2542 5142 stimulis,
2573 5088 2590 5119 ο
2610 5069 2783 5142 minus
2807 5070 3017 5142 quidem
3044 5071 3324 5142 laboriose,
3351 5069 3441 5138 ne,
3472 5073 3675 5142 inquit,

2105 5158 2121 5187 ι
2151 5138 2527 5191 concumbendi
2565 5139 2802 5206 quamvis
2839 5139 3014 5193 irritus
3042 5139 3154 5207 ipse
3179 5148 3400 5196 conatus
3450 5143 3504 5195 in
3546 5138 3671 5197 eam

2105 5228 2121 5255 ι
2149 5207 2520 5291 turpitudinem
2548 5206 2751 5291 veniat:
2781 5218 2995 5291 propter
3020 5206 3174 5291 qpam
3202 5208 3668 5291 Calligonunt__\'a-

2105 5228 2121 5255 ι
2152 5225 2520 5285 turpitudinem
2548 5225 2751 5267 veniat.
2781 5225 2995 5328 propter
3020 5225 3174 5277 quam
3202 5225 3529 5291 Catttgonum
3566 5225 3665 5263 va-

2104 5294 2123 5323 σ
2149 5276 2419 5329 lentiniani
2450 5276 2673 5343 junioris
2700 5277 2877 5330 Euuuc
2901 5293 3002 5329 tum
3029 5277 3200 5345 gladio
3228 5294 3472 5333 novimus
3495 5279 3665 5332 ultore

2082 5363 2122 5392 ,ι
2152 5345 2385 5417 punitum
2411 5345 2710 5417 meretricis
2735 5346 3080 5417 confessione
3090 5347 3393 5417 convictum
3421 5364 3461 5417 ;_
3490 5362 3667 5417 neque

2106 5431 2122 5463 ‹
2150 5414 2310 5478 enim,
2337 5423 2391 5468 et
2410 5414 2460 5467 in
2488 5414 2598 5467 Lib.
2631 5415 2993 5469 Ecclesiastico
3019 5415 3357 5470 adhiberetur
3375 5415 3501 5470 inde
3524 5414 3665 5470 sitni-

2105 5502 2121 5532 t
2152 5482 2315 5536 litudo
2340 5493 2495 5563 atque
2519 5483 2813 5566 diceretur;
2846 5484 3089 5566 »_Videps
3111 5485 3275 5565 oculis
3299 5494 3409 5566 ,_et
3434 5484 3661 5566 ingemi-

2098 5566 2269 5623 scens,
2293 5553 2438 5623 quasi
2455 5551 2615 5621 spado
2633 5553 2983 5622 complectens
2996 5553 3269 5623 virginem,
3290 5562 3347 5608 et
3362 5551 3654 5623 suspirans.

2105 5639 2122 5669 t
2149 5621 2244 5672 nisi
2271 5620 2323 5672 et
2340 5622 2437 5691 ipsi
2466 5620 2771 5676 morerentur
2809 5620 3216 5691 concupiscentiis
3253 5620 3473 5676 cornelii
3509 5620 3662 5686 elec-

2101 5695 2245 5745 tihus.
2280 5688 2387 5743 um
2414 5691 2628 5743 destituti
2654 5691 2814 5744 carnis
2839 5688 3128 5758 elfcctibm;
3163 5710 3180 5741 ι
3212 5691 3276 5758 si,
3304 5690 3537 5762 inquam,
3565 5703 3657 5759 ver
