3916 6178
245 348 338 406 661

237 467 458 526 eruditio
481 509 494 532 ,
517 465 640 536 quid
663 478 726 519 co
749 459 977 517 nobilius
995 461 1014 532 (
1023 461 1091 530 1),
1117 459 1206 530 qui
1229 459 1456 530 primum
1481 459 1534 513 in
1555 473 1615 514 ea
1637 459 1792 514 domo

237 567 386 613 natus
421 563 504 611 est
544 569 660 624 qua;
699 561 781 608 est
825 551 1076 606 illustrata
1119 549 1370 620 martyrio
1390 591 1406 616 ,
1460 548 1649 604 deinde
1699 563 1794 618 pro

235 647 442 702 Christo
467 660 574 699 non
619 642 787 696 solum
809 647 958 710 patre
994 640 1086 694 sed
1129 639 1272 692 omni
1305 653 1512 708 quoque
1551 637 1794 692 facultate

235 736 468 806 privatus
491 774 504 797 ,
548 739 748 786 tantum
790 731 926 784 inter
976 735 1170 782 sancta:
1213 727 1534 797 paupertatis
1577 725 1792 796 profecit

236 826 501 897 angustias
539 831 596 876 ut
629 837 725 892 pro
768 822 979 874 nomine
1019 820 1302 874 Dominicze
1336 817 1684 872 confessionis
1719 817 1793 888 (2)

235 917 445 986 εωρὶιιε,
471 924 528 970 ιιι
547 914 742 980 ferunt,
765 912 1116 982 adfligeretur.
1156 911 1334 979 Neque
1352 925 1478 964 vero
1503 909 1615 962 hate
1635 909 1686 962 in
1708 909 1796 962 illo

235 1008 340 1062 sola
369 1015 523 1062 erant
553 1020 670 1075 qua:
706 1013 892 1058 cuneta
931 1010 1110 1073 postea
1139 1001 1411 1057 tcntationi
1441 999 1648 1066 forent,
1703 999 1798 1053 sed

233 1107 376 1152 tanta
401 1098 562 1152 etiam
587 1096 666 1150 vis
687 1095 898 1167 ingem',
929 1104 1033 1147 tam
1059 1093 1322 1163 profundi,
1365 1099 1468 1144 tam
1494 1091 1651 1156 aeris,
1689 1097 1796 1143 tam

233 1189 488 1260 elegantis
509 1197 566 1242 ut
584 1201 768 1242 omnes
793 1201 928 1254 pene
957 1185 1174 1238 multum
1199 1183 1456 1253 longeque
1483 1191 1756 1250 superaret
1779 1197 1794 1245 ;

235 1287 378 1332 tanta
405 1277 659 1331 doctrina:
699 1289 760 1328 ac
789 1274 948 1330 totius
989 1273 1297 1327 eruditionis
1333 1271 1714 1340 magniﬁcentia
1742 1277 1800 1322 ut

234 1381 399 1436 pauca
423 1364 596 1420 forent
614 1363 803 1417 divinae
818 1405 832 1429 ,
861 1378 994 1431 pene
1016 1361 1237 1415 fortasse
1257 1360 1396 1414 nulla
1419 1359 1660 1413 humana:
1684 1358 1800 1427 phi-

233 1454 491 1523 losophia:
515 1469 632 1522 quae
653 1467 756 1506 non
784 1452 990 1519 penitus
1009 1450 1388 1518 adsequeretur
1413 1468 1424 1502 :
1455 1449 1603 1518 cujus
1623 1449 1797 1502 scien-

235 1547 316 1600 tia:
341 1561 470 1599 cum
491 1545 674 1599 Gra-ca
700 1541 1048 1597 concederent
1073 1541 1148 1610 (3)
1165 1583 1178 1606 ,
1208 1541 1427 1595 Ilebrzea
1453 1555 1661 1609 quoque
1693 1539 1800 1594 ela-

234 1634 588 1688 borata-sunt.
617 1631 977 1700 Eloquentiam
997 1645 1120 1684 vero
1145 1630 1270 1698 quid
1299 1644 1586 1683 memorem
1605 1671 1620 1695 ,
1652 1629 1800 1698 cujus

233 1749 350 1788 rum
379 1745 463 1788 est
489 1735 627 1800 hoc,
673 1731 812 1801 quod
855 1732 928 1784 ait
971 1731 1192 1785 Sanctus
1239 1731 1462 1792 Doctor,
1491 1739 1634 1784 certe
1673 1731 1800 1784 nihil

231 1805 380 1872 juvat
417 1803 766 1857 exsiccatione
789 1843 804 1864 ,
843 1803 923 1854 vel
964 1803 1262 1872 exsectione
1301 1801 1566 1872 proprium
1597 1801 1800 1872 evirare

231 1869 450 1942 corpus.
482 1872 730 1942 Consulat
765 1873 952 1924 Lector
979 1871 1166 1942 Ilaron.
1196 1869 1262 1922 ad
1283 1885 1406 1942 ann.
1438 1869 1561 1942 250,
1585 1877 1638 1922 ct
1665 1869 1801 1942 liue-

232 1938 366 1994 tium
409 1942 502 1994 lib.
541 1943 594 2005 1,
634 1939 843 2008 Origen.
870 1955 983 2007 cap.
1016 1940 1066 2000 1,
1097 1955 1239 1992 num.
1270 1939 1368 2008 15,
1401 1939 1649 2008 adversus
1673 1938 1799 2008 lial-

137 2073 142 2078 ,
230 2011 372 2132 δήεις,
541 2007 776 2078 Origcnis
804 2007 995 2062 factum
1023 2007 1374 2061 excusandum
1405 2007 1632 2074 suscepit
1669 2007 1703 2058 I.
1745 2007 1796 2070 -1,

275 2096 378 2132 ηε.
445 2095 512 2131 e.

275 2096 378 2131 ηε.
409 2095 512 2131 Gel.

409 2096 628 2202 (genere
672 2146 766 2200 fuit
806 2145 1118 2217 ngyplius,
1167 2144 1598 2217 Alexandria!th
1653 2153 1802 2217 natus

229 2214 376 2269 anno
425 2216 551 2270 Chr.
602 2216 722 2282 185,
769 2232 830 2269 ac
873 2214 1142 2270 Commodi
1177 2217 1228 2280 6,
1275 2214 1539 2278 Εἰιξυιὶιρισὶ
1569 2215 1718 2281 Dique
1747 2215 1798 2277 9,

233 2286 446 2338 I’riario
473 2286 724 2346 Materno,
754 2295 806 2338 et
825 2285 890 2337 Μ.
923 2285 1082 2338 Attilo
1109 2284 1308 2336 Bradua
1336 2283 1485 2336 Coss.
1511 2283 1635 2348 Ejus
1657 2291 1803 2350 pater

231 2355 329 2408 fuit
361 2355 622 2408 Leonides
647 2354 868 2424 lllartyr,
914 2354 1000 2422 qui
1029 2353 1336 2424 supplicimn
1377 2352 1492 2404 tulit
1529 2351 1712 2424 capitis
1736 2368 1799 2424 Ax.

231 2425 348 2477 Kal.
383 2424 504 2477 Maii
529 2441 542 2486 ;
584 2439 742 2492 quum
765 2420 942 2476 lla-tus
961 2420 1472 2490 praressetriigypto,
1501 2436 1563 2474 ac
1587 2423 1692 2474 ritu
1729 2420 1806 2474 fe—

229 2495 354 2546 rino
387 2494 440 2545 in
463 2493 708 2546 Ecclesia:
733 2493 865 2546 filios
891 2493 1116 2544 saeviret.

300 2563 388 2684 ς)
419 2561 757 2614 Doctissimus
767 2559 960 2614 Praesul
979 2561 1193 2612 liuetius
1210 2559 1298 2612 lib.
1318 2558 1370 2624 9,
1386 2557 1593 2629 Origen.
1613 2574 1728 2627 cap.
1751 2560 1800 2611 1.

355 2672 372 2684 .
397 2646 464 2684 ex
487 2630 774 2684 Epiphanio
803 2630 854 2682 in
882 2630 1008 2682 ha-r.
1041 2629 1124 2681 6-1.
1147 2644 1262 2684 ean.
1295 2629 1345 2684 1.
1369 2629 1469 2680 hoc
1497 2629 1800 2684 nrmclarum

227 2629 374 2698 n._9,
397 2646 464 2684 ex
487 2630 774 2698 Epiphanio
803 2630 854 2682 in
882 2630 1008 2698 ha-r.
1041 2629 1124 2681 6-1.
1147 2629 1345 2698 capri,
1369 2629 1469 2680 hoc
1497 2629 1804 2696 prmclarum

227 2690 600 2768 eximiamque
619 2713 750 2766 opus
777 2699 843 2751 ab
861 2697 1082 2767 Origene
1114 2690 1402 2766 prmi-stituit]
1429 2690 1806 2768 commemorat

229 2785 321 2822 an.
359 2769 446 2832 18,
479 2766 586 2821 sua:
613 2768 780 2821 aetatis
803 2807 816 2830 ,
863 2766 1022 2832 quum
1061 2783 1092 2819 a
1134 2768 1398 2820 Demetrio
1441 2766 1806 2820 Alexandrina:

231 2837 498 2891 Ecclesiae
525 2835 782 2905 Episcopo
801 2877 814 2898 ,
850 2835 1356 2889 Catechumenorum
1391 2851 1515 2889 cura
1543 2836 1590 2888 ei
1627 2835 1808 2888 fuisset

231 2905 560 2961 demandata
608 2923 620 2957 :
667 2907 718 2957 in
748 2921 850 2973 quo
876 2905 1010 2958 sicut
1035 2919 1236 2958 summa
1273 2919 1390 2956 cum
1425 2905 1576 2957 laude
1615 2919 1806 2957 nomen

229 2975 452 3046 Domini
494 2974 761 3046 confessus
799 2983 914 3046 est;
969 2973 1269 3046 itatexinde
1313 2989 1601 3046 nunquam
1626 2981 1807 3042 gentes

231 3045 446 3104 homini
469 3042 828 3112 pepercerunt.
849 3043 1018 3110 Quum
1038 3044 1176 3096 enim
1201 3042 1559 3112 {Egyptiorum
1585 3043 1808 3112 [iceram

227 3110 502 3168 ministris
529 3110 642 3166 mos
675 3121 814 3166 esset
838 3113 1024 3165 abraso
1045 3111 1237 3165 vertice
1275 3110 1324 3164 in
1363 3111 1618 3180 prophani
1655 3110 1808 3164 Sera-

229 3183 378 3252 pidis
400 3181 646 3252 gradibus
665 3182 910 3252 populum
931 3181 1119 3252 alloqui
1136 3221 1149 3246 ,
1172 3195 1288 3234 cum
1311 3181 1600 3249 palmarum
1619 3181 1804 3252 ramis,

229 3249 288 3304 iit
306 3251 382 3305 ad
399 3249 553 3304 sacra
571 3249 806 3304 obeunda
827 3250 1188 3314 ascenderem,
1211 3266 1314 3318 quo
1329 3264 1474 3302 more
1489 3249 1810 3318 gravissima:

229 3322 454 3374 illorum
495 3320 822 3373 czeremonize
853 3320 1290 3374 continebantur:
1331 3319 1416 3372 ille
1446 3319 1674 3386 acceptis
1701 3319 1810 3386 pal-

231 3405 452 3444 marum
482 3389 702 3442 surculis
733 3397 908 3442 erecto
951 3387 1174 3457 fortique
1211 3389 1386 3442 animo
1423 3389 1526 3441 alta
1565 3403 1691 3440 voce
1735 3387 1810 3439 sic

229 3457 598 3527 compellabat
621 3457 884 3511 adstantes
909 3477 920 3510 :
960 3458 1168 3527 Adeste,
1193 3459 1406 3527 accipite
1431 3474 1622 3510 ramum
1649 3497 1662 3519 ,
1697 3473 1810 3527 non

233 3525 446 3596 Templi
497 3526 644 3579 idolis
687 3529 992 3590 consecrati,
1045 3526 1130 3579 sed
1174 3525 1375 3596 Christi.
1427 3527 1574 3580 Unde
1622 3526 1810 3578 animis

229 3595 593 3650 Ethnicorum
615 3596 665 3649 in
693 3610 749 3649 se
773 3597 1044 3650 concitatis
1067 3596 1242 3665 fugere
1265 3635 1279 3658 ,
1307 3595 1552 3665 latitare,
1589 3611 1650 3648 ac
1679 3597 1808 3647 late-

227 3666 360 3721 bras
401 3673 730 3718 commutare
766 3673 975 3719 coaetus
1013 3664 1471 3718 cst.’Acciderunt
1496 3673 1669 3717 autem
1699 3665 1810 3716 lucc

227 3736 332 3788 sub
365 3733 557 3802 Aquila
585 3733 908 3787 Alexandria:
929 3733 1200 3787 I’rrefecto.

303 3803 392 3874 (3)
433 3801 657 3874 ξκιιιίιιιιε
677 3803 1225 3874 erudiueantiquimtis
1244 3817 1431 3874 censor
1449 3801 1675 3856 Joannes
1695 3801 1811 3856 Cle-

229 3872 388 3926 ricus
433 3872 486 3924 in
531 3881 716 3940 quzest.
762 3872 814 3924 2.
869 3872 1270 3940 llieronymiana
1305 3872 1526 3926 suadere
1569 3881 1806 3932 cernatur,

226 3931 1032 4011 Origenemi'imperitissimum7
1063 3931 1332 4011 Hebraietc
1383 3941 1584 4011 lingua;
1615 3931 1806 4011 fuisse,

228 4009 627 4064 reluctantibus
648 4009 996 4070 Tillemontio,
1025 4009 1440 4072 Montefalconio,
1471 4009 1524 4063 et
1548 4009 1805 4062 Fabricio.

227 4081 352 4132 Eon
387 4087 542 4131 vacat
561 4079 646 4132 hic
673 4093 770 4132 nec
801 4079 943 4132 lubet
962 4079 1146 4133 Clerici
1167 4079 1462 4146 expendere
1482 4087 1806 4148 argumenta,

225 4164 408 4218 quum
431 4155 673 4201 notarum
700 4148 948 4218 angustia:
967 4148 1020 4218 id
1041 4164 1142 4200 non
1162 4149 1495 4218 permittant;
1527 4148 1661 4218 unde
1684 4149 1810 4218 satis

225 4215 302 4272 sit
331 4217 626 4286 observare
647 4257 662 4282 ,
709 4215 786 4270 ita
803 4217 869 4270 ab
887 4215 1108 4286 Origene
1133 4215 1398 4271 censultos
1421 4217 1576 4271 fuisse
1601 4217 1810 4272 Judaeos

227 4289 284 4341 in
329 4285 722 4340 difficilioribus
762 4286 889 4340 locis
922 4327 937 4350 ,
989 4285 1126 4349 quod
1178 4287 1368 4339 nedum
1423 4287 1806 4352 Hieronymus,

223 4369 434 4426 verum
469 4355 624 4406 etiam
651 4355 774 4426 ipse
793 4345 1029 4426 testatur,
1061 4363 1116 4426 ut
1153 4355 1428 4426 aliquando
1455 4371 1571 4408 cum
1601 4345 1711 4426 illis
1726 4345 1812 4426 pu-

225 4425 382 4477 blicc
405 4423 706 4488 decertarit,
724 4439 786 4476 ac
804 4423 1464 4493 supientissimunfillorum
1481 4423 1811 4479 Alexandrize

195 4495 294 4548 'cx
327 4493 614 4560 Scriptura
652 4493 797 4558 juxta
836 4492 1133 4547 hebraieam
1176 4495 1449 4547 veritatem
1487 4495 1806 4556 convicerit;

223 4561 389 4632 quod
425 4561 590 4632 refert
626 4563 732 4632 ipse
777 4562 863 4615 lib.
896 4563 948 4628 1,
976 4571 1116 4617 cont.
1152 4561 1397 4616 Celsum:
1435 4587 1452 4613 ι
1483 4563 1574 4618 llis
1598 4565 1772 4618 verbis
1793 4605 1807 4626 ,

173 4631 259 4702 Vj
285 4631 494 4700 inquit,
525 4631 734 4702 memini
763 4646 846 4684 me
875 4647 1056 4702 urgere
1077 4631 1414 4685 vehementer
1439 4633 1694 4698 Judaeum,
1724 4634 1812 4702 qui

191 4690 252 4772 ξι
285 4690 523 4772 sapiens
532 4699 829 4772 habebatur
853 4690 989 4772 apde
1014 4716 1136 4772 suos
1156 4741 1170 4764 ,
1206 4717 1468 4772 quumque
1494 4717 1596 4772 non
1637 4690 1812 4771 posset

191 4768 248 4820 ἐι
281 4768 370 4821 se
400 4768 668 4836 explicare
689 4810 703 4832 ,
751 4770 1019 4836 respondit
1059 4771 1193 4823 sicut
1225 4768 1450 4824 decebat
1493 4768 1750 4826 Judaa'um.
1787 4791 1805 4823 ι

225 4837 450 4912 ρρὶξιᾱε
496 4851 600 4890 non
645 4853 765 4912 raro
813 4837 1062 4912 Origenes
1107 4839 1219 4912 ipse
1264 4847 1482 4893 testatur
1525 4841 1812 4912 llebraicos

219 4907 481 4974 Codices
502 4920 530 4957 a
553 4920 608 4958 se
635 4906 908 4974 diligenter
933 4907 1093 4961 fuisse
1119 4906 1410 4974 inspectos,
1435 4917 1488 4962 ut
1517 4910 1813 4963 mederetur

221 4973 570 5030 editionibus
585 4973 800 5044 Aquilio,
816 4975 1134 5044 Symmachi,
1165 4973 1555 5040 Theodotionis,
1574 4993 1634 5032 ac
1656 4979 1719 5031 70
1743 4980 1814 5031 in-

223 5053 566 5112 terpretum,
591 5043 678 5096 ubi
697 5043 1167 5112 erantdcpravataa.
1195 5045 1324 5098 [line
1341 5054 1378 5099 t.
1397 5047 1428 5099 8
1455 5046 1807 5100 Commentar.

219 5116 282 5168 in
323 5115 596 5168 Joannem
623 5127 740 5181 pag.
773 5113 891 5166 150.
935 5113 1071 5167 Edit.
1102 5115 1273 5168 Huetii
1299 5123 1336 5167 t.
1365 5115 1420 5180 2,
1449 5115 1710 5169 disserens
1747 5117 1812 5169 de

217 5181 428 5252 porcis
453 5196 487 5252 e
520 5196 652 5252 rupe
669 5183 1006 5250 prmeipitatis
1029 5224 1042 5244 ,
1088 5198 1148 5236 ac
1175 5184 1225 5235 in
1255 5199 1398 5238 mare
1425 5199 1518 5252 per
1539 5184 1840 5240 Dzemoues-

219 5249 810 5320 suffocati_s,rohservat
855 5267 956 5303 non
997 5261 1138 5304 recte
1177 5253 1272 5320 legi
1303 5253 1353 5305 in
1386 5249 1502 5306 loco
1521 5253 1814 5308 Geraseno-

219 5335 391 5392 rurn,
413 5318 498 5372 vel
520 5318 946 5392 Cadarcnorum;
973 5321 1091 5392 quia
1124 5341 1140 5368 ‹
1169 5318 1416 5389 Gérgesa,
1443 5323 1626 5391 inquit,
1655 5338 1685 5375 a
1709 5339 1810 5392 qua

223 5409 248 5440 ε
281 5387 577 5460 gergesei,
601 5387 724 5440 urbs
744 5396 823 5440 est
843 5387 1050 5460 antiqua
1069 5390 1214 5456 juxta
1235 5387 1494 5460 stagnum,
1513 5387 1657 5459 quod
1677 5387 1812 5445 nunc

223 5477 248 5510 ι
281 5455 600 5540 Tiberiadis
625 5469 902 5520 vocamus,
935 5455 1078 5540 iuxta
1100 5473 1252 5526 quam
1281 5455 1548 5540 rupeshest
1574 5469 1812 5540 stagnum

221 5547 244 5579 ι
279 5525 556 5590 adjacens
580 5565 611 5593 ,γ
640 5539 670 5576 e
708 5539 806 5591 qua
851 5525 1140 5578 ostenditur
1167 5525 1357 5593 porcos
1386 5543 1414 5580 a
1441 5525 1720 5582 Dmmoniis
1759 5545 1810 5582 in

221 5615 246 5646 ι
281 5607 546 5664 praeceps
582 5592 783 5664 delatos
823 5593 1090 5647 fuisse.....
1119 5615 1136 5642 ι
1171 5592 1240 5646 lit
1287 5597 1436 5661 paqu
1457 5605 1574 5664 post
1597 5598 1807 5650 subdit:

221 5681 248 5714 σ
281 5662 434 5715 Tale
455 5675 684 5716 erratum
707 5663 756 5714 in
777 5663 927 5731 Lege.
947 5672 994 5717 ct
1019 5665 1286 5732 l’mphetis
1307 5665 1443 5718 circa
1457 5662 1673 5721 nomina
1694 5667 1814 5721 licet

1400 331 1972 390 COMMONITORIUM
2014 331 2299 386 PRIMUM.

3363 349 3466 407 662

1899 457 1996 512 fuit
2015 464 2118 510 tam
2135 469 2362 520 ammna,
2387 462 2494 510 tam
2515 457 2698 522 lactea,
2729 465 2835 510 tam
2864 457 3030 511 dulcis
3056 459 3224 512 oratio
3248 469 3306 514 ut
3329 462 3462 519 mihi

1899 561 1964 600 ex
1979 560 2070 599 ore
2085 545 2248 615 ipsius
2257 561 2362 600 non
2377 553 2484 599 tam
2499 545 2658 599 verba
2671 560 2826 614 quam
2837 545 2992 600 mella
3005 547 3242 614 quadam
3253 547 3468 608 ﬂuxisse

1899 637 2206 690 videantur?
2230 637 2358 703 Quae
2391 651 2496 690 non
2527 637 2613 690 ille
2633 650 2888 704 persuasu
2913 635 3142 692 difficilia
3167 637 3465 708 diSputandi

1899 725 2098 779 viribus
2129 725 2481 794 elimpidavit,
2509 740 2626 794 qua:
2658 723 2796 778 factu
2821 725 2984 778 ardua
3009 741 3114 780 non
3141 733 3200 780 ut
3223 727 3468 782 facillima

1899 815 2202 870 viderentur
2221 817 2426 870 effecit?
2440 815 2545 872 Sed
2559 817 2774 870 forsitan
2790 827 3216 888 argumentorum
3233 829 3465 876 tantum-

1901 906 2058 960 modo
2105 907 2326 960 nexibus
2367 905 2696 960 adsertiones
2742 921 2864 961 suas
2905 907 3109 961 texuit?
3157 908 3268 962 imo
3315 909 3467 980 plane

1901 1011 2058 1051 nemo
2079 1012 2310 1066 unquam
2341 997 2709 1066 magistrorum
2742 995 2839 1049 fuit
2871 997 2962 1066 qui
2999 998 3236 1066 pluribus
3277 999 3468 1055 divina

1901 1095 2030 1164 legis
2049 1103 2283 1148 uteretur
2297 1093 2567 1162 exemplis.
2593 1093 2718 1157 Sed,
2741 1093 2920 1158 credo,
2937 1109 3103 1163 pauca
3123 1095 3468 1164 conscripsit?

1901 1184 2068 1237 Nemo
2082 1183 2378 1236 mortalium
2406 1183 2588 1251 plura;
2619 1191 2675 1234 ut
2701 1182 2828 1234 mihi
2854 1197 2947 1236 sua
2973 1183 3149 1235 omnia
3174 1199 3280 1235 non
3301 1184 3468 1238 solum

1903 1289 2008 1327 non
2034 1273 2252 1342 perlegi,
2276 1274 2368 1326 sed
2391 1288 2456 1326 nc
2483 1273 2704 1326 inveniri
2727 1272 2937 1342 quidem
2973 1287 3128 1342 posse
3153 1273 3428 1328 videantur
3455 1294 3466 1328 :

1904 1365 1988 1418 cui
2031 1379 2098 1418 ne
2147 1365 2424 1432 quicquam
2474 1363 2538 1417 ad
2577 1365 2813 1418 scientia:
2854 1365 3200 1418 instrumenta
3243 1365 3467 1430 deesset,

1904 1456 2060 1509 etiam
2088 1455 2355 1523 plenitudo
2381 1455 2732 1508 exabundavit
2757 1455 2927 1508 aetatis
2967 1454 3062 1525 (1).
3108 1455 3212 1511 Sed
3257 1457 3472 1510 forsitan

1903 1544 2174 1613 discipulis
2199 1557 2386 1612 parum
2411 1543 2574 1596 felix?
2611 1543 2738 1608 Quis
2757 1541 2987 1612 unquam
3007 1542 3240 1599 felicior?
3271 1546 3472 1614 Nempe

1904 1633 2165 1685 innumeri
2194 1647 2257 1684 ex
2285 1632 2402 1686 sinu
2430 1645 2526 1685 suo
2551 1630 2826 1696 doctores,
2853 1633 3095 1686 innumer
3139 1638 3436 1687 sacerdotes
3455 1675 3468 1698 ,

1903 1722 2232 1776 confessores
2271 1729 2323 1776 ct
2362 1731 2622 1792 martyres
2650 1723 2956 1775 extiterunt.
2985 1723 3100 1776 Jam
3125 1739 3250 1778 vero
3277 1731 3470 1792 quanta

1904 1813 2040 1881 apud
2069 1827 2252 1865 omnes
2293 1812 2429 1865 illius
2456 1811 2734 1864 admiratio
2754 1852 2767 1875 ,
2812 1819 3008 1880 quanta
3046 1813 3208 1881 gloria
3229 1853 3242 1876 ,
3280 1819 3472 1881 quanta

1904 1903 2066 1973 gratia
2097 1903 2270 1966 fuerit,
2303 1903 2418 1971 quis
2443 1904 2658 1970 exsequi
2697 1903 2900 1956 valeat?
2947 1903 3075 1968 Quis
3117 1920 3218 1956 non
3259 1903 3322 1956 ad
3353 1919 3470 1956 cum

1905 1994 2058 2061 paulo
2084 1994 2446 2062 religiosiorex
2474 1993 2670 2046 ultimis
2700 1993 2878 2046 mundi
2913 1994 3149 2062 partibus
3183 1992 3474 2047 advolavit?

1905 2083 2031 2148 Quis
2057 2083 2474 2137 Christianorum
2498 2099 2602 2137 non
2629 2099 2762 2152 pene
2779 2091 2836 2136 ut
2863 2085 3189 2152 prophetam,
3219 2085 3335 2153 quis
3357 2085 3471 2152 phi-

1906 2171 2242 2240 losophorum
2282 2187 2383 2224 non
2408 2180 2464 2224 ut
2488 2172 2796 2239 magistrum
2831 2181 3109 2226 veneratus
3151 2174 3268 2226 est?
3307 2179 3472 2238 Quam

1906 2270 2079 2315 autem
2115 2278 2218 2314 non
2255 2263 2424 2316 solum
2453 2263 2668 2330 privata:
2695 2262 3002 2326 conditioni,
3033 2263 3124 2316 sed
3147 2265 3242 2332 ipsi
3265 2279 3472 2332 quoque

1909 2349 2066 2404 fuerit
2109 2351 2427 2404 reverendus
2468 2352 2686 2420 imperio
2730 2352 2996 2406 declarant
3039 2351 3270 2406 historice
3295 2395 3307 2416 ,
3359 2371 3475 2422 quzr.

1906 2454 2027 2492 eum
2053 2450 2081 2491 a
2107 2447 2274 2494 matre
2304 2440 2378 2508 (2)
2396 2438 2676 2492 Alexandri
2698 2439 3030 2508 Imperatoris
3044 2441 3264 2495 accitum
3283 2442 3474 2506 ferunt,

1907 2531 2136 2584 caelestis
2163 2531 2339 2598 utique
2365 2531 2634 2598 sapientiae
2655 2531 2861 2596 merito,
2891 2531 3040 2598 cujus
3065 2540 3118 2584 et
3139 2531 3222 2586 ille
3245 2533 3406 2598 pratia
3425 2541 3476 2586 et

1908 2635 2086 2674 amore
2115 2621 2200 2673 illa
2225 2620 2492 2690 flagrabat.
2541 2620 2645 2674 Sed
2683 2631 2736 2675 et
2781 2621 3014 2688 ejusdem
3057 2623 3303 2690 Epistolas
3331 2625 3475 2676 testi-

1909 2709 2142 2762 monium
2201 2709 2480 2777 perhibent
2539 2725 2671 2778 quas
2727 2711 2792 2764 ad
2844 2710 3138 2779 Philippum
3191 2711 3474 2778 Ilttpt‘t‘!¢l(:-

1909 2815 2020 2854 rem
2049 2797 2144 2870 (5),
2167 2799 2254 2870 qui
2281 2800 2482 2868 primus
2509 2801 2866 2854 Romanorum
2895 2802 3194 2870 Principum
3219 2801 3474 2856 Christia-

1917 2935 1935 2966 ι
1963 2931 2200 2980 cernere,
2226 2925 2282 2969 ut
2303 2926 2544 2971 accurate
2565 2919 2925 2986 perspeximus
2945 2919 3010 2972 ah
3028 2919 3260 2972 llebraeis
3281 2919 3473 2985 edocti,

1917 3004 1936 3035 ι
1965 3001 2082 3038 cum
2136 2986 2375 3056 ipsorum
2417 2987 2802 3056 exemplaribus
2849 2995 3024 3040 nostra
3067 2998 3468 3056 comparantes,

1917 3073 1935 3104 ι
1965 3071 2080 3126 quae
2119 3055 2478 3126 testiinonium
2528 3055 2724 3126 habent
2757 3057 2832 3126 ab
2878 3055 3200 3111 editionibus
3235 3059 3436 3126 Aquilae
3459 3101 3473 3125 ,

1917 3142 1936 3173 ς
1965 3123 2264 3196 Symmachi
2290 3165 2303 3186 ,
2345 3131 2406 3196 et_
2425 3125 2796 3196 'l'heodotionis
2815 3167 2830 3190 ,
2850 3142 2986 3196 qua:
3013 3141 3116 3180 non
3143 3135 3264 3180 sunt
3291 3123 3473 3196 depraé

1918 3210 1936 3242 ι
1963 3191 2116 3244 vatte.
2149 3211 2166 3242 ι
2217 3191 2466 3247 Consulat
2501 3193 2665 3247 lector
2709 3191 3003 3248 Fabricium
3046 3206 3170 3249 tom.
3207 3196 3259 3249 5.
3303 3191 3392 3250 lib.
3424 3197 3476 3250 5.

1911 3275 2028 3329 cap.
2055 3261 2104 3313 1.
2129 3277 2180 3329 p.
2209 3261 2332 3314 225.
2362 3301 2376 3324 ,
2421 3270 2474 3315 et
2509 3263 2631 3316 224.
2670 3264 3055 3317 Tillemontium
3085 3265 3134 3318 in
3161 3267 3300 3318 Ilion.
3333 3265 3454 3320 Eccl

1913 3329 1978 3382 de
2010 3329 2234 3398 Origene
2277 3330 2620 3384 disserentem
2645 3373 2658 3395 ,
2707 3341 2761 3385 et
2784 3333 2845 3384 D.
2875 3334 3198 3388 Bernardum
3227 3349 3256 3387 a
3281 3335 3467 3390 Mente

1912 3398 2214 3471 falconisin
2233 3399 2442 3453 Praefat.
2474 3401 2539 3471 ad
2566 3401 2796 3470 Ilexapla
2815 3402 3024 3471 Origen.

1987 3467 2062 3538 (1)
2102 3469 2244 3522 Vixit
2267 3483 2431 3522 annos
2475 3470 2563 3534 69,
2603 3467 2766 3538 quum
2809 3467 2986 3543 labore
3024 3471 3316 3543 confectum
3356 3475 3476 3543 Tyri

1915 3553 2178 3608 summum
2204 3547 2375 3590 virum
2401 3551 2567 3608 mors_
2581 3539 2908 3608 consumpsit
2944 3553 3066 3592 ann.
3111 3550 3226 3608 post
3259 3541 3356 3593 (ΣΙ).
3387 3539 3472 3595 or-

1914 3613 2022 3657 tum
2047 3607 2171 3670 251,
2218 3621 2322 3674 quo
2365 3620 2504 3658 anno
2548 3605 2855 3658 Interamna:
2883 3607 3058 3661 Gallus
3086 3605 3139 3660 et
3171 3609 3475 3663 Volusianus

1913 3674 2172 3746 interfecti
2216 3681 2354 3746 sunt.
2398 3674 2594 3746 Eadem
2635 3675 2688 3726 in
2738 3675 2866 3727 urbe
2899 3677 3130 3746 sepultus
3172 3689 3287 3738 est.
3331 3680 3476 3746 cujus

1913 3744 2140 3810 sepulcri
2159 3743 2376 3812 vestigia
2398 3741 2552 3812 hodie
2577 3758 2850 3812 superesse
2873 3785 2888 3806 ,
2929 3741 3018 3811 qui
3039 3746 3150 3799 loca
3181 3746 3264 3799 illa
3291 3741 3478 3800 Instra-

1913 3818 2054 3931 rupt,
2073 3811 2209 3931 διὶυά
2231 3811 2472 3863 Iluetium
2492 3810 2581 3864 lib.
2603 3810 2652 3863 1.
2676 3811 2884 3880 Origcn.
2907 3810 3022 3881 cap.
3046 3815 3098 3878 4,
3123 3829 3267 3868 num.
3299 3815 3329 3868 7
3345 3825 3398 3870 et
3423 3817 3474 3876 υ.

1913 3895 1970 3931 re
1993 3895 2120 3931 erun
2152 3917 2164 3931 .

1913 3887 2164 3934 referunt.

1985 3950 2058 4016 (2)
2097 3949 2364 4002 Mammaea
2389 3952 2578 4018 nempe
2597 3990 2610 4010 ,
2646 3963 2762 4018 qua!
2799 3965 2958 4018 quum
2985 3951 3274 4006 Antiochiae
3302 3969 3470 4007 mora-

1913 4025 2078 4078 retur,
2107 4018 2386 4086 Origenem
2413 4020 2707 4072 accersivit.
2736 4019 2866 4074 Post
2889 4021 3068 4075 Severi
3089 4036 3212 4075 vero
3231 4033 3474 4077 mortem.

1913 4087 2012 4141 sub
2037 4087 2328 4156 Zepherino
2356 4087 2576 4140 Romam
2602 4089 2746 4142 venit
2764 4129 2777 4150 ,
2826 4105 2928 4143 non
2969 4091 3292 4146 asscctandai
3317 4093 3482 4146 Illam-

1913 4171 2062 4210 mrem
2089 4157 2294 4221 studio,
2341 4157 2480 4225 quod
2519 4159 2722 4212 censuit
2749 4157 3002 4214 Batonius
3025 4203 3038 4226 ,
3087 4161 3180 4214 sed
3215 4161 3476 4216 desiderio

1913 4226 2122 4294 penitus
2163 4227 2542 4295 cognoscenda:
2579 4227 2828 4281 Romamn
2857 4229 3102 4284 Eccicsise
3127 4231 3358 4284 omnium
3387 4247 3478 4284 an-

1917 4295 2270 4368 tiquissimm,
2295 4303 2430 4368 teste
2458 4296 2646 4349 Euseb.
2665 4296 2767 4368 _lil_).
2799 4297 2849 4368 (ξ.
2891 4298 3032 4368 Eccl.
3075 4300 3208 4368 Ilist.
3241 4315 3355 4368 cap.
3389 4303 3472 4356 i0.

1985 4363 2060 4430 (5)
2083 4365 2340 4418 Eusebius
2358 4363 2706 4434 Cmsareensis
2727 4364 2777 4416 in
2797 4365 3054 4420 Chronico
3073 4367 3139 4418 ab
3161 4363 3348 4421 Hieron
3357 4385 3476 4434 ymo

1914 4441 2068 4487 aucto
2110 4434 2176 4486 ad
2219 4448 2341 4486 ann.
2395 4432 2518 4486 Chr.
2570 4434 2692 4498 247,
2745 4434 2856 4486 haec
2907 4434 3105 4488 habet:
3157 4455 3174 4486 ι
3211 4432 3474 4490 Romane-

1921 4520 1940 4552 ι
1967 4517 2096 4574 rum
2127 4517 2274 4566 xxut,
2316 4501 2590 4574 Philippus
2638 4503 2873 4571 regnavit
2914 4505 3064 4557 alllIIS
3105 4504 3154 4556 7.
3209 4505 3474 4574 Philippus

1922 4590 1940 4622 ι
1969 4571 2264 4640 Philippum
2307 4571 2468 4643 filium
2507 4587 2658 4643 suum
2697 4581 2994 4643 consortem
3023 4574 3170 4643 regni
3209 4573 3322 4628 facit
3347 4571 3475 4642 'pri-

1922 4659 1939 4690 ι
1967 4641 2458 4710 ιιιιιεψιοίοιιιιιὶιιιιι
2499 4657 2564 4694 ex
2611 4640 2858 4694 Romanis
2899 4640 3302 4710 Imperatoribus
3329 4640 3477 4698 Chri-

1921 4728 1940 4759 ‹
1969 4710 2170 4762 stianus
2195 4709 2310 4762 fuit.
2342 4728 2359 4758 ι
2407 4709 2472 4762 Et
2492 4710 2556 4763 ad
2580 4724 2664 4762 an.
2693 4711 2818 4774 251i,
2849 4711 2921 4764 ait
2946 4709 2987 4763 ai
3001 4712 3159 4766 Decio
3181 4711 3340 4767 fuisse
3361 4714 3476 4769 illos

1915 4779 2217 4850 interfectos
2234 4779 2310 4850 ob
2345 4778 2522 4850 odium
2562 4778 2988 4850 inﬁChristianam
3017 4781 3340 4850 religionem.
3373 4783 3476 4835 Em

1916 4847 2062 4900 sebio
2099 4848 2328 4919 concinit
2363 4846 2578 4919 Ol‘OSIllS
2615 4847 2704 4919 lib.
2757 4847 2982 4919 'lMlIistt
3007 4846 3136 4918 cap:
3163 4850 3250 4919 20,
3287 4851 3475 4919 aliique

1917 4931 2136 4982 quorum
2165 4917 2456 4968 testimonia
2487 4917 2752 4984 praeterire
2778 4917 2921 4970 libet.
2963 4916 3018 4969 In
3051 4916 3180 4972 actis
3217 4918 3272 4972 S.
3309 4916 3472 4972 Potitii

1915 4984 2154 5051 Martyris
2179 4999 2208 5036 a
2235 4985 2443 5038 Baluzio
2467 5000 2528 5038 ex
2557 4985 2772 5038 vetustis
2797 4985 3062 5039 codicibus
3083 4987 3235 5039 editis
3251 4985 3424 5040 fertur
3445 5003 3472 5040 a

1917 5052 1972 5124 ὃ.
1997 5053 2096 5106 hoc
2117 5053 2228 5124 viro
2251 5052 2500 5124 fuisse_ad
2529 5053 2687 5124 fidem
2701 5069 3000 5108 conversos.
3027 5055 3095 5106 At
3117 5055 3304 5124 Pagius
3323 5055 3472 5124 longa

1915 5121 2279 5191 dissertatione
2323 5121 2506 5188 probat
2553 5121 2784 5191 fabulosa
2830 5137 2948 5176 esse
2989 5123 3162 5176 omnia
3182 5121 3212 5188 ,⁷
3241 5137 3360 5191 qua:
3403 5121 3474 5177 de

1916 5189 2168 5257 Philippis
2205 5188 2556 5259 Christianam
2596 5190 2900 5259 religionem
2935 5192 3188 5258 amplexis
3213 5188 3470 5256 feruntur,

1915 5259 2070 5328 nixus
2094 5259 2406 5328 testimoniis
2427 5258 2725 5328 Ambrosii,
2767 5259 3014 5326 Sulpicii,
3045 5260 3368 5328 aliorumque
3393 5261 3472 5314 di-

1916 5327 2146 5396 centium
2189 5326 2586 5380 Constantinum
2629 5325 2789 5381 fuisse
2831 5325 3054 5396 primum
3099 5325 3470 5396 Imperatorem

1917 5395 2264 5449 Christianum
2291 5413 2305 5452 :
2349 5410 2412 5448 ae
2439 5411 2502 5449 ex
2531 5396 2758 5465 nummis
2777 5435 2793 5460 ,
2833 5389 2884 5465 in
2911 5395 3098 5465 quibus
3117 5389 3258 5450 certa
3279 5397 3472 5465 Philip-

1915 5479 2102 5532 porum
2153 5465 2454 5532 gentilitatis
2495 5465 2640 5532 signa
2683 5463 3174 5532 deprehenduntur,
3231 5463 3472 5520 Petavius

1917 5531 2101 5614 tom}
2127 5531 2192 5586 de
2211 5533 2358 5614 Doet.
2387 5531 2559 5614 temp.
2571 5531 2662 5585 lib.
2689 5531 2774 5614 11,
2799 5547 2912 5601 cap.
2937 5534 3026 5613 27_,
3048 5543 3177 5614 post.
3195 5533 3470 5614 [iurantium

1917 5615 1982 5670 ex
2025 5601 2222 5654 Zonara
2260 5601 2510 5670 observat
2568 5601 2820 5670 quosdam
2869 5601 3096 5656 nominis
3137 5601 3472 5670 similitudine

1917 5669 2182 5727 deceptos.
2210 5669 2273 5722 ad
2305 5669 2596 5738 Philippum
2627 5670 2999 5740 Imperatorem
3024 5669 3467 5732 aceonunodasse.
