3916 6178
436 316 550 374 6ῧὸ

438 452 541 491 nus
567 434 690 495 fuit.
718 433 998 489 Christiani
1026 430 1306 500 magisterii
1335 430 1644 485 auctoritate
1669 433 1987 500 conscripsx.

441 529 512 581 De
535 527 684 593 cujus
709 525 995 578 incredibili
1039 522 1264 593 quadam
1289 522 1506 576 scientia
1534 522 1577 575 si
1604 522 1722 590 quis
1759 522 1994 576 referen-

436 618 572 671 tibus
615 617 766 670 nobis
807 616 1156 670 Christianum
1205 629 1308 668 non
1355 614 1556 683 accepit
1599 615 1953 667 testimonium
1978 655 1991 675 ,

432 707 617 759 saltem
672 704 1070 759 testificantihus
1114 703 1436 773 philosophis
1483 704 1729 772 gentilem
1778 702 1996 771 recipiat

430 793 833 847 confessionem.
877 794 965 847 Ait
1002 808 1226 861 namque
1250 793 1437 850 imnins
1464 792 1547 846 ille
1572 792 1891 861 Porphyrius
1919 793 1993 861 (1)

429 883 655 937 excitum
704 897 762 936 se
805 882 943 936 fama
996 882 1158 950 ipsius
1206 881 1573 935 Alexandriam
1616 896 1835 948 puerum
1888 880 1994 935 fere

428 976 744 1042 porrexisse,
778 974 950 1042 ibique
975 988 1094 1026 eum
1122 972 1312 1025 vidisse
1335 972 1442 1039 jam
1470 988 1648 1025 senem
1668 1013 1682 1034 ,
1723 971 1815 1025 sed
1842 972 1993 1040 plane

428 1067 585 1122 talem
633 1074 938 1133 tantumque
982 1064 1069 1131 qui
1117 1080 1289 1117 arcem
1335 1064 1493 1116 totius
1530 1064 1761 1116 scientia:
1807 1063 1990 1115 condi-

426 1154 608 1208 disset.
653 1155 772 1207 Dies
812 1169 896 1209 me
933 1154 1085 1206 citius
1112 1152 1358 1205 defecerit
1397 1167 1553 1220 quam
1579 1167 1638 1203 ea
1665 1168 1782 1220 quae
1812 1153 1862 1204 in
1903 1152 1992 1204 illo

428 1244 541 1295 viro
563 1242 809 1310 praeclara
835 1243 1145 1295 exstiterunt
1178 1242 1257 1294 vel
1292 1256 1355 1292 ex
1396 1241 1608 1293 minima
1635 1241 1818 1293 saltem
1846 1250 1992 1309 parte

429 1333 774 1402 perstringam
807 1351 818 1385 :
861 1347 978 1401 qua:
1006 1340 1179 1384 tamen
1206 1332 1377 1384 omnia
1408 1346 1508 1384 non
1549 1332 1719 1384 solum
1755 1333 1819 1384 ad
1849 1333 1989 1386 Reli-

427 1424 600 1492 gionis
619 1421 855 1491 gloriam,
875 1420 966 1475 scd
982 1422 1138 1474 etiam
1165 1421 1229 1473 ad
1258 1422 1559 1473 tentationis
1584 1421 1989 1490 magnitudinem

417 1513 775 1582 pertinebant.
805 1510 1005 1575 Quotus
1031 1511 1169 1562 enim
1198 1510 1415 1578 quisque
1443 1510 1569 1562 tanti
1598 1510 1807 1579 ingenii,
1833 1518 1989 1564 tanta:

422 1607 697 1667 doctrinm,
727 1608 883 1655 tantm
908 1602 1087 1670 gratia.
1106 1601 1273 1653 virum
1300 1609 1388 1653 aut
1415 1600 1565 1654 facile
1589 1600 1900 1669 deponeret,
1929 1618 1989 1655 ac

427 1710 531 1748 non
575 1694 660 1749 illa
706 1695 878 1763 potius
920 1700 1154 1746 uteretur
1197 1692 1451 1745 sententia
1479 1733 1493 1755 ,
1540 1705 1597 1745 se
1622 1707 1742 1745 cum
1767 1692 1989 1762 Origene

425 1801 604 1840 erraro
640 1785 794 1840 malle
817 1826 831 1849 ,
877 1798 1032 1853 quam
1066 1798 1185 1836 cum
1211 1783 1325 1837 aliis
1353 1798 1473 1836 vera
1513 1783 1746 1836 sentire?
1789 1792 1842 1837 ct
1865 1784 1989 1852 quid

429 1879 613 1947 plura?
641 1878 717 1931 Eo
732 1892 817 1930 res
831 1875 1023 1930 decidit
1041 1882 1099 1929 ut
1119 1883 1275 1928 tanta:
1299 1889 1557 1943 personre,
1581 1875 1708 1926 tanti
1736 1874 1985 1939 doctoris,

424 1967 553 2021 tanti
580 1965 847 2036 propheta:
871 2006 884 2029 ,
931 1979 1036 2019 non
1062 1963 1287 2017 humana
1321 1963 1491 2032 aliqua
1510 2004 1523 2025 ,
1570 1962 1662 2017 sed
1683 2003 1696 2027 ,
1739 1972 1796 2016 ut
1818 1964 1989 2018 exitus

424 2058 637 2121 docuit,
685 2056 903 2110 nimium
941 2055 1228 2124 periculosa
1256 2054 1474 2108 tontatio
1501 2054 1750 2122 plurimos
1794 2068 1823 2107 a
1870 2054 1988 2109 fidei

425 2148 720 2217 integritate
740 2146 1038 2201 deduceret.
1072 2144 1422 2210 Quamobrem
1446 2145 1531 2199 hic
1546 2144 1795 2215 Origenes
1816 2154 1988 2202 tantus

423 2254 485 2293 ac
514 2239 650 2302 talis,
678 2238 802 2291 dum
828 2237 992 2305 gratia
1020 2237 1110 2290 Dei
1138 2236 1443 2302 insolentius
1466 2236 1724 2299 abutitur,
1752 2236 1876 2290 dum
1906 2238 1986 2291 in—

425 2328 577 2397 genio
603 2342 698 2380 suo
723 2326 940 2379 nimium
970 2325 1216 2388 iudulaet,
1246 2325 1448 2394 sibique
1488 2326 1614 2379 satis
1638 2325 1829 2389 credit,
1868 2341 1989 2380 cum

426 2416 572 2484 parvi
601 2415 778 2485 pendit
797 2414 1062 2483 antiquam
1089 2412 1398 2466 Christiana:
1426 2414 1712 2482 Religionis
1737 2416 1988 2484 simplici-

428 2512 587 2559 tatem
612 2545 626 2568 ,
677 2503 801 2559 dum
839 2517 897 2557 se
938 2502 1051 2571 plus
1076 2503 1278 2555 cunctis
1303 2517 1487 2570 sapere
1513 2503 1781 2570 prznsumit
1803 2544 1817 2568 ,
1864 2503 1989 2557 dum

427 2594 807 2649 ecclesiasticas
830 2592 1131 2646 traditiones
1151 2602 1204 2646 et
1220 2601 1451 2646 veterum
1478 2593 1776 2664 magisteria
1804 2603 1986 2648 eonte-

429 2697 635 2747 mnens,
663 2681 901 2752 quaedam
929 2680 1314 2750 Scripturarum
1338 2681 1563 2749 capitula
1591 2681 1665 2751 (2)
1693 2697 1828 2737 novo
1843 2699 1988 2740 more

426 2776 814 2842 interpretatur,
857 2771 1047 2825 meruit
1085 2778 1140 2823 ut
1181 2769 1246 2824 de
1289 2784 1346 2824 se
1390 2784 1597 2840 quoque
1623 2770 1871 2826 Ecclesia:
1896 2774 1988 2828 Dei

425 2982 542 3036 qua:
582 2967 824 3036 Philippo
861 2965 1069 3036 .Egypti
1115 2965 1387 3036 Augustali
1429 2966 1784 3031 conveniunt;
1848 2969 1988 3036 quod

424 3034 613 3105 asserit
627 3034 917 3105 praésertim
940 3034 1013 3089 de
1026 3036 1272 3105 Epistolis
1291 3034 1548 3103 Origenis.
1596 3036 1812 3091 ﬂuetius
1841 3034 1930 3091 lib.
1957 3040 1982 3090 1

424 3104 641 3184 ριςιεοιιξ
665 3120 781 3184 cap:
887 3120 1031 3157 num.
1064 3104 1155 3184 12,Δ
1167 3106 1475 3184 _ait‘occulte
1503 3118 1545 3184 ξι
1561 3105 1788 3184 Ifabiano
1826 3104 1989 3184 fuisse

427 3172 685 3243 initiatum
724 3172 1021 3243 Philippum
1058 3172 1350 3243 Antiochia:
1382 3173 1482 3227 sub
1508 3173 1732 3243 Babyla;
1779 3184 1833 3228 et
1870 3175 1989 3229 ideo

426 3241 744 3295 celebratum
771 3257 801 3295 a
824 3241 1107 3296 Catholicis
1150 3242 1202 3295 id
1245 3242 1378 3303 fuit,
1412 3257 1515 3295 non
1544 3241 1919 3310 reprehensum
1959 3260 1988 3296 a

426 3311 704 3378 gentilibus
726 3351 741 3375 ,
781 3311 901 3379 quia
922 3324 1014 3363 eos
1041 3310 1207 3363 latuit.
1237 3310 1486 3378 Suspicor
1504 3311 1800 3379 amplexum
1828 3311 1988 3367 fuisse

427 3379 720 3450 Philippum
741 3379 1091 3450 Christianam
1115 3379 1455 3448 Religionem,
1483 3379 1621 3450 quod
1637 3380 1990 3450 eiiexprobant

427 3395 597 3450 t'nmp
635 3395 720 3432 um
741 3395 1091 3434 uxrisnanam
1115 3395 1455 3448 neugnonem,
1483 3395 1621 3448 quon
1637 3395 1685 3432 Cl
1701 3395 1990 3449 expronant

427 3395 680 3512 nonnufli,
708 3449 857 3517 quasi
883 3449 961 3502 sic
991 3457 1166 3518 tegere
1191 3458 1370 3518 posset
1393 3448 1634 3518 crimina.
1665 3448 1775 3503 IIoc
1802 3458 1990 3503 testan-

426 3528 512 3572 tur
554 3527 745 3588 praeter
788 3530 947 3587 supra
995 3517 1253 3588 laudatos,
1286 3517 1534 3588 Leontius
1584 3517 1944 3588 Antiochenns
1969 3562 1983 3585 ,

424 3585 870 3658 Cbrjsostomus,
914 3595 968 3641 et
989 3594 1172 3658 auctor
1198 3585 1445 3658 Chronici
1472 3587 1846 3658 Alexandrini;
1895 3590 1987 3642 sed

427 3656 722 3726 non‘plene,
750 3657 872 3711 hinc
895 3657 1078 3721 multa,
1101 3670 1218 3726 quat
1231 3656 1534 3725 gentilitatis
1555 3663 1722 3726 erant,
1750 3657 1983 3726 retinuit,

426 3742 527 3781 nec
551 3724 708 3781 Iidem
753 3727 807 3779 in
854 3734 1094 3795 posteros
1122 3724 1486 3794 imperatores
1522 3724 1823 3781 transfodit.
1858 3726 1986 3793 Qua:

426 3797 656 3862 suspicio
679 3794 869 3850 multis
884 3794 1081 3848 firmari
1109 3802 1286 3862 posset
1311 3795 1683 3848 monumentis.

496 3862 571 3935 (1)
610 3865 865 3935 Valesius,
883 3872 1075 3935 etpost
1099 3865 1241 3918 illum
1264 3864 1481 3935 ﬂuetius
1501 3862 1686 3935 exhoc
1710 3864 1986 3935 Porphyrii

427 3931 724 3989 testimonio
744 3931 974 3987 inferunt
1018 3933 1151 3987 duos
1192 3933 1457 3987 exstitisse
1493 3931 1765 4000 Origenes,
1804 3931 1987 3987 ambos

426 4004 687 4057 Ammonii
714 4002 999 4071 discipulos
1023 4020 1035 4054 :
1064 4010 1299 4071 nostrum
1319 4043 1333 4065 ,
1361 4003 1449 4071 qui
1476 4001 1628 4070 vulgo
1648 4001 1987 4056 Adamantius

424 4082 506 4125 est
523 4073 713 4135 dictus,
738 4071 804 4125 de
819 4087 923 4139 quo
943 4070 1260 4140 Porphyrius
1282 4070 1438 4123 tradit
1448 4071 1665 4123 multam
1693 4085 1757 4140 ex
1778 4071 1987 4138 scriptis

425 4141 561 4209 apud
586 4149 825 4209 posteros
838 4138 1059 4208 gloriam
1082 4138 1243 4192 fuisse
1266 4147 1625 4209 consecutum,
1649 4138 1849 4209 sibique
1869 4140 1989 4194 ado-

427 4207 644 4263 lescenti
669 4209 819 4262 valde
839 4207 1053 4271 notum;
1083 4208 1305 4262 alterum
1330 4221 1455 4262 vero
1479 4207 1567 4276 qui
1592 4207 1688 4260 fuit
1715 4207 1983 4274 Herennii,

425 4288 478 4333 et
521 4279 709 4333 Plotini
750 4277 1169 4345 condiscipulus,
1222 4276 1289 4330 de
1314 4291 1418 4344 quo
1444 4276 1690 4345 frequens
1710 4277 1906 4329 mentio
1933 4278 1986 4331 in

427 4350 528 4402 vita
566 4349 754 4402 Plotini
800 4348 867 4400 ab
910 4347 1096 4401 eodem
1140 4345 1433 4415 Porphyrio
1469 4347 1705 4413 scripta;
1738 4345 1987 4415 nihilque

426 4427 751 4488 posterorum
812 4416 1081 4470 memorire
1136 4414 1345 4488 reliquit
1394 4424 1595 4488 prmter
1630 4414 1858 4488 libellum
1900 4414 1986 4488 :de

427 4484 760 4541 Ihemonibus
782 4527 795 4549 ,
837 4495 897 4539 ut
926 4494 1132 4539 constat
1167 4500 1233 4539 ex
1271 4484 1525 4553 Longino.
1556 4484 1675 4537 Fuit
1699 4492 1872 4537 autem
1900 4484 1986 4538 hic

425 4557 832 4625 condiscipulus,
854 4564 908 4609 et
926 4555 1139 4625 (aqualis
1165 4553 1439 4625 Porphyrii
1464 4554 1663 4625 Rerum,
1686 4554 1730 4606 si
1751 4553 1984 4622 Eunapio

428 4626 576 4679 fides.
618 4622 809 4678 Verum
833 4665 848 4687 ,
898 4632 955 4676 ut
998 4624 1263 4690 utriusque
1283 4622 1518 4690 Origenis
1552 4622 1709 4675 latum
1738 4630 1985 4690 appareat

427 4695 705 4747 discrimen
730 4734 746 4758 ,
774 4698 982 4760 oportet
1014 4691 1288 4745 advertere
1312 4691 1679 4743 Adamantium
1718 4691 1983 4760 imperan-

431 4764 569 4816 tibus
594 4762 741 4816 Gallo
760 4759 1114 4815 et’Volusiano
1141 4775 1206 4813 ex
1234 4759 1459 4813 Eusebio
1479 4760 1672 4813 obiisse
1702 4777 1714 4810 :
1761 4759 1981 4813 alterum

434 4849 556 4887 vero
584 4847 648 4886 ex
676 4830 966 4900 Porphyrio
988 4828 1038 4881 in
1066 4828 1169 4900 vita
1192 4828 1377 4900 Plotini
1400 4829 1497 4882 sub
1522 4828 1758 4883 Gallieno
1783 4828 1833 4880 in
1854 4829 1983 4882 vivis

429 4903 607 4965 fuisse,
639 4915 700 4954 ac
719 4897 905 4952 librum
935 4897 1556 4967 quemdamelaborasse.

501 4971 577 5052 (εὶ
614 4970 743 5050 ριμίη
763 4965 965 5052 τερα-ειη
984 4967 1097 5052 ire
1120 4965 1743 5052 ξσνίρψῖξιιῖυιειρξρίεξξξθ
1772 4966 1985 5052 ςξιωιέξ

431 5034 749 5108 Epiphanius
793 5037 854 5108 in
886 5036 1186 5108 Auchoratu
1228 5050 1431 5108 numer.
1462 5036 1529 5108 54
1554 5044 1607 5089 et
1639 5034 1731 5108 o2,
1772 5034 1982 5108 exordia

426 5102 629 5162 scilicet
669 5106 889 5162 Genesis
919 5123 931 5158 :
981 5125 999 5155 ι
1032 5105 1271 5173 Plerique
1295 5144 1309 5166 ,
1358 5103 1561 5172 inquit,
1607 5102 1882 5173 allegorice
1918 5102 1984 5155 de

435 5198 451 5226 ι
484 5178 729 5231 Paradiso
771 5174 1076 5243 disputant,
1124 5169 1280 5242 auiue
1312 5169 1455 5243 inter
1496 5169 1984 5243 cmterosifuriosus

434 5266 453 5296 ι
481 5247 740 5327 Origenes.
772 5241 1133 5327 adumbratam
1184 5241 1360 5321 nescio
1400 5255 1559 5327 quam
1598 5241 1837 5327 ‘speciem
1889 5254 1984 5307 pro

438 5336 455 5363 ε
485 5310 703 5370 veritate
729 5315 779 5367 in
805 5312 1054 5367 mundum
1090 5310 1300 5363 invexit.
1331 5328 1348 5361 ι
1400 5310 1465 5362 Ει
1501 5310 1776 5376 posteriori
1797 5322 1940 5360 num.
1967 5347 1981 5370 ,

439 5403 455 5437 ι
487 5386 673 5438 iterum
706 5402 719 5436 :
756 5402 773 5434 ι
803 5381 982 5436 Redeo
1005 5380 1071 5434 ad
1089 5378 1353 5446 Originem
1376 5377 1544 5446 (quod
1568 5377 1664 5446 ipsi
1685 5377 1823 5446 Deus
1848 5377 1987 5444 igno-

437 5472 454 5501 ι
485 5455 633 5521 seat)
661 5471 673 5504 :
703 5450 1131 5521 absurdissimam
1157 5444 1313 5521 aliam
1335 5444 1660 5521 fabulamzlet
1685 5444 1982 5521 allegoriam

440 5539 457 5565 ο
488 5513 723 5575 fallendis
748 5520 1045 5573 hominibus
1075 5516 1360 5585 proposuit,
1385 5523 1484 5569 etc.
1509 5533 1526 5565 ι
1561 5513 1689 5567 Vide
1713 5513 1981 5585 S_.__'virun_t

435 5589 535 5650 loc.
566 5589 702 5642 laud.
731 5588 947 5656 Oportet
974 5581 1144 5656 tamen
1173 5581 1256 5656 hic
1280 5584 1579 5656 advertere,
1610 5581 1746 5649 quod
1774 5582 1893 5656 licet
1920 5581 1985 5632 ab

435 5656 655 5737 Origene
681 5653 950 5737 peccatum
988 5656 1056 5708 sit
1098 5655 1165 5708 ob
1194 5653 1493 5721 frequentes
1519 5653 1808 5713 allegorias.
1852 5653 1986 5704 inter

1685 319 2022 375 VINCENTII
2066 321 2435 379 LIRINENSIS

3548 335 3649 390 661

2103 431 2371 485 diceretur
2397 447 2409 483 :
2452 430 2513 485 Si
2538 432 2806 504 surrexerit
2829 433 2881 486 in
2913 431 3077 488 medio
3103 435 3175 488 tui
3199 434 3473 506 propheta,
3514 436 3656 495 Deut.

2104 521 2187 573 15.
2217 521 2282 573 Et
2303 521 2455 589 paulo
2481 530 2628 590 post:
2661 522 2781 576 Non
2807 527 2999 589 audies,
3030 526 3210 596 inquit,
3238 530 3384 581 verba
3410 532 3655 598 prophete

2100 607 2253 661 illius.
2283 610 2348 663 Et
2373 611 2498 663 item
2522 628 2535 663 :
2585 611 2717 675 Quia
2741 623 2894 666 tentat
2920 630 3019 678 vos,
3036 614 3233 685 inquit,
3261 616 3507 670 Dominus
3527 617 3657 672 Deus

2099 707 2254 762 vester
2303 701 2469 751 utritm
2507 700 2727 770 diligatis
2762 718 2874 755 eum
2907 719 2973 755 an
3011 719 3128 757 non.
3170 705 3304 759 Vere
3345 721 3450 759 non
3491 707 3656 761 solum

2101 789 2337 853 tentatio,
2367 789 2459 843 sed
2495 792 2654 845 etiam
2683 808 2867 868 magna
2890 794 3107 849 tentatio
3126 795 3353 850 deditam
3381 793 3479 851 sibi
3505 806 3658 867 atque

2099 876 2152 929 in
2168 892 2224 932 se
2239 879 2552 946 pendentem
2579 881 2867 936 Ecelesiam
2891 883 3231 940 admiratione
3246 884 3466 956 ingenii,
3488 888 3656 940 scien-

2100 966 2203 1031 tia),
2226 968 2554 1037 eloquentim,
2582 973 3013 1037 conversationis,
3042 981 3094 1027 et
3127 980 3327 1041 gratiae,
3356 975 3485 1028 nihil
3512 976 3575 1030 de
3602 991 3658 1030 se

2097 1055 2469 1124 suspicantem,
2498 1058 2625 1112 nihil
2643 1072 2932 1125 verentem,
2954 1062 3126 1117 subito
3152 1078 3181 1116 a
3200 1065 3365 1118 veteri
3393 1065 3658 1135 Religione

2096 1144 2149 1198 in
2163 1161 2348 1200 novam
2362 1149 2777 1218 prophanitatem
2791 1153 2984 1206 sensim
3001 1154 3351 1224 paulatimque
3366 1156 3654 1211 traducere.

2096 1233 2201 1289 Sed
2228 1237 2367 1291 dicet
2404 1239 2590 1307 aliquis
2630 1251 2903 1311 corruptos
2928 1258 3044 1297 esse
3069 1243 3307 1313 Origenis
3336 1246 3517 1299 libros.
3546 1247 3657 1301 Non

2093 1325 2319 1391 resisto;
2346 1328 2470 1396 quin
2493 1330 2664 1397 potius
2688 1339 2742 1384 et
2767 1332 2923 1385 malo.
2966 1332 3094 1386 Nam
3134 1333 3185 1386 id
3210 1349 3238 1385 a
3269 1335 3582 1403 quibusdam
3609 1348 3658 1391 ct

2094 1415 2341 1470 traditum
2356 1426 2410 1471 et
2425 1420 2676 1488 scriptum
2692 1430 2791 1486 est,
2815 1438 2918 1475 non
2934 1422 3213 1479 Catholicis
3236 1434 3457 1491 tantum,
3476 1443 3658 1482 verum

2093 1506 2250 1560 etiam
2270 1507 2558 1564 Ilmreticis.
2589 1511 2691 1565 Sed
2717 1513 2842 1566 illud
2864 1514 3099 1583 estquod
3126 1531 3263 1570 nunc
3281 1516 3535 1571 debemus
3560 1519 3658 1573 ad»

2093 1604 2297 1650 vertere
2322 1599 2417 1651 etsi
2446 1614 2548 1651 non
2578 1600 2747 1668 ipsum
2768 1641 2781 1665 ,
2818 1602 2976 1656 libros
3001 1611 3174 1657 tamen
3200 1604 3299 1658 sub
3323 1607 3537 1660 nomine
3561 1623 3660 1662 suo

2092 1686 2280 1752 editos,
2303 1704 2503 1758 magum
2528 1706 2646 1745 esse
2667 1693 2937 1747 tentationi
2963 1713 2975 1747 :
2999 1696 3087 1764 qui
3114 1697 3289 1750 multis
3308 1697 3664 1769 blaSpbemia-

2092 1791 2208 1829 rum
2223 1779 2522 1834 vulneribus
2547 1790 2826 1848 scatentes,
2856 1800 2960 1839 non
2986 1794 3043 1840 ut
3061 1786 3215 1840 alieni
3232 1827 3246 1852 ,
3281 1788 3375 1842 sed
3400 1790 3549 1858 quasi
3577 1793 3659 1845 sui

2092 1875 2146 1918 et
2166 1866 2405 1936 leguntur
2429 1878 2483 1923 et
2511 1879 2783 1936 amantur;
2832 1882 2888 1926 ut
2910 1874 3007 1927 etsi
3029 1875 3082 1927 in
3105 1890 3286 1931 errore
3309 1878 3663 1946 concipiendo

2091 1956 2328 2028 Origcnis
2354 1976 2458 2014 non
2500 1960 2597 2017 fuit
2621 1977 2834 2027 sensus,
2874 1964 2939 2017 ad
2973 1980 3204 2019 errorem
3231 1972 3403 2021 tamen
3432 1984 3659 2038 persua.

2090 2048 2318 2103 dendum
2342 2051 2580 2121 Origenis
2607 2055 2891 2108 auctoritas
2915 2056 3088 2110 valere
3115 2057 3369 2112 videatur.

2160 2140 2342 2194 XVIII.
2380 2142 2486 2197 Sed
2517 2151 2571 2198 et
2607 2144 2908 2199 Tertulliani
2936 2162 3142 2216 quoque
3169 2149 3352 2204 eadem
3387 2152 3523 2205 ratio
3552 2162 3665 2207 est.

2090 2229 2220 2282 Nam
2246 2241 2382 2285 sncut
2409 2232 2494 2286 ille
2513 2235 2649 2302 apud
2671 2233 2881 2289 Gnccos
2898 2278 2911 2300 ,
2942 2235 3012 2289 ita
3032 2237 3117 2291 hic
3142 2238 3278 2307 apud
3303 2237 3518 2294 Latinos
3541 2254 3662 2295 nos-

2092 2324 2290 2372 trorum
2325 2320 2560 2375 omnium
2601 2321 2752 2377 facile
2790 2325 3359 2393 princepsjudicandus
3379 2338 3479 2382 est.
3516 2329 3662 2395 Quid

2090 2409 2231 2463 enim
2258 2409 2357 2465 hoc
2377 2412 2490 2465 viro
2515 2412 2719 2467 doctius
2739 2455 2752 2477 ,
2787 2415 2911 2483 quid
2937 2416 2988 2468 in
3008 2416 3198 2470 divinis
3216 2426 3369 2486 atque
3407 2420 3664 2474 humanis

2091 2500 2249 2555 rebus
2295 2503 2662 2558 exercitatius?
2695 2504 2892 2575 Nempe
2928 2522 3136 2561 omnem
3181 2508 3576 2578 phi1050phiam
3614 2522 3666 2565 et

2090 2600 2305 2646 cunctas
2331 2594 2759 2664 philosophorum
2788 2606 2960 2651 sectas
2977 2639 2992 2662 ,
3020 2606 3261 2653 auctores
3281 2641 3294 2663 ,
3325 2600 3665 2655 adsertores-

2090 2698 2193 2751 que
2213 2694 2506 2751 sectarum,
2547 2701 2834 2757 omnesque
2870 2703 3051 2742 eorum
3072 2689 3389 2759 disciplinas,
3437 2706 3666 2747 omnem

2092 2771 2426 2828 historiarum
2470 2790 2532 2829 ac
2570 2776 2859 2829 studiorum
2902 2778 3204 2831 varietatem
3250 2778 3379 2832 mira
3424 2781 3665 2849 quadam

2091 2863 2282 2916 mentis
2307 2864 2593 2932 capacitate
2632 2865 2933 2934 complexus
2958 2875 3057 2920 est.
3086 2866 3293 2936 Ingenio
3325 2883 3450 2922 vero
3476 2886 3669 2925 nonne

2091 2959 2197 3004 tam
2226 2952 2369 3021 gravi
2388 2967 2450 3007 ac
2477 2954 2772 3008 vehementi
2794 2955 3036 3009 excelluit
3058 2964 3113 3009 nt
3138 2957 3235 3010 sibi
3275 2956 3400 3009 nihil
3429 2974 3581 3028 pene
3602 2961 3669 3015 ad

2092 3042 2494 3111 expugnandum
2527 3046 2857 3113 proposuerit
2882 3046 3019 3114 quod
3052 3062 3153 3100 non
3176 3057 3266 3099 aut
3295 3049 3550 3103 acumine
3590 3050 3671 3104 in-

2091 3134 2309 3201 ruperit,
2332 3143 2422 3188 aut
2436 3134 2666 3203 pondere
2686 3136 2923 3190 eliserit?
2943 3137 3056 3190 Jam
3083 3152 3238 3206 porro
3260 3139 3515 3193 orationis
3554 3157 3675 3197 sua:

2092 3222 2271 3277 Iaudes
2297 3224 2413 3294 quis
2433 3226 2647 3295 exsequi
2668 3227 2837 3280 valeat
2859 3268 2873 3291 ,
2900 3244 3036 3297 quze,
3062 3236 3202 3282 tanta
3242 3231 3419 3284 nescio
3440 3247 3555 3300 qua
3594 3249 3673 3287 ra.

2092 3314 2292 3368 tionum
2316 3317 2630 3371 necessitate
2668 3327 2910 3372 concerta
2945 3328 3025 3373 est
3052 3328 3106 3373 ut
3126 3320 3192 3373 ad
3216 3336 3541 3377 consensum
3589 3328 3674 3379 sul

2092 3418 2223 3471 quos
2243 3404 2463 3459 suadere
2502 3422 2606 3460 non
2641 3407 2869 3476 potuerit
2893 3408 3154 3477 impellat;
3194 3409 3342 3477 cujus
3361 3419 3492 3479 quot
3524 3428 3676 3482 pene

2092 3492 2269 3559 verba,
2298 3501 2376 3548 tot
2396 3496 2668 3550 sententia:
2690 3505 2846 3561 sunt;
2889 3505 3017 3565 quot
3052 3501 3274 3563 sensus,’
3293 3507 3367 3552 tot
3392 3500 3673 3558 victoriae.

2093 3580 2277 3635 Sciunt
2310 3583 2410 3637 hoc
2430 3584 2717 3638 Marciones
2742 3625 2756 3649 ,
2813 3585 3055 3653 Apelles,
3096 3587 3328 3652 Praxem,
3359 3587 3675 3660 Hermoge—

2092 3684 2206 3733 nes,
2222 3671 2406 3738 Judmi,
2432 3671 2684 3739 Gentiles,
2708 3673 2963 3738 Gnostici,
2986 3675 3297 3744 caaterique;
3320 3692 3561 3744 quorum
3585 3682 3679 3738 ille

2091 3759 2441 3830 blasphemias
2467 3763 2644 3818 multis
2658 3779 2722 3818 ac
2745 3764 3279 3834 magnisvoluminum
3299 3782 3525 3823 suorum
3554 3788 3680 3826 mo-

2092 3850 2247 3912 libus,
2275 3851 2418 3904 velut
2439 3851 2752 3920 quibusdam
2791 3852 3121 3919 fulminibus,
3144 3855 3345 3907 evertit.
3374 3856 3445 3909 Et
3458 3865 3679 3916 Jamen

2092 3940 2176 3995 hic
2202 3957 2408 4011 quoque
2435 3951 2555 4012 post
2578 3943 2692 3997 hare
2725 3945 2931 4011 omnia,
2955 3944 3061 4010 hic,
3092 3945 3301 4014 inquam
3322 3987 3337 4012 ,
3366 3946 3681 4006 Tertullia-

2092 4046 2209 4093 nus,
2233 4031 2474 4087 catholici
2495 4032 2770 4102 dogmatis,
2807 4033 2859 4087 id
2884 4042 2983 4100 est,
3009 4033 3317 4088 universalis
3340 4049 3403 4089 ac
3427 4047 3683 4095 vetusta:

2092 4117 2209 4172 fidei
2234 4135 2414 4187 parum
2435 4128 2609 4186 tenax,
2637 4134 2700 4174 ac
2736 4120 2981 4175 disertior
3021 4123 3186 4175 multo
3227 4138 3382 4191 quam
3417 4118 3681 4196 felicior,

2092 4216 2285 4261 mutata
2307 4208 2556 4277 deinceps
2574 4209 2853 4273 sententia,
2884 4209 3005 4263 fecit
3023 4209 3087 4263 ad
3107 4218 3397 4264 extremum
3418 4216 3583 4281 quod
3610 4218 3685 4273 de

2091 4310 2157 4350 eo
2178 4297 2363 4351 beatus
2383 4297 2658 4352 confessor
2677 4297 2902 4351 Hilarius
2925 4297 3151 4367 quodam
3179 4299 3296 4352 loco
3314 4300 3507 4356 scribit
3536 4322 3552 4356 :
3589 4304 3697 4361 So-

2089 4386 2275 4454 quenti,
2300 4386 2484 4455 inquit,
2506 4402 2670 4440 more
2687 4386 2899 4440 detraxit
2920 4388 3117 4456 scriptis
3137 4388 3473 4456 probabilibus
3496 4405 3686 4449 σηοω.

2089 4474 2304 4540 ritatem,
2332 4475 2559 4529 Hilarius
2585 4475 2636 4528 in
2662 4475 2842 4530 Matth.
2870 4490 2919 4529 c.
2942 4475 2994 4529 5.
3018 4476 3084 4528 Et
3108 4474 3205 4528 fuit
3224 4475 3335 4544 ipse
3358 4491 3597 4548 quoque
3626 4482 3689 4538 in

2093 4564 2326 4617 Ecclesia
2348 4578 2532 4633 magna
2553 4564 2790 4618 tentatio.
2815 4563 2918 4617 Sed
2934 4564 3000 4617 de
3019 4564 3122 4617 hoc
3141 4564 3261 4617 uolo
3282 4564 3432 4632 plura
3454 4566 3686 4626 dicere.

2090 4653 2201 4707 Hoc
2236 4661 2435 4707 tantum
2468 4654 2924 4718 commemorabo,
2952 4652 3093 4722 quod
3118 4662 3298 4706 contra
3316 4652 3491 4724 Moysi
3528 4673 3690 4726 pm-

2089 4750 2297 4810 ceptum
2319 4748 2657 4808 exsurgentes
2672 4741 2723 4793 in
2739 4740 2969 4793 Ecclesia
2996 4740 3227 4793 novellas
3239 4739 3476 4793 Montani
3500 4743 3695 4801 furias

2089 4839 2142 4882 et
2152 4831 2332 4882 insana
2346 4827 2435 4881 illa
2448 4828 2745 4881 insanamm
2758 4828 3032 4882 mulierum
3046 4827 3226 4881 novitii
3237 4826 3511 4895 dogmatis
3534 4846 3694 4887 san-

2089 4919 2174 4972 nia
2202 4918 2275 4989 (1)
2300 4930 2451 4970 veras
2471 4915 2770 4985 prophetias
2794 4913 3171 4979 adseverando,
3208 4914 3405 4967 meruit
3431 4925 3493 4968 ut
3511 4918 3595 4972 de
3627 4936 3694 4976 se

2087 5038 2295 5082 veteres
2331 5035 2504 5080 tamen
2533 5040 2688 5079 nemo
2729 5023 3020 5077 accuratius
3056 5023 3144 5076 illo
3183 5021 3339 5075 etiam
3367 5023 3691 5081 Iitteralern

2089 5098 2370 5165 Scriptum:
2396 5092 2973 5165 sensum_exposuit,_nt
2990 5091 3153 5159 probe
3178 5099 3359 5165 uotum
3402 5100 3489 5146 est
3533 5095 3692 5165 illis,

2036 5191 2050 5205 -
2088 5166 2176 5234 qui
2208 5160 2333 5233 'ejus
2377 5160 2763 5234 lucubrationes
2809 5160 3130 5234 evolverunt.
3179 5160 3694 5234 Hinc_optaudurn

2089 5227 2216 5288 sane
2236 5227 2335 5305 est,
2367 5241 2426 5287 ut
2444 5232 2596 5305 paulo
2623 5230 2878 5305 requiores
2904 5230 2954 5305 in
2976 5227 3251 5297 Origenem
3274 5227 3513 5305 fuissent
3534 5247 3695 5286 non-

2089 5304 2214 5356 nulli
2241 5303 2396 5356 etiam
2426 5298 2489 5354 ex
2516 5298 2777 5353 veteribus
2801 5314 2815 5363 ;
2842 5299 2929 5365 qui
2951 5305 3163 5351 strenue
3181 5312 3339 5365 quum
3362 5298 3449 5349 usi
3475 5312 3695 5356 essem

2090 5372 2316 5425 hominis
2334 5369 2617 5430 laboribus,
2647 5381 2830 5435 graves
2856 5374 3035 5435 postea
3061 5365 3108 5435 ei
3129 5365 3247 5435 lites
3273 5365 3621 5435 excitarunt.

2159 5440 2234 5509 (1)
2262 5439 2502 5509 Intelligit
2539 5433 2821 5509 Priscillam
2859 5433 2927 5509 et
2961 5433 3319 5509 Maximinum,
3357 5433 3591 5509 nobiles
3622 5452 3697 5494 ac

2090 5502 2362 5577 opulentas
2377 5502 2618 5577 feminas,
2641 5518 2759 5572 qure
2778 5503 3034 5577 Ecclesias
3047 5502 3238 5577 plures
3247 5516 3378 5577 auro
3398 5502 3691 5577 priq1_mn,

2091 5569 2278 5631 deinde
2298 5575 2511 5641 nefariis
2529 5569 2810 5639 corrupere
2834 5569 3180 5641 dogmatibus.
3198 5570 3279 5641 De
3294 5569 3473 5641 hisac
3504 5569 3694 5641 Non;

2091 5658 2214 5702 tano
2233 5637 2456 5717 Prosper
2470 5644 2519 5697 in
2538 5637 2797 5696 Chronico
2810 5639 2875 5692 ad
2898 5637 3163 5692 Consulat.
3186 5637 3401 5706 Cethegi
3416 5646 3473 5690 et
3490 5640 3691 5711 elati,
