3916 6178
297 339 398 398 ὑῢ5

283 465 488 524 quoque
513 457 568 505 et
609 446 883 518 scripturis
923 445 1032 501 suis
1058 444 1349 498 diceretur:
1378 440 1438 494 Si
1485 440 1751 492 surrexerit
1793 457 1844 492 tn

284 541 442 594 medio
469 539 542 592 tui
569 537 829 608 propheta.
855 535 920 588 Et
938 548 1059 586 mox
1081 550 1092 584 :
1111 529 1228 584 Non
1243 529 1414 582 audies
1437 530 1580 582 verba
1594 528 1846 597 propheta!

284 632 436 684 illius.
458 627 670 696 Quare?
697 623 855 691 Quia,
898 623 1084 692 inquit,
1112 629 1262 674 tentat
1303 635 1386 671 vos
1422 617 1666 670 Dominus
1692 627 1846 669 uester

283 731 446 773 utrum
462 718 681 787 diligatis
701 732 812 768 eum
832 731 896 766 an
921 729 1039 766 non.

349 807 491 862 XIX.
533 805 626 860 His
655 805 812 874 igitur
849 808 924 855 tot
945 816 1006 854 ac
1044 799 1202 852 tantis
1237 797 1545 864 crrtcrisque
1591 796 1848 864 ejusmodi

283 895 766 950 Ecclesiasticorum
794 889 1154 958 exemplorum
1189 885 1413 939 molibus
1450 883 1719 938 evidenter
1752 883 1847 936 ad-

283 995 506 1050 vertere,
534 991 588 1038 et
614 979 904 1035 secundum
933 975 1326 1031 Deuteronomii
1347 975 1490 1042 leges
1517 973 1632 1024 lucc
1660 973 1850 1026 clarius

281 1074 572 1144 intelligere
598 1070 873 1133 debemus,
896 1066 1036 1136 quod
1058 1067 1102 1118 si
1127 1063 1336 1133 quando
1357 1063 1544 1130 aliquis
1573 1061 1853 1114 Ecclesias-

280 1167 416 1219 ticus
450 1163 748 1230 magistcra
777 1158 877 1212 ﬁde
915 1154 1256 1218 aberraverit,
1299 1153 1365 1206 ad
1413 1152 1752 1205 tentationem
1801 1151 1852 1204 id

269 1263 516 1360 pmstram
543 1251 658 1322 ﬁeri
682 1247 1018 1302 Providentia
1048 1245 1222 1296 divina
1255 1243 1503 1310 patiatur,
1541 1249 1714 1293 utrum
1738 1239 1854 1292 dili—

383 1359 391 1360 ,
425 1357 463 1360 ,-
493 1341 653 1360 n__-_.
697 1352 759 1360 -...
785 1351 884 1360 ..λη
928 1335 977 1360 2.,
1018 1341 1124 1360 lnln
1162 1330 1318 1360 ητις-,1η
1359 1337 1406 1360 ΑΙ
1445 1329 1496 1360 ξ..
1537 1337 1640 1360 [nlo
1682 1327 1850 1360 animo

280 1357 468 1414 gamus
493 1341 656 1394 Deum
696 1352 761 1390 an
785 1351 888 1389 non
928 1335 977 1386 in
1018 1341 1125 1385 toto
1161 1330 1318 1384 corde
1358 1337 1410 1383 et
1445 1329 1496 1382 in
1537 1337 1642 1382 tota
1681 1327 1852 1379 anima

286 1439 462 1484 nostra
474 1469 486 1481 .
525 1447 534 1452 '

353 1519 474 1573 XX.
504 1517 632 1583 Quae
665 1531 786 1568 cum
813 1515 882 1566 ita
912 1511 1036 1576 sint,
1078 1511 1164 1563 ille
1191 1517 1272 1562 est
1302 1523 1458 1560 verus
1486 1515 1538 1560 et
1575 1519 1856 1576 germanus

280 1609 589 1665 Catholicus
607 1605 696 1674 qui
711 1603 985 1658 veritatem
1011 1600 1124 1664 Dei,
1148 1598 1235 1666 qui
1255 1597 1562 1658 Ecclesiam,
1592 1595 1678 1662 qui
1701 1595 1856 1648 Chri-

281 1701 348 1754 sti
378 1712 572 1766 corpus
602 1694 787 1762 diligit,
817 1692 906 1761 qui
938 1689 1126 1743 divinae
1163 1687 1442 1755 Religioni,
1473 1685 1558 1753 qui
1587 1684 1858 1738 catholica:

281 1787 408 1843 ﬁdei
436 1785 568 1839 nihil
599 1781 875 1853 pmponit,
917 1794 1020 1832 non
1057 1775 1282 1829 hominis
1313 1775 1602 1842 cujuSpiam
1634 1773 1860 1826 auctori-

284 1884 473 1940 tatem,
502 1889 607 1927 non
634 1887 890 1934 amorem,
913 1883 1018 1922 non
1042 1867 1327 1936 ingenium,
1353 1879 1458 1916 non
1486 1863 1857 1932 eloquentiam,

285 1984 392 2022 non
416 1963 836 2034 philosophiam;
873 1960 965 2013 sed
1015 1957 1129 2010 haec
1158 1965 1344 2010 cuncta
1381 1954 1696 2022 despiciens,
1728 1960 1781 2006 et
1808 1952 1860 2004 in

285 2057 392 2112 ﬁde
419 2057 576 2120 ﬁxus,
605 2053 828 2116 stabilis,
853 2063 1184 2118 permanens,
1214 2045 1460 2116 quicquid
1499 2043 1864 2098 universaliter

286 2146 582 2215 antiquitus
607 2143 897 2198 Ecclesiam
934 2139 1257 2193 Catholicam
1286 2136 1518 2190 tenuisse
1538 2134 1861 2202 cognoverit,

290 2235 344 2290 id
373 2235 548 2290 solum
568 2232 667 2287 sibi
689 2229 974 2285 tenendum
997 2226 1423 2294 credendumque
1443 2224 1704 2288 decernit;
1729 2223 1868 2291 quic—
1911 2251 1917 2256 -

291 2322 420 2394 quid
445 2336 574 2376 vero
603 2320 668 2373 ab
705 2319 878 2387 aliquo
926 2316 1175 2382 deinceps
1215 2328 1319 2367 uno
1347 2321 1539 2382 praeter
1569 2327 1752 2365 onmes
1785 2311 1866 2364 vel

291 2420 486 2467 contra
532 2423 718 2462 omnes
744 2413 952 2460 sanctos
985 2418 1178 2457 novum
1215 2411 1268 2456 et
1293 2401 1584 2455 inauditum
1610 2398 1866 2454 subindici

293 2502 546 2567 senserit,
577 2500 627 2554 id
666 2514 770 2552 non
817 2497 882 2551 ad
923 2495 1247 2564 Religionem
1293 2491 1387 2547 sed
1415 2492 1481 2545 ad
1520 2491 1867 2545 tentationem

297 2594 475 2664 potius
493 2591 732 2659 intelligit
755 2588 1042 2657 pertinere,
1063 2593 1171 2637 tum
1195 2583 1455 2660 praecipue
1475 2581 1614 2636 beati
1635 2578 1868 2648 Apostoli

299 2655 447 2738 -Pauli
467 2655 703 2736 eruditus
734 2655 983 2746 eloquiis:
1003 2676 1103 2728 hoc
1124 2681 1203 2727 est
1227 2655 1364 2726 enim
1383 2671 1522 2740 quod
1545 2671 1597 2724 in
1627 2671 1791 2738 [rima
1804 2667 1870 2721 ad

302 2771 604 2826 Corinthios
627 2766 856 2836 Epistola
872 2764 1054 2818 scribit
1080 2781 1090 2815 :
1127 2762 1354 2830 Oportet,
1385 2759 1570 2828 inquit,
1599 2767 1646 2810 et
1661 2758 1871 2810 lucri-“ses

305 2879 424 2924 esse,
448 2871 502 2913 ut
543 2858 735 2928 probati
759 2854 1009 2922 manifesti
1031 2853 1153 2922 fiant
1181 2853 1231 2903 in
1258 2849 1454 2912 vobis,l
1485 2847 1598 2902 Cor.
1631 2848 1687 2900 ll
1710 2862 1800 2912 ,ac
1828 2847 1872 2900 si

304 2951 504 3004 diceret
529 2967 540 3002 :
569 2947 648 3001 0b
682 2947 784 2998 hoc
806 2945 1074 2997 haereseon
1106 2956 1209 2994 non
1237 2939 1414 2992 statim
1441 2937 1690 2990 divinitus
1711 2937 1874 2989 eradi-

305 3049 497 3096 cantur
547 3047 791 3093 auctores
816 3077 828 3098 ,
853 3043 910 3088 ut
935 3033 1138 3102 probati
1165 3029 1426 3083 manifesti
1453 3027 1596 3093 ﬁant,
1621 3027 1670 3080 id
1694 3035 1790 3089 est,
1821 3035 1877 3079 ut

307 3130 666 3200 unusquisque
678 3143 833 3197 quam
850 3134 1004 3180 tenax
1025 3131 1077 3177 et
1089 3121 1254 3176 ﬁdelis
1271 3129 1320 3174 et
1337 3119 1468 3177 ﬁxus
1479 3117 1744 3172 catholicae
1757 3116 1876 3170 ﬁdei

308 3225 374 3277 sit
393 3231 601 3276 amator
625 3225 892 3288 appareat.
931 3217 998 3268 Et
1034 3225 1238 3277 revera,
1276 3211 1394 3264 eum
1422 3224 1642 3279 qumque
1674 3207 1878 3262 novitas

309 3313 510 3378 ebullit,
535 3309 713 3363 statim
735 3306 966 3362 cernitur
985 3305 1365 3358 frumentorum
1387 3298 1613 3367 gravitas
1629 3305 1681 3350 et
1696 3297 1878 3350 levitas

311 3405 609 3471 palearum;
652 3407 776 3451 tunc
819 3397 932 3450 sine
975 3407 1165 3461 magno
1207 3389 1476 3444 molimine
1515 3387 1775 3440 excutitur
1813 3385 1880 3438 ab

311 3505 430 3546 area
452 3488 594 3560 quod
621 3487 766 3541 nullo
785 3483 1016 3554 pondere
1040 3481 1176 3534 intra
1209 3493 1385 3530 aream
1408 3475 1699 3529 tenebatur.
1723 3473 1879 3526 Nam—

311 3597 410 3652 que
437 3581 527 3634 alii
561 3579 700 3632 illico
734 3589 950 3644 prorsus
982 3571 1222 3632 avolant;
1253 3567 1339 3619 alii
1367 3579 1494 3619 vero
1522 3561 1880 3616 tantummodo

311 3669 554 3734 excussi,
583 3675 638 3721 et
663 3666 836 3735 perire
863 3666 1120 3724 metuunt,
1145 3665 1198 3711 et
1223 3655 1397 3709 redire
1427 3652 1743 3706 erubescunt
1761 3666 1880 3704 sau—

311 3806 398 3876 qui
415 3801 606 3876 incidit
618 3801 668 3852 in
683 3791 1014 3876 ann.§hris}i
1031 3789 1131 3843 170
1151 3805 1162 3839 :
1186 3806 1204 3836 ι
1216 3785 1326 3868 liae
1338 3788 1651 3876 tempestate
1667 3777 1882 3876 pseudo-

677 3849 794 3936 quae
806 3862 1160 3943 (htaphrygas
1180 3849 1720 3943 nominaturhaccepit
1731 3863 1879 3926 exor-

317 3916 336 3996 ξ
367 3916 806 4006 Eiiinj'iiéiisiib
819 3916 1054 4006 auctore;
1069 3916 1270 4006 prisca
1281 3923 1470 4006 Maxiqi
1475 3921 1664 4006 illaque
1685 3916 1880 4006 iqsaln‘is

319 3985 336 4064 ξ
368 3985 870 4066 'is'ciiﬁén’
893 3985 1058 4055 errori
1119 3993 1392 4066 Provineia
1432 3985 1657 4066 Phrygia
1706 3985 1878 4066 dedit,

319 4054 336 4133 ί
371 4054 819 4150 {liiiixiieiibié's
836 4054 948 4140 ejus
961 4068 1066 4149 illic
1075 4063 1320 4150 primitiis
1343 4054 1684 4150 .exstite‘runt,
1707 4054 1884 4150 ibique

320 4121 337 4200 ξ
743 4121 1144 4211 nuncetiam'in
1169 4127 1629 4211 eisdem‘pa‘rtibps
1665 4121 1884 4202 populos

325 4193 342 4271 λ
369 4193 904 4272 ᾖέᾖῖιίῖίλᾶίνὲίιῖυω
927 4201 1355 4274 SpiritusSancli
1372 4193 1412 4251 if
1427 4196 1648 4274 I_)o_mino
1671 4193 1886 4274 promis-

328 4266 344 4338 i
529 4266 586 4338 iii
607 4266 672 4338 sed
685 4281 879 4351 potius,
897 4266 1052 4351 quam
1069 4275 1126 4351 in_
1143 4269 1420 4351 Apostolus
1440 4266 1599 4351 fuisse
1611 4269 1880 4351 asserum:

327 4377 344 4406 ι
376 4331 978 4418 Ξξέίιῖίᾶὶιζηῖᾦίίξιέρὶο
997 4331 1426 4418 {critica-tionibus
1451 4335 1670 4418 habent;
1695 4340 1753 4412 et
1769 4331 1886 4384 ideo

328 4445 344 4475 ι
377 4401 1004 4488 ῖιῖέιῖίιῖῖξξιξρἓὲῐηίὲἰεεθ
1039 4405 1631 4488 ΛροεῑομιιηῬειιιιιιηι³
1667 4401 1790 4470 quia
1816 4415 1888 4479 ex

329 4469 346 4544 ;
379 4469 840 4564 mutantia
943 4469 1722 4564 sacietatem;nonde
1744 4469 1888 4564 οειίηι

330 4540 347 4613 ξ
376 4540 770 4630 "Exibit
796 4540 1084 4630 perfectum
1104 4540 1357 4630 est-illoc
1384 4553 1558 4626 autem
1598 4540 1888 4630 perfectum

331 4611 348 4683 ᾇ
373 4611 756 4692 ἰῆνῇξῐῖιξιηῖιιη,
773 4611 825 4679 οὶ
837 4625 887 4677 in
901 4623 1012 4688 ejus
1026 4618 1378 4692 prophetissas
1390 4615 1597 4668 venisse
1607 4611 1849 4692 delirant.
1865 4625 1882 4657 ι

875 4677 1042 4759 usque
1071 4677 1139 4759 ad
1166 4685 1389 4759 mediam
1413 4691 1617 4736 tetatem
1641 4677 1890 4759 Ecclesiae

331 4745 622 4850 presbyter;
643 4787 660 4818 ι
683 4745 872 4819 invidia
888 4745 1070 4829 postea
1086 4799 1100 4822 ,
1121 4754 1648 4850 inquitliierionymus
1661 4745 1885 4850 inrglatal'.

385 4839 414 4850 "
575 4837 612 4850 "'
676 4837 686 4850 '
813 4849 817 4850 ν
859 4832 920 4850 ν*
965 4837 1007 4850 -ι
1030 4835 1267 4850 nunc-ann
1293 4839 1348 4850 --η
1438 4831 1692 4850 ,πηοηυιηη
1755 4829 1885 4850 nmq-

339 4815 784 4908 ea
791 4815 841 4908 ξ
960 4837 1013 4882 et
1025 4815 1352 4908 contumeliis
1363 4815 1692 4908 'Clericorum

339 4928 356 4958 ‹
475 4883 746 4968 έροιοείίιῑξ
760 4883 1274 4968 adiltmtanidogma
1295 4891 1557 4968 delapsus,
1574 4887 1624 4938 in
1641 4883 1892 4968 multisli—

341 4997 356 5027 ι
383 4951 754 5032 meminit
765 4951 917 5026 novat
943 4951 1230 5034 prophetitc
1248 4979 1258 5014 :
1279 4951 1575 5034 specialiter
1593 4962 1768 5034 autem
1799 4951 1894 5034 ad-

341 5066 358 5096 t
942 5019 1106 5088 texuit
1129 5019 1502 5101 voluminazde
1531 5019 1894 5101 pudicitiatde

343 5134 360 5166 ι
383 5089 1094 5174 péiéééhuonéia‘éiéjuuas,
1119 5102 1184 5155 de
1213 5089 1555 5174 Monogamia',
1577 5093 1645 5174 de
1661 5089 1825 5174 estasi
1843 5090 1897 5140 li-

345 5159 1058 5246 srep'tiinum
1083 5159 1252 5246 'quem
1284 5159 1532 5246 adfersus
1564 5159 1895 5246 Apollpnipm

345 5273 362 5304 ‹
389 5227 700 5322 composuit.
729 5227 1172 5322 iDolrendus‘saﬁe
1189 5235 1414 5322 hominis
1431 5227 1900 5322 lapsus,qt'tia.liie-

931 5315 982 5392 in
995 5311 1166 5392 hlpist.
1183 5307 1249 5392 ad
1263 5305 1308 5356 Μ
1313 5296 1510 5392 agnun‘i
1507 5342 1520 5363 ,
1539 5301 1674 5392 inter
1686 5296 1898 5392 Lptirn‘o‘s

839 5364 1112 5442 eruditius,
1135 5377 1214 5430 vel
1231 5364 1460 5445 acutius;
1481 5367 1688 5436 quando
1707 5364 1901 5445 Apol?—

343 5433 707 5530 igéii'éuéféj'm,
784 5433 975 5530 contra
991 5433 1342 5530 (deities-libri,
1357 5433 1613 5530 atracia
1798 5433 1903 5530 εἱς

346 5503 872 5593 ῗὶἧῖῇιυιιίξοίιῖιίηίιῖιῖξ
895 5503 1080 5572 Fertur
1103 5515 1290 5567 vixisse
1307 5503 1472 5578 usque
1499 5506 1562 5558 ad
1583 5503 1900 5572 decrepitam

343 5607 548 5654 atatem
557 5635 568 5648 .

1442 324 2002 382 COMMONITORIUM
2047 321 2327 376 PRIMUM.

3405 325 3506 378 εἶπα

1950 437 2036 502 cii,
2063 440 2352 493 semineces
2373 454 2432 491 ac
2460 439 2693 492 semivivi
2717 456 2728 502 ;
2753 439 2941 506 quippe
2981 436 3065 508 qui
3088 445 3284 492 tantam
3318 439 3506 492 veneni

1951 528 2218 582 hauserint
2237 531 2576 598 quantitatem
2603 545 2716 597 quae
2746 544 2840 582 nec
2871 527 3071 582 occidat
3099 542 3193 581 nec
3222 527 3501 595 digeratur,

1951 635 2049 673 nec
2076 621 2206 674 mori
2232 629 2384 688 cogat
2409 636 2504 674 nec
2541 620 2716 672 vivere
2744 621 2898 682 sinat,
2929 620 3030 671 heu
3063 618 3356 670 miseranda
3381 631 3508 670 con-

1952 709 2079 762 ditio
2104 711 2114 761 !
2147 711 2351 778 quantis
2379 709 2448 761 illi
2469 723 2710 764 curarum
2734 709 2965 772 restibus,
2989 707 3196 774 quantis
3219 705 3508 758 turbinibus

1953 800 2312 868 exagitantur?
2337 799 2482 856 Nunc
2504 798 2720 860 etenim,
2743 813 2844 865 qua
2865 807 3050 849 ventus
3071 795 3352 863 impulerit,
3380 793 3510 846 inci-

1953 897 2062 942 tato
2088 903 2266 942 errore
2304 889 2608 956 rapiuntur;
2651 901 2788 938 nunc
2835 887 2882 938 in
2921 886 3232 952 semetipsos
3273 883 3506 946 reversi,

1957 987 2199 1046 tanquam
2227 977 2468 1030 contrarii
2499 975 2703 1038 ﬂuctus,
2735 975 3052 1038 reliduntur,
3077 987 3214 1024 nunc
3237 972 3509 1024 temeraria

1955 1065 2360 1134 prmsumptione
2403 1073 2455 1118 et
2487 1079 2546 1116 ea
2576 1079 2688 1132 quae
2712 1064 2906 1114 incerta
2929 1061 3169 1114 videntur
3187 1059 3508 1127 adprobant;

1956 1171 2094 1208 nunc
2115 1153 2396 1206 irrationali
2427 1161 2585 1215 metu,
2615 1152 2770 1204 etiam
2802 1165 2917 1217 quae
2944 1159 3084 1202 certa
3113 1157 3234 1200 sunt
3261 1161 3512 1213 expaves—

1958 1253 2109 1306 cunt;
2140 1242 2323 1294 incerti
2351 1257 2452 1309 qua
2483 1250 2622 1304 eant,
2668 1255 2767 1307 qua
2803 1239 3036 1300 redeant,
3073 1237 3193 1304 quid
3234 1235 3512 1310 adpetant,

1958 1333 2079 1400 quid
2111 1331 2454 1400 l'ugiant,qnid
2479 1328 2840 1396 lcneant,qnid
2864 1327 3142 1378 dimittant.
3161 1323 3287 1388 Quae
3308 1323 3516 1390 quidem

1959 1421 2098 1474 dubii
2116 1430 2169 1474 et
2195 1421 2328 1472 male
2347 1419 2552 1488 penduli
2575 1419 2746 1472 cordis
2766 1418 2976 1470 al'llictio
2992 1415 3178 1469 divina:
3196 1427 3316 1482 erga
3345 1429 3400 1466 se
3424 1413 3520 1464 mi-

1962 1512 2238 1564 serationis
2259 1519 2339 1562 est
2364 1511 2642 1572 medicina,
2673 1509 2714 1562 si
2739 1509 2960 1576 sapiant.
2995 1507 3188 1558 Idcirco
3209 1505 3402 1557 etenim
3425 1519 3518 1556 ex-

1963 1609 2040 1652 tra
2065 1600 2376 1652 tutissimum
2405 1599 2673 1652 catholica:
2695 1598 2813 1650 ﬁdei
2835 1607 3042 1665 portum
3072 1595 3291 1649 diversis
3321 1596 3520 1661 cogita—

1965 1691 2161 1744 tionum
2202 1689 2522 1758 quatiuntur,
2553 1688 2925 1750 verberantur,
2965 1701 3025 1739 ac
3065 1701 3198 1754 pene
3239 1692 3520 1737 caecantur

1963 1784 2225 1852 procellis,
2249 1791 2304 1835 ut
2324 1796 2538 1834 excussa
2563 1781 2612 1832 in
2635 1779 2796 1831 altum
2829 1779 2977 1830 elata:
3001 1776 3192 1829 mentis
3221 1775 3334 1828 vela
3361 1773 3523 1842 depo—

1966 1882 2109 1936 nant,
2139 1889 2254 1941 qua:
2287 1872 2422 1924 male
2461 1870 2747 1922 novitatum
2799 1868 2966 1920 ventis
3003 1864 3386 1934 expanderant,
3435 1877 3522 1916 se—

1966 1979 2125 2032 seque
2154 1963 2288 2014 intra
2307 1959 2606 2013 tidissimam
2634 1958 2908 2012 stationem
2931 1955 3143 2024 placidae
3159 1969 3218 2006 ac
3239 1955 3386 2006 bona:
3414 1966 3525 2004 ma-

1967 2057 2062 2110 tris
2090 2055 2340 2108 reducant
2359 2060 2411 2104 et
2433 2057 2662 2110 teneant,
2692 2057 2845 2116 atque
2871 2061 3079 2099 amaros
3115 2045 3230 2097 illos
3259 2041 3526 2096 turbulen-

1971 2155 2154 2214 tosque
2174 2157 2415 2196 errorum
2443 2139 2628 2192 [luctus
2651 2137 2890 2206 primitus
2923 2142 3213 2194 reveniant,
3243 2139 3300 2184 ut
3327 2129 3528 2198 possint

1968 2234 2215 2302 deinceps
2241 2231 2372 2283 viva:
2392 2237 2445 2282 et
2471 2227 2702 2280 salientis
2731 2239 2878 2292 aqua:
2906 2223 3094 2276 fluenta
3123 2231 3320 2290 potare.
3343 2217 3512 2271 Dcdis

1971 2333 2092 2378 eant
2110 2325 2242 2377 bene
2263 2320 2402 2390 quod
2431 2317 2720 2372 didicerant
2738 2329 2841 2366 non
2862 2314 3026 2376 bene;
3057 2321 3110 2364 et
3128 2325 3189 2364 ex
3213 2317 3320 2362 toto
3343 2307 3497 2360 Eeele

1972 2416 2062 2470 site
2082 2413 2324 2481 dogmate
2349 2408 2486 2477 quod
2513 2405 2776 2458 intellectu
2803 2401 2914 2471 capi
2943 2407 3113 2469 potest
3131 2398 3355 2466 capiant,
3389 2394 3528 2463 quod

1973 2519 2076 2556 non
2107 2507 2278 2570 potest
2303 2497 2536 2552 credant.

2043 2589 2183 2644 ΧΧΙ.
2215 2588 2341 2653 Quae
2370 2599 2487 2640 cum
2513 2585 2580 2635 ita
2608 2583 2730 2642 sint,
2751 2583 2937 2632 iterum
2959 2587 3114 2645 atque
3135 2577 3323 2629 iterum
3350 2573 3531 2628 eadem

1974 2695 2182 2734 mecum
2226 2675 2501 2730 revolvens
2539 2679 2592 2724 et
2618 2677 2886 2737 reputans,
2937 2665 3112 2717 mirari
3167 2663 3294 2716 satis
3333 2677 3536 2730 nequeo

1977 2777 2172 2823 tantam
2189 2762 2531 2834 quorumdam
2553 2759 2820 2812 hominum
2841 2755 3126 2818 vesaniam,
3151 2761 3344 2804 tantam
3368 2765 3538 2804 excre-

1976 2867 2107 2910 cat:e
2127 2853 2317 2907 mentis
2340 2849 2680 2918 impietatem,
2707 2853 2902 2898 tantam
2943 2849 3206 2910 postremo
3233 2839 3442 2892 errandi
3471 2839 3538 2890 li-

1976 2946 2207 3000 bidinem
2239 2950 2293 2994 ut
2319 2937 2548 2994 contenti
2573 2949 2676 2987 non
2707 2933 2812 2986 sint
2839 2930 3025 2983 tradita
3062 2927 3220 2981 semel
3253 2935 3306 2980 et
3323 2933 3536 2993 accepta

1979 3033 2265 3102 antiquitus
2291 3025 2536 3082 credendi
2563 3023 2762 3091 regula,
2792 3019 2883 3073 sed
2911 3033 3042 3070 nova
3068 3031 3129 3070 ac
3163 3030 3294 3068 nova
3317 3015 3367 3066 in
3397 3014 3537 3066 diem

1980 3128 2235 3193 quaerant,
2259 3128 2569 3185 semperque
2590 3109 2781 3179 aliquid
2804 3108 3026 3178 gestiant
3046 3105 3298 3174 Religioni
3325 3102 3536 3163 addere,

1981 3223 2204 3274 mutare,
2233 3207 2544 3268 detrahere;
2566 3202 2713 3271 quasi
2743 3215 2844 3254 non
2867 3197 3080 3252 cmlcste
3111 3197 3294 3264 dogma
3317 3193 3542 3261 sitquod

1982 3303 2144 3358 semel
2183 3299 2470 3354 revelatum
2490 3307 2607 3346 esse
2635 3289 2875 3352 sufﬁciat,
2905 3287 2995 3341 sed
3025 3295 3229 3338 terrena
3259 3282 3540 3343 institutio,

1982 3408 2099 3462 qua:
2124 3391 2273 3450 aliter
2297 3385 2474 3456 perlici
2491 3382 2588 3436 nisi
2611 3379 2816 3434 assidua
2838 3375 3222 3436 emendatione,
3253 3373 3356 3424 imo
3375 3370 3568 3438 potius.

1983 3478 2392 3550 reprehensione
2409 3489 2510 3528 non
2529 3471 2712 3540 possit,
2731 3482 2848 3521 cum
2867 3465 3038 3518 divina
3059 3463 3284 3516 clament
3302 3458 3508 3513 oracula
3529 3477 3540 3511 :

1986 3573 2068 3626 Ne
2088 3569 2360 3638 transferas
2381 3557 2613 3618 terminos
2633 3575 2754 3630 quos
2792 3563 3058 3626 posuerunt
3073 3561 3237 3621 patres
3264 3551 3353 3613 tui,
3389 3549 3539 3600 Prov.

1983 3663 2082 3724 29.;
2104 3669 2184 3714 et:
2206 3636 2372 3726 Super
2381 3653 2692 3724 judicantent
2711 3662 2772 3698 ne
2781 3645 2996 3714 judices,
3027 3640 3183 3693 Eccli.
3213 3639 3273 3700 8;
3302 3636 3548 3691 et:Scin-

1986 3722 2180 3803 dentem
2211 3722 2392 3815 sepem
2408 3737 2646 3794 mordebit
2666 3750 2776 3786 eum
2802 3745 3022 3800 serpens,
3047 3727 3238 3780 Eccles.
3259 3725 3345 3790 10,
3360 3722 3548 3776 etillutl

1985 3813 2350 3910 apostolicum,
2373 3847 2477 3902 quo
2502 3841 2684 3882 omnes
2705 3824 2938 3879 omnium
2973 3820 3242 3871 haereseon
3281 3813 3548 3868 scelerate

1987 3909 2246 3986 novitates
2267 3925 2406 3979 velut
2425 3920 2651 3991 quodam
2679 3913 2899 3984 spiritali
2925 3909 3099 3981 gladio
3129 3921 3269 3976 stepe
3295 3912 3548 3959 truncatte

1988 4033 2300 4090 semperque
2343 4011 2644 4068 truncandce
2683 4013 2806 4062 sunt
2834 4023 2845 4057 :
2873 4004 2916 4057 Ο
2965 3999 3234 4063 Timotheo,
3272 3997 3548 4066 depositum

1989 4087 2204 4174 custodi,
2218 4087 2448 4162 devitans
2469 4103 2755 4174 prophanas
2775 4111 2946 4150 vocum
2961 4093 3197 4147 novitates
3224 4099 3268 4142 et
3283 4087 3547 4158 oppositio-

1991 4223 2076 4259 nes
2102 4204 2220 4274 falsi
2261 4199 2474 4254 nominis
2512 4193 2747 4255 scientia},
2776 4205 2923 4260 quam
2949 4185 3148 4256 quidam
3189 4181 3544 4252 promittentes,

1990 4271 2122 4351 circa
2143 4295 2293 4364 ﬁdem
2331 4289 2634 4349 cxcidenmt,
2667 4285 2715 4347 l,
2743 4282 2871 4334 Tim.
2912 4279 2963 4332 6.
2993 4277 3059 4330 Et
3099 4281 3219 4343 post
3253 4273 3367 4326 lucc
3403 4271 3551 4324 inve-

1991 4361 2204 4442 niuntur
2229 4381 2384 4450 aliqui
2412 4371 2554 4432 tanta
2595 4376 2896 4427 inveterata:
2946 4364 3132 4418 frontis
3167 4361 3377 4424 duritia,
3411 4367 3552 4412 tanta

1992 4475 2328 4548 impudentiae
2373 4468 2580 4532 incude,
2623 4471 2766 4518 tanto
2791 4459 3067 4513 adamante
3099 4453 3419 4523 pertinaciae,
3464 4449 3554 4518 qui

1992 4539 2150 4621 tantis
2170 4562 2492 4631 eloquiorum
2509 4553 2800 4610 cmlestium
2822 4547 3042 4601 molibus
3061 4559 3164 4596 non
3182 4539 3552 4600 succumbant,

1993 4657 2154 4710 tantis
2175 4630 2493 4722 ponderibus
2512 4661 2614 4700 non
2640 4643 2900 4702 fatiscant,
2925 4634 3081 4689 tantis
3095 4630 3298 4684 malleis
3319 4643 3421 4681 non
3439 4642 3557 4680 eon-

1995 4753 2308 4816 quassentur
2331 4785 2344 4809 ,
2373 4741 2529 4795 tantis
2551 4745 2820 4806 postremo
2843 4725 3143 4782 fulminibus
3163 4736 3267 4775 non
3290 4727 3557 4773 conteran-

1997 4839 2122 4892 tur?
2149 4836 2344 4898 Devita,
2382 4830 2566 4900 inquit,
2605 4824 2894 4895 prophanas
2932 4833 3102 4871 vocum
3137 4813 3373 4866 novitates
3403 4808 3556 4861 :Non

1998 4929 2127 4983 dixit
2147 4896 2480 4995 antiquitates,
2512 4935 2613 4972 non
2641 4915 2772 4969 dixit
2796 4919 3090 4968 vetustates;
3119 4905 3223 4956 imo
3251 4903 3400 4970 plane
3435 4896 3557 4966 quid

1999 5039 2030 5077 e
2049 5019 2311 5076 contrario
2331 5019 2636 5083 sequeretur
2655 5001 2900 5060 ostendit.
2922 4999 3051 5052 Nam
3071 4997 3114 5048 si
3137 4991 3342 5046 vitanda
3365 4997 3444 5042 est
3464 5003 3556 5039 nn-

2001 5115 2154 5175 vitas,
2187 5104 2410 5161 tenenda
2429 5109 2510 5155 est
2529 5095 2840 5164 antiquitas;
2873 5097 2926 5142 et
2950 5087 2992 5140 si
3018 5083 3284 5153 prophana
3305 5085 3386 5130 est
3411 5075 3558 5128 novi-

2005 5211 2103 5264 tas,
2133 5164 2332 5252 sacrata
2361 5200 2443 5247 est
2467 5196 2718 5242 vetustas.
2747 5181 2808 5234 Et
2837 5175 3187 5247 oppositiones,
3229 5166 3412 5233 inquit,
3443 5164 3558 5262 falsi

2005 5288 2217 5343 nominis
2250 5282 2485 5336 scirntiw.
2517 5278 2650 5332 Vere
2683 5273 2866 5326 falsum
2908 5277 3097 5318 nomen
3135 5255 3270 5326 apud
3297 5251 3560 5306 doctrinas

2009 5379 2414 5436 llzercticorum;
2445 5378 2500 5423 ut
2527 5364 2812 5438 ignorantia
2827 5355 3077 5419 scientiae,
3097 5357 3150 5404 et
3173 5347 3338 5415 caligo
3359 5341 3560 5398 sereni-

2009 5469 2151 5530 tatis,
2177 5474 2228 5518 et
2251 5463 2475 5516 tenebrae
2501 5456 2711 5510 luminis
2737 5447 3080 5519 appellatione
3108 5439 3359 5492 fueentur.
3400 5432 3562 5496 Quam

2011 5561 2236 5628 quidam,
2284 5553 2469 5622 inquit,
2502 5547 2854 5615 promittentes,
2902 5539 3032 5589 virm
3080 5533 3222 5601 fidem
3259 5525 3560 5580 exciderunt.
