3916 6178
389 361 493 417 667

388 477 521 541 Quid
541 468 901 542 promittentes
918 459 1241 522 exciderunt,
1263 457 1363 510 nisi
1385 469 1572 508 novam
1593 468 1770 508 nescio
1785 467 1939 522 quam

382 566 777 632 ignoratamque
827 549 1151 607 doetrinam?
1190 546 1387 600 Audias
1439 545 1632 599 etenim
1682 542 1937 613 quosdam

384 631 619 720 ipsorum
656 645 832 697 dicere
857 659 868 693 :
904 639 1114 702 Venite,
1146 649 1178 690 ο
1206 635 1509 703 insipientes
1538 641 1591 687 et
1622 631 1822 695 miseri,
1850 631 1937 699 qui

382 743 538 811 vulgo
562 736 812 794 Catholici
845 730 1162 792 vocitamini,
1203 737 1257 781 et
1297 726 1482 790 discite
1525 723 1681 778 tidem
1722 735 1934 786 veram,

382 847 537 902 quam
564 837 754 899 prater
779 839 875 878 nos
900 822 1070 876 nullus
1099 818 1355 886 intelligit,
1377 832 1493 884 qua:
1518 814 1695 867 multis
1709 821 1830 866 ante
1850 827 1936 865 se-

383 898 514 976 culis
539 898 705 980 latuit,
737 927 902 982 nuper
945 924 1069 963 vero
1106 906 1332 961 revelata
1371 912 1426 957 et
1465 911 1675 956 ostensa
1703 908 1817 964 est;
1846 898 1939 951 sed

384 1008 567 1063 discite
593 1005 767 1058 furtim
794 1010 949 1068 atque
968 997 1212 1051 secretim
1238 1012 1249 1046 :
1273 992 1551 1047 delectabit
1570 990 1709 1043 enim
1730 1003 1839 1041 vos.
1873 988 1939 1040 Et

359 1076 506 1181 :item
537 1113 550 1148 :
590 1094 719 1148 Cum
757 1088 1075 1149 didiceritis,
1118 1085 1335 1136 latenter
1366 1080 1670 1143 docete;ne
1712 1076 1939 1129 mundus

360 1170 579 1247 laudiat,
603 1197 699 1236 nec
726 1177 955 1233 Ecclesia
992 1174 1151 1227 sciat:
1183 1170 1361 1240 paucis
1384 1181 1604 1234 namque
1630 1179 1936 1218 concessum

353 1266 359 1283 ⁸
385 1284 465 1329 est
492 1274 620 1327 tanti
645 1269 877 1341 mysterii
906 1279 1093 1333 capere
1118 1269 1396 1315 secretum.
1427 1258 1607 1310 Nonne
1643 1254 1753 1308 inec
1782 1253 1938 1307 verba

350 1350 359 1411 Ϊ
385 1373 506 1417 sunt
533 1364 668 1415 illius
680 1357 990 1413 anerotricis
1015 1369 1130 1422 quae
1156 1350 1292 1420 apud
1330 1347 1624 1402 Salomonis
1661 1344 1937 1398 Proverbia

386 1462 538 1506 vocat
556 1450 619 1504 ad
646 1464 703 1503 se
725 1452 1098 1517 praetereuntes
1120 1441 1254 1492 viam
1278 1438 1364 1506 qui
1385 1435 1614 1503 dirigunt
1633 1437 1732 1486 iter
1749 1431 1937 1486 suum?

385 1544 486 1608 Qui
510 1552 600 1607 est,
621 1539 806 1607 inquit,
836 1546 1045 1588 vestrum
1072 1529 1519 1599 iusipieutissimus,
1544 1522 1825 1576 dirertutad
1842 1539 1935 1574 me.

385 1632 570 1701 Inopes
595 1637 768 1681 autem
795 1637 949 1678 sensu
975 1621 1277 1675 exhortatur
1302 1616 1512 1669 dicens:
1542 1613 1703 1665 Panes
1724 1611 1939 1663 occultos

384 1727 585 1777 libenter
610 1718 852 1787 attingite,
890 1724 933 1767 et
972 1727 1151 1779 aquam
1198 1710 1389 1761 dulcem
1416 1706 1586 1774 furtim
1612 1704 1774 1757 bibite.
1803 1701 1937 1767 Quid

383 1812 611 1868 deinde?
638 1808 822 1869 Atille,
854 1804 1037 1873 inquit,
1076 1800 1224 1853 nescit
1267 1796 1497 1866 quoniam
1524 1794 1779 1863 terrigcmc
1804 1791 1939 1860 apud

382 1919 493 1955 eum
519 1907 738 1970 pereunt,
769 1895 916 1947 Prov.
940 1894 991 1945 υ.
1014 1890 1112 1955 Qui
1134 1896 1253 1941 sunt
1273 1885 1355 1938 isti
1378 1884 1646 1951 terrigena:
1662 1884 1682 1933 ’ἐ
1705 1882 1942 1948 Exponat

385 1991 665 2062 Apostolus
705 2006 717 2040 :
758 1986 855 2049 Qui
891 1984 1021 2035 circa
1080 1980 1249 2048 ﬁdem,
1304 1975 1503 2044 inquit,
1556 1972 1860 2035 exciderunt,
1906 1970 1939 2021 2

392 2086 418 2136 1
656 2169 757 2225 Sed
778 2181 951 2236 opera:
972 2162 1192 2233 pretium
1218 2167 1300 2215 est
1328 2165 1492 2212 totum
1510 2156 1677 2225 ipsum
1703 2151 1939 2223 Apostoli

385 2264 664 2336 capitulum
686 2257 985 2328 diligentius
1012 2260 1348 2324 pertractare.
1382 2247 1424 2303 Ο
1455 2246 1722 2308 Timotheo,
1752 2243 1937 2312 inquit,
2014 2300 2021 2310 .

379 2333 660 2423 depositum
683 2345 902 2407 custodi,
930 2344 1150 2396 devitans
1195 2339 1430 2409 profanas
1472 2351 1644 2389 vocum
1678 2333 1936 2385 novitates.

387 2420 468 2497 υ)
490 2438 808 2494 Exclainatio
827 2435 925 2487 ista
951 2441 1003 2486 et
1028 2430 1367 2500 prmscicntia:
1388 2434 1468 2480 est
1487 2426 1679 2493 pariter
1699 2431 1751 2476 et
1769 2420 1940 2475 chari-

384 2531 524 2584 tatis.
544 2524 864 2580 I’rzovidebat
882 2523 1021 2576 enim
1037 2520 1258 2583 futuros,
1275 2532 1407 2587 quos
1418 2516 1577 2569 etiam
1594 2513 1910 2583 prmdolebat
1922 2553 1935 2576 ,

386 2634 613 2675 errores.
640 2617 767 2683 Quis
792 2623 872 2669 est
897 2613 1051 2668 hodie
1073 2610 1377 2665 Timotheus
1403 2609 1501 2661 nisi
1525 2608 1604 2662 vel
1628 2606 1940 2676 generaliter

383 2712 619 2765 universa
641 2707 891 2770 Ecclesia,
914 2704 993 2758 vel
1015 2702 1308 2771 specialiter
1328 2708 1492 2754 totum
1516 2712 1705 2767 corpus
1731 2698 1941 2766 [δι-ωρο-

376 2805 622 2867 sitorum,
652 2798 739 2868 qui
767 2799 1020 2865 integram
1053 2793 1212 2847 divini
1233 2792 1403 2846 cultds
1427 2790 1698 2843 scientiam
1734 2788 1816 2841 vel
1842 2787 1939 2840 lia-

382 2894 507 2947 bere
534 2891 629 2960 ipsi
656 2889 847 2943 debent
874 2885 952 2939 vel
979 2884 1093 2938 aliis
1119 2881 1423 2935 infundere?
1448 2880 1581 2946 Quid
1606 2888 1706 2944 est,
1740 2879 1938 2947 deposi-

379 2991 485 3034 tum
512 2978 733 3032 custodi?
759 2973 1003 3039 Custodi,
1054 2972 1238 3041 inquit,
1268 2977 1480 3039 prepter
1514 2968 1653 3022 fures
1672 3010 1686 3035 ,
1726 2976 1938 3037 propter

379 3069 637 3133 inimicos,
668 3082 733 3120 ne
757 3064 1135 3119 dormientibus
1169 3062 1485 3128 hominibus,
1517 3061 1937 3131 superseminont

381 3159 577 3211 aizania
601 3171 758 3225 super
784 3154 905 3208 illud
934 3152 1087 3206 tritici
1110 3153 1300 3206 bonum
1330 3166 1511 3205 semen
1536 3152 1675 3220 quod
1703 3150 1933 3204 semina-

379 3254 525 3299 verat
550 3244 685 3297 filius
721 3242 946 3295 hominis
974 3241 1024 3293 in
1067 3256 1192 3309 agro
1219 3255 1335 3305 suo,
1381 3238 1693 3308 Depositum,
1736 3240 1931 3308 inquit,

378 3333 588 3386 custodi.
617 3329 749 3396 Quid
776 3337 858 3382 est
876 3328 1181 3397 depositum?
1204 3327 1254 3380 id
1274 3335 1372 3391 est,
1402 3325 1539 3395 quod
1565 3326 1654 3379 tibi
1677 3325 1932 3379 creditum

377 3428 478 3487 cst,
505 3434 608 3473 non
628 3417 766 3487 quod
790 3431 820 3471 a
840 3424 892 3471 te
913 3417 1207 3479 inventum;
1230 3415 1369 3483 quod
1384 3415 1651 3483 accepisti,
1670 3430 1773 3469 non
1795 3415 1933 3484 quod

377 3506 708 3577 excogitasti;
737 3520 850 3559 rem
876 3519 977 3558 non
1007 3504 1217 3574 ingenii,
1247 3503 1338 3557 sed
1360 3503 1629 3568 doctrina),
1652 3518 1756 3557 non
1778 3519 1932 3558 usur-

376 3596 601 3667 pationis
625 3596 858 3664 privam,
888 3593 980 3648 sed
1019 3593 1241 3663 publica:
1283 3592 1606 3657 traditionis;
1635 3608 1748 3647 rem
1773 3590 1839 3646 ad
1880 3600 1934 3647 te

376 3685 697 3753 perductam,
720 3697 825 3736 non
851 3698 881 3734 a
898 3690 957 3734 to
984 3680 1238 3749 prolatam
1262 3698 1273 3731 :
1300 3680 1351 3733 in
1371 3690 1473 3749 qua
1500 3695 1602 3733 non
1635 3687 1816 3733 auctor
1841 3677 1935 3732 de-

375 3779 467 3832 bes
487 3791 621 3837 esse,
649 3773 743 3829 sed
761 3780 965 3837 custos;
996 3786 1098 3825 non
1126 3772 1409 3836 institutor,
1438 3768 1529 3823 sed
1560 3775 1803 3833 sectator;
1827 3782 1931 3822 non

374 3865 588 3929 ducens,
610 3862 701 3917 sed
718 3877 959 3932 sequens.
977 3860 1286 3930 Depositum,
1309 3860 1497 3929 inquit,
1516 3859 1739 3923 custodi;
1758 3858 1931 3913 catho-

373 3954 484 4008 lica:
511 3952 628 4006 fidei
660 3951 908 4004 talentum
940 3949 1240 4002 inviolatum
1275 3948 1631 4015 illibatumque
1654 3962 1926 4001 conserva.

372 4044 519 4108 Quod
542 4044 631 4096 tibi
651 4042 925 4103 creditum,
949 4040 1049 4092 hoc
1070 4053 1231 4107 penes
1256 4047 1307 4091 te
1327 4046 1555 4102 maneat,
1577 4038 1676 4089 hoc
1696 4049 1725 4087 a
1752 4044 1802 4090 te
1824 4043 1930 4090 tra—

370 4134 540 4185 datur.
570 4131 768 4190 Aurum
796 4127 1062 4194 accepisti,
1086 4141 1269 4179 aurum
1298 4124 1457 4178 redde
1484 4143 1494 4175 :
1526 4124 1652 4177 nolo
1676 4124 1802 4176 mihi
1833 4141 1928 4193 pro

365 4220 485 4274 aliis
526 4219 624 4270 alia
668 4216 914 4284 subjicias
952 4233 963 4267 :
1005 4215 1126 4268 nolo
1175 4228 1269 4282 pro
1296 4228 1423 4266 auro
1467 4221 1556 4266 aut
1595 4213 1929 4281 impudenter

368 4307 636 4378 plumbum
660 4314 750 4359 aut
783 4305 1139 4359 fraudulenter
1166 4311 1447 4357 commenta
1483 4318 1745 4372 supponas
1769 4324 1781 4358 :
1806 4308 1926 4363 nolo

367 4397 479 4453 auri
501 4396 749 4464 speciem,
774 4393 865 4449 sed
893 4402 1131 4447 naturam
1170 4391 1339 4461 plane.
1370 4390 1413 4445 Ο
1440 4391 1712 4447 Timotheo
1730 4436 1743 4458 ,
1772 4394 1814 4449 Ο
1840 4396 1928 4450 Sa-

359 4484 573 4549 cerdos,
599 4483 642 4538 0
664 4482 957 4549 Tractator,
985 4480 1028 4535 Ο
1066 4481 1276 4544 Doctor,
1318 4479 1360 4534 si
1385 4488 1436 4534 te
1461 4480 1690 4534 divinum
1735 4498 1925 4540 munus

366 4574 608 4627 idoneum
635 4571 832 4634 fecerit,
856 4571 1083 4639 ingenio,
1111 4569 1502 4635 exercitatione,
1527 4571 1783 4639 doctrina,
1809 4585 1924 4630 esto

358 4663 610 4732 spiritalis
638 4660 953 4714 tabernaculi
983 4658 1233 4721 Boseleel,
1263 4659 1518 4726 pretiosas
1543 4659 1645 4713 divi
1667 4661 1924 4730 dogmatis

313 4756 325 4822 I;
359 4764 597 4821 gemmas
634 4749 898 4816 oxsculpe,
928 4746 1148 4800 fideliter
1172 4754 1377 4815 coapta,
1405 4746 1597 4800 adorna
1623 4750 1918 4817 sapienter,

316 4840 319 4843 ’
364 4840 530 4919 adjice
542 4827 892 4907 splendorem,
907 4835 1145 4907 gratiam,
1158 4844 1502 4890 venustatem.
1518 4835 1853 4908 lnteIIigatur,
1870 4850 1923 4898 te

360 4934 655 5000 exponente
684 4925 953 4990 illustrius,
975 4923 1113 4992 quod
1136 4932 1256 4977 ante
1289 4924 1563 4979 obscurius
1586 4927 1916 4984 credebatur.

359 5017 463 5073 Per
487 5025 538 5071 te
564 5014 843 5086 posteritas
868 5014 1185 5067 intellectum
1205 5015 1491 5083 gratuletur
1508 5017 1646 5084 quod
1673 5027 1793 5073 ante
1829 5035 1918 5074 vo-

356 5116 528 5165 tustas
574 5121 678 5160 non
709 5106 1027 5159 intellectum
1078 5105 1441 5158 venerabatur.
1490 5106 1687 5160 Eadem
1738 5116 1916 5165 tamen

355 5212 476 5267 qua:
501 5196 723 5250 didicisti
746 5195 895 5256 doce,
920 5203 975 5248 ut
991 5209 1107 5247 cum
1129 5195 1273 5248 dicas
1298 5211 1452 5258 nove,
1480 5211 1582 5249 non
1604 5196 1746 5252 dicas
1760 5215 1913 5255 nova.

431 5288 612 5343 XXIII.
643 5288 747 5344 Sed
774 5288 991 5343 forsitan
1018 5288 1143 5342 dicit
1177 5288 1361 5357 aliquis
1386 5307 1397 5340 :
1429 5288 1681 5342 Nullusne
1714 5303 1838 5359 ergo
1863 5293 1914 5345 in

358 5378 590 5432 Ecclesia
616 5378 809 5434 Christi
845 5380 1106 5449 profectus
1147 5380 1423 5434 habebitur
1466 5381 1783 5451 Religionis?
1812 5381 1915 5435 Ha-

355 5465 542 5519 bentur
566 5468 736 5535 plane,
767 5478 820 5523 et
863 5456 1138 5524 maximus.
1167 5469 1296 5524 Nam
1338 5472 1456 5540 quis
1482 5469 1566 5524 ille
1591 5479 1672 5525 est
1697 5480 1803 5525 tam
1842 5472 1913 5526 in.

357 5552 510 5607 vidus
535 5553 846 5620 hominibus,
873 5558 977 5611 tam
999 5574 1189 5612 exosus
1210 5560 1335 5625 Deo,
1364 5560 1450 5627 qui
1479 5559 1616 5612 istud
1637 5559 1912 5628 prohibere

357 5646 608 5699 conetur?
628 5645 730 5701 Sed
752 5649 821 5703 ita
844 5657 1016 5704 tamen
1040 5658 1095 5703 ut
1114 5649 1236 5703 vero
1261 5650 1523 5718 profectus
1554 5655 1619 5707 sit
1643 5654 1726 5707 ille
1754 5656 1867 5708 fidei
1888 5696 1902 5720 ,

1601 313 1939 393 \‘INCENTII
1968 333 2343 391 umxmszs

2044 469 2148 507 non
2177 454 2507 522 permutatio.
2530 452 2799 524 Siquidem
2820 455 2886 508 ad
2911 454 3198 525 profectum
3225 457 3454 525 pertin‘et
3479 463 3595 516 utin

2043 542 2386 610 semetipsum
2410 558 2733 612 unaqumque
2759 558 2844 597 res
2863 544 3232 614 amplificetur;
3260 545 3326 599 ad
3346 559 3611 617 permuta-

2044 629 2240 683 tionem
2266 630 2412 698 vero,
2441 640 2499 686 ut
2522 632 2716 702 aliquid
2742 648 2807 687 ex
2835 633 2937 687 alio
2959 634 3009 686 in
3039 634 3177 688 aliud
3201 643 3595 695 transvertatur.

2041 715 2254 771 Crescat
2270 719 2426 788 igitur
2439 727 2645 788 oportet
2669 730 2721 775 et
2743 722 2962 775 multum
2984 724 3424 796 vehementerque
3447 731 3605 796 profi-

2040 804 2143 857 ciat
2157 815 2259 858 tam
2276 809 2591 877 singulorum
2608 825 2763 879 quam
2789 811 3021 865 omnium
3040 852 3055 878 ,
3081 821 3185 868 tam
3204 817 3360 873 unius
3378 817 3603 882 hominis

2041 908 2196 962 quam
2223 895 2381 949 totius
2404 896 2670 961 Ecclesiae,
2691 906 2901 952 mtatum
2920 914 2983 953 ac
3007 902 3299 958 seculorum
3327 907 3596 981 gradibus,

2042 982 2397 1053 intelligentia,
2426 985 2644 1039 scientia
2665 1027 2680 1051 ,
2719 988 2992 1056 sapientia,
3024 990 3118 1049 sed
3147 993 3198 1047 in
3232 1009 3329 1051 suo
3353 997 3601 1058 duntaxat

2042 1086 2253 1140 genere,
2286 1072 2336 1125 in
2357 1073 2541 1127 eodem
2570 1074 2771 1128 scilicet
2798 1074 3059 1145 dogmate,
3088 1080 3273 1135 eodem
3296 1099 3482 1153 sensu,
3512 1104 3600 1142 ea—

2041 1162 2264 1230 demque
2283 1164 2559 1216 scntentia.
2580 1163 2814 1219 Imitetur
2827 1166 3123 1222 animarum
3146 1171 3328 1241 religio
3348 1177 3602 1232 rationem

2042 1264 2318 1317 corporum
2345 1269 2355 1301 ε
2385 1266 2502 1319 qua:
2530 1251 2650 1304 licet
2669 1267 2922 1307 annorum
2944 1270 3193 1323 processu
3217 1276 3465 1318 numeros
3480 1281 3604 1322 suos

2042 1338 2284 1392 evolvant
2308 1347 2360 1391 et
2378 1339 2660 1407 explicent,
2689 1341 2874 1396 eadem
2896 1352 3071 1399 tamen
3092 1362 3210 1415 qua:
3228 1360 3377 1403 erant
3399 1366 3605 1420 perma-

2046 1437 2191 1481 nent.
2220 1427 2434 1481 lliultum
2458 1428 2675 1483 interest
2702 1429 2838 1484 inter
2865 1433 3102 1501 pueritia:
3134 1435 3319 1491 ﬂorem
3360 1447 3414 1493 et
3446 1455 3606 1496 sent-

2043 1517 2202 1570 ctutis
2246 1518 2596 1570 maturitatem
2622 1535 2635 1583 ;
2665 1519 2757 1574 sed
2785 1521 2941 1575 iidem
2975 1530 3149 1578 tamen
3171 1528 3269 1596 ipsi
3297 1527 3429 1584 fiunt
3452 1547 3609 1592 senes

2042 1606 2129 1674 qui
2160 1606 2359 1660 fuemnt
2392 1607 2786 1673 adolescentes;
2817 1618 2873 1664 ut
2892 1614 3130 1681 quamvis
3154 1617 3308 1672 unius
3344 1620 3609 1689 ejusdem-

2042 1712 2144 1764 quo
2171 1695 2396 1750 hominis
2440 1707 2606 1751 status
2644 1699 2955 1770 habitusque
2992 1712 3251 1770 mutetur,
3282 1725 3385 1763 una
3431 1720 3608 1769 tanton

2044 1786 2379 1840 nihilominus
2414 1787 2703 1858 eademque
2750 1799 2963 1859 natura,
3014 1809 3114 1847 una
3163 1796 3453 1868 eademque
3488 1817 3609 1870 pcr-
3648 1776 3655 1783 .

2043 1878 2169 1928 soha
2198 1875 2279 1927 sit.
2307 1875 2469 1928 Parva
2496 1876 2797 1931 Iactentium
2824 1881 3078 1946 membra,
3103 1898 3289 1953 magna
3307 1887 3565 1955 juvennm
3592 1935 3606 1957 ,

2044 1962 2226 2015 eadem
2264 1964 2373 2031 ipsa
2413 1972 2534 2017 sunt
2573 1973 2764 2019 tamen.
2796 1968 2932 2031 Quot
2970 1972 3300 2038 parvulorum
3336 1985 3505 2044 artus,
3538 1988 3611 2036 tot

2043 2051 2276 2105 virorum
2302 2070 2315 2115 ;
2345 2063 2394 2107 et
2423 2055 2464 2106 si
2495 2070 2594 2123 qua
2622 2056 2705 2108 illa
2732 2066 2983 2127 suntqnze
3008 2060 3104 2113 mvi
3132 2065 3430 2121 maturioris
3454 2077 3611 2126 actate

2043 2141 2315 2209 pariuntur
2338 2184 2351 2208 ,
2378 2143 2486 2212 jam
2532 2144 2581 2196 in
2613 2146 2826 2200 seminis
2852 2148 3054 2203 ratione
3079 2163 3313 2219 proserta
3363 2166 3524 2225 sunt;
3556 2170 3611 2216 ut

2043 2230 2170 2284 nihil
2201 2248 2389 2285 novum
2420 2242 2598 2301 postca
2627 2234 2919 2304 proferatur
2944 2237 2993 2291 in
3021 2239 3228 2295 senibus
3257 2244 3397 2312 quod
3422 2263 3533 2303 non
3559 2251 3610 2305 in

2043 2321 2218 2389 pueris
2233 2321 2339 2390 jam
2357 2321 2478 2376 ante
2505 2323 2800 2378 Iatitaverit.
2834 2325 2980 2380 Unde
3008 2342 3109 2381 non
3131 2328 3342 2384 dubium
3369 2344 3453 2389 est
3471 2337 3612 2394 hanc

2043 2424 2159 2465 esse
2192 2411 2472 2482 legitimam
2514 2422 2566 2467 et
2608 2424 2801 2469 rectam
2838 2417 3140 2486 proficiendi
3174 2421 3438 2490 regulam,
3468 2423 3612 2481 hunc

2042 2512 2211 2555 ratum
2239 2513 2393 2573 atque
2420 2505 2826 2575 pulcherrimum
2853 2508 3120 2562 crescendi
3149 2510 3384 2565 ordinem
3402 2555 3415 2577 ,
3446 2514 3493 2567 si
3524 2531 3612 2571 cas

2042 2607 2250 2661 semper
2289 2594 2340 2646 in
2389 2594 2752 2663 grandioribus
2793 2604 2968 2665 partes
3012 2611 3073 2649 ac
3117 2597 3311 2653 formas
3354 2615 3611 2659 numerus

2042 2680 2251 2736 deterat
2275 2684 2441 2736 aetatis
2460 2698 2588 2753 quas
2602 2683 2652 2736 in
2681 2685 2907 2753 parvulis
2925 2684 3187 2740 Creatoris
3204 2702 3257 2740 sa
3265 2688 3460 2756 picutia
3476 2706 3611 2759 pne-

2040 2770 2374 2825 formaverat.
2404 2770 2554 2836 Quod
2581 2771 2624 2825 si
2655 2772 2881 2826 humana
2907 2774 3108 2842 species
3129 2774 3179 2827 in
3205 2775 3430 2844 aliquam
3454 2778 3611 2833 dein’

2040 2877 2163 2931 cops
2190 2879 2291 2916 non
2321 2863 2398 2917 sui
2427 2862 2634 2932 generis
2670 2872 2903 2917 vertatur
2941 2864 3164 2934 clligicm
3184 2907 3199 2931 ,
3229 2874 3318 2920 aut
3342 2876 3491 2923 certe
3520 2869 3610 2922 ad-

2040 2952 2193 3007 datur
2231 2953 2493 3021 quippiam
2535 2952 2891 3006 membrorum
2917 2969 3134 3007 numero
3159 2956 3239 3008 vel
3276 2955 3607 3025 detrahatur,

2039 3055 2256 3095 necesse
2280 3049 2436 3094 estut
2464 3048 2631 3095 totum
2669 3057 2857 3111 corpus
2885 3043 2965 3096 vel
2994 3036 3289 3109 intercidat,
3318 3046 3399 3099 vel
3428 3049 3609 3116 prodi-

2039 3132 2240 3203 giosum
2271 3133 2379 3197 fiat,
2406 3131 2487 3186 vel
2517 3140 2659 3186 certe
2673 3132 2971 3186 debilitetur
2991 3151 3003 3186 :
3024 3133 3095 3187 ita
3116 3135 3270 3188 etiam
3291 3135 3609 3193 Christiana-

2039 3221 2329 3292 Religionis
2357 3222 2544 3292 dogma
2584 3229 2832 3291 sequatur
2863 3221 2957 3274 has
2985 3220 3136 3275 decet
3164 3223 3493 3291 profectuum
3532 3227 3607 3280 le-

2038 3327 2147 3382 ges,
2179 3322 2237 3366 ut
2263 3313 2414 3366 annis
2433 3312 2631 3366 scilicet
2658 3310 3029 3375 consolidctur,
3061 3311 3307 3366 dilatetur
3333 3322 3605 3383 tempore,

2038 3402 2344 3455 sublimotur
2396 3409 2580 3463 aetate,
2619 3400 2974 3468 incorruptum
3018 3407 3190 3453 tamen
3240 3401 3607 3474 illibatumque

2036 3496 2371 3559 permaneat,
2408 3496 2462 3542 et
2497 3487 2755 3541 universis
2804 3487 3025 3555 partium
3068 3502 3281 3541 suarum
3338 3496 3607 3549 mensuris

2037 3580 2339 3651 cunctisque
2358 3577 2505 3647 quasi
2523 3575 2772 3630 membris
2791 3590 2851 3629 ac
2876 3575 3116 3629 sensibus
3134 3578 3359 3644 propriis
3389 3580 3604 3648 plenum

2037 3679 2191 3740 atque
2232 3669 2516 3738 perfectum
2558 3667 2643 3731 sit,
2688 3665 2826 3735 quod
2869 3664 2995 3718 nihil
3032 3674 3286 3732 prmterea
3328 3680 3602 3736 permuta-

2037 3760 2195 3813 tionis
2227 3758 2484 3821 admittat,
2520 3756 2657 3808 nulla
2696 3754 3026 3823 proprietatis
3065 3753 3337 3823 dispendia
3359 3797 3373 3819 ,
3403 3759 3603 3814 nullam

2036 3850 2350 3906 definitionis
2368 3848 2619 3902 sustineat
2637 3846 2961 3899 varietatem.
2991 3845 3226 3913 Exempli
3246 3847 3411 3914 gratia
3450 3866 3463 3900 :
3504 3850 3605 3904 Sc-

2036 3948 2222 3994 verunt
2253 3938 2479 4006 majores
2503 3936 2665 3989 nostri
2705 3934 2990 4003 antiquitus
3023 3934 3074 3986 in
3117 3934 3215 3987 hac
3242 3936 3601 3992 ecclesiastica

2035 4039 2212 4101 segete
2231 4030 2446 4083 triticozr.
2477 4026 2596 4081 fidei
2639 4025 2836 4080 semina
2871 4040 2883 4077 :
2915 4025 3147 4093 iniquum
3174 4025 3326 4080 valde
3345 4035 3401 4081 et
3425 4027 3602 4082 incon-

2034 4135 2218 4189 gruum
2245 4125 2325 4171 est
2351 4126 2407 4170 ut
2423 4130 2520 4169 nos
2536 4129 2715 4169 eorum
2752 4115 2943 4183 posteri
2982 4127 3079 4181 pro
3100 4128 3349 4182 germana
3376 4118 3602 4173 veritate

2032 4210 2278 4264 frumenti
2305 4207 2629 4262 subdititium
2666 4204 2877 4258 zizanice
2911 4203 3144 4272 legamus
3167 4219 3425 4258 errorem.
3459 4207 3599 4273 Quin

2032 4301 2207 4370 potius
2232 4298 2331 4352 hoc
2357 4305 2557 4351 rectum
2597 4302 2651 4348 et
2673 4307 3001 4361 consequens
3033 4302 3113 4346 est
3145 4302 3203 4346 ut
3228 4294 3414 4362 primis
3439 4305 3600 4366 atque

2031 4388 2281 4444 extremis
2305 4386 2512 4441 sibimet
2536 4398 2640 4438 non
2674 4382 3120 4450 discrepantibus,
3147 4380 3215 4435 de
3251 4382 3598 4439 incrementis

2032 4476 2603 4535 triticeaoinstitutionis
2637 4473 2823 4528 triticei
2852 4488 3059 4543 quoque
3085 4472 3350 4542 dogmatis
3388 4477 3596 4544 frugem

2030 4572 2383 4632 demotamus;
2411 4575 2469 4621 ut
2492 4567 2610 4620 cium
2636 4564 2829 4634 aliquid
2855 4580 2916 4618 ex
2945 4563 3046 4617 illis
3070 4564 3330 4618 seminum
3357 4566 3592 4634 primor-

2028 4661 2129 4715 diis
2153 4675 2366 4713 accessu
2407 4657 2658 4726 temporis
2695 4656 2996 4722 evolvatur,
3027 4663 3081 4709 et
3104 4670 3245 4709 nunc
3290 4656 3493 4711 lactetur
3542 4669 3594 4713 et

2028 4752 2314 4813 excolatur,
2343 4749 2469 4803 nihil
2496 4757 2669 4802 tamen
2694 4747 2761 4801 de
2786 4746 3034 4816 germinis
3057 4746 3381 4815 proprietate
3419 4758 3594 4803 muto-

2027 4853 2113 4898 tur
2144 4862 2155 4896 :
2185 4842 2404 4895 addatur
2436 4841 2560 4894 licet
2586 4839 2823 4908 species,
2852 4836 3038 4901 forma,
3067 4836 3338 4890 distinctio
3357 4878 3369 4901 ,
3402 4839 3590 4893 eadem

2026 4944 2199 4989 tamen
2214 4934 2464 5001 cujusque
2473 4930 2679 5000 generis
2689 4938 2872 4983 natura
2887 4935 3210 4997 permaneat.
3228 4927 3590 4983 Absitetonini

2024 5033 2081 5078 ut
2098 5038 2247 5078 rosea
2274 5022 2358 5075 illa
2389 5018 2630 5075 catholici
2669 5032 2857 5072 sensus
2878 5016 3133 5087 plantaria
3159 5016 3212 5069 in
3237 5016 3466 5070 earduos
3490 5033 3592 5086 spt-

2024 5129 2223 5184 nasque
2256 5119 2543 5166 vertantur.
2584 5108 2735 5163 Absit
2765 5109 2975 5177 inquam
2995 5148 3009 5172 ,
3036 5115 3095 5161 ut
3130 5106 3181 5160 in
3221 5107 3322 5160 isto
3360 5108 3587 5176 spiritali

2022 5202 2263 5272 paradiso
2287 5199 2353 5254 do
2371 5197 2684 5253 cinnamomi
2719 5204 2771 5252 et
2802 5196 3019 5249 balsami
3046 5186 3464 5250 suroulislolinm
3499 5212 3584 5249 re-

2021 5300 2178 5362 pente
2216 5300 2371 5358 atque
2405 5286 2608 5342 aconita
2649 5282 2977 5355 proveniant.
3012 5284 3392 5352 Quodcumque
3424 5285 3584 5353 igitur

2021 5381 2074 5435 in
2101 5381 2200 5434 hac
2239 5377 2471 5432 Ecclesia
2517 5375 2610 5430 Dei
2655 5374 2967 5444 agricultura
3017 5373 3119 5427 fide
3159 5382 3365 5441 patrum
3405 5379 3580 5425 satum

2018 5477 2118 5533 est,
2152 5468 2250 5522 hoc
2275 5466 2412 5520 idem
2438 5463 2659 5518 filiorum
2685 5462 2939 5517 industria
2969 5462 3119 5516 decet
3132 5461 3399 5515 excolatur
3414 5470 3465 5515 cl
3488 5460 3578 5514 ob

2018 5567 2286 5622 servetur,
2311 5557 2413 5609 hoc
2449 5554 2587 5609 idem
2619 5551 2804 5607 ﬂoreat
2834 5560 2888 5606 et
2910 5559 3258 5613 maturescat,
3291 5550 3394 5603 hoc
3434 5547 3575 5604 idem

1984 5713 1989 5717 ο
2017 5650 2251 5722 proficiat
2271 5659 2321 5703 et
2343 5647 2657 5715 perficiatur.
2673 5643 2773 5698 Fas
2791 5651 2873 5698 est
2890 5640 3081 5697 etenim
3101 5650 3159 5696 ut
3175 5641 3342 5712 prisca
3363 5639 3448 5694 illa
3461 5651 3570 5692 om-
