  <div class='ocr_page' id='page_1' title='image "/cluster/home/n/w/nwhite01/storage/ocr_20150623/50/hvd.32044096580717/384.png"; bbox 0 0 3916 6178; ppageno 0'>
   <div class='ocr_carea' id='block_1_1' title="bbox 313 311 430 374">
    <p class='ocr_par' dir='ltr' id='par_1_1' title="bbox 313 311 430 374">
     <span class='ocr_line' id='line_1_1' title="bbox 313 311 430 374; baseline 0.034 -4"><span class='ocrx_word' id='word_1_1' title='bbox 313 311 430 374; x_wconf 75' lang='grc'><strong>(69</strong></span> 
     </span>
    </p>
   </div>
   <div class='ocr_carea' id='block_1_2' title="bbox 317 421 1890 493">
    <p class='ocr_par' dir='ltr' id='par_1_2' title="bbox 317 421 1890 493">
     <span class='ocr_line' id='line_1_2' title="bbox 317 421 1890 493; baseline -0.003 -18"><span class='ocrx_word' id='word_1_2' title='bbox 317 421 474 478; x_wconf 83' lang='lat' dir='ltr'><strong>lestis</strong></span> <span class='ocrx_word' id='word_1_3' title='bbox 513 423 854 492; x_wconf 71' lang='lat' dir='ltr'><strong>philosOphiae</strong></span> <span class='ocrx_word' id='word_1_4' title='bbox 892 423 1138 493; x_wconf 72' lang='lat' dir='ltr'><strong>dogmata</strong></span> <span class='ocrx_word' id='word_1_5' title='bbox 1165 436 1414 492; x_wconf 85' lang='lat' dir='ltr'><strong>processu</strong></span> <span class='ocrx_word' id='word_1_6' title='bbox 1455 423 1706 489; x_wconf 80' lang='lat' dir='ltr'><strong>temporis</strong></span> <span class='ocrx_word' id='word_1_7' title='bbox 1740 435 1890 473; x_wconf 77' lang='lat' dir='ltr'><strong>excu-</strong></span> 
     </span>
    </p>
   </div>
   <div class='ocr_carea' id='block_1_3' title="bbox 309 509 1884 581">
    <p class='ocr_par' dir='ltr' id='par_1_3' title="bbox 309 509 1884 581">
     <span class='ocr_line' id='line_1_3' title="bbox 309 509 1884 581; baseline -0.002 -17"><span class='ocrx_word' id='word_1_8' title='bbox 309 520 532 574; x_wconf 86' lang='lat' dir='ltr'><strong>rentur,</strong></span> <span class='ocrx_word' id='word_1_9' title='bbox 577 513 842 578; x_wconf 84' lang='lat' dir='ltr'><strong>limentur,</strong></span> <span class='ocrx_word' id='word_1_10' title='bbox 877 514 1169 581; x_wconf 73' lang='lat' dir='ltr'><strong>poliantur;</strong></span> <span class='ocrx_word' id='word_1_11' title='bbox 1211 511 1303 565; x_wconf 88' lang='lat' dir='ltr'><strong>sed</strong></span> <span class='ocrx_word' id='word_1_12' title='bbox 1346 509 1495 564; x_wconf 89' lang='lat' dir='ltr'><strong>nefas</strong></span> <span class='ocrx_word' id='word_1_13' title='bbox 1533 519 1615 563; x_wconf 91' lang='lat' dir='ltr'><strong>est</strong></span> <span class='ocrx_word' id='word_1_14' title='bbox 1653 519 1709 563; x_wconf 89' lang='lat' dir='ltr'><strong>ut</strong></span> <span class='ocrx_word' id='word_1_15' title='bbox 1737 525 1884 563; x_wconf 78' lang='lat' dir='ltr'><strong>com-</strong></span> 
     </span>
    </p>
   </div>
   <div class='ocr_carea' id='block_1_4' title="bbox 313 599 1881 665">
    <p class='ocr_par' dir='ltr' id='par_1_4' title="bbox 313 599 1881 665">
     <span class='ocr_line' id='line_1_4' title="bbox 313 599 1881 665; baseline 0 -13"><span class='ocrx_word' id='word_1_16' title='bbox 313 609 614 665; x_wconf 86' lang='lat' dir='ltr'><strong>mutentur,</strong></span> <span class='ocrx_word' id='word_1_17' title='bbox 665 601 814 656; x_wconf 83' lang='lat' dir='ltr'><strong>nefas</strong></span> <span class='ocrx_word' id='word_1_18' title='bbox 879 611 936 654; x_wconf 87' lang='lat' dir='ltr'><strong>ut</strong></span> <span class='ocrx_word' id='word_1_19' title='bbox 987 601 1390 657; x_wconf 87' lang='lat' dir='ltr'><strong>detruncentur.</strong></span> <span class='ocrx_word' id='word_1_20' title='bbox 1442 607 1501 652; x_wconf 90' lang='lat' dir='ltr'><strong>ut</strong></span> <span class='ocrx_word' id='word_1_21' title='bbox 1559 599 1881 652; x_wconf 89' lang='lat' dir='ltr'><strong>mutilentur‘.</strong></span> 
     </span>
    </p>
   </div>
   <div class='ocr_carea' id='block_1_5' title="bbox 311 689 1878 760">
    <p class='ocr_par' dir='ltr' id='par_1_5' title="bbox 311 689 1878 760">
     <span class='ocr_line' id='line_1_5' title="bbox 311 689 1878 760; baseline 0.001 -18"><span class='ocrx_word' id='word_1_22' title='bbox 311 690 620 760; x_wconf 73' lang='lat' dir='ltr'><strong>Accipiam,</strong></span> <span class='ocrx_word' id='word_1_23' title='bbox 661 693 812 759; x_wconf 84' lang='lat' dir='ltr'><strong>licet,</strong></span> <span class='ocrx_word' id='word_1_24' title='bbox 840 693 1176 756; x_wconf 79' lang='lat' dir='ltr'><strong>evidentiam,</strong></span> <span class='ocrx_word' id='word_1_25' title='bbox 1223 692 1392 744; x_wconf 87' lang='lat' dir='ltr'><strong>lucem</strong></span> <span class='ocrx_word' id='word_1_26' title='bbox 1413 731 1426 755; x_wconf 96' lang='lat'><strong>,</strong></span> <span class='ocrx_word' id='word_1_27' title='bbox 1463 689 1878 755; x_wconf 87' lang='lat' dir='ltr'><strong>distinctionem;</strong></span> 
     </span>
    </p>
   </div>
   <div class='ocr_carea' id='block_1_6' title="bbox 305 780 1876 852">
    <p class='ocr_par' dir='ltr' id='par_1_6' title="bbox 305 780 1876 852">
     <span class='ocr_line' id='line_1_6' title="bbox 305 780 1876 852; baseline 0 -18"><span class='ocrx_word' id='word_1_28' title='bbox 305 780 409 834; x_wconf 85' lang='lat' dir='ltr'><strong>scd</strong></span> <span class='ocrx_word' id='word_1_29' title='bbox 441 783 700 836; x_wconf 74' lang='lat' dir='ltr'><strong>retineant</strong></span> <span class='ocrx_word' id='word_1_30' title='bbox 725 799 942 838; x_wconf 90' lang='lat' dir='ltr'><strong>necesse</strong></span> <span class='ocrx_word' id='word_1_31' title='bbox 967 791 1048 837; x_wconf 90' lang='lat' dir='ltr'><strong>est</strong></span> <span class='ocrx_word' id='word_1_32' title='bbox 1073 781 1467 852; x_wconf 86' lang='lat' dir='ltr'><strong>plenitudinem,</strong></span> <span class='ocrx_word' id='word_1_33' title='bbox 1497 781 1845 850; x_wconf 76' lang='lat' dir='ltr'><strong>integritatem</strong></span> <span class='ocrx_word' id='word_1_34' title='bbox 1863 824 1876 849; x_wconf 92' lang='lat'><strong>,</strong></span> 
     </span>
    </p>
   </div>
   <div class='ocr_carea' id='block_1_7' title="bbox 305 869 1878 942">
    <p class='ocr_par' dir='ltr' id='par_1_7' title="bbox 305 869 1878 942">
     <span class='ocr_line' id='line_1_7' title="bbox 305 869 1878 942; baseline 0 -20"><span class='ocrx_word' id='word_1_35' title='bbox 305 871 709 938; x_wconf 78' lang='lat' dir='ltr'><strong>proprietatem.</strong></span> <span class='ocrx_word' id='word_1_36' title='bbox 755 873 886 926; x_wconf 85' lang='lat' dir='ltr'><strong>Nam</strong></span> <span class='ocrx_word' id='word_1_37' title='bbox 911 873 956 926; x_wconf 89' lang='lat' dir='ltr'><strong>si</strong></span> <span class='ocrx_word' id='word_1_38' title='bbox 999 872 1160 924; x_wconf 89' lang='lat' dir='ltr'><strong>semel</strong></span> <span class='ocrx_word' id='word_1_39' title='bbox 1195 870 1422 925; x_wconf 89' lang='lat' dir='ltr'><strong>admissa</strong></span> <span class='ocrx_word' id='word_1_40' title='bbox 1450 869 1606 923; x_wconf 84' lang='lat' dir='ltr'><strong>fuerit</strong></span> <span class='ocrx_word' id='word_1_41' title='bbox 1631 869 1752 942; x_wconf 61' lang='lat' dir='ltr'><strong>haec</strong></span> <span class='ocrx_word' id='word_1_42' title='bbox 1777 870 1878 922; x_wconf 89' lang='lat' dir='ltr'><strong>im-</strong></span> 
     </span>
    </p>
   </div>
   <div class='ocr_carea' id='block_1_8' title="bbox 301 961 1874 1030">
    <p class='ocr_par' dir='ltr' id='par_1_8' title="bbox 301 961 1874 1030">
     <span class='ocr_line' id='line_1_8' title="bbox 301 961 1874 1030; baseline 0 -18"><span class='ocrx_word' id='word_1_43' title='bbox 301 961 410 1028; x_wconf 72' lang='lat' dir='ltr'><strong>piae</strong></span> <span class='ocrx_word' id='word_1_44' title='bbox 430 962 626 1016; x_wconf 86' lang='lat' dir='ltr'><strong>fraudis</strong></span> <span class='ocrx_word' id='word_1_45' title='bbox 643 963 872 1026; x_wconf 87' lang='lat' dir='ltr'><strong>licentia,</strong></span> <span class='ocrx_word' id='word_1_46' title='bbox 893 963 1084 1018; x_wconf 88' lang='lat' dir='ltr'><strong>horreo</strong></span> <span class='ocrx_word' id='word_1_47' title='bbox 1099 963 1274 1016; x_wconf 87' lang='lat' dir='ltr'><strong>dicere</strong></span> <span class='ocrx_word' id='word_1_48' title='bbox 1293 969 1544 1030; x_wconf 89' lang='lat' dir='ltr'><strong>quantum</strong></span> <span class='ocrx_word' id='word_1_49' title='bbox 1565 961 1874 1015; x_wconf 88' lang='lat' dir='ltr'><strong>exscinden-</strong></span> 
     </span>
    </p>
   </div>
   <div class='ocr_carea' id='block_1_9' title="bbox 299 1049 1870 1120">
    <p class='ocr_par' dir='ltr' id='par_1_9' title="bbox 299 1049 1870 1120">
     <span class='ocr_line' id='line_1_9' title="bbox 299 1049 1870 1120; baseline 0 -18"><span class='ocrx_word' id='word_1_50' title='bbox 299 1049 388 1103; x_wconf 84' lang='lat' dir='ltr'><strong>da:</strong></span> <span class='ocrx_word' id='word_1_51' title='bbox 415 1061 572 1120; x_wconf 88' lang='lat' dir='ltr'><strong>atque</strong></span> <span class='ocrx_word' id='word_1_52' title='bbox 595 1053 866 1106; x_wconf 89' lang='lat' dir='ltr'><strong>abolenda:</strong></span> <span class='ocrx_word' id='word_1_53' title='bbox 891 1052 1175 1120; x_wconf 75' lang='lat' dir='ltr'><strong>Religionis</strong></span> <span class='ocrx_word' id='word_1_54' title='bbox 1193 1051 1481 1119; x_wconf 88' lang='lat' dir='ltr'><strong>periculum</strong></span> <span class='ocrx_word' id='word_1_55' title='bbox 1505 1059 1870 1118; x_wconf 84' lang='lat' dir='ltr'><strong>consequatur.</strong></span> 
     </span>
    </p>
   </div>
   <div class='ocr_carea' id='block_1_10' title="bbox 299 1139 1872 1210">
    <p class='ocr_par' dir='ltr' id='par_1_10' title="bbox 299 1139 1872 1210">
     <span class='ocr_line' id='line_1_10' title="bbox 299 1139 1872 1210; baseline -0.002 -15"><span class='ocrx_word' id='word_1_56' title='bbox 299 1141 564 1195; x_wconf 81' lang='lat' dir='ltr'><strong>Abdicata</strong></span> <span class='ocrx_word' id='word_1_57' title='bbox 597 1144 792 1197; x_wconf 86' lang='lat' dir='ltr'><strong>etenim</strong></span> <span class='ocrx_word' id='word_1_58' title='bbox 835 1142 1068 1210; x_wconf 88' lang='lat' dir='ltr'><strong>qualibet</strong></span> <span class='ocrx_word' id='word_1_59' title='bbox 1107 1151 1253 1210; x_wconf 90' lang='lat' dir='ltr'><strong>parte</strong></span> <span class='ocrx_word' id='word_1_60' title='bbox 1295 1141 1536 1195; x_wconf 85' lang='lat' dir='ltr'><strong>catholici</strong></span> <span class='ocrx_word' id='word_1_61' title='bbox 1585 1139 1872 1208; x_wconf 79' lang='lat' dir='ltr'><strong>dogmatis,</strong></span> 
     </span>
    </p>
   </div>
   <div class='ocr_carea' id='block_1_11' title="bbox 266 1229 1868 1328">
    <p class='ocr_par' dir='ltr' id='par_1_11' title="bbox 266 1229 1868 1328">
     <span class='ocr_line' id='line_1_11' title="bbox 266 1229 1868 1328; baseline -0.001 -46"><span class='ocrx_word' id='word_1_62' title='bbox 266 1231 402 1328; x_wconf 50' lang='lat' dir='ltr'><strong>t‘alia</strong></span> <span class='ocrx_word' id='word_1_63' title='bbox 429 1246 639 1300; x_wconf 79' lang='lat' dir='ltr'><strong>quoque</strong></span> <span class='ocrx_word' id='word_1_64' title='bbox 664 1241 820 1300; x_wconf 88' lang='lat' dir='ltr'><strong>atque</strong></span> <span class='ocrx_word' id='word_1_65' title='bbox 853 1232 976 1284; x_wconf 85' lang='lat' dir='ltr'><strong>item</strong></span> <span class='ocrx_word' id='word_1_66' title='bbox 1005 1231 1126 1296; x_wconf 88' lang='lat' dir='ltr'><strong>alia,</strong></span> <span class='ocrx_word' id='word_1_67' title='bbox 1169 1245 1231 1284; x_wconf 90' lang='lat' dir='ltr'><strong>ac</strong></span> <span class='ocrx_word' id='word_1_68' title='bbox 1255 1230 1502 1298; x_wconf 85' lang='lat' dir='ltr'><strong>deinceps</strong></span> <span class='ocrx_word' id='word_1_69' title='bbox 1527 1229 1626 1282; x_wconf 90' lang='lat' dir='ltr'><strong>alia</strong></span> <span class='ocrx_word' id='word_1_70' title='bbox 1660 1238 1714 1282; x_wconf 89' lang='lat' dir='ltr'><strong>et</strong></span> <span class='ocrx_word' id='word_1_71' title='bbox 1737 1229 1836 1282; x_wconf 89' lang='lat' dir='ltr'><strong>alia</strong></span> <span class='ocrx_word' id='word_1_72' title='bbox 1854 1270 1868 1294; x_wconf 92' lang='lat'><strong>,</strong></span> 
     </span>
    </p>
   </div>
   <div class='ocr_carea' id='block_1_12' title="bbox 291 1320 1871 1390">
    <p class='ocr_par' dir='ltr' id='par_1_12' title="bbox 291 1320 1871 1390">
     <span class='ocr_line' id='line_1_12' title="bbox 291 1320 1871 1390; baseline -0.001 -16"><span class='ocrx_word' id='word_1_73' title='bbox 291 1337 406 1389; x_wconf 67' lang='lat' dir='ltr'><strong>gem</strong></span> <span class='ocrx_word' id='word_1_74' title='bbox 439 1323 588 1390; x_wconf 89' lang='lat' dir='ltr'><strong>quasi</strong></span> <span class='ocrx_word' id='word_1_75' title='bbox 609 1339 674 1376; x_wconf 75' lang='lat' dir='ltr'><strong>ex</strong></span> <span class='ocrx_word' id='word_1_76' title='bbox 709 1337 858 1376; x_wconf 88' lang='lat' dir='ltr'><strong>more</strong></span> <span class='ocrx_word' id='word_1_77' title='bbox 887 1331 939 1375; x_wconf 90' lang='lat' dir='ltr'><strong>et</strong></span> <span class='ocrx_word' id='word_1_78' title='bbox 963 1321 1124 1388; x_wconf 87' lang='lat' dir='ltr'><strong>licito,</strong></span> <span class='ocrx_word' id='word_1_79' title='bbox 1153 1321 1548 1374; x_wconf 78' lang='lat' dir='ltr'><strong>abdicabuntur.</strong></span> <span class='ocrx_word' id='word_1_80' title='bbox 1576 1320 1742 1373; x_wconf 89' lang='lat' dir='ltr'><strong>Porro</strong></span> <span class='ocrx_word' id='word_1_81' title='bbox 1775 1335 1871 1373; x_wconf 86' lang='lat' dir='ltr'><strong>au-</strong></span> 
     </span>
    </p>
   </div>
   <div class='ocr_carea' id='block_1_13' title="bbox 293 1411 1872 1483">
    <p class='ocr_par' dir='ltr' id='par_1_13' title="bbox 293 1411 1872 1483">
     <span class='ocr_line' id='line_1_13' title="bbox 293 1411 1872 1483; baseline -0.001 -18"><span class='ocrx_word' id='word_1_82' title='bbox 293 1421 406 1466; x_wconf 76' lang='lat' dir='ltr'><strong>tem</strong></span> <span class='ocrx_word' id='word_1_83' title='bbox 439 1414 709 1483; x_wconf 80' lang='lat' dir='ltr'><strong>sigillatim</strong></span> <span class='ocrx_word' id='word_1_84' title='bbox 734 1412 969 1482; x_wconf 89' lang='lat' dir='ltr'><strong>partibus</strong></span> <span class='ocrx_word' id='word_1_85' title='bbox 985 1412 1288 1480; x_wconf 81' lang='lat' dir='ltr'><strong>repudiatis,</strong></span> <span class='ocrx_word' id='word_1_86' title='bbox 1312 1411 1437 1480; x_wconf 89' lang='lat' dir='ltr'><strong>quid</strong></span> <span class='ocrx_word' id='word_1_87' title='bbox 1459 1411 1599 1464; x_wconf 85' lang='lat' dir='ltr'><strong>aliud</strong></span> <span class='ocrx_word' id='word_1_88' title='bbox 1623 1411 1686 1464; x_wconf 90' lang='lat' dir='ltr'><strong>ad</strong></span> <span class='ocrx_word' id='word_1_89' title='bbox 1705 1419 1872 1470; x_wconf 82' lang='lat' dir='ltr'><strong>extre-</strong></span> 
     </span>
    </p>
   </div>
   <div class='ocr_carea' id='block_1_14' title="bbox 290 1500 1868 1572">
    <p class='ocr_par' dir='ltr' id='par_1_14' title="bbox 290 1500 1868 1572">
     <span class='ocr_line' id='line_1_14' title="bbox 290 1500 1868 1572; baseline -0.001 -18"><span class='ocrx_word' id='word_1_90' title='bbox 290 1518 444 1554; x_wconf 85' lang='lat' dir='ltr'><strong>mum</strong></span> <span class='ocrx_word' id='word_1_91' title='bbox 487 1510 767 1572; x_wconf 85' lang='lat' dir='ltr'><strong>sequetur,</strong></span> <span class='ocrx_word' id='word_1_92' title='bbox 797 1502 896 1555; x_wconf 83' lang='lat' dir='ltr'><strong>nisi</strong></span> <span class='ocrx_word' id='word_1_93' title='bbox 923 1509 979 1554; x_wconf 92' lang='lat' dir='ltr'><strong>ut</strong></span> <span class='ocrx_word' id='word_1_94' title='bbox 1003 1509 1169 1554; x_wconf 88' lang='lat' dir='ltr'><strong>totum</strong></span> <span class='ocrx_word' id='word_1_95' title='bbox 1194 1502 1390 1569; x_wconf 88' lang='lat' dir='ltr'><strong>pariter</strong></span> <span class='ocrx_word' id='word_1_96' title='bbox 1412 1500 1746 1568; x_wconf 86' lang='lat' dir='ltr'><strong>repudietur?</strong></span> <span class='ocrx_word' id='word_1_97' title='bbox 1775 1500 1868 1553; x_wconf 91' lang='lat' dir='ltr'><strong>sed</strong></span> 
     </span>
    </p>
   </div>
   <div class='ocr_carea' id='block_1_15' title="bbox 291 1591 1868 1659">
    <p class='ocr_par' dir='ltr' id='par_1_15' title="bbox 291 1591 1868 1659">
     <span class='ocr_line' id='line_1_15' title="bbox 291 1591 1868 1659; baseline -0.001 -13"><span class='ocrx_word' id='word_1_98' title='bbox 291 1609 320 1646; x_wconf 89' lang='lat' dir='ltr'><strong>e</strong></span> <span class='ocrx_word' id='word_1_99' title='bbox 349 1601 563 1659; x_wconf 87' lang='lat' dir='ltr'><strong>contra,</strong></span> <span class='ocrx_word' id='word_1_100' title='bbox 591 1593 635 1646; x_wconf 90' lang='lat' dir='ltr'><strong>si</strong></span> <span class='ocrx_word' id='word_1_101' title='bbox 659 1593 852 1646; x_wconf 86' lang='lat' dir='ltr'><strong>novitia</strong></span> <span class='ocrx_word' id='word_1_102' title='bbox 877 1592 1160 1657; x_wconf 88' lang='lat' dir='ltr'><strong>veteribus,</strong></span> <span class='ocrx_word' id='word_1_103' title='bbox 1191 1600 1440 1645; x_wconf 77' lang='lat' dir='ltr'><strong>extranea</strong></span> <span class='ocrx_word' id='word_1_104' title='bbox 1465 1591 1785 1654; x_wconf 85' lang='lat' dir='ltr'><strong>domesticis,</strong></span> <span class='ocrx_word' id='word_1_105' title='bbox 1813 1600 1868 1644; x_wconf 90' lang='lat' dir='ltr'><strong>et</strong></span> 
     </span>
    </p>
   </div>
   <div class='ocr_carea' id='block_1_16' title="bbox 289 1679 1866 1750">
    <p class='ocr_par' dir='ltr' id='par_1_16' title="bbox 289 1679 1866 1750">
     <span class='ocr_line' id='line_1_16' title="bbox 289 1679 1866 1750; baseline -0.001 -16"><span class='ocrx_word' id='word_1_106' title='bbox 289 1681 520 1750; x_wconf 88' lang='lat' dir='ltr'><strong>profana</strong></span> <span class='ocrx_word' id='word_1_107' title='bbox 559 1682 777 1735; x_wconf 89' lang='lat' dir='ltr'><strong>sacratis</strong></span> <span class='ocrx_word' id='word_1_108' title='bbox 805 1681 1082 1734; x_wconf 88' lang='lat' dir='ltr'><strong>admisceri</strong></span> <span class='ocrx_word' id='word_1_109' title='bbox 1115 1681 1409 1748; x_wconf 69' lang='lat' dir='ltr'><strong>coeperint,</strong></span> <span class='ocrx_word' id='word_1_110' title='bbox 1459 1688 1734 1749; x_wconf 88' lang='lat' dir='ltr'><strong>proscrpat</strong></span> <span class='ocrx_word' id='word_1_111' title='bbox 1780 1679 1866 1733; x_wconf 92' lang='lat' dir='ltr'><strong>hic</strong></span> 
     </span>
    </p>
   </div>
   <div class='ocr_carea' id='block_1_17' title="bbox 285 1768 1864 1836">
    <p class='ocr_par' dir='ltr' id='par_1_17' title="bbox 285 1768 1864 1836">
     <span class='ocr_line' id='line_1_17' title="bbox 285 1768 1864 1836; baseline -0.001 -14"><span class='ocrx_word' id='word_1_112' title='bbox 285 1785 412 1822; x_wconf 84' lang='lat' dir='ltr'><strong>mos</strong></span> <span class='ocrx_word' id='word_1_113' title='bbox 456 1772 508 1823; x_wconf 90' lang='lat' dir='ltr'><strong>in</strong></span> <span class='ocrx_word' id='word_1_114' title='bbox 551 1769 850 1823; x_wconf 84' lang='lat' dir='ltr'><strong>universum</strong></span> <span class='ocrx_word' id='word_1_115' title='bbox 884 1783 1100 1823; x_wconf 90' lang='lat' dir='ltr'><strong>necesse</strong></span> <span class='ocrx_word' id='word_1_116' title='bbox 1124 1778 1205 1822; x_wconf 90' lang='lat' dir='ltr'><strong>est</strong></span> <span class='ocrx_word' id='word_1_117' title='bbox 1236 1779 1294 1822; x_wconf 91' lang='lat' dir='ltr'><strong>ut</strong></span> <span class='ocrx_word' id='word_1_118' title='bbox 1316 1769 1442 1822; x_wconf 83' lang='lat' dir='ltr'><strong>nihil</strong></span> <span class='ocrx_word' id='word_1_119' title='bbox 1483 1768 1698 1836; x_wconf 87' lang='lat' dir='ltr'><strong>posthac</strong></span> <span class='ocrx_word' id='word_1_120' title='bbox 1727 1768 1864 1836; x_wconf 89' lang='lat' dir='ltr'><strong>apud</strong></span> 
     </span>
    </p>
   </div>
   <div class='ocr_carea' id='block_1_18' title="bbox 285 1857 1860 1927">
    <p class='ocr_par' dir='ltr' id='par_1_18' title="bbox 285 1857 1860 1927">
     <span class='ocr_line' id='line_1_18' title="bbox 285 1857 1860 1927; baseline -0.001 -15"><span class='ocrx_word' id='word_1_121' title='bbox 285 1860 588 1912; x_wconf 77' lang='lat' dir='ltr'><strong>Ecclesium</strong></span> <span class='ocrx_word' id='word_1_122' title='bbox 615 1859 938 1927; x_wconf 76' lang='lat' dir='ltr'><strong>relinquatur</strong></span> <span class='ocrx_word' id='word_1_123' title='bbox 971 1859 1243 1924; x_wconf 89' lang='lat' dir='ltr'><strong>intactum,</strong></span> <span class='ocrx_word' id='word_1_124' title='bbox 1273 1857 1400 1910; x_wconf 87' lang='lat' dir='ltr'><strong>nihil</strong></span> <span class='ocrx_word' id='word_1_125' title='bbox 1433 1858 1704 1921; x_wconf 86' lang='lat' dir='ltr'><strong>illibatum,</strong></span> <span class='ocrx_word' id='word_1_126' title='bbox 1734 1858 1860 1911; x_wconf 84' lang='lat' dir='ltr'><strong>nihil</strong></span> 
     </span>
    </p>
   </div>
   <div class='ocr_carea' id='block_1_19' title="bbox 283 1945 1861 2016">
    <p class='ocr_par' dir='ltr' id='par_1_19' title="bbox 283 1945 1861 2016">
     <span class='ocr_line' id='line_1_19' title="bbox 283 1945 1861 2016; baseline 0 -16"><span class='ocrx_word' id='word_1_127' title='bbox 283 1949 578 2016; x_wconf 79' lang='lat' dir='ltr'><strong>integrum,</strong></span> <span class='ocrx_word' id='word_1_128' title='bbox 607 1947 734 2000; x_wconf 84' lang='lat' dir='ltr'><strong>nihil</strong></span> <span class='ocrx_word' id='word_1_129' title='bbox 754 1948 1163 2012; x_wconf 88' lang='lat' dir='ltr'><strong>immaculatum,</strong></span> <span class='ocrx_word' id='word_1_130' title='bbox 1193 1947 1284 2000; x_wconf 89' lang='lat' dir='ltr'><strong>sed</strong></span> <span class='ocrx_word' id='word_1_131' title='bbox 1301 1947 1368 1999; x_wconf 89' lang='lat' dir='ltr'><strong>sit</strong></span> <span class='ocrx_word' id='word_1_132' title='bbox 1395 1945 1586 1999; x_wconf 86' lang='lat' dir='ltr'><strong>ibidem</strong></span> <span class='ocrx_word' id='word_1_133' title='bbox 1614 1946 1861 2013; x_wconf 82' lang='lat' dir='ltr'><strong>deinceps</strong></span> 
     </span>
    </p>
   </div>
   <div class='ocr_carea' id='block_1_20' title="bbox 281 2037 1858 2108">
    <p class='ocr_par' dir='ltr' id='par_1_20' title="bbox 281 2037 1858 2108">
     <span class='ocr_line' id='line_1_20' title="bbox 281 2037 1858 2108; baseline -0.001 -17"><span class='ocrx_word' id='word_1_134' title='bbox 281 2039 578 2108; x_wconf 86' lang='lat' dir='ltr'><strong>impiorum</strong></span> <span class='ocrx_word' id='word_1_135' title='bbox 605 2055 664 2092; x_wconf 93' lang='lat' dir='ltr'><strong>ac</strong></span> <span class='ocrx_word' id='word_1_136' title='bbox 692 2039 918 2107; x_wconf 84' lang='lat' dir='ltr'><strong>turpium</strong></span> <span class='ocrx_word' id='word_1_137' title='bbox 944 2053 1182 2092; x_wconf 88' lang='lat' dir='ltr'><strong>errorum</strong></span> <span class='ocrx_word' id='word_1_138' title='bbox 1207 2039 1424 2106; x_wconf 89' lang='lat' dir='ltr'><strong>lupanar</strong></span> <span class='ocrx_word' id='word_1_139' title='bbox 1451 2037 1538 2091; x_wconf 86' lang='lat' dir='ltr'><strong>ubi</strong></span> <span class='ocrx_word' id='word_1_140' title='bbox 1565 2045 1677 2090; x_wconf 89' lang='lat' dir='ltr'><strong>erat</strong></span> <span class='ocrx_word' id='word_1_141' title='bbox 1707 2045 1858 2090; x_wconf 86' lang='lat' dir='ltr'><strong>antea</strong></span> 
     </span>
    </p>
   </div>
   <div class='ocr_carea' id='block_1_21' title="bbox 279 2127 1858 2196">
    <p class='ocr_par' dir='ltr' id='par_1_21' title="bbox 279 2127 1858 2196">
     <span class='ocr_line' id='line_1_21' title="bbox 279 2127 1858 2196; baseline -0.001 -15"><span class='ocrx_word' id='word_1_142' title='bbox 279 2137 453 2182; x_wconf 78' lang='lat' dir='ltr'><strong>casta:</strong></span> <span class='ocrx_word' id='word_1_143' title='bbox 482 2137 538 2181; x_wconf 89' lang='lat' dir='ltr'><strong>et</strong></span> <span class='ocrx_word' id='word_1_144' title='bbox 565 2130 882 2196; x_wconf 83' lang='lat' dir='ltr'><strong>incorrupta:</strong></span> <span class='ocrx_word' id='word_1_145' title='bbox 917 2129 1206 2182; x_wconf 88' lang='lat' dir='ltr'><strong>sacrarium</strong></span> <span class='ocrx_word' id='word_1_146' title='bbox 1231 2127 1486 2181; x_wconf 75' lang='lat' dir='ltr'><strong>veritatis.</strong></span> <span class='ocrx_word' id='word_1_147' title='bbox 1517 2127 1622 2180; x_wconf 89' lang='lat' dir='ltr'><strong>Sed</strong></span> <span class='ocrx_word' id='word_1_148' title='bbox 1659 2135 1858 2180; x_wconf 83' lang='lat' dir='ltr'><strong>avertat</strong></span> 
     </span>
    </p>
   </div>
   <div class='ocr_carea' id='block_1_22' title="bbox 281 2215 1858 2284">
    <p class='ocr_par' dir='ltr' id='par_1_22' title="bbox 281 2215 1858 2284">
     <span class='ocr_line' id='line_1_22' title="bbox 281 2215 1858 2284; baseline 0.001 -16"><span class='ocrx_word' id='word_1_149' title='bbox 281 2219 390 2270; x_wconf 90' lang='lat' dir='ltr'><strong>hoc</strong></span> <span class='ocrx_word' id='word_1_150' title='bbox 423 2232 454 2268; x_wconf 91' lang='lat' dir='ltr'><strong>a</strong></span> <span class='ocrx_word' id='word_1_151' title='bbox 480 2233 695 2270; x_wconf 91' lang='lat' dir='ltr'><strong>suorum</strong></span> <span class='ocrx_word' id='word_1_152' title='bbox 721 2218 984 2270; x_wconf 86' lang='lat' dir='ltr'><strong>mentibus</strong></span> <span class='ocrx_word' id='word_1_153' title='bbox 1009 2217 1154 2271; x_wconf 85' lang='lat' dir='ltr'><strong>nefas</strong></span> <span class='ocrx_word' id='word_1_154' title='bbox 1172 2217 1342 2270; x_wconf 87' lang='lat' dir='ltr'><strong>divina</strong></span> <span class='ocrx_word' id='word_1_155' title='bbox 1371 2217 1556 2284; x_wconf 87' lang='lat' dir='ltr'><strong>pietas,</strong></span> <span class='ocrx_word' id='word_1_156' title='bbox 1579 2216 1748 2284; x_wconf 80' lang='lat' dir='ltr'><strong>sitque</strong></span> <span class='ocrx_word' id='word_1_157' title='bbox 1774 2215 1858 2270; x_wconf 90' lang='lat' dir='ltr'><strong>hic</strong></span> 
     </span>
    </p>
   </div>
   <div class='ocr_carea' id='block_1_23' title="bbox 279 2307 1856 2377">
    <p class='ocr_par' dir='ltr' id='par_1_23' title="bbox 279 2307 1856 2377">
     <span class='ocr_line' id='line_1_23' title="bbox 279 2307 1856 2377; baseline 0.001 -17"><span class='ocrx_word' id='word_1_158' title='bbox 279 2309 468 2377; x_wconf 78' lang='lat' dir='ltr'><strong>potius</strong></span> <span class='ocrx_word' id='word_1_159' title='bbox 496 2309 770 2376; x_wconf 89' lang='lat' dir='ltr'><strong>impiorum</strong></span> <span class='ocrx_word' id='word_1_160' title='bbox 814 2309 973 2362; x_wconf 87' lang='lat' dir='ltr'><strong>furor.</strong></span> <span class='ocrx_word' id='word_1_161' title='bbox 1006 2308 1198 2362; x_wconf 87' lang='lat' dir='ltr'><strong>Christi</strong></span> <span class='ocrx_word' id='word_1_162' title='bbox 1223 2323 1350 2362; x_wconf 84' lang='lat' dir='ltr'><strong>vero</strong></span> <span class='ocrx_word' id='word_1_163' title='bbox 1390 2309 1643 2374; x_wconf 86' lang='lat' dir='ltr'><strong>Ecclesia,</strong></span> <span class='ocrx_word' id='word_1_164' title='bbox 1677 2307 1856 2362; x_wconf 84' lang='lat' dir='ltr'><strong>sedula</strong></span> 
     </span>
    </p>
   </div>
   <div class='ocr_carea' id='block_1_24' title="bbox 275 2397 1856 2467">
    <p class='ocr_par' dir='ltr' id='par_1_24' title="bbox 275 2397 1856 2467">
     <span class='ocr_line' id='line_1_24' title="bbox 275 2397 1856 2467; baseline 0 -17"><span class='ocrx_word' id='word_1_165' title='bbox 275 2407 330 2450; x_wconf 86' lang='lat' dir='ltr'><strong>et</strong></span> <span class='ocrx_word' id='word_1_166' title='bbox 358 2406 524 2451; x_wconf 87' lang='lat' dir='ltr'><strong>cauta</strong></span> <span class='ocrx_word' id='word_1_167' title='bbox 549 2398 904 2467; x_wconf 69' lang='lat' dir='ltr'><strong>depositorum</strong></span> <span class='ocrx_word' id='word_1_168' title='bbox 930 2399 1066 2467; x_wconf 89' lang='lat' dir='ltr'><strong>apud</strong></span> <span class='ocrx_word' id='word_1_169' title='bbox 1092 2413 1150 2452; x_wconf 90' lang='lat' dir='ltr'><strong>sc</strong></span> <span class='ocrx_word' id='word_1_170' title='bbox 1177 2397 1478 2466; x_wconf 83' lang='lat' dir='ltr'><strong>dogmatum</strong></span> <span class='ocrx_word' id='word_1_171' title='bbox 1503 2406 1700 2462; x_wconf 89' lang='lat' dir='ltr'><strong>custos,</strong></span> <span class='ocrx_word' id='word_1_172' title='bbox 1727 2397 1856 2450; x_wconf 86' lang='lat' dir='ltr'><strong>nihil</strong></span> 
     </span>
    </p>
   </div>
   <div class='ocr_carea' id='block_1_25' title="bbox 277 2488 1854 2558">
    <p class='ocr_par' dir='ltr' id='par_1_25' title="bbox 277 2488 1854 2558">
     <span class='ocr_line' id='line_1_25' title="bbox 277 2488 1854 2558; baseline 0.002 -18"><span class='ocrx_word' id='word_1_173' title='bbox 277 2490 328 2542; x_wconf 84' lang='lat' dir='ltr'><strong>iu</strong></span> <span class='ocrx_word' id='word_1_174' title='bbox 363 2490 452 2542; x_wconf 82' lang='lat' dir='ltr'><strong>his</strong></span> <span class='ocrx_word' id='word_1_175' title='bbox 479 2505 706 2558; x_wconf 82' lang='lat' dir='ltr'><strong>unquam</strong></span> <span class='ocrx_word' id='word_1_176' title='bbox 732 2499 1009 2558; x_wconf 88' lang='lat' dir='ltr'><strong>permutat,</strong></span> <span class='ocrx_word' id='word_1_177' title='bbox 1033 2489 1157 2542; x_wconf 81' lang='lat' dir='ltr'><strong>nihil</strong></span> <span class='ocrx_word' id='word_1_178' title='bbox 1177 2490 1381 2552; x_wconf 90' lang='lat' dir='ltr'><strong>minuit,</strong></span> <span class='ocrx_word' id='word_1_179' title='bbox 1411 2489 1536 2542; x_wconf 87' lang='lat' dir='ltr'><strong>nihil</strong></span> <span class='ocrx_word' id='word_1_180' title='bbox 1560 2488 1721 2552; x_wconf 83' lang='lat' dir='ltr'><strong>addit,</strong></span> <span class='ocrx_word' id='word_1_181' title='bbox 1750 2504 1854 2543; x_wconf 84' lang='lat' dir='ltr'><strong>non</strong></span> 
     </span>
    </p>
   </div>
   <div class='ocr_carea' id='block_1_26' title="bbox 274 2577 1854 2647">
    <p class='ocr_par' dir='ltr' id='par_1_26' title="bbox 274 2577 1854 2647">
     <span class='ocr_line' id='line_1_26' title="bbox 274 2577 1854 2647; baseline 0 -17"><span class='ocrx_word' id='word_1_182' title='bbox 274 2587 526 2647; x_wconf 84' lang='lat' dir='ltr'><strong>amputat</strong></span> <span class='ocrx_word' id='word_1_183' title='bbox 543 2580 856 2644; x_wconf 87' lang='lat' dir='ltr'><strong>necessaria,</strong></span> <span class='ocrx_word' id='word_1_184' title='bbox 878 2593 980 2632; x_wconf 86' lang='lat' dir='ltr'><strong>non</strong></span> <span class='ocrx_word' id='word_1_185' title='bbox 1007 2577 1516 2647; x_wconf 87' lang='lat' dir='ltr'><strong>apponitsupcrflua,</strong></span> <span class='ocrx_word' id='word_1_186' title='bbox 1545 2593 1648 2631; x_wconf 88' lang='lat' dir='ltr'><strong>non</strong></span> <span class='ocrx_word' id='word_1_187' title='bbox 1664 2579 1854 2631; x_wconf 85' lang='lat' dir='ltr'><strong>amittit</strong></span> 
     </span>
    </p>
   </div>
   <div class='ocr_carea' id='block_1_27' title="bbox 275 2667 1854 2737">
    <p class='ocr_par' dir='ltr' id='par_1_27' title="bbox 275 2667 1854 2737">
     <span class='ocr_line' id='line_1_27' title="bbox 275 2667 1854 2737; baseline 0.001 -18"><span class='ocrx_word' id='word_1_188' title='bbox 275 2681 404 2732; x_wconf 75' lang='lat' dir='ltr'><strong>Sua,</strong></span> <span class='ocrx_word' id='word_1_189' title='bbox 427 2685 528 2720; x_wconf 83' lang='lat' dir='ltr'><strong>non</strong></span> <span class='ocrx_word' id='word_1_190' title='bbox 558 2677 772 2737; x_wconf 86' lang='lat' dir='ltr'><strong>usurpat</strong></span> <span class='ocrx_word' id='word_1_191' title='bbox 787 2669 982 2731; x_wconf 89' lang='lat' dir='ltr'><strong>aliena;</strong></span> <span class='ocrx_word' id='word_1_192' title='bbox 1006 2667 1097 2721; x_wconf 90' lang='lat' dir='ltr'><strong>scd</strong></span> <span class='ocrx_word' id='word_1_193' title='bbox 1122 2667 1262 2720; x_wconf 90' lang='lat' dir='ltr'><strong>omni</strong></span> <span class='ocrx_word' id='word_1_194' title='bbox 1293 2667 1544 2720; x_wconf 85' lang='lat' dir='ltr'><strong>industria</strong></span> <span class='ocrx_word' id='word_1_195' title='bbox 1571 2667 1670 2720; x_wconf 86' lang='lat' dir='ltr'><strong>hoc</strong></span> <span class='ocrx_word' id='word_1_196' title='bbox 1693 2684 1854 2721; x_wconf 90' lang='lat' dir='ltr'><strong>unum</strong></span> 
     </span>
    </p>
   </div>
   <div class='ocr_carea' id='block_1_28' title="bbox 273 2755 1850 2827">
    <p class='ocr_par' dir='ltr' id='par_1_28' title="bbox 273 2755 1850 2827">
     <span class='ocr_line' id='line_1_28' title="bbox 273 2755 1850 2827; baseline 0.003 -18"><span class='ocrx_word' id='word_1_197' title='bbox 273 2759 463 2812; x_wconf 80' lang='lat' dir='ltr'><strong>studet</strong></span> <span class='ocrx_word' id='word_1_198' title='bbox 507 2768 562 2811; x_wconf 91' lang='lat' dir='ltr'><strong>ut</strong></span> <span class='ocrx_word' id='word_1_199' title='bbox 592 2767 765 2812; x_wconf 85' lang='lat' dir='ltr'><strong>vetera</strong></span> <span class='ocrx_word' id='word_1_200' title='bbox 809 2760 1030 2812; x_wconf 87' lang='lat' dir='ltr'><strong>fideliter</strong></span> <span class='ocrx_word' id='word_1_201' title='bbox 1081 2755 1448 2827; x_wconf 82' lang='lat' dir='ltr'><strong>sapienterque</strong></span> <span class='ocrx_word' id='word_1_202' title='bbox 1476 2759 1744 2812; x_wconf 88' lang='lat' dir='ltr'><strong>tractando</strong></span> <span class='ocrx_word' id='word_1_203' title='bbox 1765 2801 1778 2822; x_wconf 92' lang='lat'><strong>,</strong></span> <span class='ocrx_word' id='word_1_204' title='bbox 1807 2761 1850 2813; x_wconf 88' lang='lat' dir='ltr'><strong>si</strong></span> 
     </span>
    </p>
   </div>
   <div class='ocr_carea' id='block_1_29' title="bbox 273 2847 1852 2916">
    <p class='ocr_par' dir='ltr' id='par_1_29' title="bbox 273 2847 1852 2916">
     <span class='ocr_line' id='line_1_29' title="bbox 273 2847 1852 2916; baseline 0.002 -18"><span class='ocrx_word' id='word_1_205' title='bbox 273 2863 386 2914; x_wconf 81' lang='lat' dir='ltr'><strong>qua</strong></span> <span class='ocrx_word' id='word_1_206' title='bbox 417 2857 541 2900; x_wconf 88' lang='lat' dir='ltr'><strong>sunt</strong></span> <span class='ocrx_word' id='word_1_207' title='bbox 571 2847 652 2900; x_wconf 86' lang='lat' dir='ltr'><strong>illa</strong></span> <span class='ocrx_word' id='word_1_208' title='bbox 705 2848 990 2916; x_wconf 84' lang='lat' dir='ltr'><strong>antiquitus</strong></span> <span class='ocrx_word' id='word_1_209' title='bbox 1017 2848 1292 2900; x_wconf 87' lang='lat' dir='ltr'><strong>informata</strong></span> <span class='ocrx_word' id='word_1_210' title='bbox 1322 2856 1374 2900; x_wconf 91' lang='lat' dir='ltr'><strong>et</strong></span> <span class='ocrx_word' id='word_1_211' title='bbox 1400 2847 1852 2916; x_wconf 48' lang='lat' dir='ltr'><strong>inclioata,.accu—</strong></span> 
     </span>
    </p>
   </div>
   <div class='ocr_carea' id='block_1_30' title="bbox 275 2937 1851 3006">
    <p class='ocr_par' dir='ltr' id='par_1_30' title="bbox 275 2937 1851 3006">
     <span class='ocr_line' id='line_1_30' title="bbox 275 2937 1851 3006; baseline 0.002 -20"><span class='ocrx_word' id='word_1_212' title='bbox 275 2945 364 2989; x_wconf 86' lang='lat' dir='ltr'><strong>ret.</strong></span> <span class='ocrx_word' id='word_1_213' title='bbox 403 2945 456 2988; x_wconf 91' lang='lat' dir='ltr'><strong>et</strong></span> <span class='ocrx_word' id='word_1_214' title='bbox 497 2937 680 3005; x_wconf 83' lang='lat' dir='ltr'><strong>poliat;</strong></span> <span class='ocrx_word' id='word_1_215' title='bbox 720 2939 761 2990; x_wconf 89' lang='lat' dir='ltr'><strong>si</strong></span> <span class='ocrx_word' id='word_1_216' title='bbox 791 2953 890 3006; x_wconf 88' lang='lat' dir='ltr'><strong>qua</strong></span> <span class='ocrx_word' id='word_1_217' title='bbox 913 2939 1021 3005; x_wconf 80' lang='lat' dir='ltr'><strong>jam</strong></span> <span class='ocrx_word' id='word_1_218' title='bbox 1057 2951 1304 3005; x_wconf 77' lang='lat' dir='ltr'><strong>expressa</strong></span> <span class='ocrx_word' id='word_1_219' title='bbox 1344 2944 1396 2989; x_wconf 90' lang='lat' dir='ltr'><strong>et</strong></span> <span class='ocrx_word' id='word_1_220' title='bbox 1419 2937 1688 2989; x_wconf 84' lang='lat' dir='ltr'><strong>enucleata</strong></span> <span class='ocrx_word' id='word_1_221' title='bbox 1724 2951 1851 2990; x_wconf 88' lang='lat' dir='ltr'><strong>con-</strong></span> 
     </span>
    </p>
   </div>
   <div class='ocr_carea' id='block_1_31' title="bbox 273 3027 1846 3097">
    <p class='ocr_par' dir='ltr' id='par_1_31' title="bbox 273 3027 1846 3097">
     <span class='ocr_line' id='line_1_31' title="bbox 273 3027 1846 3097; baseline 0.001 -19"><span class='ocrx_word' id='word_1_222' title='bbox 273 3027 493 3090; x_wconf 79' lang='lat' dir='ltr'><strong>Solidct,</strong></span> <span class='ocrx_word' id='word_1_223' title='bbox 551 3027 754 3095; x_wconf 81' lang='lat' dir='ltr'><strong>firmet;</strong></span> <span class='ocrx_word' id='word_1_224' title='bbox 805 3030 972 3097; x_wconf 89' lang='lat' dir='ltr'><strong>siqua</strong></span> <span class='ocrx_word' id='word_1_225' title='bbox 1015 3029 1123 3096; x_wconf 85' lang='lat' dir='ltr'><strong>jam</strong></span> <span class='ocrx_word' id='word_1_226' title='bbox 1177 3028 1482 3082; x_wconf 82' lang='lat' dir='ltr'><strong>confirmata</strong></span> <span class='ocrx_word' id='word_1_227' title='bbox 1532 3035 1584 3081; x_wconf 84' lang='lat' dir='ltr'><strong>et</strong></span> <span class='ocrx_word' id='word_1_228' title='bbox 1615 3027 1846 3094; x_wconf 86' lang='lat' dir='ltr'><strong>definita,</strong></span> 
     </span>
    </p>
   </div>
   <div class='ocr_carea' id='block_1_32' title="bbox 275 3113 1848 3187">
    <p class='ocr_par' dir='ltr' id='par_1_32' title="bbox 275 3113 1848 3187">
     <span class='ocr_line' id='line_1_32' title="bbox 275 3113 1848 3187; baseline 0.006 -22"><span class='ocrx_word' id='word_1_229' title='bbox 275 3115 572 3181; x_wconf 69' lang='lat' dir='ltr'><strong>custodiat;</strong></span> <span class='ocrx_word' id='word_1_230' title='bbox 621 3118 846 3186; x_wconf 85' lang='lat' dir='ltr'><strong>denique</strong></span> <span class='ocrx_word' id='word_1_231' title='bbox 884 3118 1008 3187; x_wconf 87' lang='lat' dir='ltr'><strong>quid</strong></span> <span class='ocrx_word' id='word_1_232' title='bbox 1042 3133 1267 3186; x_wconf 82' lang='lat' dir='ltr'><strong>unquam</strong></span> <span class='ocrx_word' id='word_1_233' title='bbox 1310 3116 1450 3169; x_wconf 90' lang='lat' dir='ltr'><strong>aliud</strong></span> <span class='ocrx_word' id='word_1_234' title='bbox 1497 3113 1848 3174; x_wconf 77' lang='lat' dir='ltr'><strong>Conciliorum</strong></span> 
     </span>
    </p>
   </div>
   <div class='ocr_carea' id='block_1_33' title="bbox 274 3205 1850 3274">
    <p class='ocr_par' dir='ltr' id='par_1_33' title="bbox 274 3205 1850 3274">
     <span class='ocr_line' id='line_1_33' title="bbox 274 3205 1850 3274; baseline 0.004 -19"><span class='ocrx_word' id='word_1_235' title='bbox 274 3205 510 3258; x_wconf 71' lang='lat' dir='ltr'><strong>decretis</strong></span> <span class='ocrx_word' id='word_1_236' title='bbox 527 3207 672 3258; x_wconf 87' lang='lat' dir='ltr'><strong>enisa</strong></span> <span class='ocrx_word' id='word_1_237' title='bbox 700 3216 781 3259; x_wconf 90' lang='lat' dir='ltr'><strong>est</strong></span> <span class='ocrx_word' id='word_1_238' title='bbox 805 3207 906 3260; x_wconf 82' lang='lat' dir='ltr'><strong>nisi</strong></span> <span class='ocrx_word' id='word_1_239' title='bbox 933 3215 987 3259; x_wconf 88' lang='lat' dir='ltr'><strong>ut</strong></span> <span class='ocrx_word' id='word_1_240' title='bbox 1011 3205 1148 3274; x_wconf 90' lang='lat' dir='ltr'><strong>quod</strong></span> <span class='ocrx_word' id='word_1_241' title='bbox 1173 3214 1324 3258; x_wconf 85' lang='lat' dir='ltr'><strong>antea</strong></span> <span class='ocrx_word' id='word_1_242' title='bbox 1357 3205 1660 3273; x_wconf 84' lang='lat' dir='ltr'><strong>simpliciter</strong></span> <span class='ocrx_word' id='word_1_243' title='bbox 1675 3209 1850 3262; x_wconf 81' lang='lat' dir='ltr'><strong>crede-</strong></span> 
     </span>
    </p>
   </div>
   <div class='ocr_carea' id='block_1_34' title="bbox 275 3293 1846 3368">
    <p class='ocr_par' dir='ltr' id='par_1_34' title="bbox 275 3293 1846 3368">
     <span class='ocr_line' id='line_1_34' title="bbox 275 3293 1846 3368; baseline 0.004 -22"><span class='ocrx_word' id='word_1_244' title='bbox 275 3293 434 3350; x_wconf 84' lang='lat' dir='ltr'><strong>batur</strong></span> <span class='ocrx_word' id='word_1_245' title='bbox 457 3336 470 3359; x_wconf 92' lang='lat'><strong>,</strong></span> <span class='ocrx_word' id='word_1_246' title='bbox 501 3297 602 3349; x_wconf 91' lang='lat' dir='ltr'><strong>hoc</strong></span> <span class='ocrx_word' id='word_1_247' title='bbox 635 3297 772 3350; x_wconf 89' lang='lat' dir='ltr'><strong>idem</strong></span> <span class='ocrx_word' id='word_1_248' title='bbox 807 3307 986 3366; x_wconf 90' lang='lat' dir='ltr'><strong>postea</strong></span> <span class='ocrx_word' id='word_1_249' title='bbox 1015 3297 1312 3366; x_wconf 82' lang='lat' dir='ltr'><strong>diligentius</strong></span> <span class='ocrx_word' id='word_1_250' title='bbox 1345 3297 1674 3366; x_wconf 85' lang='lat' dir='ltr'><strong>crederetur,</strong></span> <span class='ocrx_word' id='word_1_251' title='bbox 1707 3301 1846 3368; x_wconf 90' lang='lat' dir='ltr'><strong>quod</strong></span> 
     </span>
    </p>
   </div>
   <div class='ocr_carea' id='block_1_35' title="bbox 275 3385 1846 3455">
    <p class='ocr_par' dir='ltr' id='par_1_35' title="bbox 275 3385 1846 3455">
     <span class='ocr_line' id='line_1_35' title="bbox 275 3385 1846 3455; baseline 0.003 -19"><span class='ocrx_word' id='word_1_252' title='bbox 275 3395 434 3440; x_wconf 87' lang='lat' dir='ltr'><strong>antea</strong></span> <span class='ocrx_word' id='word_1_253' title='bbox 471 3385 665 3439; x_wconf 87' lang='lat' dir='ltr'><strong>lentius</strong></span> <span class='ocrx_word' id='word_1_254' title='bbox 703 3387 1099 3454; x_wconf 58' lang='lat' dir='ltr'><strong>praedicabatur,</strong></span> <span class='ocrx_word' id='word_1_255' title='bbox 1137 3385 1237 3438; x_wconf 89' lang='lat' dir='ltr'><strong>hoc</strong></span> <span class='ocrx_word' id='word_1_256' title='bbox 1263 3386 1400 3438; x_wconf 83' lang='lat' dir='ltr'><strong>idem</strong></span> <span class='ocrx_word' id='word_1_257' title='bbox 1433 3395 1612 3455; x_wconf 88' lang='lat' dir='ltr'><strong>postea</strong></span> <span class='ocrx_word' id='word_1_258' title='bbox 1649 3387 1846 3440; x_wconf 84' lang='lat' dir='ltr'><strong>instan-</strong></span> 
     </span>
    </p>
   </div>
   <div class='ocr_carea' id='block_1_36' title="bbox 275 3476 1848 3547">
    <p class='ocr_par' dir='ltr' id='par_1_36' title="bbox 275 3476 1848 3547">
     <span class='ocr_line' id='line_1_36' title="bbox 275 3476 1848 3547; baseline 0.003 -19"><span class='ocrx_word' id='word_1_259' title='bbox 275 3477 379 3529; x_wconf 90' lang='lat' dir='ltr'><strong>tius</strong></span> <span class='ocrx_word' id='word_1_260' title='bbox 401 3476 798 3546; x_wconf 70' lang='lat' dir='ltr'><strong>prmdicaretur,</strong></span> <span class='ocrx_word' id='word_1_261' title='bbox 831 3477 968 3547; x_wconf 88' lang='lat' dir='ltr'><strong>quod</strong></span> <span class='ocrx_word' id='word_1_262' title='bbox 999 3485 1154 3530; x_wconf 86' lang='lat' dir='ltr'><strong>antea</strong></span> <span class='ocrx_word' id='word_1_263' title='bbox 1179 3477 1416 3530; x_wconf 87' lang='lat' dir='ltr'><strong>securius</strong></span> <span class='ocrx_word' id='word_1_264' title='bbox 1433 3477 1718 3542; x_wconf 89' lang='lat' dir='ltr'><strong>colebatur,</strong></span> <span class='ocrx_word' id='word_1_265' title='bbox 1747 3477 1848 3532; x_wconf 87' lang='lat' dir='ltr'><strong>hoc</strong></span> 
     </span>
    </p>
   </div>
   <div class='ocr_carea' id='block_1_37' title="bbox 277 3567 1848 3636">
    <p class='ocr_par' dir='ltr' id='par_1_37' title="bbox 277 3567 1848 3636">
     <span class='ocr_line' id='line_1_37' title="bbox 277 3567 1848 3636; baseline 0.002 -17"><span class='ocrx_word' id='word_1_266' title='bbox 277 3567 416 3620; x_wconf 88' lang='lat' dir='ltr'><strong>idem</strong></span> <span class='ocrx_word' id='word_1_267' title='bbox 445 3567 632 3636; x_wconf 76' lang='lat' dir='ltr'><strong>postea</strong></span> <span class='ocrx_word' id='word_1_268' title='bbox 648 3568 919 3622; x_wconf 83' lang='lat' dir='ltr'><strong>sollicitiiis</strong></span> <span class='ocrx_word' id='word_1_269' title='bbox 939 3567 1296 3622; x_wconf 82' lang='lat' dir='ltr'><strong>excoleretur?</strong></span> <span class='ocrx_word' id='word_1_270' title='bbox 1323 3568 1452 3632; x_wconf 90' lang='lat' dir='ltr'><strong>lloc,</strong></span> <span class='ocrx_word' id='word_1_271' title='bbox 1480 3568 1690 3635; x_wconf 85' lang='lat' dir='ltr'><strong>inquam</strong></span> <span class='ocrx_word' id='word_1_272' title='bbox 1717 3583 1848 3622; x_wconf 88' lang='lat' dir='ltr'><strong>sem-</strong></span> 
     </span>
    </p>
   </div>
   <div class='ocr_carea' id='block_1_38' title="bbox 275 3651 1843 3728">
    <p class='ocr_par' dir='ltr' id='par_1_38' title="bbox 275 3651 1843 3728">
     <span class='ocr_line' id='line_1_38' title="bbox 275 3651 1843 3728; baseline -0.001 -16"><span class='ocrx_word' id='word_1_273' title='bbox 275 3671 387 3726; x_wconf 87' lang='lat' dir='ltr'><strong>per,</strong></span> <span class='ocrx_word' id='word_1_274' title='bbox 411 3673 586 3728; x_wconf 85' lang='lat' dir='ltr'><strong>nequc</strong></span> <span class='ocrx_word' id='word_1_275' title='bbox 611 3661 887 3728; x_wconf 88' lang='lat' dir='ltr'><strong>quicquam</strong></span> <span class='ocrx_word' id='word_1_276' title='bbox 921 3667 1194 3728; x_wconf 67' lang='lat' dir='ltr'><strong>prmterca,</strong></span> <span class='ocrx_word' id='word_1_277' title='bbox 1233 3651 1606 3712; x_wconf 71' lang='lat' dir='ltr'><strong>[hereticorum</strong></span> <span class='ocrx_word' id='word_1_278' title='bbox 1637 3659 1843 3712; x_wconf 81' lang='lat' dir='ltr'><strong>novita-</strong></span> 
     </span>
    </p>
   </div>
   <div class='ocr_carea' id='block_1_39' title="bbox 277 3748 1844 3816">
    <p class='ocr_par' dir='ltr' id='par_1_39' title="bbox 277 3748 1844 3816">
     <span class='ocr_line' id='line_1_39' title="bbox 277 3748 1844 3816; baseline 0.003 -14"><span class='ocrx_word' id='word_1_279' title='bbox 277 3750 418 3803; x_wconf 88' lang='lat' dir='ltr'><strong>tibus</strong></span> <span class='ocrx_word' id='word_1_280' title='bbox 449 3751 697 3816; x_wconf 77' lang='lat' dir='ltr'><strong>excitata,</strong></span> <span class='ocrx_word' id='word_1_281' title='bbox 730 3750 1070 3803; x_wconf 89' lang='lat' dir='ltr'><strong>conciliorum</strong></span> <span class='ocrx_word' id='word_1_282' title='bbox 1097 3763 1310 3803; x_wconf 89' lang='lat' dir='ltr'><strong>suorum</strong></span> <span class='ocrx_word' id='word_1_283' title='bbox 1340 3748 1566 3803; x_wconf 86' lang='lat' dir='ltr'><strong>decretis</strong></span> <span class='ocrx_word' id='word_1_284' title='bbox 1589 3750 1844 3806; x_wconf 87' lang='lat' dir='ltr'><strong>catholica</strong></span> 
     </span>
    </p>
   </div>
   <div class='ocr_carea' id='block_1_40' title="bbox 277 3837 1843 3907">
    <p class='ocr_par' dir='ltr' id='par_1_40' title="bbox 277 3837 1843 3907">
     <span class='ocr_line' id='line_1_40' title="bbox 277 3837 1843 3907; baseline 0 -15"><span class='ocrx_word' id='word_1_285' title='bbox 277 3837 500 3905; x_wconf 84' lang='lat' dir='ltr'><strong>perfecit</strong></span> <span class='ocrx_word' id='word_1_286' title='bbox 533 3839 783 3906; x_wconf 88' lang='lat' dir='ltr'><strong>Ecclesia,</strong></span> <span class='ocrx_word' id='word_1_287' title='bbox 813 3839 912 3892; x_wconf 90' lang='lat' dir='ltr'><strong>nisi</strong></span> <span class='ocrx_word' id='word_1_288' title='bbox 948 3847 1004 3892; x_wconf 91' lang='lat' dir='ltr'><strong>ut</strong></span> <span class='ocrx_word' id='word_1_289' title='bbox 1035 3838 1176 3907; x_wconf 92' lang='lat' dir='ltr'><strong>quod</strong></span> <span class='ocrx_word' id='word_1_290' title='bbox 1205 3838 1350 3906; x_wconf 91' lang='lat' dir='ltr'><strong>prius</strong></span> <span class='ocrx_word' id='word_1_291' title='bbox 1376 3838 1404 3890; x_wconf 73' lang='grc' dir='ltr'>ἐι</span> <span class='ocrx_word' id='word_1_292' title='bbox 1428 3838 1708 3905; x_wconf 82' lang='lat' dir='ltr'><strong>Majoribus</strong></span> <span class='ocrx_word' id='word_1_293' title='bbox 1732 3840 1843 3893; x_wconf 91' lang='lat' dir='ltr'><strong>sola</strong></span> 
     </span>
    </p>
   </div>
   <div class='ocr_carea' id='block_1_41' title="bbox 277 3929 1844 3998">
    <p class='ocr_par' dir='ltr' id='par_1_41' title="bbox 277 3929 1844 3998">
     <span class='ocr_line' id='line_1_41' title="bbox 277 3929 1844 3998; baseline 0.003 -18"><span class='ocrx_word' id='word_1_294' title='bbox 277 3929 564 3982; x_wconf 85' lang='lat' dir='ltr'><strong>traditione</strong></span> <span class='ocrx_word' id='word_1_295' title='bbox 603 3939 905 3998; x_wconf 86' lang='lat' dir='ltr'><strong>susceperat</strong></span> <span class='ocrx_word' id='word_1_296' title='bbox 927 3972 940 3990; x_wconf 92' lang='lat'><strong>.</strong></span> <span class='ocrx_word' id='word_1_297' title='bbox 970 3931 1071 3983; x_wconf 90' lang='lat' dir='ltr'><strong>hoc</strong></span> <span class='ocrx_word' id='word_1_298' title='bbox 1105 3929 1293 3983; x_wconf 88' lang='lat' dir='ltr'><strong>deinde</strong></span> <span class='ocrx_word' id='word_1_299' title='bbox 1319 3929 1544 3998; x_wconf 86' lang='lat' dir='ltr'><strong>posteris</strong></span> <span class='ocrx_word' id='word_1_300' title='bbox 1570 3931 1726 3983; x_wconf 89' lang='lat' dir='ltr'><strong>etiam</strong></span> <span class='ocrx_word' id='word_1_301' title='bbox 1751 3945 1844 3998; x_wconf 90' lang='lat' dir='ltr'><strong>per</strong></span> 
     </span>
    </p>
   </div>
   <div class='ocr_carea' id='block_1_42' title="bbox 275 4019 1844 4089">
    <p class='ocr_par' dir='ltr' id='par_1_42' title="bbox 275 4019 1844 4089">
     <span class='ocr_line' id='line_1_42' title="bbox 275 4019 1844 4089; baseline 0.001 -16"><span class='ocrx_word' id='word_1_302' title='bbox 275 4019 569 4088; x_wconf 83' lang='lat' dir='ltr'><strong>Scriptura:</strong></span> <span class='ocrx_word' id='word_1_303' title='bbox 592 4019 994 4089; x_wconf 80' lang='lat' dir='ltr'><strong>chirographum</strong></span> <span class='ocrx_word' id='word_1_304' title='bbox 1023 4022 1374 4089; x_wconf 84' lang='lat' dir='ltr'><strong>consignaret,</strong></span> <span class='ocrx_word' id='word_1_305' title='bbox 1407 4035 1650 4088; x_wconf 82' lang='lat' dir='ltr'><strong>magnam</strong></span> <span class='ocrx_word' id='word_1_306' title='bbox 1665 4035 1844 4076; x_wconf 89' lang='lat' dir='ltr'><strong>rerum</strong></span> 
     </span>
    </p>
   </div>
   <div class='ocr_carea' id='block_1_43' title="bbox 276 4111 1846 4180">
    <p class='ocr_par' dir='ltr' id='par_1_43' title="bbox 276 4111 1846 4180">
     <span class='ocr_line' id='line_1_43' title="bbox 276 4111 1846 4180; baseline 0 -16"><span class='ocrx_word' id='word_1_307' title='bbox 276 4125 542 4164; x_wconf 89' lang='lat' dir='ltr'><strong>summam</strong></span> <span class='ocrx_word' id='word_1_308' title='bbox 572 4111 750 4178; x_wconf 86' lang='lat' dir='ltr'><strong>paucis</strong></span> <span class='ocrx_word' id='word_1_309' title='bbox 777 4112 963 4165; x_wconf 87' lang='lat' dir='ltr'><strong>litteris</strong></span> <span class='ocrx_word' id='word_1_310' title='bbox 991 4111 1499 4180; x_wconf 88' lang='lat' dir='ltr'><strong>comprehendendo,</strong></span> <span class='ocrx_word' id='word_1_311' title='bbox 1529 4119 1582 4165; x_wconf 90' lang='lat' dir='ltr'><strong>et</strong></span> <span class='ocrx_word' id='word_1_312' title='bbox 1625 4113 1846 4180; x_wconf 86' lang='lat' dir='ltr'><strong>plerum-</strong></span> 
     </span>
    </p>
   </div>
   <div class='ocr_carea' id='block_1_44' title="bbox 275 4201 1842 4270">
    <p class='ocr_par' dir='ltr' id='par_1_44' title="bbox 275 4201 1842 4270">
     <span class='ocr_line' id='line_1_44' title="bbox 275 4201 1842 4270; baseline 0.002 -16"><span class='ocrx_word' id='word_1_313' title='bbox 275 4215 417 4270; x_wconf 88' lang='lat' dir='ltr'><strong>que,</strong></span> <span class='ocrx_word' id='word_1_314' title='bbox 445 4209 663 4270; x_wconf 86' lang='lat' dir='ltr'><strong>propter</strong></span> <span class='ocrx_word' id='word_1_315' title='bbox 705 4201 1058 4269; x_wconf 72' lang='lat' dir='ltr'><strong>intelligentia:</strong></span> <span class='ocrx_word' id='word_1_316' title='bbox 1101 4203 1299 4266; x_wconf 88' lang='lat' dir='ltr'><strong>lucem,</strong></span> <span class='ocrx_word' id='word_1_317' title='bbox 1343 4219 1447 4255; x_wconf 91' lang='lat' dir='ltr'><strong>non</strong></span> <span class='ocrx_word' id='word_1_318' title='bbox 1488 4217 1682 4256; x_wconf 90' lang='lat' dir='ltr'><strong>novum</strong></span> <span class='ocrx_word' id='word_1_319' title='bbox 1721 4203 1842 4257; x_wconf 87' lang='lat' dir='ltr'><strong>ﬁdei</strong></span> 
     </span>
    </p>
   </div>
   <div class='ocr_carea' id='block_1_45' title="bbox 275 4291 1803 4362">
    <p class='ocr_par' dir='ltr' id='par_1_45' title="bbox 275 4291 1803 4362">
     <span class='ocr_line' id='line_1_45' title="bbox 275 4291 1803 4362; baseline 0.001 -17"><span class='ocrx_word' id='word_1_320' title='bbox 275 4306 498 4346; x_wconf 79' lang='lat' dir='ltr'><strong>sensum</strong></span> <span class='ocrx_word' id='word_1_321' title='bbox 526 4291 602 4361; x_wconf 81' lang='lat' dir='ltr'><strong>(l)</strong></span> <span class='ocrx_word' id='word_1_322' title='bbox 630 4307 780 4346; x_wconf 80' lang='lat' dir='ltr'><strong>nova:</strong></span> <span class='ocrx_word' id='word_1_323' title='bbox 803 4292 1163 4360; x_wconf 86' lang='lat' dir='ltr'><strong>appellationis</strong></span> <span class='ocrx_word' id='word_1_324' title='bbox 1189 4295 1504 4362; x_wconf 86' lang='lat' dir='ltr'><strong>proprietate</strong></span> <span class='ocrx_word' id='word_1_325' title='bbox 1533 4294 1803 4362; x_wconf 81' lang='lat' dir='ltr'><strong>signando.</strong></span> 
     </span>
    </p>
   </div>
   <div class='ocr_carea' id='block_1_46' title="bbox 377 4421 1842 4489">
    <p class='ocr_par' dir='ltr' id='par_1_46' title="bbox 377 4421 1842 4489">
     <span class='ocr_line' id='line_1_46' title="bbox 377 4421 1842 4489; baseline 0.004 -15"><span class='ocrx_word' id='word_1_326' title='bbox 377 4423 430 4488; x_wconf 74' lang='lat' dir='ltr'><strong>l)</strong></span> <span class='ocrx_word' id='word_1_327' title='bbox 468 4421 672 4476; x_wconf 83' lang='lat' dir='ltr'><strong>Placuit</strong></span> <span class='ocrx_word' id='word_1_328' title='bbox 703 4422 968 4485; x_wconf 86' lang='lat' dir='ltr'><strong>Ecclesiae,</strong></span> <span class='ocrx_word' id='word_1_329' title='bbox 1004 4437 1066 4476; x_wconf 88' lang='lat' dir='ltr'><strong>ac</strong></span> <span class='ocrx_word' id='word_1_330' title='bbox 1105 4424 1256 4476; x_wconf 91' lang='lat' dir='ltr'><strong>bonis</strong></span> <span class='ocrx_word' id='word_1_331' title='bbox 1297 4424 1558 4489; x_wconf 91' lang='lat' dir='ltr'><strong>omnibus,</strong></span> <span class='ocrx_word' id='word_1_332' title='bbox 1597 4441 1662 4479; x_wconf 91' lang='lat' dir='ltr'><strong>ne</strong></span> <span class='ocrx_word' id='word_1_333' title='bbox 1695 4425 1842 4481; x_wconf 85' lang='lat' dir='ltr'><strong>fucus</strong></span> 
     </span>
    </p>
   </div>
   <div class='ocr_carea' id='block_1_47' title="bbox 277 4491 1841 4562">
    <p class='ocr_par' dir='ltr' id='par_1_47' title="bbox 277 4491 1841 4562">
     <span class='ocr_line' id='line_1_47' title="bbox 277 4491 1841 4562; baseline 0.004 -20"><span class='ocrx_word' id='word_1_334' title='bbox 277 4505 304 4542; x_wconf 75' lang='grc' dir='ltr'><strong>ιι</strong></span> <span class='ocrx_word' id='word_1_335' title='bbox 333 4491 635 4562; x_wconf 72' lang='lat' dir='ltr'><strong>desperatis</strong></span> <span class='ocrx_word' id='word_1_336' title='bbox 660 4491 972 4562; x_wconf 79' lang='lat' dir='ltr'><strong>hominibus</strong></span> <span class='ocrx_word' id='word_1_337' title='bbox 1009 4492 1214 4545; x_wconf 79' lang='lat' dir='ltr'><strong>veritati</strong></span> <span class='ocrx_word' id='word_1_338' title='bbox 1250 4492 1423 4557; x_wconf 88' lang='lat' dir='ltr'><strong>fieret;</strong></span> <span class='ocrx_word' id='word_1_339' title='bbox 1470 4500 1526 4546; x_wconf 91' lang='lat' dir='ltr'><strong>ut</strong></span> <span class='ocrx_word' id='word_1_340' title='bbox 1564 4495 1841 4562; x_wconf 88' lang='lat' dir='ltr'><strong>aliquando</strong></span> 
     </span>
    </p>
   </div>
   <div class='ocr_carea' id='block_1_48' title="bbox 275 4558 1842 4630">
    <p class='ocr_par' dir='ltr' id='par_1_48' title="bbox 275 4558 1842 4630">
     <span class='ocr_line' id='line_1_48' title="bbox 275 4558 1842 4630; baseline 0.004 -18"><span class='ocrx_word' id='word_1_341' title='bbox 275 4561 526 4630; x_wconf 75' lang='lat' dir='ltr'><strong>antiquus</strong></span> <span class='ocrx_word' id='word_1_342' title='bbox 555 4558 672 4612; x_wconf 89' lang='lat' dir='ltr'><strong>fidei</strong></span> <span class='ocrx_word' id='word_1_343' title='bbox 707 4575 911 4630; x_wconf 85' lang='lat' dir='ltr'><strong>sensus,</strong></span> <span class='ocrx_word' id='word_1_344' title='bbox 947 4575 1095 4613; x_wconf 86' lang='lat' dir='ltr'><strong>novae</strong></span> <span class='ocrx_word' id='word_1_345' title='bbox 1128 4562 1489 4630; x_wconf 89' lang='lat' dir='ltr'><strong>appellationis</strong></span> <span class='ocrx_word' id='word_1_346' title='bbox 1523 4558 1842 4630; x_wconf 77' lang='lat' dir='ltr'><strong>proprietate</strong></span> 
     </span>
    </p>
   </div>
   <div class='ocr_carea' id='block_1_49' title="bbox 277 4629 1841 4698">
    <p class='ocr_par' dir='ltr' id='par_1_49' title="bbox 277 4629 1841 4698">
     <span class='ocr_line' id='line_1_49' title="bbox 277 4629 1841 4698; baseline 0.004 -19"><span class='ocrx_word' id='word_1_347' title='bbox 277 4629 608 4698; x_wconf 78' lang='lat' dir='ltr'><strong>signaretur;</strong></span> <span class='ocrx_word' id='word_1_348' title='bbox 629 4637 683 4680; x_wconf 90' lang='lat' dir='ltr'><strong>at</strong></span> <span class='ocrx_word' id='word_1_349' title='bbox 707 4629 1089 4697; x_wconf 75' lang='lat' dir='ltr'><strong>indignatisunt</strong></span> <span class='ocrx_word' id='word_1_350' title='bbox 1113 4629 1366 4694; x_wconf 86' lang='lat' dir='ltr'><strong>nonnulli,</strong></span> <span class='ocrx_word' id='word_1_351' title='bbox 1389 4629 1841 4698; x_wconf 31' lang='lat' dir='ltr'><strong>inter’quosJoan-</strong></span> 
     </span>
    </p>
   </div>
   <div class='ocr_carea' id='block_1_50' title="bbox 277 4696 1843 4768">
    <p class='ocr_par' dir='ltr' id='par_1_50' title="bbox 277 4696 1843 4768">
     <span class='ocr_line' id='line_1_50' title="bbox 277 4696 1843 4768; baseline 0.004 -20"><span class='ocrx_word' id='word_1_352' title='bbox 277 4713 374 4750; x_wconf 86' lang='lat' dir='ltr'><strong>nes</strong></span> <span class='ocrx_word' id='word_1_353' title='bbox 389 4696 651 4768; x_wconf 74' lang='lat' dir='ltr'><strong>Clericus.</strong></span> <span class='ocrx_word' id='word_1_354' title='bbox 676 4696 1012 4768; x_wconf 45' lang='lat' dir='ltr'><strong>tomo&#39;primo</strong></span> <span class='ocrx_word' id='word_1_355' title='bbox 1029 4699 1169 4751; x_wconf 80' lang='lat' dir='ltr'><strong>Artis</strong></span> <span class='ocrx_word' id='word_1_356' title='bbox 1191 4699 1418 4764; x_wconf 67' lang='lat' dir='ltr'><strong>Critiae,</strong></span> <span class='ocrx_word' id='word_1_357' title='bbox 1446 4700 1530 4752; x_wconf 90' lang='lat' dir='ltr'><strong>ubi</strong></span> <span class='ocrx_word' id='word_1_358' title='bbox 1559 4696 1732 4768; x_wconf 78' lang='lat' dir='ltr'><strong>culpat</strong></span> <span class='ocrx_word' id='word_1_359' title='bbox 1759 4717 1843 4754; x_wconf 90' lang='lat' dir='ltr'><strong>vo-</strong></span> 
     </span>
    </p>
   </div>
   <div class='ocr_carea' id='block_1_51' title="bbox 277 4765 1836 4834">
    <p class='ocr_par' dir='ltr' id='par_1_51' title="bbox 277 4765 1836 4834">
     <span class='ocr_line' id='line_1_51' title="bbox 277 4765 1836 4834; baseline 0.003 -16"><span class='ocrx_word' id='word_1_360' title='bbox 277 4780 370 4834; x_wconf 79' lang='lat' dir='ltr'><strong>ces</strong></span> <span class='ocrx_word' id='word_1_361' title='bbox 395 4766 477 4834; x_wconf 16' lang='lat' dir='ltr'><strong>ab,</strong></span> <span class='ocrx_word' id='word_1_362' title='bbox 490 4765 718 4834; x_wconf 83' lang='lat' dir='ltr'><strong>Ecclesia</strong></span> <span class='ocrx_word' id='word_1_363' title='bbox 748 4774 994 4826; x_wconf 85' lang='lat' dir='ltr'><strong>sacratas,</strong></span> <span class='ocrx_word' id='word_1_364' title='bbox 1011 4782 1204 4834; x_wconf 83' lang='lat' dir='ltr'><strong>nempe</strong></span> <span class='ocrx_word' id='word_1_365' title='bbox 1225 4765 1836 4833; x_wconf 54' lang='lat' dir='ltr'><strong>Transubstantia&#39;tionis,</strong></span> 
     </span>
    </p>
   </div>
   <div class='ocr_carea' id='block_1_52' title="bbox 279 4831 1839 4902">
    <p class='ocr_par' dir='ltr' id='par_1_52' title="bbox 279 4831 1839 4902">
     <span class='ocr_line' id='line_1_52' title="bbox 279 4831 1839 4902; baseline 0.006 -17"><span class='ocrx_word' id='word_1_366' title='bbox 279 4833 778 4896; x_wconf 86' lang='lat' dir='ltr'><strong>Consubstantialis,</strong></span> <span class='ocrx_word' id='word_1_367' title='bbox 805 4841 859 4887; x_wconf 92' lang='lat' dir='ltr'><strong>et</strong></span> <span class='ocrx_word' id='word_1_368' title='bbox 886 4831 1310 4902; x_wconf 43' lang='lat' dir='ltr'><strong>similium—quasi</strong></span> <span class='ocrx_word' id='word_1_369' title='bbox 1338 4851 1494 4890; x_wconf 88' lang='lat' dir='ltr'><strong>voces</strong></span> <span class='ocrx_word' id='word_1_370' title='bbox 1527 4837 1675 4890; x_wconf 88' lang='lat' dir='ltr'><strong>nihili</strong></span> <span class='ocrx_word' id='word_1_371' title='bbox 1704 4857 1716 4891; x_wconf 90' lang='lat'><strong>:</strong></span> <span class='ocrx_word' id='word_1_372' title='bbox 1745 4831 1839 4894; x_wconf 83' lang='lat' dir='ltr'><strong>vc-</strong></span> 
     </span>
    </p>
   </div>
   <div class='ocr_carea' id='block_1_53' title="bbox 281 4902 1836 4975">
    <p class='ocr_par' dir='ltr' id='par_1_53' title="bbox 281 4902 1836 4975">
     <span class='ocr_line' id='line_1_53' title="bbox 281 4902 1836 4975; baseline 0.005 -21"><span class='ocrx_word' id='word_1_373' title='bbox 281 4902 730 4975; x_wconf 45' lang='lat' dir='ltr'><strong>ruminjustanest</strong></span> <span class='ocrx_word' id='word_1_374' title='bbox 759 4903 1114 4975; x_wconf 70' lang='lat' dir='ltr'><strong>reprehensio,</strong></span> <span class='ocrx_word' id='word_1_375' title='bbox 1150 4905 1556 4975; x_wconf 82' lang='lat' dir='ltr'><strong>talitcrqueiste</strong></span> <span class='ocrx_word' id='word_1_376' title='bbox 1585 4922 1641 4959; x_wconf 91' lang='lat' dir='ltr'><strong>se</strong></span> <span class='ocrx_word' id='word_1_377' title='bbox 1665 4909 1836 4975; x_wconf 82' lang='lat' dir='ltr'><strong>gerit,</strong></span> 
     </span>
    </p>
   </div>
   <div class='ocr_carea' id='block_1_54' title="bbox 279 4970 1843 5040">
    <p class='ocr_par' dir='ltr' id='par_1_54' title="bbox 279 4970 1843 5040">
     <span class='ocr_line' id='line_1_54' title="bbox 279 4970 1843 5040; baseline 0.004 -16"><span class='ocrx_word' id='word_1_378' title='bbox 279 4985 344 5024; x_wconf 83' lang='lat' dir='ltr'><strong>ac</strong></span> <span class='ocrx_word' id='word_1_379' title='bbox 373 4971 418 5022; x_wconf 88' lang='lat' dir='ltr'><strong>si</strong></span> <span class='ocrx_word' id='word_1_380' title='bbox 437 4971 556 5039; x_wconf 88' lang='lat' dir='ltr'><strong>quis</strong></span> <span class='ocrx_word' id='word_1_381' title='bbox 579 4970 807 5040; x_wconf 30' lang='lat' dir='ltr'><strong>Adiceret,</strong></span> <span class='ocrx_word' id='word_1_382' title='bbox 837 4981 896 5023; x_wconf 90' lang='lat' dir='ltr'><strong>ut</strong></span> <span class='ocrx_word' id='word_1_383' title='bbox 919 4971 1144 5025; x_wconf 85' lang='lat' dir='ltr'><strong>Hilarius</strong></span> <span class='ocrx_word' id='word_1_384' title='bbox 1169 4970 1397 5040; x_wconf 84' lang='lat' dir='ltr'><strong>loquitur</strong></span> <span class='ocrx_word' id='word_1_385' title='bbox 1424 4974 1540 5026; x_wconf 80' lang='lat' dir='ltr'><strong>libr.</strong></span> <span class='ocrx_word' id='word_1_386' title='bbox 1563 4970 1692 5027; x_wconf 56' lang='lat' dir='ltr'><strong>adv:</strong></span> <span class='ocrx_word' id='word_1_387' title='bbox 1713 4970 1843 5030; x_wconf 85' lang='lat' dir='ltr'><strong>Con-</strong></span> 
     </span>
    </p>
   </div>
   <div class='ocr_carea' id='block_1_55' title="bbox 279 5037 1838 5108">
    <p class='ocr_par' dir='ltr' id='par_1_55' title="bbox 279 5037 1838 5108">
     <span class='ocr_line' id='line_1_55' title="bbox 279 5037 1838 5108; baseline 0.002 -14"><span class='ocrx_word' id='word_1_388' title='bbox 279 5037 536 5094; x_wconf 82' lang='lat' dir='ltr'><strong>stantium</strong></span> <span class='ocrx_word' id='word_1_389' title='bbox 579 5037 951 5108; x_wconf 85' lang='lat' dir='ltr'><strong>Imperatorem</strong></span> <span class='ocrx_word' id='word_1_390' title='bbox 999 5057 1142 5092; x_wconf 86' lang='lat' dir='ltr'><strong>num.</strong></span> <span class='ocrx_word' id='word_1_391' title='bbox 1182 5037 1254 5094; x_wconf 69' lang='lat' dir='ltr'><strong>ili</strong></span> <span class='ocrx_word' id='word_1_392' title='bbox 1275 5061 1287 5094; x_wconf 92' lang='lat'><strong>:</strong></span> <span class='ocrx_word' id='word_1_393' title='bbox 1331 5061 1348 5092; x_wconf 77' lang='grc' dir='ltr'><strong>ι</strong></span> <span class='ocrx_word' id='word_1_394' title='bbox 1389 5041 1520 5096; x_wconf 85' lang='lat' dir='ltr'><strong>Nolo</strong></span> <span class='ocrx_word' id='word_1_395' title='bbox 1562 5043 1838 5097; x_wconf 86' lang='lat' dir='ltr'><strong>adversum</strong></span> 
     </span>
    </p>
   </div>
   <div class='ocr_carea' id='block_1_56' title="bbox 285 5108 1836 5177">
    <p class='ocr_par' dir='ltr' id='par_1_56' title="bbox 285 5108 1836 5177">
     <span class='ocr_line' id='line_1_56' title="bbox 285 5108 1836 5177; baseline 0.003 -17"><span class='ocrx_word' id='word_1_396' title='bbox 285 5127 304 5160; x_wconf 78' lang='grc' dir='ltr'><strong>ι</strong></span> <span class='ocrx_word' id='word_1_397' title='bbox 339 5123 478 5161; x_wconf 85' lang='lat' dir='ltr'><strong>nova</strong></span> <span class='ocrx_word' id='word_1_398' title='bbox 495 5123 693 5177; x_wconf 87' lang='lat' dir='ltr'><strong>venena</strong></span> <span class='ocrx_word' id='word_1_399' title='bbox 711 5123 874 5161; x_wconf 90' lang='lat' dir='ltr'><strong>novas</strong></span> <span class='ocrx_word' id='word_1_400' title='bbox 889 5108 1386 5162; x_wconf 84' lang='lat' dir='ltr'><strong>medicamentorum</strong></span> <span class='ocrx_word' id='word_1_401' title='bbox 1401 5127 1516 5163; x_wconf 83' lang='lat' dir='ltr'><strong>com</strong></span> <span class='ocrx_word' id='word_1_402' title='bbox 1523 5113 1836 5177; x_wconf 85' lang='lat' dir='ltr'><strong>parationes.</strong></span> 
     </span>
    </p>
   </div>
   <div class='ocr_carea' id='block_1_57' title="bbox 285 5176 1840 5242">
    <p class='ocr_par' dir='ltr' id='par_1_57' title="bbox 285 5176 1840 5242">
     <span class='ocr_line' id='line_1_57' title="bbox 285 5176 1840 5242; baseline 0.003 -15"><span class='ocrx_word' id='word_1_403' title='bbox 285 5195 304 5227; x_wconf 74' lang='grc' dir='ltr'><strong>ι</strong></span> <span class='ocrx_word' id='word_1_404' title='bbox 339 5179 466 5230; x_wconf 88' lang='lat' dir='ltr'><strong>nolo</strong></span> <span class='ocrx_word' id='word_1_405' title='bbox 503 5176 780 5230; x_wconf 85' lang='lat' dir='ltr'><strong>adversum</strong></span> <span class='ocrx_word' id='word_1_406' title='bbox 815 5193 980 5232; x_wconf 84' lang='lat' dir='ltr'><strong>novos</strong></span> <span class='ocrx_word' id='word_1_407' title='bbox 1015 5178 1189 5232; x_wconf 85' lang='lat' dir='ltr'><strong>hostes</strong></span> <span class='ocrx_word' id='word_1_408' title='bbox 1225 5194 1354 5234; x_wconf 81' lang='lat' dir='ltr'><strong>nova</strong></span> <span class='ocrx_word' id='word_1_409' title='bbox 1389 5176 1555 5242; x_wconf 78' lang='lat' dir='ltr'><strong>bella,</strong></span> <span class='ocrx_word' id='word_1_410' title='bbox 1584 5181 1705 5232; x_wconf 90' lang='lat' dir='ltr'><strong>nolo</strong></span> <span class='ocrx_word' id='word_1_411' title='bbox 1749 5181 1840 5232; x_wconf 90' lang='lat' dir='ltr'><strong>ad-</strong></span> 
     </span>
    </p>
   </div>
   <div class='ocr_carea' id='block_1_58' title="bbox 288 5247 1838 5304">
    <p class='ocr_par' dir='ltr' id='par_1_58' title="bbox 288 5247 1838 5304">
     <span class='ocr_line' id='line_1_58' title="bbox 288 5247 1838 5304; baseline 0.005 -8"><span class='ocrx_word' id='word_1_412' title='bbox 288 5263 306 5296; x_wconf 77' lang='lat' dir='ltr'><strong>t</strong></span> <span class='ocrx_word' id='word_1_413' title='bbox 339 5261 552 5299; x_wconf 85' lang='lat' dir='ltr'><strong>versum</strong></span> <span class='ocrx_word' id='word_1_414' title='bbox 581 5261 742 5298; x_wconf 88' lang='lat' dir='ltr'><strong>novas</strong></span> <span class='ocrx_word' id='word_1_415' title='bbox 767 5247 979 5299; x_wconf 79' lang='lat' dir='ltr'><strong>insidias</strong></span> <span class='ocrx_word' id='word_1_416' title='bbox 998 5248 1213 5300; x_wconf 88' lang='lat' dir='ltr'><strong>concilia</strong></span> <span class='ocrx_word' id='word_1_417' title='bbox 1229 5249 1543 5300; x_wconf 57' lang='grc' dir='ltr'><strong>νευρώδη..</strong></span> <span class='ocrx_word' id='word_1_418' title='bbox 1579 5249 1838 5304; x_wconf 74' lang='lat' dir='ltr'><strong>Novitates</strong></span> 
     </span>
    </p>
   </div>
   <div class='ocr_carea' id='block_1_59' title="bbox 290 5315 1839 5384">
    <p class='ocr_par' dir='ltr' id='par_1_59' title="bbox 290 5315 1839 5384">
     <span class='ocr_line' id='line_1_59' title="bbox 290 5315 1839 5384; baseline 0.006 -21"><span class='ocrx_word' id='word_1_419' title='bbox 290 5331 308 5363; x_wconf 80' lang='grc' dir='ltr'><strong>ι</strong></span> <span class='ocrx_word' id='word_1_420' title='bbox 345 5329 555 5377; x_wconf 87' lang='lat' dir='ltr'><strong>vocum,</strong></span> <span class='ocrx_word' id='word_1_421' title='bbox 579 5315 668 5368; x_wconf 85' lang='lat' dir='ltr'><strong>sed</strong></span> <span class='ocrx_word' id='word_1_422' title='bbox 697 5315 989 5384; x_wconf 89' lang='lat' dir='ltr'><strong>prophanas</strong></span> <span class='ocrx_word' id='word_1_423' title='bbox 1018 5316 1249 5369; x_wconf 86' lang='lat' dir='ltr'><strong>devitarc</strong></span> <span class='ocrx_word' id='word_1_424' title='bbox 1270 5317 1416 5382; x_wconf 83' lang='lat' dir='ltr'><strong>jubet</strong></span> <span class='ocrx_word' id='word_1_425' title='bbox 1435 5317 1714 5384; x_wconf 79' lang='lat' dir='ltr'><strong>Apostolus</strong></span> <span class='ocrx_word' id='word_1_426' title='bbox 1743 5335 1754 5367; x_wconf 90' lang='lat'><strong>:</strong></span> <span class='ocrx_word' id='word_1_427' title='bbox 1787 5325 1839 5372; x_wconf 90' lang='lat' dir='ltr'><strong>tu</strong></span> 
     </span>
    </p>
   </div>
   <div class='ocr_carea' id='block_1_60' title="bbox 291 5383 1838 5452">
    <p class='ocr_par' dir='ltr' id='par_1_60' title="bbox 291 5383 1838 5452">
     <span class='ocr_line' id='line_1_60' title="bbox 291 5383 1838 5452; baseline 0.004 -20"><span class='ocrx_word' id='word_1_428' title='bbox 291 5399 308 5432; x_wconf 78' lang='grc' dir='ltr'><strong>ι</strong></span> <span class='ocrx_word' id='word_1_429' title='bbox 342 5397 439 5452; x_wconf 87' lang='lat' dir='ltr'><strong>cur</strong></span> <span class='ocrx_word' id='word_1_430' title='bbox 471 5384 584 5452; x_wconf 81' lang='lat' dir='ltr'><strong>pias</strong></span> <span class='ocrx_word' id='word_1_431' title='bbox 615 5383 886 5436; x_wconf 86' lang='lat' dir='ltr'><strong>excludis?</strong></span> <span class='ocrx_word' id='word_1_432' title='bbox 919 5399 1076 5452; x_wconf 87' lang='lat' dir='ltr'><strong>quum</strong></span> <span class='ocrx_word' id='word_1_433' title='bbox 1112 5386 1398 5451; x_wconf 70' lang='lat' dir='ltr'><strong>prmsertim</strong></span> <span class='ocrx_word' id='word_1_434' title='bbox 1433 5383 1500 5436; x_wconf 84' lang='lat' dir='ltr'><strong>ab</strong></span> <span class='ocrx_word' id='word_1_435' title='bbox 1545 5401 1609 5439; x_wconf 86' lang='lat' dir='ltr'><strong>eo</strong></span> <span class='ocrx_word' id='word_1_436' title='bbox 1645 5386 1838 5439; x_wconf 85' lang='lat' dir='ltr'><strong>dictum</strong></span> 
     </span>
    </p>
   </div>
   <div class='ocr_carea' id='block_1_61' title="bbox 292 5451 1834 5522">
    <p class='ocr_par' dir='ltr' id='par_1_61' title="bbox 292 5451 1834 5522">
     <span class='ocr_line' id='line_1_61' title="bbox 292 5451 1834 5522; baseline 0.003 -20"><span class='ocrx_word' id='word_1_437' title='bbox 292 5468 310 5502; x_wconf 78' lang='grc' dir='ltr'><strong>ι</strong></span> <span class='ocrx_word' id='word_1_438' title='bbox 345 5451 414 5522; x_wconf 77' lang='lat' dir='ltr'><strong>sit</strong></span> <span class='ocrx_word' id='word_1_439' title='bbox 442 5469 454 5502; x_wconf 93' lang='lat'><strong>:</strong></span> <span class='ocrx_word' id='word_1_440' title='bbox 497 5451 677 5522; x_wconf 87' lang='lat' dir='ltr'><strong>Omnis</strong></span> <span class='ocrx_word' id='word_1_441' title='bbox 711 5451 964 5520; x_wconf 85' lang='lat' dir='ltr'><strong>scriptura</strong></span> <span class='ocrx_word' id='word_1_442' title='bbox 1001 5453 1246 5506; x_wconf 87' lang='lat' dir='ltr'><strong>divinitus</strong></span> <span class='ocrx_word' id='word_1_443' title='bbox 1279 5456 1524 5522; x_wconf 83' lang='lat' dir='ltr'><strong>inspirata</strong></span> <span class='ocrx_word' id='word_1_444' title='bbox 1555 5455 1696 5507; x_wconf 86' lang='lat' dir='ltr'><strong>utilis</strong></span> <span class='ocrx_word' id='word_1_445' title='bbox 1737 5463 1834 5508; x_wconf 91' lang='lat' dir='ltr'><strong>est.</strong></span> 
     </span>
    </p>
   </div>
   <div class='ocr_carea' id='block_1_62' title="bbox 293 5519 1838 5592">
    <p class='ocr_par' dir='ltr' id='par_1_62' title="bbox 293 5519 1838 5592">
     <span class='ocr_line' id='line_1_62' title="bbox 293 5519 1838 5592; baseline 0.004 -23"><span class='ocrx_word' id='word_1_446' title='bbox 293 5538 312 5569; x_wconf 74' lang='grc' dir='ltr'><strong>ε</strong></span> <span class='ocrx_word' id='word_1_447' title='bbox 353 5519 732 5592; x_wconf 78' lang='lat' dir='ltr'><strong>lnnascibilem,</strong></span> <span class='ocrx_word' id='word_1_448' title='bbox 751 5519 1000 5590; x_wconf 82' lang='lat' dir='ltr'><strong>scriptum</strong></span> <span class='ocrx_word' id='word_1_449' title='bbox 1025 5535 1285 5590; x_wconf 85' lang='lat' dir='ltr'><strong>nunquam</strong></span> <span class='ocrx_word' id='word_1_450' title='bbox 1313 5519 1438 5592; x_wconf 59' lang='lat' dir='ltr'><strong>legis</strong></span> <span class='ocrx_word' id='word_1_451' title='bbox 1461 5541 1472 5574; x_wconf 88' lang='lat'><strong>:</strong></span> <span class='ocrx_word' id='word_1_452' title='bbox 1505 5523 1753 5590; x_wconf 76' lang='lat' dir='ltr'><strong>mimquid</strong></span> <span class='ocrx_word' id='word_1_453' title='bbox 1775 5539 1838 5575; x_wconf 82' lang='lat' dir='ltr'><strong>ex</strong></span> 
     </span>
    </p>
   </div>
   <div class='ocr_carea' id='block_1_63' title="bbox 294 5587 1839 5657">
    <p class='ocr_par' dir='ltr' id='par_1_63' title="bbox 294 5587 1839 5657">
     <span class='ocr_line' id='line_1_63' title="bbox 294 5587 1839 5657; baseline 0.003 -17"><span class='ocrx_word' id='word_1_454' title='bbox 294 5606 314 5640; x_wconf 77' lang='grc' dir='ltr'><strong>ι</strong></span> <span class='ocrx_word' id='word_1_455' title='bbox 351 5587 454 5642; x_wconf 82' lang='lat' dir='ltr'><strong>hoc</strong></span> <span class='ocrx_word' id='word_1_456' title='bbox 493 5590 782 5656; x_wconf 80' lang='lat' dir='ltr'><strong>negandum</strong></span> <span class='ocrx_word' id='word_1_457' title='bbox 811 5587 929 5654; x_wconf 70' lang='lat' dir='ltr'><strong>erit,</strong></span> <span class='ocrx_word' id='word_1_458' title='bbox 959 5593 1080 5657; x_wconf 85' lang='lat' dir='ltr'><strong>quia</strong></span> <span class='ocrx_word' id='word_1_459' title='bbox 1119 5587 1306 5646; x_wconf 79' lang='lat' dir='ltr'><strong>novum</strong></span> <span class='ocrx_word' id='word_1_460' title='bbox 1341 5587 1458 5646; x_wconf 63' lang='lat' dir='ltr'><strong>cst?</strong></span> <span class='ocrx_word' id='word_1_461' title='bbox 1501 5587 1743 5646; x_wconf 68' lang='lat' dir='ltr'><strong>Dem-ruis</strong></span> <span class='ocrx_word' id='word_1_462' title='bbox 1770 5595 1839 5644; x_wconf 61' lang='lat' dir='ltr'><strong>si-</strong></span> 
     </span>
    </p>
   </div>
   <div class='ocr_carea' id='block_1_64' title="bbox 1477 272 2356 366">
    <p class='ocr_par' dir='ltr' id='par_1_64' title="bbox 1477 272 2356 366">
     <span class='ocr_line' id='line_1_64' title="bbox 1477 272 2356 366; baseline 0.005 -4"><span class='ocrx_word' id='word_1_463' title='bbox 1477 272 2044 363; x_wconf 67' lang='grc' dir='ltr'>ξῦιιιιοιιλτοιιιυιι</span> <span class='ocrx_word' id='word_1_464' title='bbox 2075 307 2356 366; x_wconf 72' lang='lat' dir='ltr'><strong>PRIMUM.</strong></span> 
     </span>
    </p>
   </div>
   <div class='ocr_carea' id='block_1_65' title="bbox 3437 310 3540 366">
    <p class='ocr_par' dir='ltr' id='par_1_65' title="bbox 3437 310 3540 366">
     <span class='ocr_line' id='line_1_65' title="bbox 3437 310 3540 366; baseline 0.019 -3"><span class='ocrx_word' id='word_1_465' title='bbox 3437 310 3540 366; x_wconf 79' lang='lat'><strong>670</strong></span> 
     </span>
    </p>
   </div>
   <div class='ocr_carea' id='block_1_66' title="bbox 2067 419 3540 505">
    <p class='ocr_par' dir='ltr' id='par_1_66' title="bbox 2067 419 3540 505">
     <span class='ocr_line' id='line_1_66' title="bbox 2067 419 3540 505; baseline 0.017 -35"><span class='ocrx_word' id='word_1_466' title='bbox 2067 419 2248 472; x_wconf 67' lang='lat' dir='ltr'><strong>XXIV.</strong></span> <span class='ocrx_word' id='word_1_467' title='bbox 2279 423 2382 474; x_wconf 75' lang='lat' dir='ltr'><strong>Sed</strong></span> <span class='ocrx_word' id='word_1_468' title='bbox 2424 423 2488 476; x_wconf 87' lang='lat' dir='ltr'><strong>ad</strong></span> <span class='ocrx_word' id='word_1_469' title='bbox 2527 423 2832 494; x_wconf 79' lang='lat' dir='ltr'><strong>Apostolum</strong></span> <span class='ocrx_word' id='word_1_470' title='bbox 2871 430 3162 488; x_wconf 82' lang='lat' dir='ltr'><strong>redeamus.</strong></span> <span class='ocrx_word' id='word_1_471' title='bbox 3197 433 3240 488; x_wconf 91' lang='lat'><em>0</em></span> <span class='ocrx_word' id='word_1_472' title='bbox 3271 435 3540 505; x_wconf 67' lang='lat' dir='ltr'><strong>Timet/aee,</strong></span> 
     </span>
    </p>
   </div>
   <div class='ocr_carea' id='block_1_67' title="bbox 1991 502 3545 594">
    <p class='ocr_par' dir='ltr' id='par_1_67' title="bbox 1991 502 3545 594">
     <span class='ocr_line' id='line_1_67' title="bbox 1991 502 3545 594; baseline 0.015 -34"><span class='ocrx_word' id='word_1_473' title='bbox 1991 502 2184 578; x_wconf 80' lang='lat' dir='ltr'><strong>inquit,</strong></span> <span class='ocrx_word' id='word_1_474' title='bbox 2221 511 2499 580; x_wconf 83' lang='lat' dir='ltr'><strong>depositum</strong></span> <span class='ocrx_word' id='word_1_475' title='bbox 2525 517 2743 582; x_wconf 76' lang='lat' dir='ltr'><strong>custodi,</strong></span> <span class='ocrx_word' id='word_1_476' title='bbox 2783 519 3001 575; x_wconf 71' lang='lat' dir='ltr'><strong>devitans</strong></span> <span class='ocrx_word' id='word_1_477' title='bbox 3043 526 3330 594; x_wconf 80' lang='lat' dir='ltr'><strong>prophanas</strong></span> <span class='ocrx_word' id='word_1_478' title='bbox 3372 502 3545 584; x_wconf 67' lang='lat' dir='ltr'><strong>vocant</strong></span> 
     </span>
    </p>
   </div>
   <div class='ocr_carea' id='block_1_68' title="bbox 1989 599 3543 686">
    <p class='ocr_par' dir='ltr' id='par_1_68' title="bbox 1989 599 3543 686">
     <span class='ocr_line' id='line_1_68' title="bbox 1989 599 3543 686; baseline 0.015 -37"><span class='ocrx_word' id='word_1_479' title='bbox 1989 599 2246 652; x_wconf 76' lang='lat' dir='ltr'><strong>novitates.</strong></span> <span class='ocrx_word' id='word_1_480' title='bbox 2267 601 2464 668; x_wconf 89' lang='lat' dir='ltr'><strong>Devita,</strong></span> <span class='ocrx_word' id='word_1_481' title='bbox 2491 603 2674 672; x_wconf 89' lang='lat' dir='ltr'><strong>inquit,</strong></span> <span class='ocrx_word' id='word_1_482' title='bbox 2693 608 2838 675; x_wconf 89' lang='lat' dir='ltr'><strong>quasi</strong></span> <span class='ocrx_word' id='word_1_483' title='bbox 2865 609 3116 678; x_wconf 83' lang='lat' dir='ltr'><strong>viperam,</strong></span> <span class='ocrx_word' id='word_1_484' title='bbox 3145 615 3290 682; x_wconf 82' lang='lat' dir='ltr'><strong>quasi</strong></span> <span class='ocrx_word' id='word_1_485' title='bbox 3319 619 3543 686; x_wconf 88' lang='lat' dir='ltr'><strong>scorpio-</strong></span> 
     </span>
    </p>
   </div>
   <div class='ocr_carea' id='block_1_69' title="bbox 1987 691 3538 772">
    <p class='ocr_par' dir='ltr' id='par_1_69' title="bbox 1987 691 3538 772">
     <span class='ocr_line' id='line_1_69' title="bbox 1987 691 3538 772; baseline 0.015 -32"><span class='ocrx_word' id='word_1_486' title='bbox 1987 702 2138 754; x_wconf 89' lang='lat' dir='ltr'><strong>nem,</strong></span> <span class='ocrx_word' id='word_1_487' title='bbox 2179 691 2328 758; x_wconf 85' lang='lat' dir='ltr'><strong>quasi</strong></span> <span class='ocrx_word' id='word_1_488' title='bbox 2372 692 2702 759; x_wconf 87' lang='lat' dir='ltr'><strong>basiliscum,</strong></span> <span class='ocrx_word' id='word_1_489' title='bbox 2733 713 2798 752; x_wconf 90' lang='lat' dir='ltr'><strong>ne</strong></span> <span class='ocrx_word' id='word_1_490' title='bbox 2827 707 2876 751; x_wconf 88' lang='lat' dir='ltr'><strong>te</strong></span> <span class='ocrx_word' id='word_1_491' title='bbox 2902 715 3005 752; x_wconf 91' lang='lat' dir='ltr'><strong>non</strong></span> <span class='ocrx_word' id='word_1_492' title='bbox 3047 701 3215 754; x_wconf 89' lang='lat' dir='ltr'><strong>solum</strong></span> <span class='ocrx_word' id='word_1_493' title='bbox 3262 712 3419 772; x_wconf 88' lang='lat' dir='ltr'><strong>tactu,</strong></span> <span class='ocrx_word' id='word_1_494' title='bbox 3446 708 3538 763; x_wconf 89' lang='lat' dir='ltr'><strong>sed</strong></span> 
     </span>
    </p>
   </div>
   <div class='ocr_carea' id='block_1_70' title="bbox 1985 775 3538 854">
    <p class='ocr_par' dir='ltr' id='par_1_70' title="bbox 1985 775 3538 854">
     <span class='ocr_line' id='line_1_70' title="bbox 1985 775 3538 854; baseline 0.014 -26"><span class='ocrx_word' id='word_1_495' title='bbox 1985 775 2142 829; x_wconf 87' lang='lat' dir='ltr'><strong>etiam</strong></span> <span class='ocrx_word' id='word_1_496' title='bbox 2175 778 2291 831; x_wconf 85' lang='lat' dir='ltr'><strong>visu</strong></span> <span class='ocrx_word' id='word_1_497' title='bbox 2327 779 2607 850; x_wconf 88' lang='lat' dir='ltr'><strong>afllatuque</strong></span> <span class='ocrx_word' id='word_1_498' title='bbox 2633 786 2943 851; x_wconf 89' lang='lat' dir='ltr'><strong>percutiant.</strong></span> <span class='ocrx_word' id='word_1_499' title='bbox 2985 787 3118 854; x_wconf 90' lang='lat' dir='ltr'><strong>Quid</strong></span> <span class='ocrx_word' id='word_1_500' title='bbox 3151 801 3232 846; x_wconf 90' lang='lat' dir='ltr'><strong>est</strong></span> <span class='ocrx_word' id='word_1_501' title='bbox 3269 792 3538 850; x_wconf 85' lang='lat' dir='ltr'><strong>devitarc?</strong></span> 
     </span>
    </p>
   </div>
   <div class='ocr_carea' id='block_1_71' title="bbox 1983 866 3537 948">
    <p class='ocr_par' dir='ltr' id='par_1_71' title="bbox 1983 866 3537 948">
     <span class='ocr_line' id='line_1_71' title="bbox 1983 866 3537 948; baseline 0.012 -31"><span class='ocrx_word' id='word_1_502' title='bbox 1983 880 2096 918; x_wconf 86' lang='lat' dir='ltr'><strong>cum</strong></span> <span class='ocrx_word' id='word_1_503' title='bbox 2133 866 2418 934; x_wconf 76' lang='lat' dir='ltr'><strong>Itujusmodi</strong></span> <span class='ocrx_word' id='word_1_504' title='bbox 2445 886 2531 922; x_wconf 79' lang='lat' dir='ltr'><strong>nec</strong></span> <span class='ocrx_word' id='word_1_505' title='bbox 2555 871 2716 923; x_wconf 81' lang='lat' dir='ltr'><strong>cibum</strong></span> <span class='ocrx_word' id='word_1_506' title='bbox 2755 889 2961 936; x_wconf 79' lang='lat' dir='ltr'><strong>sumere,</strong></span> <span class='ocrx_word' id='word_1_507' title='bbox 2998 877 3022 929; x_wconf 81' lang='grc'><strong>1</strong></span> <span class='ocrx_word' id='word_1_508' title='bbox 3054 876 3175 932; x_wconf 86' lang='lat' dir='ltr'><strong>Cor.</strong></span> <span class='ocrx_word' id='word_1_509' title='bbox 3193 879 3246 934; x_wconf 84' lang='lat'><strong>5.</strong></span> <span class='ocrx_word' id='word_1_510' title='bbox 3274 880 3406 946; x_wconf 86' lang='lat' dir='ltr'><strong>Quid</strong></span> <span class='ocrx_word' id='word_1_511' title='bbox 3435 895 3537 948; x_wconf 87' lang='lat' dir='ltr'><strong>est,</strong></span> 
     </span>
    </p>
   </div>
   <div class='ocr_carea' id='block_1_72' title="bbox 1981 953 3536 1028">
    <p class='ocr_par' dir='ltr' id='par_1_72' title="bbox 1981 953 3536 1028">
     <span class='ocr_line' id='line_1_72' title="bbox 1981 953 3536 1028; baseline 0.012 -22"><span class='ocrx_word' id='word_1_512' title='bbox 1981 953 2193 1007; x_wconf 85' lang='lat' dir='ltr'><strong>devita?</strong></span> <span class='ocrx_word' id='word_1_513' title='bbox 2215 955 2274 1009; x_wconf 91' lang='lat' dir='ltr'><strong>Si</strong></span> <span class='ocrx_word' id='word_1_514' title='bbox 2293 958 2420 1024; x_wconf 83' lang='lat' dir='ltr'><strong>quis,</strong></span> <span class='ocrx_word' id='word_1_515' title='bbox 2445 957 2638 1026; x_wconf 90' lang='lat' dir='ltr'><strong>inquit,</strong></span> <span class='ocrx_word' id='word_1_516' title='bbox 2666 962 2795 1014; x_wconf 78' lang='lat' dir='ltr'><strong>venit</strong></span> <span class='ocrx_word' id='word_1_517' title='bbox 2819 963 2883 1015; x_wconf 82' lang='lat' dir='ltr'><strong>ad</strong></span> <span class='ocrx_word' id='word_1_518' title='bbox 2909 980 3012 1028; x_wconf 83' lang='lat' dir='ltr'><strong>ros,</strong></span> <span class='ocrx_word' id='word_1_519' title='bbox 3043 975 3091 1018; x_wconf 78' lang='lat' dir='ltr'><strong>et</strong></span> <span class='ocrx_word' id='word_1_520' title='bbox 3116 967 3242 1020; x_wconf 76' lang='lat' dir='ltr'><strong>Itath</strong></span> <span class='ocrx_word' id='word_1_521' title='bbox 3263 969 3536 1026; x_wconf 64' lang='lat' dir='ltr'><strong>doctrinam</strong></span> 
     </span>
    </p>
   </div>
   <div class='ocr_carea' id='block_1_73' title="bbox 1981 1042 3533 1122">
    <p class='ocr_par' dir='ltr' id='par_1_73' title="bbox 1981 1042 3533 1122">
     <span class='ocr_line' id='line_1_73' title="bbox 1981 1042 3533 1122; baseline 0.014 -28"><span class='ocrx_word' id='word_1_522' title='bbox 1981 1059 2078 1095; x_wconf 85' lang='lat' dir='ltr'><strong>non</strong></span> <span class='ocrx_word' id='word_1_523' title='bbox 2105 1042 2276 1108; x_wconf 72' lang='lat' dir='ltr'><strong>affert,</strong></span> <span class='ocrx_word' id='word_1_524' title='bbox 2299 1046 2334 1097; x_wconf 71' lang='lat'>2</span> <span class='ocrx_word' id='word_1_525' title='bbox 2357 1046 2544 1099; x_wconf 82' lang='lat' dir='ltr'><strong>Joanu.</strong></span> <span class='ocrx_word' id='word_1_526' title='bbox 2568 1048 2734 1112; x_wconf 85' lang='lat' dir='ltr'><strong>Quam</strong></span> <span class='ocrx_word' id='word_1_527' title='bbox 2753 1049 3044 1122; x_wconf 80' lang='lat' dir='ltr'><strong>doctrinam</strong></span> <span class='ocrx_word' id='word_1_528' title='bbox 3061 1095 3074 1118; x_wconf 92' lang='lat'><strong>,</strong></span> <span class='ocrx_word' id='word_1_529' title='bbox 3102 1055 3201 1110; x_wconf 87' lang='lat' dir='ltr'><strong>nisi</strong></span> <span class='ocrx_word' id='word_1_530' title='bbox 3227 1058 3533 1115; x_wconf 80' lang='lat' dir='ltr'><strong>catholicam</strong></span> 
     </span>
    </p>
   </div>
   <div class='ocr_carea' id='block_1_74' title="bbox 1979 1132 3534 1214">
    <p class='ocr_par' dir='ltr' id='par_1_74' title="bbox 1979 1132 3534 1214">
     <span class='ocr_line' id='line_1_74' title="bbox 1979 1132 3534 1214; baseline 0.014 -32"><span class='ocrx_word' id='word_1_531' title='bbox 1979 1139 2032 1182; x_wconf 90' lang='lat' dir='ltr'><strong>et</strong></span> <span class='ocrx_word' id='word_1_532' title='bbox 2051 1132 2416 1196; x_wconf 86' lang='lat' dir='ltr'><strong>universalem,</strong></span> <span class='ocrx_word' id='word_1_533' title='bbox 2441 1144 2494 1188; x_wconf 90' lang='lat' dir='ltr'><strong>et</strong></span> <span class='ocrx_word' id='word_1_534' title='bbox 2519 1152 2674 1191; x_wconf 89' lang='lat' dir='ltr'><strong>unam</strong></span> <span class='ocrx_word' id='word_1_535' title='bbox 2699 1139 3042 1210; x_wconf 88' lang='lat' dir='ltr'><strong>eamdemque</strong></span> <span class='ocrx_word' id='word_1_536' title='bbox 3057 1160 3152 1212; x_wconf 88' lang='lat' dir='ltr'><strong>per</strong></span> <span class='ocrx_word' id='word_1_537' title='bbox 3173 1146 3400 1214; x_wconf 75' lang='lat' dir='ltr'><strong>singulas</strong></span> <span class='ocrx_word' id='word_1_538' title='bbox 3419 1160 3534 1204; x_wconf 65' lang='lat' dir='ltr'><strong>aeta-</strong></span> 
     </span>
    </p>
   </div>
   <div class='ocr_carea' id='block_1_75' title="bbox 1979 1224 3534 1296">
    <p class='ocr_par' dir='ltr' id='par_1_75' title="bbox 1979 1224 3534 1296">
     <span class='ocr_line' id='line_1_75' title="bbox 1979 1224 3534 1296; baseline 0.014 -24"><span class='ocrx_word' id='word_1_539' title='bbox 1979 1227 2086 1274; x_wconf 89' lang='lat' dir='ltr'><strong>tum</strong></span> <span class='ocrx_word' id='word_1_540' title='bbox 2114 1224 2476 1279; x_wconf 83' lang='lat' dir='ltr'><strong>successiones</strong></span> <span class='ocrx_word' id='word_1_541' title='bbox 2515 1226 2814 1296; x_wconf 85' lang='lat' dir='ltr'><strong>incorrupta</strong></span> <span class='ocrx_word' id='word_1_542' title='bbox 2848 1232 3080 1286; x_wconf 87' lang='lat' dir='ltr'><strong>veritatis</strong></span> <span class='ocrx_word' id='word_1_543' title='bbox 3119 1235 3393 1291; x_wconf 84' lang='lat' dir='ltr'><strong>traditione</strong></span> <span class='ocrx_word' id='word_1_544' title='bbox 3421 1256 3534 1292; x_wconf 88' lang='lat' dir='ltr'><strong>ma-</strong></span> 
     </span>
    </p>
   </div>
   <div class='ocr_carea' id='block_1_76' title="bbox 1975 1309 3532 1392">
    <p class='ocr_par' dir='ltr' id='par_1_76' title="bbox 1975 1309 3532 1392">
     <span class='ocr_line' id='line_1_76' title="bbox 1975 1309 3532 1392; baseline 0.013 -31"><span class='ocrx_word' id='word_1_545' title='bbox 1975 1318 2208 1376; x_wconf 88' lang='lat' dir='ltr'><strong>nentem,</strong></span> <span class='ocrx_word' id='word_1_546' title='bbox 2238 1321 2290 1366; x_wconf 90' lang='lat' dir='ltr'><strong>ct</strong></span> <span class='ocrx_word' id='word_1_547' title='bbox 2315 1329 2480 1382; x_wconf 91' lang='lat' dir='ltr'><strong>usque</strong></span> <span class='ocrx_word' id='word_1_548' title='bbox 2500 1315 2552 1368; x_wconf 92' lang='lat' dir='ltr'><strong>in</strong></span> <span class='ocrx_word' id='word_1_549' title='bbox 2579 1309 2754 1370; x_wconf 83' lang='lat' dir='ltr'><strong>secula</strong></span> <span class='ocrx_word' id='word_1_550' title='bbox 2780 1319 2894 1373; x_wconf 89' lang='lat' dir='ltr'><strong>sine</strong></span> <span class='ocrx_word' id='word_1_551' title='bbox 2915 1319 3018 1374; x_wconf 90' lang='lat' dir='ltr'><strong>fine</strong></span> <span class='ocrx_word' id='word_1_552' title='bbox 3044 1327 3376 1378; x_wconf 77' lang='lat' dir='ltr'><strong>mansuram?</strong></span> <span class='ocrx_word' id='word_1_553' title='bbox 3399 1329 3532 1392; x_wconf 76' lang='lat' dir='ltr'><strong>Quid</strong></span> 
     </span>
    </p>
   </div>
   <div class='ocr_carea' id='block_1_77' title="bbox 1975 1399 3534 1476">
    <p class='ocr_par' dir='ltr' id='par_1_77' title="bbox 1975 1399 3534 1476">
     <span class='ocr_line' id='line_1_77' title="bbox 1975 1399 3534 1476; baseline 0.012 -25"><span class='ocrx_word' id='word_1_554' title='bbox 1975 1401 2120 1452; x_wconf 88' lang='lat' dir='ltr'><strong>tum?</strong></span> <span class='ocrx_word' id='word_1_555' title='bbox 2147 1399 2202 1452; x_wconf 86' lang='grc' dir='ltr'><em>Ν</em></span> <span class='ocrx_word' id='word_1_556' title='bbox 2204 1403 2338 1464; x_wconf 89' lang='lat' dir='ltr'><strong>olitc,</strong></span> <span class='ocrx_word' id='word_1_557' title='bbox 2363 1404 2546 1472; x_wconf 88' lang='lat' dir='ltr'><strong>inquit,</strong></span> <span class='ocrx_word' id='word_1_558' title='bbox 2575 1407 2792 1474; x_wconf 80' lang='lat' dir='ltr'><strong>recipere</strong></span> <span class='ocrx_word' id='word_1_559' title='bbox 2811 1423 2921 1462; x_wconf 78' lang='lat' dir='ltr'><strong>eunt</strong></span> <span class='ocrx_word' id='word_1_560' title='bbox 2947 1409 2996 1463; x_wconf 87' lang='lat' dir='ltr'><strong>in</strong></span> <span class='ocrx_word' id='word_1_561' title='bbox 3021 1410 3242 1476; x_wconf 78' lang='lat' dir='ltr'><strong>domum,</strong></span> <span class='ocrx_word' id='word_1_562' title='bbox 3271 1431 3356 1466; x_wconf 74' lang='lat' dir='ltr'><strong>nec</strong></span> <span class='ocrx_word' id='word_1_563' title='bbox 3382 1432 3469 1468; x_wconf 83' lang='lat' dir='ltr'><strong>ave</strong></span> <span class='ocrx_word' id='word_1_564' title='bbox 3489 1419 3534 1469; x_wconf 86' lang='lat' dir='ltr'><strong>ci</strong></span> 
     </span>
    </p>
   </div>
   <div class='ocr_carea' id='block_1_78' title="bbox 1971 1489 3530 1574">
    <p class='ocr_par' dir='ltr' id='par_1_78' title="bbox 1971 1489 3530 1574">
     <span class='ocr_line' id='line_1_78' title="bbox 1971 1489 3530 1574; baseline 0.012 -33"><span class='ocrx_word' id='word_1_565' title='bbox 1971 1489 2212 1544; x_wconf 73' lang='lat' dir='ltr'><strong>dixeritis.</strong></span> <span class='ocrx_word' id='word_1_566' title='bbox 2243 1491 2344 1556; x_wconf 84' lang='lat' dir='ltr'><strong>Qui</strong></span> <span class='ocrx_word' id='word_1_567' title='bbox 2367 1495 2496 1546; x_wconf 83' lang='lat' dir='ltr'><strong>enim</strong></span> <span class='ocrx_word' id='word_1_568' title='bbox 2521 1496 2640 1548; x_wconf 80' lang='lat' dir='ltr'><strong>dicit</strong></span> <span class='ocrx_word' id='word_1_569' title='bbox 2673 1497 2749 1550; x_wconf 83' lang='lat' dir='ltr'><strong>illi</strong></span> <span class='ocrx_word' id='word_1_570' title='bbox 2784 1514 2900 1562; x_wconf 79' lang='lat' dir='ltr'><strong>ave,</strong></span> <span class='ocrx_word' id='word_1_571' title='bbox 2937 1503 3266 1556; x_wconf 75' lang='lat' dir='ltr'><strong>communicat</strong></span> <span class='ocrx_word' id='word_1_572' title='bbox 3303 1507 3530 1574; x_wconf 75' lang='lat' dir='ltr'><strong>operibus</strong></span> 
     </span>
    </p>
   </div>
   <div class='ocr_carea' id='block_1_79' title="bbox 1969 1581 3527 1662">
    <p class='ocr_par' dir='ltr' id='par_1_79' title="bbox 1969 1581 3527 1662">
     <span class='ocr_line' id='line_1_79' title="bbox 1969 1581 3527 1662; baseline 0.013 -32"><span class='ocrx_word' id='word_1_573' title='bbox 1969 1581 2075 1649; x_wconf 85' lang='lat' dir='ltr'><strong>ejus</strong></span> <span class='ocrx_word' id='word_1_574' title='bbox 2101 1583 2348 1652; x_wconf 78' lang='lat' dir='ltr'><strong>malignis.</strong></span> <span class='ocrx_word' id='word_1_575' title='bbox 2373 1584 2692 1654; x_wconf 83' lang='lat' dir='ltr'><strong>Pmphanas,</strong></span> <span class='ocrx_word' id='word_1_576' title='bbox 2721 1588 2904 1658; x_wconf 89' lang='lat' dir='ltr'><strong>inquit,</strong></span> <span class='ocrx_word' id='word_1_577' title='bbox 2927 1607 3098 1644; x_wconf 76' lang='lat' dir='ltr'><strong>cocum</strong></span> <span class='ocrx_word' id='word_1_578' title='bbox 3113 1595 3370 1648; x_wconf 77' lang='lat' dir='ltr'><strong>novitates.</strong></span> <span class='ocrx_word' id='word_1_579' title='bbox 3393 1597 3527 1662; x_wconf 87' lang='lat' dir='ltr'><strong>Quid</strong></span> 
     </span>
    </p>
   </div>
   <div class='ocr_carea' id='block_1_80' title="bbox 1969 1671 3525 1753">
    <p class='ocr_par' dir='ltr' id='par_1_80' title="bbox 1969 1671 3525 1753">
     <span class='ocr_line' id='line_1_80' title="bbox 1969 1671 3525 1753; baseline 0.012 -33"><span class='ocrx_word' id='word_1_580' title='bbox 1969 1678 2049 1722; x_wconf 89' lang='lat' dir='ltr'><strong>est</strong></span> <span class='ocrx_word' id='word_1_581' title='bbox 2075 1671 2397 1739; x_wconf 84' lang='lat' dir='ltr'><strong>praplumas?</strong></span> <span class='ocrx_word' id='word_1_582' title='bbox 2421 1673 2549 1739; x_wconf 66' lang='lat' dir='ltr'><strong>Quae</strong></span> <span class='ocrx_word' id='word_1_583' title='bbox 2575 1675 2702 1729; x_wconf 89' lang='lat' dir='ltr'><strong>nihil</strong></span> <span class='ocrx_word' id='word_1_584' title='bbox 2727 1676 2918 1732; x_wconf 86' lang='lat' dir='ltr'><strong>habent</strong></span> <span class='ocrx_word' id='word_1_585' title='bbox 2937 1680 3092 1745; x_wconf 87' lang='lat' dir='ltr'><strong>sacri,</strong></span> <span class='ocrx_word' id='word_1_586' title='bbox 3120 1682 3250 1735; x_wconf 88' lang='lat' dir='ltr'><strong>nihil</strong></span> <span class='ocrx_word' id='word_1_587' title='bbox 3273 1684 3525 1753; x_wconf 76' lang='lat' dir='ltr'><strong>religiosi,</strong></span> 
     </span>
    </p>
   </div>
   <div class='ocr_carea' id='block_1_81' title="bbox 1965 1759 3526 1844">
    <p class='ocr_par' dir='ltr' id='par_1_81' title="bbox 1965 1759 3526 1844">
     <span class='ocr_line' id='line_1_81' title="bbox 1965 1759 3526 1844; baseline 0.012 -34"><span class='ocrx_word' id='word_1_588' title='bbox 1965 1759 2032 1812; x_wconf 85' lang='lat' dir='ltr'><strong>ab</strong></span> <span class='ocrx_word' id='word_1_589' title='bbox 2059 1760 2306 1815; x_wconf 81' lang='lat' dir='ltr'><strong>Ecclesia:</strong></span> <span class='ocrx_word' id='word_1_590' title='bbox 2341 1765 2714 1833; x_wconf 85' lang='lat' dir='ltr'><strong>penetralibus,</strong></span> <span class='ocrx_word' id='word_1_591' title='bbox 2743 1783 2858 1836; x_wconf 83' lang='lat' dir='ltr'><strong>qua:</strong></span> <span class='ocrx_word' id='word_1_592' title='bbox 2885 1777 2968 1823; x_wconf 92' lang='lat' dir='ltr'><strong>est</strong></span> <span class='ocrx_word' id='word_1_593' title='bbox 3003 1771 3254 1840; x_wconf 86' lang='lat' dir='ltr'><strong>templum</strong></span> <span class='ocrx_word' id='word_1_594' title='bbox 3282 1774 3404 1838; x_wconf 88' lang='lat' dir='ltr'><strong>Dei,</strong></span> <span class='ocrx_word' id='word_1_595' title='bbox 3433 1791 3526 1844; x_wconf 87' lang='lat' dir='ltr'><strong>pe-</strong></span> 
     </span>
    </p>
   </div>
   <div class='ocr_carea' id='block_1_82' title="bbox 1966 1845 3520 1930">
    <p class='ocr_par' dir='ltr' id='par_1_82' title="bbox 1966 1845 3520 1930">
     <span class='ocr_line' id='line_1_82' title="bbox 1966 1845 3520 1930; baseline 0.012 -29"><span class='ocrx_word' id='word_1_596' title='bbox 1966 1845 2105 1903; x_wconf 86' lang='lat' dir='ltr'><strong>nitus</strong></span> <span class='ocrx_word' id='word_1_597' title='bbox 2133 1861 2426 1908; x_wconf 78' lang='lat' dir='ltr'><strong>cxtraneas.</strong></span> <span class='ocrx_word' id='word_1_598' title='bbox 2458 1854 2784 1926; x_wconf 80' lang='lat' dir='ltr'><strong>Propltanas,</strong></span> <span class='ocrx_word' id='word_1_599' title='bbox 2821 1858 3014 1928; x_wconf 88' lang='lat' dir='ltr'><strong>inquit,</strong></span> <span class='ocrx_word' id='word_1_600' title='bbox 3037 1877 3220 1930; x_wconf 63' lang='lat' dir='ltr'><strong>cocum</strong></span> <span class='ocrx_word' id='word_1_601' title='bbox 3265 1865 3520 1920; x_wconf 79' lang='lat' dir='ltr'><strong>novitates.</strong></span> 
     </span>
    </p>
   </div>
   <div class='ocr_carea' id='block_1_83' title="bbox 1969 1939 3520 2016">
    <p class='ocr_par' dir='ltr' id='par_1_83' title="bbox 1969 1939 3520 2016">
     <span class='ocr_line' id='line_1_83' title="bbox 1969 1939 3520 2016; baseline 0.012 -24"><span class='ocrx_word' id='word_1_602' title='bbox 1969 1939 2186 2008; x_wconf 74' lang='lat' dir='ltr'><strong>Vocum,</strong></span> <span class='ocrx_word' id='word_1_603' title='bbox 2217 1943 2266 1996; x_wconf 92' lang='lat' dir='ltr'><strong>id</strong></span> <span class='ocrx_word' id='word_1_604' title='bbox 2300 1953 2400 2008; x_wconf 87' lang='lat' dir='ltr'><strong>est,</strong></span> <span class='ocrx_word' id='word_1_605' title='bbox 2429 1945 2762 2015; x_wconf 80' lang='lat' dir='ltr'><strong>dogmatum,</strong></span> <span class='ocrx_word' id='word_1_606' title='bbox 2792 1965 2990 2016; x_wconf 88' lang='lat' dir='ltr'><strong>rerum,</strong></span> <span class='ocrx_word' id='word_1_607' title='bbox 3019 1955 3393 2008; x_wconf 88' lang='lat' dir='ltr'><strong>sententiarum</strong></span> <span class='ocrx_word' id='word_1_608' title='bbox 3423 1973 3520 2011; x_wconf 86' lang='lat' dir='ltr'><strong>no-</strong></span> 
     </span>
    </p>
   </div>
   <div class='ocr_carea' id='block_1_84' title="bbox 1963 2031 3518 2112">
    <p class='ocr_par' dir='ltr' id='par_1_84' title="bbox 1963 2031 3518 2112">
     <span class='ocr_line' id='line_1_84' title="bbox 1963 2031 3518 2112; baseline 0.012 -30"><span class='ocrx_word' id='word_1_609' title='bbox 1963 2031 2169 2096; x_wconf 85' lang='lat' dir='ltr'><strong>vitatcs,</strong></span> <span class='ocrx_word' id='word_1_610' title='bbox 2192 2049 2308 2102; x_wconf 77' lang='lat' dir='ltr'><strong>qua:</strong></span> <span class='ocrx_word' id='word_1_611' title='bbox 2329 2044 2450 2088; x_wconf 86' lang='lat' dir='ltr'><strong>sunt</strong></span> <span class='ocrx_word' id='word_1_612' title='bbox 2469 2040 2712 2092; x_wconf 89' lang='lat' dir='ltr'><strong>vetustati</strong></span> <span class='ocrx_word' id='word_1_613' title='bbox 2727 2047 2882 2107; x_wconf 89' lang='lat' dir='ltr'><strong>atque</strong></span> <span class='ocrx_word' id='word_1_614' title='bbox 2905 2043 3194 2112; x_wconf 88' lang='lat' dir='ltr'><strong>antiquitati</strong></span> <span class='ocrx_word' id='word_1_615' title='bbox 3211 2048 3483 2100; x_wconf 79' lang='lat' dir='ltr'><strong>contraria:</strong></span> <span class='ocrx_word' id='word_1_616' title='bbox 3505 2068 3518 2100; x_wconf 88' lang='lat'><strong>:</strong></span> 
     </span>
    </p>
   </div>
   <div class='ocr_carea' id='block_1_85' title="bbox 1961 2122 3516 2204">
    <p class='ocr_par' dir='ltr' id='par_1_85' title="bbox 1961 2122 3516 2204">
     <span class='ocr_line' id='line_1_85' title="bbox 1961 2122 3516 2204; baseline 0.01 -32"><span class='ocrx_word' id='word_1_617' title='bbox 1961 2135 2078 2188; x_wconf 74' lang='lat' dir='ltr'><strong>quze</strong></span> <span class='ocrx_word' id='word_1_618' title='bbox 2103 2122 2146 2175; x_wconf 89' lang='lat' dir='ltr'><strong>si</strong></span> <span class='ocrx_word' id='word_1_619' title='bbox 2167 2123 2502 2192; x_wconf 85' lang='lat' dir='ltr'><strong>recipiantur,</strong></span> <span class='ocrx_word' id='word_1_620' title='bbox 2535 2141 2754 2182; x_wconf 90' lang='lat' dir='ltr'><strong>necesse</strong></span> <span class='ocrx_word' id='word_1_621' title='bbox 2780 2138 2862 2183; x_wconf 87' lang='lat' dir='ltr'><strong>est</strong></span> <span class='ocrx_word' id='word_1_622' title='bbox 2887 2137 2943 2183; x_wconf 86' lang='lat' dir='ltr'><strong>ut</strong></span> <span class='ocrx_word' id='word_1_623' title='bbox 2969 2130 3097 2185; x_wconf 82' lang='lat' dir='ltr'><strong>fides</strong></span> <span class='ocrx_word' id='word_1_624' title='bbox 3123 2133 3394 2188; x_wconf 87' lang='lat' dir='ltr'><strong>beatorum</strong></span> <span class='ocrx_word' id='word_1_625' title='bbox 3426 2153 3516 2204; x_wconf 83' lang='lat' dir='ltr'><strong>pa-</strong></span> 
     </span>
    </p>
   </div>
   <div class='ocr_carea' id='block_1_86' title="bbox 1959 2219 3514 2291">
    <p class='ocr_par' dir='ltr' id='par_1_86' title="bbox 1959 2219 3514 2291">
     <span class='ocr_line' id='line_1_86' title="bbox 1959 2219 3514 2291; baseline 0.011 -28"><span class='ocrx_word' id='word_1_626' title='bbox 1959 2219 2118 2276; x_wconf 88' lang='lat' dir='ltr'><strong>trum,</strong></span> <span class='ocrx_word' id='word_1_627' title='bbox 2160 2221 2250 2267; x_wconf 88' lang='lat' dir='ltr'><strong>aut</strong></span> <span class='ocrx_word' id='word_1_628' title='bbox 2287 2222 2414 2281; x_wconf 88' lang='lat' dir='ltr'><strong>tota,</strong></span> <span class='ocrx_word' id='word_1_629' title='bbox 2455 2222 2545 2270; x_wconf 90' lang='lat' dir='ltr'><strong>aut</strong></span> <span class='ocrx_word' id='word_1_630' title='bbox 2581 2226 2723 2272; x_wconf 90' lang='lat' dir='ltr'><strong>certe</strong></span> <span class='ocrx_word' id='word_1_631' title='bbox 2759 2222 2946 2288; x_wconf 78' lang='lat' dir='ltr'><strong>magna</strong></span> <span class='ocrx_word' id='word_1_632' title='bbox 2981 2237 3042 2276; x_wconf 81' lang='lat' dir='ltr'><strong>ex</strong></span> <span class='ocrx_word' id='word_1_633' title='bbox 3083 2232 3228 2291; x_wconf 89' lang='lat' dir='ltr'><strong>parte</strong></span> <span class='ocrx_word' id='word_1_634' title='bbox 3263 2225 3514 2288; x_wconf 84' lang='lat' dir='ltr'><strong>violetur;</strong></span> 
     </span>
    </p>
   </div>
   <div class='ocr_carea' id='block_1_87' title="bbox 1959 2310 3516 2374">
    <p class='ocr_par' dir='ltr' id='par_1_87' title="bbox 1959 2310 3516 2374">
     <span class='ocr_line' id='line_1_87' title="bbox 1959 2310 3516 2374; baseline 0.01 -20"><span class='ocrx_word' id='word_1_635' title='bbox 1959 2318 2175 2356; x_wconf 83' lang='lat' dir='ltr'><strong>necesse</strong></span> <span class='ocrx_word' id='word_1_636' title='bbox 2202 2313 2282 2358; x_wconf 89' lang='lat' dir='ltr'><strong>est</strong></span> <span class='ocrx_word' id='word_1_637' title='bbox 2309 2314 2364 2358; x_wconf 89' lang='lat' dir='ltr'><strong>ut</strong></span> <span class='ocrx_word' id='word_1_638' title='bbox 2389 2321 2571 2360; x_wconf 88' lang='lat' dir='ltr'><strong>omnes</strong></span> <span class='ocrx_word' id='word_1_639' title='bbox 2597 2310 2830 2362; x_wconf 86' lang='lat' dir='ltr'><strong>omnium</strong></span> <span class='ocrx_word' id='word_1_640' title='bbox 2864 2318 3074 2366; x_wconf 70' lang='lat' dir='ltr'><strong>multum</strong></span> <span class='ocrx_word' id='word_1_641' title='bbox 3102 2314 3301 2374; x_wconf 83' lang='lat' dir='ltr'><strong>fideles.</strong></span> <span class='ocrx_word' id='word_1_642' title='bbox 3331 2330 3516 2370; x_wconf 87' lang='lat' dir='ltr'><strong>omnes</strong></span> 
     </span>
    </p>
   </div>
   <div class='ocr_carea' id='block_1_88' title="bbox 1958 2393 3516 2469">
    <p class='ocr_par' dir='ltr' id='par_1_88' title="bbox 1958 2393 3516 2469">
     <span class='ocr_line' id='line_1_88' title="bbox 1958 2393 3516 2469; baseline 0.01 -27"><span class='ocrx_word' id='word_1_643' title='bbox 1958 2393 2123 2444; x_wconf 86' lang='lat' dir='ltr'><strong>sancti</strong></span> <span class='ocrx_word' id='word_1_644' title='bbox 2150 2407 2333 2447; x_wconf 87' lang='lat' dir='ltr'><strong>omnes</strong></span> <span class='ocrx_word' id='word_1_645' title='bbox 2359 2395 2517 2458; x_wconf 88' lang='lat' dir='ltr'><strong>casti,</strong></span> <span class='ocrx_word' id='word_1_646' title='bbox 2547 2397 2892 2462; x_wconf 86' lang='lat' dir='ltr'><strong>continentes,</strong></span> <span class='ocrx_word' id='word_1_647' title='bbox 2922 2401 3176 2469; x_wconf 79' lang='lat' dir='ltr'><strong>virgines,</strong></span> <span class='ocrx_word' id='word_1_648' title='bbox 3208 2417 3392 2458; x_wconf 91' lang='lat' dir='ltr'><strong>omnes</strong></span> <span class='ocrx_word' id='word_1_649' title='bbox 3418 2405 3516 2457; x_wconf 87' lang='lat' dir='ltr'><strong>clo-</strong></span> 
     </span>
    </p>
   </div>
   <div class='ocr_carea' id='block_1_89' title="bbox 1957 2482 3512 2557">
    <p class='ocr_par' dir='ltr' id='par_1_89' title="bbox 1957 2482 3512 2557">
     <span class='ocr_line' id='line_1_89' title="bbox 1957 2482 3512 2557; baseline 0.008 -23"><span class='ocrx_word' id='word_1_650' title='bbox 1957 2482 2070 2548; x_wconf 89' lang='lat' dir='ltr'><strong>rici,</strong></span> <span class='ocrx_word' id='word_1_651' title='bbox 2103 2483 2272 2537; x_wconf 74' lang='lat' dir='ltr'><strong>levita:</strong></span> <span class='ocrx_word' id='word_1_652' title='bbox 2307 2492 2360 2538; x_wconf 87' lang='lat' dir='ltr'><strong>et</strong></span> <span class='ocrx_word' id='word_1_653' title='bbox 2398 2487 2716 2557; x_wconf 78' lang='lat' dir='ltr'><strong>sacerdotes,</strong></span> <span class='ocrx_word' id='word_1_654' title='bbox 2747 2495 2888 2542; x_wconf 85' lang='lat' dir='ltr'><strong>tanta</strong></span> <span class='ocrx_word' id='word_1_655' title='bbox 2931 2491 3288 2546; x_wconf 86' lang='lat' dir='ltr'><strong>confcssorum</strong></span> <span class='ocrx_word' id='word_1_656' title='bbox 3331 2495 3512 2556; x_wconf 86' lang='lat' dir='ltr'><strong>millia,</strong></span> 
     </span>
    </p>
   </div>
   <div class='ocr_carea' id='block_1_90' title="bbox 1955 2571 3513 2652">
    <p class='ocr_par' dir='ltr' id='par_1_90' title="bbox 1955 2571 3513 2652">
     <span class='ocr_line' id='line_1_90' title="bbox 1955 2571 3513 2652; baseline 0.01 -31"><span class='ocrx_word' id='word_1_657' title='bbox 1955 2571 2084 2623; x_wconf 83' lang='lat' dir='ltr'><strong>tanti</strong></span> <span class='ocrx_word' id='word_1_658' title='bbox 2123 2583 2409 2643; x_wconf 83' lang='lat' dir='ltr'><strong>martyrum</strong></span> <span class='ocrx_word' id='word_1_659' title='bbox 2437 2576 2715 2638; x_wconf 77' lang='lat' dir='ltr'><strong>exercitus,</strong></span> <span class='ocrx_word' id='word_1_660' title='bbox 2756 2585 2896 2630; x_wconf 90' lang='lat' dir='ltr'><strong>tanta</strong></span> <span class='ocrx_word' id='word_1_661' title='bbox 2923 2579 3148 2644; x_wconf 85' lang='lat' dir='ltr'><strong>urbium,</strong></span> <span class='ocrx_word' id='word_1_662' title='bbox 3178 2590 3317 2636; x_wconf 89' lang='lat' dir='ltr'><strong>tanta</strong></span> <span class='ocrx_word' id='word_1_663' title='bbox 3345 2599 3513 2652; x_wconf 69' lang='lat' dir='ltr'><strong>popu-</strong></span> 
     </span>
    </p>
   </div>
   <div class='ocr_carea' id='block_1_91' title="bbox 1955 2657 3508 2739">
    <p class='ocr_par' dir='ltr' id='par_1_91' title="bbox 1955 2657 3508 2739">
     <span class='ocr_line' id='line_1_91' title="bbox 1955 2657 3508 2739; baseline 0.012 -30"><span class='ocrx_word' id='word_1_664' title='bbox 1955 2657 2122 2712; x_wconf 89' lang='lat' dir='ltr'><strong>lorum</strong></span> <span class='ocrx_word' id='word_1_665' title='bbox 2148 2661 2422 2716; x_wconf 87' lang='lat' dir='ltr'><strong>celebritas</strong></span> <span class='ocrx_word' id='word_1_666' title='bbox 2462 2672 2514 2718; x_wconf 88' lang='lat' dir='ltr'><strong>et</strong></span> <span class='ocrx_word' id='word_1_667' title='bbox 2547 2665 2840 2732; x_wconf 87' lang='lat' dir='ltr'><strong>multitudo,</strong></span> <span class='ocrx_word' id='word_1_668' title='bbox 2870 2675 2945 2720; x_wconf 91' lang='lat' dir='ltr'><strong>tot</strong></span> <span class='ocrx_word' id='word_1_669' title='bbox 2977 2667 3179 2734; x_wconf 72' lang='lat' dir='ltr'><strong>insulae,</strong></span> <span class='ocrx_word' id='word_1_670' title='bbox 3209 2673 3508 2739; x_wconf 70' lang='lat' dir='ltr'><strong>provincim,</strong></span> 
     </span>
    </p>
   </div>
   <div class='ocr_carea' id='block_1_92' title="bbox 1953 2758 3510 2832">
    <p class='ocr_par' dir='ltr' id='par_1_92' title="bbox 1953 2758 3510 2832">
     <span class='ocr_line' id='line_1_92' title="bbox 1953 2758 3510 2832; baseline 0.01 -30"><span class='ocrx_word' id='word_1_671' title='bbox 1953 2765 2136 2818; x_wconf 74' lang='lat' dir='ltr'><strong>rcges,</strong></span> <span class='ocrx_word' id='word_1_672' title='bbox 2177 2761 2378 2820; x_wconf 77' lang='lat' dir='ltr'><strong>gentes,</strong></span> <span class='ocrx_word' id='word_1_673' title='bbox 2407 2769 2594 2822; x_wconf 77' lang='lat' dir='ltr'><strong>regna,</strong></span> <span class='ocrx_word' id='word_1_674' title='bbox 2625 2758 2888 2822; x_wconf 85' lang='lat' dir='ltr'><strong>nationes,</strong></span> <span class='ocrx_word' id='word_1_675' title='bbox 2927 2767 3066 2814; x_wconf 90' lang='lat' dir='ltr'><strong>totus</strong></span> <span class='ocrx_word' id='word_1_676' title='bbox 3104 2770 3369 2829; x_wconf 83' lang='lat' dir='ltr'><strong>postremo</strong></span> <span class='ocrx_word' id='word_1_677' title='bbox 3403 2765 3510 2832; x_wconf 88' lang='lat' dir='ltr'><strong>jam</strong></span> 
     </span>
    </p>
   </div>
   <div class='ocr_carea' id='block_1_93' title="bbox 1954 2843 3506 2912">
    <p class='ocr_par' dir='ltr' id='par_1_93' title="bbox 1954 2843 3506 2912">
     <span class='ocr_line' id='line_1_93' title="bbox 1954 2843 3506 2912; baseline 0.009 -21"><span class='ocrx_word' id='word_1_678' title='bbox 1954 2854 2085 2908; x_wconf 79' lang='lat' dir='ltr'><strong>pene</strong></span> <span class='ocrx_word' id='word_1_679' title='bbox 2101 2847 2359 2894; x_wconf 87' lang='lat' dir='ltr'><strong>terrarum</strong></span> <span class='ocrx_word' id='word_1_680' title='bbox 2385 2843 2545 2905; x_wconf 84' lang='lat' dir='ltr'><strong>orbis,</strong></span> <span class='ocrx_word' id='word_1_681' title='bbox 2566 2859 2662 2912; x_wconf 68' lang='lat' dir='ltr'><strong>per</strong></span> <span class='ocrx_word' id='word_1_682' title='bbox 2679 2845 2988 2899; x_wconf 89' lang='lat' dir='ltr'><strong>catholicam</strong></span> <span class='ocrx_word' id='word_1_683' title='bbox 3013 2847 3167 2901; x_wconf 78' lang='lat' dir='ltr'><strong>fidem</strong></span> <span class='ocrx_word' id='word_1_684' title='bbox 3190 2849 3396 2904; x_wconf 89' lang='lat' dir='ltr'><strong>Christo</strong></span> <span class='ocrx_word' id='word_1_685' title='bbox 3418 2869 3506 2905; x_wconf 88' lang='lat' dir='ltr'><strong>ca-</strong></span> 
     </span>
    </p>
   </div>
   <div class='ocr_carea' id='block_1_94' title="bbox 1953 2927 3506 3010">
    <p class='ocr_par' dir='ltr' id='par_1_94' title="bbox 1953 2927 3506 3010">
     <span class='ocr_line' id='line_1_94' title="bbox 1953 2927 3506 3010; baseline 0.01 -31"><span class='ocrx_word' id='word_1_686' title='bbox 1953 2927 2044 2994; x_wconf 87' lang='lat' dir='ltr'><strong>piti</strong></span> <span class='ocrx_word' id='word_1_687' title='bbox 2073 2928 2461 3010; x_wconf 62' lang='lat' dir='ltr'><strong>incorporatus,</strong></span> <span class='ocrx_word' id='word_1_688' title='bbox 2497 2939 2640 2986; x_wconf 85' lang='lat' dir='ltr'><strong>tanto</strong></span> <span class='ocrx_word' id='word_1_689' title='bbox 2680 2934 2974 2987; x_wconf 86' lang='lat' dir='ltr'><strong>seculorum</strong></span> <span class='ocrx_word' id='word_1_690' title='bbox 3017 2943 3180 2990; x_wconf 86' lang='lat' dir='ltr'><strong>tractu</strong></span> <span class='ocrx_word' id='word_1_691' title='bbox 3217 2938 3506 3006; x_wconf 84' lang='lat' dir='ltr'><strong>ignorasse,</strong></span> 
     </span>
    </p>
   </div>
   <div class='ocr_carea' id='block_1_95' title="bbox 1952 3019 3502 3098">
    <p class='ocr_par' dir='ltr' id='par_1_95' title="bbox 1952 3019 3502 3098">
     <span class='ocr_line' id='line_1_95' title="bbox 1952 3019 3502 3098; baseline 0.01 -28"><span class='ocrx_word' id='word_1_692' title='bbox 1952 3033 2176 3083; x_wconf 83' lang='lat' dir='ltr'><strong>errasse,</strong></span> <span class='ocrx_word' id='word_1_693' title='bbox 2205 3019 2616 3088; x_wconf 86' lang='lat' dir='ltr'><strong>blasphemasse,</strong></span> <span class='ocrx_word' id='word_1_694' title='bbox 2653 3023 2904 3078; x_wconf 88' lang='lat' dir='ltr'><strong>ncsciisse</strong></span> <span class='ocrx_word' id='word_1_695' title='bbox 2938 3025 3060 3094; x_wconf 87' lang='lat' dir='ltr'><strong>quid</strong></span> <span class='ocrx_word' id='word_1_696' title='bbox 3090 3027 3346 3092; x_wconf 86' lang='lat' dir='ltr'><strong>crederet,</strong></span> <span class='ocrx_word' id='word_1_697' title='bbox 3383 3047 3502 3098; x_wconf 85' lang='lat' dir='ltr'><strong>pro-</strong></span> 
     </span>
    </p>
   </div>
   <div class='ocr_carea' id='block_1_96' title="bbox 1951 3106 3508 3178">
    <p class='ocr_par' dir='ltr' id='par_1_96' title="bbox 1951 3106 3508 3178">
     <span class='ocr_line' id='line_1_96' title="bbox 1951 3106 3508 3178; baseline 0.012 -22"><span class='ocrx_word' id='word_1_698' title='bbox 1951 3106 2234 3158; x_wconf 85' lang='lat' dir='ltr'><strong>nuntietur.</strong></span> <span class='ocrx_word' id='word_1_699' title='bbox 2267 3106 2592 3176; x_wconf 77' lang='lat' dir='ltr'><strong>Propltanas,</strong></span> <span class='ocrx_word' id='word_1_700' title='bbox 2623 3111 2818 3178; x_wconf 88' lang='lat' dir='ltr'><strong>inquit,</strong></span> <span class='ocrx_word' id='word_1_701' title='bbox 2843 3127 3014 3164; x_wconf 75' lang='lat' dir='ltr'><strong>cocum</strong></span> <span class='ocrx_word' id='word_1_702' title='bbox 3034 3116 3274 3169; x_wconf 77' lang='lat' dir='ltr'><strong>novitates</strong></span> <span class='ocrx_word' id='word_1_703' title='bbox 3300 3119 3460 3174; x_wconf 75' lang='lat' dir='ltr'><strong>devita</strong></span> <span class='ocrx_word' id='word_1_704' title='bbox 3489 3139 3508 3174; x_wconf 90' lang='lat'><strong><em>:</em></strong></span> 
     </span>
    </p>
   </div>
   <div class='ocr_carea' id='block_1_97' title="bbox 1948 3195 3502 3272">
    <p class='ocr_par' dir='ltr' id='par_1_97' title="bbox 1948 3195 3502 3272">
     <span class='ocr_line' id='line_1_97' title="bbox 1948 3195 3502 3272; baseline 0.012 -30"><span class='ocrx_word' id='word_1_705' title='bbox 1948 3207 2078 3260; x_wconf 87' lang='lat' dir='ltr'><strong>quas</strong></span> <span class='ocrx_word' id='word_1_706' title='bbox 2105 3195 2338 3262; x_wconf 87' lang='lat' dir='ltr'><strong>recipere</strong></span> <span class='ocrx_word' id='word_1_707' title='bbox 2365 3205 2522 3266; x_wconf 85' lang='lat' dir='ltr'><strong>atque</strong></span> <span class='ocrx_word' id='word_1_708' title='bbox 2561 3198 2748 3250; x_wconf 84' lang='lat' dir='ltr'><strong>sectari</strong></span> <span class='ocrx_word' id='word_1_709' title='bbox 2784 3215 3047 3268; x_wconf 86' lang='lat' dir='ltr'><strong>nunquam</strong></span> <span class='ocrx_word' id='word_1_710' title='bbox 3088 3202 3502 3272; x_wconf 86' lang='lat' dir='ltr'><strong>Catholicorum,</strong></span> 
     </span>
    </p>
   </div>
   <div class='ocr_carea' id='block_1_98' title="bbox 1949 3283 3505 3364">
    <p class='ocr_par' dir='ltr' id='par_1_98' title="bbox 1949 3283 3505 3364">
     <span class='ocr_line' id='line_1_98' title="bbox 1949 3283 3505 3364; baseline 0.011 -30"><span class='ocrx_word' id='word_1_711' title='bbox 1949 3296 2157 3350; x_wconf 90' lang='lat' dir='ltr'><strong>semper</strong></span> <span class='ocrx_word' id='word_1_712' title='bbox 2195 3297 2321 3338; x_wconf 89' lang='lat' dir='ltr'><strong>vero</strong></span> <span class='ocrx_word' id='word_1_713' title='bbox 2355 3283 2726 3339; x_wconf 70' lang='lat' dir='ltr'><strong>Han‘eticorum</strong></span> <span class='ocrx_word' id='word_1_714' title='bbox 2755 3283 2866 3341; x_wconf 87' lang='lat' dir='ltr'><strong>fuit.</strong></span> <span class='ocrx_word' id='word_1_715' title='bbox 2912 3289 2974 3342; x_wconf 83' lang='lat' dir='ltr'><strong>Et</strong></span> <span class='ocrx_word' id='word_1_716' title='bbox 3007 3305 3208 3356; x_wconf 82' lang='lat' dir='ltr'><strong>revera,</strong></span> <span class='ocrx_word' id='word_1_717' title='bbox 3251 3311 3367 3364; x_wconf 73' lang='lat' dir='ltr'><strong>quze</strong></span> <span class='ocrx_word' id='word_1_718' title='bbox 3406 3314 3505 3352; x_wconf 86' lang='lat' dir='ltr'><strong>un—</strong></span> 
     </span>
    </p>
   </div>
   <div class='ocr_carea' id='block_1_99' title="bbox 1947 3370 3507 3448">
    <p class='ocr_par' dir='ltr' id='par_1_99' title="bbox 1947 3370 3507 3448">
     <span class='ocr_line' id='line_1_99' title="bbox 1947 3370 3507 3448; baseline 0.012 -27"><span class='ocrx_word' id='word_1_719' title='bbox 1947 3385 2104 3436; x_wconf 89' lang='lat' dir='ltr'><strong>quam</strong></span> <span class='ocrx_word' id='word_1_720' title='bbox 2125 3370 2340 3425; x_wconf 70' lang='lat' dir='ltr'><strong>hmresis</strong></span> <span class='ocrx_word' id='word_1_721' title='bbox 2362 3373 2460 3426; x_wconf 91' lang='lat' dir='ltr'><strong>nisi</strong></span> <span class='ocrx_word' id='word_1_722' title='bbox 2485 3374 2584 3428; x_wconf 87' lang='lat' dir='ltr'><strong>sub</strong></span> <span class='ocrx_word' id='word_1_723' title='bbox 2607 3384 2750 3428; x_wconf 85' lang='lat' dir='ltr'><strong>certo</strong></span> <span class='ocrx_word' id='word_1_724' title='bbox 2776 3375 3006 3434; x_wconf 89' lang='lat' dir='ltr'><strong>nomine.</strong></span> <span class='ocrx_word' id='word_1_725' title='bbox 3036 3389 3179 3431; x_wconf 89' lang='lat' dir='ltr'><strong>certo</strong></span> <span class='ocrx_word' id='word_1_726' title='bbox 3199 3380 3332 3448; x_wconf 85' lang='lat' dir='ltr'><strong>loco,</strong></span> <span class='ocrx_word' id='word_1_727' title='bbox 3363 3395 3507 3439; x_wconf 85' lang='lat' dir='ltr'><strong>certo</strong></span> 
     </span>
    </p>
   </div>
   <div class='ocr_carea' id='block_1_100' title="bbox 1947 3461 3508 3532">
    <p class='ocr_par' dir='ltr' id='par_1_100' title="bbox 1947 3461 3508 3532">
     <span class='ocr_line' id='line_1_100' title="bbox 1947 3461 3508 3532; baseline 0.009 -20"><span class='ocrx_word' id='word_1_728' title='bbox 1947 3467 2184 3526; x_wconf 87' lang='lat' dir='ltr'><strong>tempore</strong></span> <span class='ocrx_word' id='word_1_729' title='bbox 2231 3461 2496 3514; x_wconf 84' lang='lat' dir='ltr'><strong>ebullivit?</strong></span> <span class='ocrx_word' id='word_1_730' title='bbox 2547 3463 2674 3527; x_wconf 88' lang='lat' dir='ltr'><strong>Quis</strong></span> <span class='ocrx_word' id='word_1_731' title='bbox 2723 3478 2950 3532; x_wconf 87' lang='lat' dir='ltr'><strong>unquam</strong></span> <span class='ocrx_word' id='word_1_732' title='bbox 2999 3463 3228 3520; x_wconf 70' lang='lat' dir='ltr'><strong>hLUI’CSCS</strong></span> <span class='ocrx_word' id='word_1_733' title='bbox 3285 3471 3508 3526; x_wconf 89' lang='lat' dir='ltr'><strong>instituit</strong></span> 
     </span>
    </p>
   </div>
   <div class='ocr_carea' id='block_1_101' title="bbox 1946 3551 3505 3620">
    <p class='ocr_par' dir='ltr' id='par_1_101' title="bbox 1946 3551 3505 3620">
     <span class='ocr_line' id='line_1_101' title="bbox 1946 3551 3505 3620; baseline 0.01 -19"><span class='ocrx_word' id='word_1_734' title='bbox 1946 3551 2044 3602; x_wconf 91' lang='lat' dir='ltr'><strong>nisi</strong></span> <span class='ocrx_word' id='word_1_735' title='bbox 2071 3551 2160 3620; x_wconf 91' lang='lat' dir='ltr'><strong>qui</strong></span> <span class='ocrx_word' id='word_1_736' title='bbox 2195 3566 2252 3606; x_wconf 88' lang='lat' dir='ltr'><strong>se</strong></span> <span class='ocrx_word' id='word_1_737' title='bbox 2285 3551 2431 3619; x_wconf 88' lang='lat' dir='ltr'><strong>prius</strong></span> <span class='ocrx_word' id='word_1_738' title='bbox 2468 3551 2535 3605; x_wconf 83' lang='lat' dir='ltr'><strong>ab</strong></span> <span class='ocrx_word' id='word_1_739' title='bbox 2564 3553 2810 3606; x_wconf 67' lang='lat' dir='ltr'><strong>Eeclcsim</strong></span> <span class='ocrx_word' id='word_1_740' title='bbox 2845 3553 3114 3606; x_wconf 80' lang='lat' dir='ltr'><strong>catholica:</strong></span> <span class='ocrx_word' id='word_1_741' title='bbox 3153 3557 3505 3616; x_wconf 85' lang='lat' dir='ltr'><strong>universitatis</strong></span> 
     </span>
    </p>
   </div>
   <div class='ocr_carea' id='block_1_102' title="bbox 1946 3640 3504 3708">
    <p class='ocr_par' dir='ltr' id='par_1_102' title="bbox 1946 3640 3504 3708">
     <span class='ocr_line' id='line_1_102' title="bbox 1946 3640 3504 3708; baseline 0.007 -15"><span class='ocrx_word' id='word_1_742' title='bbox 1946 3649 1998 3693; x_wconf 88' lang='lat' dir='ltr'><strong>et</strong></span> <span class='ocrx_word' id='word_1_743' title='bbox 2020 3641 2342 3708; x_wconf 87' lang='lat' dir='ltr'><strong>antiquitatis</strong></span> <span class='ocrx_word' id='word_1_744' title='bbox 2367 3641 2712 3695; x_wconf 88' lang='lat' dir='ltr'><strong>consensione</strong></span> <span class='ocrx_word' id='word_1_745' title='bbox 2749 3640 3087 3695; x_wconf 87' lang='lat' dir='ltr'><strong>discreverit?</strong></span> <span class='ocrx_word' id='word_1_746' title='bbox 3113 3642 3261 3708; x_wconf 90' lang='lat' dir='ltr'><strong>Quod</strong></span> <span class='ocrx_word' id='word_1_747' title='bbox 3289 3648 3356 3699; x_wconf 90' lang='lat' dir='ltr'><strong>ita</strong></span> <span class='ocrx_word' id='word_1_748' title='bbox 3385 3665 3504 3704; x_wconf 90' lang='lat' dir='ltr'><strong>esse</strong></span> 
     </span>
    </p>
   </div>
   <div class='ocr_carea' id='block_1_103' title="bbox 1945 3727 3503 3795">
    <p class='ocr_par' dir='ltr' id='par_1_103' title="bbox 1945 3727 3503 3795">
     <span class='ocr_line' id='line_1_103' title="bbox 1945 3727 3503 3795; baseline 0.004 -14"><span class='ocrx_word' id='word_1_749' title='bbox 1945 3727 2060 3782; x_wconf 91' lang='lat' dir='ltr'><strong>luce</strong></span> <span class='ocrx_word' id='word_1_750' title='bbox 2107 3729 2298 3782; x_wconf 90' lang='lat' dir='ltr'><strong>clarius</strong></span> <span class='ocrx_word' id='word_1_751' title='bbox 2341 3728 2576 3795; x_wconf 81' lang='lat' dir='ltr'><strong>exempla</strong></span> <span class='ocrx_word' id='word_1_752' title='bbox 2630 3727 3008 3781; x_wconf 87' lang='lat' dir='ltr'><strong>demonstrant.</strong></span> <span class='ocrx_word' id='word_1_753' title='bbox 3050 3729 3177 3795; x_wconf 91' lang='lat' dir='ltr'><strong>Quis</strong></span> <span class='ocrx_word' id='word_1_754' title='bbox 3215 3734 3354 3785; x_wconf 88' lang='lat' dir='ltr'><strong>enim</strong></span> <span class='ocrx_word' id='word_1_755' title='bbox 3407 3752 3503 3789; x_wconf 88' lang='lat' dir='ltr'><strong>un—</strong></span> 
     </span>
    </p>
   </div>
   <div class='ocr_carea' id='block_1_104' title="bbox 1945 3816 3502 3888">
    <p class='ocr_par' dir='ltr' id='par_1_104' title="bbox 1945 3816 3502 3888">
     <span class='ocr_line' id='line_1_104' title="bbox 1945 3816 3502 3888; baseline 0.003 -16"><span class='ocrx_word' id='word_1_756' title='bbox 1945 3834 2101 3888; x_wconf 87' lang='lat' dir='ltr'><strong>quam</strong></span> <span class='ocrx_word' id='word_1_757' title='bbox 2136 3826 2256 3870; x_wconf 89' lang='lat' dir='ltr'><strong>ante</strong></span> <span class='ocrx_word' id='word_1_758' title='bbox 2293 3816 2564 3884; x_wconf 76' lang='lat' dir='ltr'><strong>rrofanum</strong></span> <span class='ocrx_word' id='word_1_759' title='bbox 2605 3817 2748 3875; x_wconf 86' lang='lat' dir='ltr'><strong>illum</strong></span> <span class='ocrx_word' id='word_1_760' title='bbox 2792 3817 3054 3884; x_wconf 78' lang='lat' dir='ltr'><strong>Pelagium</strong></span> <span class='ocrx_word' id='word_1_761' title='bbox 3101 3828 3294 3874; x_wconf 85' lang='lat' dir='ltr'><strong>tantam</strong></span> <span class='ocrx_word' id='word_1_762' title='bbox 3341 3825 3502 3877; x_wconf 85' lang='lat' dir='ltr'><strong>virtu-</strong></span> 
     </span>
    </p>
   </div>
   <div class='ocr_carea' id='block_1_105' title="bbox 1945 3905 3500 3978">
    <p class='ocr_par' dir='ltr' id='par_1_105' title="bbox 1945 3905 3500 3978">
     <span class='ocr_line' id='line_1_105' title="bbox 1945 3905 3500 3978; baseline 0.003 -16"><span class='ocrx_word' id='word_1_763' title='bbox 1945 3919 2050 3964; x_wconf 88' lang='lat' dir='ltr'><strong>tem</strong></span> <span class='ocrx_word' id='word_1_764' title='bbox 2066 3909 2214 3962; x_wconf 87' lang='lat' dir='ltr'><strong>liberi</strong></span> <span class='ocrx_word' id='word_1_765' title='bbox 2234 3907 2566 3978; x_wconf 74' lang='lat' dir='ltr'><strong>praesumpsit</strong></span> <span class='ocrx_word' id='word_1_766' title='bbox 2583 3905 2782 3960; x_wconf 89' lang='lat' dir='ltr'><strong>arbitrii</strong></span> <span class='ocrx_word' id='word_1_767' title='bbox 2804 3913 2860 3960; x_wconf 89' lang='lat' dir='ltr'><strong>ut</strong></span> <span class='ocrx_word' id='word_1_768' title='bbox 2884 3907 2947 3960; x_wconf 88' lang='lat' dir='ltr'><strong>ad</strong></span> <span class='ocrx_word' id='word_1_769' title='bbox 2977 3905 3074 3960; x_wconf 93' lang='lat' dir='ltr'><strong>hoc</strong></span> <span class='ocrx_word' id='word_1_770' title='bbox 3099 3908 3149 3960; x_wconf 89' lang='lat' dir='ltr'><strong>in</strong></span> <span class='ocrx_word' id='word_1_771' title='bbox 3175 3908 3324 3963; x_wconf 87' lang='lat' dir='ltr'><strong>bonis</strong></span> <span class='ocrx_word' id='word_1_772' title='bbox 3345 3913 3500 3966; x_wconf 80' lang='lat' dir='ltr'><strong>rebus</strong></span> 
     </span>
    </p>
   </div>
   <div class='ocr_carea' id='block_1_106' title="bbox 1945 3995 3496 4068">
    <p class='ocr_par' dir='ltr' id='par_1_106' title="bbox 1945 3995 3496 4068">
     <span class='ocr_line' id='line_1_106' title="bbox 1945 3995 3496 4068; baseline 0.001 -16"><span class='ocrx_word' id='word_1_773' title='bbox 1945 4015 2039 4068; x_wconf 84' lang='lat' dir='ltr'><strong>per</strong></span> <span class='ocrx_word' id='word_1_774' title='bbox 2069 4008 2218 4052; x_wconf 89' lang='lat' dir='ltr'><strong>actus</strong></span> <span class='ocrx_word' id='word_1_775' title='bbox 2243 3997 2474 4066; x_wconf 80' lang='lat' dir='ltr'><strong>singulos</strong></span> <span class='ocrx_word' id='word_1_776' title='bbox 2499 3995 2846 4065; x_wconf 88' lang='lat' dir='ltr'><strong>adjuvandum</strong></span> <span class='ocrx_word' id='word_1_777' title='bbox 2883 3997 3231 4050; x_wconf 88' lang='lat' dir='ltr'><strong>necessariam</strong></span> <span class='ocrx_word' id='word_1_778' title='bbox 3263 4000 3350 4052; x_wconf 76' lang='lat' dir='ltr'><strong>Dei</strong></span> <span class='ocrx_word' id='word_1_779' title='bbox 3377 4017 3496 4068; x_wconf 65' lang='lat' dir='ltr'><strong>gra-</strong></span> 
     </span>
    </p>
   </div>
   <div class='ocr_carea' id='block_1_107' title="bbox 1945 4085 3495 4156">
    <p class='ocr_par' dir='ltr' id='par_1_107' title="bbox 1945 4085 3495 4156">
     <span class='ocr_line' id='line_1_107' title="bbox 1945 4085 3495 4156; baseline 0.002 -16"><span class='ocrx_word' id='word_1_780' title='bbox 1945 4089 2070 4150; x_wconf 85' lang='lat' dir='ltr'><strong>tiam</strong></span> <span class='ocrx_word' id='word_1_781' title='bbox 2097 4102 2200 4140; x_wconf 90' lang='lat' dir='ltr'><strong>non</strong></span> <span class='ocrx_word' id='word_1_782' title='bbox 2240 4086 2478 4155; x_wconf 89' lang='lat' dir='ltr'><strong>putaret?</strong></span> <span class='ocrx_word' id='word_1_783' title='bbox 2501 4085 2628 4153; x_wconf 86' lang='lat' dir='ltr'><strong>Quis</strong></span> <span class='ocrx_word' id='word_1_784' title='bbox 2666 4093 2784 4138; x_wconf 88' lang='lat' dir='ltr'><strong>ante</strong></span> <span class='ocrx_word' id='word_1_785' title='bbox 2810 4085 3160 4155; x_wconf 81' lang='lat' dir='ltr'><strong>prodigiosum</strong></span> <span class='ocrx_word' id='word_1_786' title='bbox 3189 4087 3495 4156; x_wconf 84' lang='lat' dir='ltr'><strong>discipulum</strong></span> 
     </span>
    </p>
   </div>
   <div class='ocr_carea' id='block_1_108' title="bbox 1945 4176 3504 4246">
    <p class='ocr_par' dir='ltr' id='par_1_108' title="bbox 1945 4176 3504 4246">
     <span class='ocr_line' id='line_1_108' title="bbox 1945 4176 3504 4246; baseline 0.003 -15"><span class='ocrx_word' id='word_1_787' title='bbox 1945 4178 2059 4246; x_wconf 82' lang='lat' dir='ltr'><strong>ejus</strong></span> <span class='ocrx_word' id='word_1_788' title='bbox 2083 4177 2382 4231; x_wconf 70' lang='lat' dir='ltr'><strong>Cwiestinm</strong></span> <span class='ocrx_word' id='word_1_789' title='bbox 2414 4177 2486 4245; x_wconf 84' lang='lat' dir='ltr'><strong>(l)</strong></span> <span class='ocrx_word' id='word_1_790' title='bbox 2515 4185 2662 4230; x_wconf 89' lang='lat' dir='ltr'><strong>reatu</strong></span> <span class='ocrx_word' id='word_1_791' title='bbox 2701 4176 3141 4243; x_wconf 67' lang='lat' dir='ltr'><strong>praevaricationis</strong></span> <span class='ocrx_word' id='word_1_792' title='bbox 3178 4177 3306 4232; x_wconf 78' lang='lat' dir='ltr'><strong>Adae</strong></span> <span class='ocrx_word' id='word_1_793' title='bbox 3343 4177 3504 4235; x_wconf 82' lang='lat' dir='ltr'><strong>emnc-</strong></span> 
     </span>
    </p>
   </div>
   <div class='ocr_carea' id='block_1_109' title="bbox 1951 4284 3502 4356">
    <p class='ocr_par' dir='ltr' id='par_1_109' title="bbox 1951 4284 3502 4356">
     <span class='ocr_line' id='line_1_109' title="bbox 1951 4284 3502 4356; baseline 0.007 -20"><span class='ocrx_word' id='word_1_794' title='bbox 1951 4305 1966 4336; x_wconf 77' lang='grc' dir='ltr'><strong>ι</strong></span> <span class='ocrx_word' id='word_1_795' title='bbox 1979 4288 2154 4340; x_wconf 89' lang='lat' dir='ltr'><strong>milem</strong></span> <span class='ocrx_word' id='word_1_796' title='bbox 2167 4287 2308 4339; x_wconf 86' lang='lat' dir='ltr'><strong>Patri</strong></span> <span class='ocrx_word' id='word_1_797' title='bbox 2323 4286 2526 4356; x_wconf 64' lang='lat' dir='ltr'><strong>Filium.</strong></span> <span class='ocrx_word' id='word_1_798' title='bbox 2543 4285 2932 4356; x_wconf 73' lang='lat' dir='ltr'><strong>Evangelianon</strong></span> <span class='ocrx_word' id='word_1_799' title='bbox 2946 4284 3248 4352; x_wconf 73' lang='lat' dir='ltr'><strong>prtedicant:</strong></span> <span class='ocrx_word' id='word_1_800' title='bbox 3261 4288 3384 4356; x_wconf 87' lang='lat' dir='ltr'><strong>quid</strong></span> <span class='ocrx_word' id='word_1_801' title='bbox 3395 4300 3502 4354; x_wconf 62' lang='lat' dir='ltr'><strong>est,</strong></span> 
     </span>
    </p>
   </div>
   <div class='ocr_carea' id='block_1_110' title="bbox 1951 4353 3489 4425">
    <p class='ocr_par' dir='ltr' id='par_1_110' title="bbox 1951 4353 3489 4425">
     <span class='ocr_line' id='line_1_110' title="bbox 1951 4353 3489 4425; baseline 0.004 -21"><span class='ocrx_word' id='word_1_802' title='bbox 1951 4375 1967 4404; x_wconf 78' lang='grc' dir='ltr'><strong>ι</strong></span> <span class='ocrx_word' id='word_1_803' title='bbox 1993 4356 2132 4424; x_wconf 87' lang='lat' dir='ltr'><strong>quod</strong></span> <span class='ocrx_word' id='word_1_804' title='bbox 2149 4372 2252 4408; x_wconf 90' lang='lat' dir='ltr'><strong>non</strong></span> <span class='ocrx_word' id='word_1_805' title='bbox 2273 4354 2464 4425; x_wconf 75' lang='lat' dir='ltr'><strong>refugis</strong></span> <span class='ocrx_word' id='word_1_806' title='bbox 2477 4355 2616 4425; x_wconf 71' lang='lat' dir='ltr'><strong>hanc</strong></span> <span class='ocrx_word' id='word_1_807' title='bbox 2621 4369 2800 4425; x_wconf 75' lang='lat' dir='ltr'><strong>vocem</strong></span> <span class='ocrx_word' id='word_1_808' title='bbox 2812 4353 2868 4425; x_wconf 89' lang='lat' dir='ltr'><strong>?_l</strong></span> <span class='ocrx_word' id='word_1_809' title='bbox 2874 4369 2904 4404; x_wconf 91' lang='lat' dir='ltr'><strong>n</strong></span> <span class='ocrx_word' id='word_1_810' title='bbox 2934 4368 3036 4425; x_wconf 83' lang='lat' dir='ltr'><strong>uno</strong></span> <span class='ocrx_word' id='word_1_811' title='bbox 3049 4357 3251 4425; x_wconf 89' lang='lat' dir='ltr'><strong>novitas</strong></span> <span class='ocrx_word' id='word_1_812' title='bbox 3264 4353 3489 4425; x_wconf 79' lang='lat' dir='ltr'><strong>eligitur,</strong></span> 
     </span>
    </p>
   </div>
   <div class='ocr_carea' id='block_1_111' title="bbox 1951 4421 3506 4487">
    <p class='ocr_par' dir='ltr' id='par_1_111' title="bbox 1951 4421 3506 4487">
     <span class='ocr_line' id='line_1_111' title="bbox 1951 4421 3506 4487; baseline 0.005 -13"><span class='ocrx_word' id='word_1_813' title='bbox 1951 4443 1967 4474; x_wconf 79' lang='grc' dir='ltr'><strong>ι</strong></span> <span class='ocrx_word' id='word_1_814' title='bbox 2007 4421 2056 4476; x_wconf 88' lang='lat' dir='ltr'><strong>in</strong></span> <span class='ocrx_word' id='word_1_815' title='bbox 2083 4425 2184 4476; x_wconf 83' lang='lat' dir='ltr'><strong>alio</strong></span> <span class='ocrx_word' id='word_1_816' title='bbox 2212 4424 2562 4475; x_wconf 87' lang='lat' dir='ltr'><strong>submovetur.</strong></span> <span class='ocrx_word' id='word_1_817' title='bbox 2600 4421 2695 4474; x_wconf 86' lang='lat' dir='ltr'><strong>Ubi</strong></span> <span class='ocrx_word' id='word_1_818' title='bbox 2729 4421 3004 4487; x_wconf 85' lang='lat' dir='ltr'><strong>impietatis</strong></span> <span class='ocrx_word' id='word_1_819' title='bbox 3030 4424 3264 4486; x_wconf 84' lang='lat' dir='ltr'><strong>occasio,</strong></span> <span class='ocrx_word' id='word_1_820' title='bbox 3291 4421 3506 4482; x_wconf 74' lang='lat' dir='ltr'><strong>novitas</strong></span> 
     </span>
    </p>
   </div>
   <div class='ocr_carea' id='block_1_112' title="bbox 1949 4489 3490 4557">
    <p class='ocr_par' dir='ltr' id='par_1_112' title="bbox 1949 4489 3490 4557">
     <span class='ocr_line' id='line_1_112' title="bbox 1949 4489 3490 4557; baseline 0.003 -15"><span class='ocrx_word' id='word_1_821' title='bbox 1949 4511 1966 4542; x_wconf 75' lang='grc' dir='ltr'><strong>ι</strong></span> <span class='ocrx_word' id='word_1_822' title='bbox 2002 4491 2413 4546; x_wconf 81' lang='lat' dir='ltr'><strong>admittitnrzubi</strong></span> <span class='ocrx_word' id='word_1_823' title='bbox 2441 4499 2610 4542; x_wconf 87' lang='lat' dir='ltr'><strong>autem</strong></span> <span class='ocrx_word' id='word_1_824' title='bbox 2636 4489 2899 4557; x_wconf 83' lang='lat' dir='ltr'><strong>religionis</strong></span> <span class='ocrx_word' id='word_1_825' title='bbox 2925 4489 3184 4542; x_wconf 79' lang='lat' dir='ltr'><strong>MAXIMA</strong></span> <span class='ocrx_word' id='word_1_826' title='bbox 3215 4491 3302 4545; x_wconf 87' lang='grc' dir='ltr'><strong>ΕΤ</strong></span> <span class='ocrx_word' id='word_1_827' title='bbox 3323 4493 3490 4548; x_wconf 78' lang='lat' dir='ltr'><strong>SOLA</strong></span> 
     </span>
    </p>
   </div>
   <div class='ocr_carea' id='block_1_113' title="bbox 1950 4557 3497 4622">
    <p class='ocr_par' dir='ltr' id='par_1_113' title="bbox 1950 4557 3497 4622">
     <span class='ocr_line' id='line_1_113' title="bbox 1950 4557 3497 4622; baseline 0.005 -12"><span class='ocrx_word' id='word_1_828' title='bbox 1950 4581 1968 4610; x_wconf 70' lang='grc' dir='ltr'><strong>ι</strong></span> <span class='ocrx_word' id='word_1_829' title='bbox 2003 4560 2316 4614; x_wconf 78' lang='lat' dir='ltr'><strong>CAU&#39;I‘ELA</strong></span> <span class='ocrx_word' id='word_1_830' title='bbox 2335 4559 2479 4622; x_wconf 74' lang='lat' dir='ltr'><strong>EST,</strong></span> <span class='ocrx_word' id='word_1_831' title='bbox 2499 4557 2806 4612; x_wconf 74' lang='lat' dir='ltr'><strong>excluditur.</strong></span> <span class='ocrx_word' id='word_1_832' title='bbox 2835 4557 3036 4622; x_wconf 70' lang='lat' dir='ltr'><strong>iQuare</strong></span> <span class='ocrx_word' id='word_1_833' title='bbox 3060 4565 3232 4612; x_wconf 86' lang='lat' dir='ltr'><strong>autem</strong></span> <span class='ocrx_word' id='word_1_834' title='bbox 3265 4561 3497 4617; x_wconf 83' lang='lat' dir='ltr'><strong>Clericus</strong></span> 
     </span>
    </p>
   </div>
   <div class='ocr_carea' id='block_1_114' title="bbox 1943 4626 3498 4698">
    <p class='ocr_par' dir='ltr' id='par_1_114' title="bbox 1943 4626 3498 4698">
     <span class='ocr_line' id='line_1_114' title="bbox 1943 4626 3498 4698; baseline 0.001 -15"><span class='ocrx_word' id='word_1_835' title='bbox 1943 4631 2202 4684; x_wconf 78' lang='lat' dir='ltr'><strong>disserens</strong></span> <span class='ocrx_word' id='word_1_836' title='bbox 2220 4629 2284 4682; x_wconf 91' lang='lat' dir='ltr'><strong>de</strong></span> <span class='ocrx_word' id='word_1_837' title='bbox 2313 4628 2536 4698; x_wconf 84' lang='lat' dir='ltr'><strong>vocibus</strong></span> <span class='ocrx_word' id='word_1_838' title='bbox 2549 4627 2676 4698; x_wconf 77' lang='lat' dir='ltr'><strong>nihil</strong></span> <span class='ocrx_word' id='word_1_839' title='bbox 2694 4626 3099 4698; x_wconf 77' lang='lat' dir='ltr'><strong>signiﬁcantibus</strong></span> <span class='ocrx_word' id='word_1_840' title='bbox 3117 4629 3168 4680; x_wconf 93' lang='lat' dir='ltr'><strong>in</strong></span> <span class='ocrx_word' id='word_1_841' title='bbox 3199 4631 3498 4698; x_wconf 81' lang='lat' dir='ltr'><strong>exemplum</strong></span> 
     </span>
    </p>
   </div>
   <div class='ocr_carea' id='block_1_115' title="bbox 1942 4696 3494 4765">
    <p class='ocr_par' dir='ltr' id='par_1_115' title="bbox 1942 4696 3494 4765">
     <span class='ocr_line' id='line_1_115' title="bbox 1942 4696 3494 4765; baseline 0.002 -15"><span class='ocrx_word' id='word_1_842' title='bbox 1942 4699 2164 4752; x_wconf 87' lang='lat' dir='ltr'><strong>adducat</strong></span> <span class='ocrx_word' id='word_1_843' title='bbox 2189 4713 2341 4751; x_wconf 89' lang='lat' dir='ltr'><strong>voces</strong></span> <span class='ocrx_word' id='word_1_844' title='bbox 2360 4699 2472 4750; x_wconf 87' lang='lat' dir='ltr'><strong>illas</strong></span> <span class='ocrx_word' id='word_1_845' title='bbox 2495 4697 2561 4748; x_wconf 86' lang='lat' dir='ltr'><strong>ab</strong></span> <span class='ocrx_word' id='word_1_846' title='bbox 2589 4696 2816 4750; x_wconf 86' lang='lat' dir='ltr'><strong>Ecclesia</strong></span> <span class='ocrx_word' id='word_1_847' title='bbox 2844 4703 3090 4760; x_wconf 88' lang='lat' dir='ltr'><strong>sacratas,</strong></span> <span class='ocrx_word' id='word_1_848' title='bbox 3119 4698 3235 4765; x_wconf 90' lang='lat' dir='ltr'><strong>quis</strong></span> <span class='ocrx_word' id='word_1_849' title='bbox 3265 4696 3494 4764; x_wconf 78' lang='lat' dir='ltr'><strong>prudens</strong></span> 
     </span>
    </p>
   </div>
   <div class='ocr_carea' id='block_1_116' title="bbox 1943 4765 3479 4836">
    <p class='ocr_par' dir='ltr' id='par_1_116' title="bbox 1943 4765 3479 4836">
     <span class='ocr_line' id='line_1_116' title="bbox 1943 4765 3479 4836; baseline 0.001 -15"><span class='ocrx_word' id='word_1_850' title='bbox 1943 4769 2230 4836; x_wconf 77' lang='lat' dir='ltr'><strong>intelligere</strong></span> <span class='ocrx_word' id='word_1_851' title='bbox 2263 4774 2450 4836; x_wconf 85' lang='lat' dir='ltr'><strong>potest,</strong></span> <span class='ocrx_word' id='word_1_852' title='bbox 2486 4765 2693 4836; x_wconf 76' lang='lat' dir='ltr'><strong>quando</strong></span> <span class='ocrx_word' id='word_1_853' title='bbox 2727 4781 2793 4836; x_wconf 83' lang='lat' dir='ltr'><strong>ex_</strong></span> <span class='ocrx_word' id='word_1_854' title='bbox 2804 4779 3009 4836; x_wconf 10' lang='lat' dir='ltr'><strong>Asensup</strong></span> <span class='ocrx_word' id='word_1_855' title='bbox 3023 4774 3076 4819; x_wconf 89' lang='lat' dir='ltr'><strong>et</strong></span> <span class='ocrx_word' id='word_1_856' title='bbox 3099 4767 3363 4822; x_wconf 87' lang='lat' dir='ltr'><strong>voluntate</strong></span> <span class='ocrx_word' id='word_1_857' title='bbox 3405 4767 3479 4824; x_wconf 85' lang='lat' dir='ltr'><strong>Ec</strong></span> 
     </span>
    </p>
   </div>
   <div class='ocr_carea' id='block_1_117' title="bbox 1942 4833 3498 4903">
    <p class='ocr_par' dir='ltr' id='par_1_117' title="bbox 1942 4833 3498 4903">
     <span class='ocr_line' id='line_1_117' title="bbox 1942 4833 3498 4903; baseline 0 -14"><span class='ocrx_word' id='word_1_858' title='bbox 1942 4833 2232 4903; x_wconf 59' lang='lat' dir='ltr'><strong>clesiaijam</strong></span> <span class='ocrx_word' id='word_1_859' title='bbox 2266 4833 2532 4902; x_wconf 82' lang='lat' dir='ltr'><strong>legitimus</strong></span> <span class='ocrx_word' id='word_1_860' title='bbox 2559 4835 2657 4885; x_wconf 83' lang='lat' dir='ltr'><strong>illis</strong></span> <span class='ocrx_word' id='word_1_861' title='bbox 2685 4833 2896 4903; x_wconf 87' lang='lat' dir='ltr'><strong>vocibus</strong></span> <span class='ocrx_word' id='word_1_862' title='bbox 2929 4833 3114 4903; x_wconf 68' lang='lat' dir='ltr'><strong>aflixus</strong></span> <span class='ocrx_word' id='word_1_863' title='bbox 3153 4844 3234 4888; x_wconf 90' lang='lat' dir='ltr'><strong>est</strong></span> <span class='ocrx_word' id='word_1_864' title='bbox 3276 4839 3498 4891; x_wconf 84' lang='lat' dir='ltr'><strong>sensus?</strong></span> 
     </span>
    </p>
   </div>
   <div class='ocr_carea' id='block_1_118' title="bbox 1942 4902 3482 4973">
    <p class='ocr_par' dir='ltr' id='par_1_118' title="bbox 1942 4902 3482 4973">
     <span class='ocr_line' id='line_1_118' title="bbox 1942 4902 3482 4973; baseline 0.001 -16"><span class='ocrx_word' id='word_1_865' title='bbox 1942 4905 2078 4973; x_wconf 89' lang='lat' dir='ltr'><strong>quod</strong></span> <span class='ocrx_word' id='word_1_866' title='bbox 2098 4902 2174 4958; x_wconf 89' lang='lat' dir='ltr'><strong>fas</strong></span> <span class='ocrx_word' id='word_1_867' title='bbox 2203 4919 2410 4973; x_wconf 78' lang='lat' dir='ltr'><strong>semper</strong></span> <span class='ocrx_word' id='word_1_868' title='bbox 2436 4903 2550 4964; x_wconf 90' lang='lat' dir='ltr'><strong>fuit,</strong></span> <span class='ocrx_word' id='word_1_869' title='bbox 2580 4903 2801 4973; x_wconf 78' lang='lat' dir='ltr'><strong>eritque,</strong></span> <span class='ocrx_word' id='word_1_870' title='bbox 2831 4902 2950 4973; x_wconf 74' lang='lat' dir='ltr'><strong>licet</strong></span> <span class='ocrx_word' id='word_1_871' title='bbox 2967 4902 3324 4973; x_wconf 75' lang='lat' dir='ltr'><strong>frendentibus</strong></span> <span class='ocrx_word' id='word_1_872' title='bbox 3349 4905 3482 4959; x_wconf 80' lang='lat' dir='ltr'><strong>fero-</strong></span> 
     </span>
    </p>
   </div>
   <div class='ocr_carea' id='block_1_119' title="bbox 1941 4971 3486 5037">
    <p class='ocr_par' dir='ltr' id='par_1_119' title="bbox 1941 4971 3486 5037">
     <span class='ocr_line' id='line_1_119' title="bbox 1941 4971 3486 5037; baseline 0.001 -12"><span class='ocrx_word' id='word_1_873' title='bbox 1941 4971 2187 5037; x_wconf 81' lang='lat' dir='ltr'><strong>cioribus,</strong></span> <span class='ocrx_word' id='word_1_874' title='bbox 2207 4983 2260 5027; x_wconf 86' lang='lat' dir='ltr'><strong>et</strong></span> <span class='ocrx_word' id='word_1_875' title='bbox 2277 4972 2408 5026; x_wconf 89' lang='lat' dir='ltr'><strong>forte</strong></span> <span class='ocrx_word' id='word_1_876' title='bbox 2455 4971 2652 5024; x_wconf 87' lang='lat' dir='ltr'><strong>insanis</strong></span> <span class='ocrx_word' id='word_1_877' title='bbox 2677 4971 2902 5032; x_wconf 89' lang='lat' dir='ltr'><strong>Criticis,</strong></span> <span class='ocrx_word' id='word_1_878' title='bbox 2929 4971 3087 5024; x_wconf 86' lang='lat' dir='ltr'><strong>Poeta</strong></span> <span class='ocrx_word' id='word_1_879' title='bbox 3129 4971 3368 5026; x_wconf 87' lang='lat' dir='ltr'><strong>dicente:</strong></span> <span class='ocrx_word' id='word_1_880' title='bbox 3401 4973 3486 5026; x_wconf 84' lang='lat' dir='ltr'><strong>Li-</strong></span> 
     </span>
    </p>
   </div>
   <div class='ocr_carea' id='block_1_120' title="bbox 1941 5039 3500 5110">
    <p class='ocr_par' dir='ltr' id='par_1_120' title="bbox 1941 5039 3500 5110">
     <span class='ocr_line' id='line_1_120' title="bbox 1941 5039 3500 5110; baseline 0 -16"><span class='ocrx_word' id='word_1_881' title='bbox 1941 5043 2040 5094; x_wconf 84' lang='lat' dir='ltr'><strong>cuit</strong></span> <span class='ocrx_word' id='word_1_882' title='bbox 2081 5058 2366 5110; x_wconf 77' lang='lat' dir='ltr'><strong>semperque</strong></span> <span class='ocrx_word' id='word_1_883' title='bbox 2397 5040 2557 5093; x_wconf 82' lang='lat' dir='ltr'><strong>licebit</strong></span> <span class='ocrx_word' id='word_1_884' title='bbox 2595 5039 2860 5109; x_wconf 84' lang='lat' dir='ltr'><strong>Signatum</strong></span> <span class='ocrx_word' id='word_1_885' title='bbox 2888 5049 3128 5108; x_wconf 76' lang='lat' dir='ltr'><strong>prtcsente</strong></span> <span class='ocrx_word' id='word_1_886' title='bbox 3166 5049 3282 5092; x_wconf 84' lang='lat' dir='ltr'><strong>nota</strong></span> <span class='ocrx_word' id='word_1_887' title='bbox 3307 5041 3500 5107; x_wconf 47' lang='lat' dir='ltr'><strong>proca?</strong></span> 
     </span>
    </p>
   </div>
   <div class='ocr_carea' id='block_1_121' title="bbox 1941 5110 3499 5162">
    <p class='ocr_par' dir='ltr' id='par_1_121' title="bbox 1941 5110 3499 5162">
     <span class='ocr_line' id='line_1_121' title="bbox 1941 5110 3499 5162; baseline 0.001 -1"><span class='ocrx_word' id='word_1_888' title='bbox 1941 5110 2056 5162; x_wconf 54' lang='lat' dir='ltr'><strong>dere</strong></span> <span class='ocrx_word' id='word_1_889' title='bbox 2084 5127 2277 5162; x_wconf 81' lang='lat' dir='ltr'><strong>nomrn.</strong></span> <span class='ocrx_word' id='word_1_890' title='bbox 2585 5153 2594 5158; x_wconf 92' lang='lat'><strong>-</strong></span> <span class='ocrx_word' id='word_1_891' title='bbox 3495 5111 3499 5116; x_wconf 82' lang='grc'><strong>’</strong></span> 
     </span>
    </p>
   </div>
   <div class='ocr_carea' id='block_1_122' title="bbox 2013 5176 3494 5246">
    <p class='ocr_par' dir='ltr' id='par_1_122' title="bbox 2013 5176 3494 5246">
     <span class='ocr_line' id='line_1_122' title="bbox 2013 5176 3494 5246; baseline 0.001 -16"><span class='ocrx_word' id='word_1_892' title='bbox 2013 5179 2086 5246; x_wconf 79' lang='grc'><strong>(1)</strong></span> <span class='ocrx_word' id='word_1_893' title='bbox 2117 5179 2246 5230; x_wconf 65' lang='lat' dir='ltr'><strong>Natu</strong></span> <span class='ocrx_word' id='word_1_894' title='bbox 2267 5178 2451 5230; x_wconf 86' lang='lat' dir='ltr'><strong>nobilis</strong></span> <span class='ocrx_word' id='word_1_895' title='bbox 2479 5177 2590 5238; x_wconf 87' lang='lat' dir='ltr'><strong>fuit,</strong></span> <span class='ocrx_word' id='word_1_896' title='bbox 2609 5176 2699 5246; x_wconf 90' lang='lat' dir='ltr'><strong>sed</strong></span> <span class='ocrx_word' id='word_1_897' title='bbox 2727 5185 2924 5229; x_wconf 81' lang='lat' dir='ltr'><strong>natura:</strong></span> <span class='ocrx_word' id='word_1_898' title='bbox 2941 5176 3065 5246; x_wconf 85' lang='lat' dir='ltr'><strong>vitio</strong></span> <span class='ocrx_word' id='word_1_899' title='bbox 3093 5177 3370 5246; x_wconf 75' lang='lat' dir='ltr'><strong>Eunuchus</strong></span> <span class='ocrx_word' id='word_1_900' title='bbox 3389 5194 3494 5232; x_wconf 55' lang='lat' dir='ltr'><strong>ma.</strong></span> 
     </span>
    </p>
   </div>
   <div class='ocr_carea' id='block_1_123' title="bbox 1944 5244 3494 5316">
    <p class='ocr_par' dir='ltr' id='par_1_123' title="bbox 1944 5244 3494 5316">
     <span class='ocr_line' id='line_1_123' title="bbox 1944 5244 3494 5316; baseline 0 -17"><span class='ocrx_word' id='word_1_901' title='bbox 1944 5248 2035 5300; x_wconf 93' lang='lat' dir='ltr'><strong>tris</strong></span> <span class='ocrx_word' id='word_1_902' title='bbox 2056 5244 2202 5300; x_wconf 85' lang='lat' dir='ltr'><strong>utero</strong></span> <span class='ocrx_word' id='word_1_903' title='bbox 2229 5247 2415 5316; x_wconf 82' lang='lat' dir='ltr'><strong>editus.</strong></span> <span class='ocrx_word' id='word_1_904' title='bbox 2445 5247 2524 5298; x_wconf 83' lang='lat' dir='ltr'><strong>An</strong></span> <span class='ocrx_word' id='word_1_905' title='bbox 2551 5247 2625 5316; x_wconf 82' lang='lat' dir='ltr'><strong>ob</strong></span> <span class='ocrx_word' id='word_1_906' title='bbox 2657 5245 2790 5298; x_wconf 90' lang='lat' dir='ltr'><strong>hanc</strong></span> <span class='ocrx_word' id='word_1_907' title='bbox 2815 5260 3024 5298; x_wconf 89' lang='lat' dir='ltr'><strong>causam</strong></span> <span class='ocrx_word' id='word_1_908' title='bbox 3053 5244 3360 5316; x_wconf 58' lang='lat' dir='ltr'><strong>alarineusi</strong></span> <span class='ocrx_word' id='word_1_909' title='bbox 3398 5263 3494 5316; x_wconf 46' lang='lat' dir='ltr'><strong>aps</strong></span> 
     </span>
    </p>
   </div>
   <div class='ocr_carea' id='block_1_124' title="bbox 1943 5313 3492 5384">
    <p class='ocr_par' dir='ltr' id='par_1_124' title="bbox 1943 5313 3492 5384">
     <span class='ocr_line' id='line_1_124' title="bbox 1943 5313 3492 5384; baseline -0.001 -14"><span class='ocrx_word' id='word_1_910' title='bbox 1943 5317 2162 5384; x_wconf 84' lang='lat' dir='ltr'><strong>pelletur</strong></span> <span class='ocrx_word' id='word_1_911' title='bbox 2213 5315 2564 5384; x_wconf 76' lang='lat' dir='ltr'><strong>prodigiosus.</strong></span> <span class='ocrx_word' id='word_1_912' title='bbox 2614 5314 2867 5384; x_wconf 79' lang='lat' dir='ltr'><strong>incertum</strong></span> <span class='ocrx_word' id='word_1_913' title='bbox 2919 5321 3024 5384; x_wconf 82' lang='lat' dir='ltr'><strong>est;</strong></span> <span class='ocrx_word' id='word_1_914' title='bbox 3081 5313 3283 5384; x_wconf 69' lang='lat' dir='ltr'><strong>Patres</strong></span> <span class='ocrx_word' id='word_1_915' title='bbox 3317 5313 3492 5370; x_wconf 79' lang='lat' dir='ltr'><strong>tamen</strong></span> 
     </span>
    </p>
   </div>
   <div class='ocr_carea' id='block_1_125' title="bbox 1943 5382 3492 5450">
    <p class='ocr_par' dir='ltr' id='par_1_125' title="bbox 1943 5382 3492 5450">
     <span class='ocr_line' id='line_1_125' title="bbox 1943 5382 3492 5450; baseline 0.001 -13"><span class='ocrx_word' id='word_1_916' title='bbox 2029 5385 2188 5438; x_wconf 78' lang='lat' dir='ltr'><strong>Mauri</strong></span> <span class='ocrx_word' id='word_1_917' title='bbox 2217 5382 2334 5450; x_wconf 75' lang='lat' dir='ltr'><strong>post</strong></span> <span class='ocrx_word' id='word_1_918' title='bbox 2370 5384 2676 5436; x_wconf 80' lang='lat' dir='ltr'><strong>Garuerium</strong></span> <span class='ocrx_word' id='word_1_919' title='bbox 2715 5382 2994 5435; x_wconf 84' lang='lat' dir='ltr'><strong>verisimile</strong></span> <span class='ocrx_word' id='word_1_920' title='bbox 3021 5390 3220 5450; x_wconf 86' lang='lat' dir='ltr'><strong>putant.</strong></span> <span class='ocrx_word' id='word_1_921' title='bbox 3249 5383 3399 5436; x_wconf 82' lang='lat' dir='ltr'><strong>Certe</strong></span> <span class='ocrx_word' id='word_1_922' title='bbox 3437 5385 3492 5438; x_wconf 81' lang='lat' dir='ltr'><strong>in</strong></span> 
     </span>
    </p>
   </div>
   <div class='ocr_carea' id='block_1_126' title="bbox 1941 5450 3488 5506">
    <p class='ocr_par' dir='ltr' id='par_1_126' title="bbox 1941 5450 3488 5506">
     <span class='ocr_line' id='line_1_126' title="bbox 1941 5450 3488 5506; baseline -0.003 -1"><span class='ocrx_word' id='word_1_923' title='bbox 1941 5454 2350 5505; x_wconf 74' lang='lat' dir='ltr'><strong>(Zommonitorio</strong></span> <span class='ocrx_word' id='word_1_924' title='bbox 2377 5453 2519 5505; x_wconf 67' lang='lat' dir='ltr'><strong>alarii</strong></span> <span class='ocrx_word' id='word_1_925' title='bbox 2557 5451 2853 5504; x_wconf 83' lang='lat' dir='ltr'><strong>Mercatoris</strong></span> <span class='ocrx_word' id='word_1_926' title='bbox 2879 5450 3051 5503; x_wconf 88' lang='lat' dir='ltr'><strong>oblato</strong></span> <span class='ocrx_word' id='word_1_927' title='bbox 3081 5451 3324 5504; x_wconf 80' lang='lat' dir='ltr'><strong>Ecclesia:</strong></span> <span class='ocrx_word' id='word_1_928' title='bbox 3349 5451 3488 5506; x_wconf 60' lang='lat' dir='ltr'><strong>Con.</strong></span> 
     </span>
    </p>
   </div>
   <div class='ocr_carea' id='block_1_127' title="bbox 1941 5519 3488 5589">
    <p class='ocr_par' dir='ltr' id='par_1_127' title="bbox 1941 5519 3488 5589">
     <span class='ocr_line' id='line_1_127' title="bbox 1941 5519 3488 5589; baseline -0.003 -15"><span class='ocrx_word' id='word_1_929' title='bbox 1941 5523 2412 5589; x_wconf 70' lang='lat' dir='ltr'><strong>sumtinopoiitamn</strong></span> <span class='ocrx_word' id='word_1_930' title='bbox 2427 5535 2488 5573; x_wconf 91' lang='lat' dir='ltr'><strong>ac</strong></span> <span class='ocrx_word' id='word_1_931' title='bbox 2505 5520 2814 5589; x_wconf 80' lang='lat' dir='ltr'><strong>Theodosio,</strong></span> <span class='ocrx_word' id='word_1_932' title='bbox 2832 5519 2943 5589; x_wconf 61' lang='lat' dir='ltr'><strong>haec</strong></span> <span class='ocrx_word' id='word_1_933' title='bbox 2963 5519 3012 5571; x_wconf 91' lang='lat' dir='ltr'><strong>in</strong></span> <span class='ocrx_word' id='word_1_934' title='bbox 3031 5519 3165 5572; x_wconf 90' lang='lat' dir='ltr'><strong>illius</strong></span> <span class='ocrx_word' id='word_1_935' title='bbox 3181 5520 3394 5573; x_wconf 77' lang='lat' dir='ltr'><strong>exordio</strong></span> <span class='ocrx_word' id='word_1_936' title='bbox 3415 5521 3488 5575; x_wconf 87' lang='lat' dir='ltr'><strong>ie—</strong></span> 
     </span>
    </p>
   </div>
   <div class='ocr_carea' id='block_1_128' title="bbox 1936 5587 3496 5670">
    <p class='ocr_par' dir='ltr' id='par_1_128' title="bbox 1936 5587 3496 5670">
     <span class='ocr_line' id='line_1_128' title="bbox 1936 5587 3496 5670; baseline -0.004 -28"><span class='ocrx_word' id='word_1_937' title='bbox 1936 5603 2155 5660; x_wconf 47' lang='lat' dir='ltr'><strong>;untur:</strong></span> <span class='ocrx_word' id='word_1_938' title='bbox 2177 5587 2426 5642; x_wconf 67' lang='lat' dir='ltr'><strong>liu&#39;lcstim</strong></span> <span class='ocrx_word' id='word_1_939' title='bbox 2452 5589 2644 5656; x_wconf 62' lang='lat' dir='ltr'><strong>quidem</strong></span> <span class='ocrx_word' id='word_1_940' title='bbox 2673 5587 2938 5642; x_wconf 71' lang='lat' dir='ltr'><strong>Eunuchus</strong></span> <span class='ocrx_word' id='word_1_941' title='bbox 2963 5590 3133 5641; x_wconf 75' lang='lat' dir='ltr'><strong>metris</strong></span> <span class='ocrx_word' id='word_1_942' title='bbox 3153 5597 3289 5642; x_wconf 76' lang='lat' dir='ltr'><strong>utero</strong></span> <span class='ocrx_word' id='word_1_943' title='bbox 3310 5591 3496 5670; x_wconf 35' lang='lat' dir='ltr'><strong>editus.-</strong></span> 
     </span>
    </p>
   </div>
  </div>
