3916 6178
301 227 400 282 3⁷5
735 257 740 260 _
1424 215 1988 272 COJIMONI'I‘OBIUM
2039 218 2322 276 I’lilIIUM.

297 344 425 398 tollit
445 355 711 412 peccatum
736 325 932 408 mutuli,
952 353 1192 412 tanquam
1219 345 1406 398 vellera
1423 344 1658 412 qumdam
1679 355 1848 398 texue-

295 432 446 485 runt?
473 433 570 496 Qtti
594 442 714 486 sunt
741 433 842 502 lupi
873 449 1106 510 rapaces,
1137 433 1232 485 nisi
1262 417 1448 486 sensits
1475 433 1858 487 Ilmreticorum'

294 519 390 574 feri
415 529 465 575 et
491 522 674 586 rabidi,
703 523 788 589 qui
815 522 990 574 caulas
1015 522 1261 574 Ecclesiae
1293 537 1502 589 semper
1527 520 1770 575 infestant
1795 530 1848 576 et

291 627 502 680 gregem
525 611 718 664 Christi
741 627 944 678 quaqua
969 620 1184 677 possunt
1208 611 1528 664 dilacerant“?
1557 611 1660 664 Sed
1681 619 1736 664 ut
1761 610 1848 662 fal-

293 699 452 754 lacius
477 700 695 753 incautis
727 700 911 752 ovibus
937 700 1208 766 obrepant,
1239 711 1482 754 manente
1509 701 1744 766 luporum
1767 698 1846 751 fe-

294 789 456 854 rocia,
479 789 743 856 deponunt
765 789 990 855 lupinatn
1021 789 1270 856 speciem,
1295 797 1345 841 et
1365 803 1482 842 sese
1505 789 1692 841 divina:
1718 789 1846 857 legis

291 879 562 930 sententiis
599 879 740 931 velut
779 878 1088 946 quihusdam
1129 877 1406 930 velleribus
1443 877 1750 942 obvolvunt,
1791 885 1848 930 ut

287 981 406 1020 cum
438 969 658 1035 quisque
693 967 926 1019 lanarum
965 966 1232 1018 mollitiem
1265 967 1622 1033 praesenserit,
1647 981 1846 1034 nequa-

267 1071 442 1128 ‘quam
477 1058 684 1110 aculeos
713 1057 946 1109 dentium
975 1058 1326 1124 pertimescat.
1358 1056 1462 1110 Sed
1489 1057 1613 1124 quid
1637 1057 1710 1109 ait
1734 1057 1848 1110 Sal-

287 1145 471 1198 vator?
499 1145 578 1196 Ea:
601 1145 843 1214 fructibus
869 1161 1038 1198 eorum
1057 1147 1360 1222 cognoscetis
1382 1163 1464 1198 eos
1488 1161 1504 1197 :
1525 1145 1576 1198 id
1603 1153 1699 1208 est,
1727 1159 1847 1198 cum

286 1234 542 1301 cteperint
567 1233 768 1286 divinas
793 1233 907 1286 illas
933 1247 1089 1288 voces
1111 1249 1213 1288 non
1235 1234 1344 1302 jam
1371 1234 1604 1302 proferre
1626 1241 1844 1296 tantum,

285 1325 376 1379 sed
415 1326 574 1379 etiam
611 1339 900 1392 exponere,
945 1339 1043 1378 nec
1080 1323 1251 1378 adhuc
1279 1326 1478 1392 jactare
1516 1325 1712 1386 solum,
1757 1323 1850 1377 sed

283 1415 440 1468 etiam
467 1415 814 1480 interpretari,
840 1421 964 1466 tunc
981 1413 1274 1466 amaritudo
1289 1414 1404 1480 illa,
1431 1421 1552 1466 tunc
1571 1413 1845 1478 acerbitas,

283 1511 406 1558 ttmc
435 1504 606 1557 rabies
629 1504 966 1572 intelligetur,
991 1513 1112 1558 tunc
1134 1504 1382 1556 novitium
1414 1503 1553 1556 virus
1580 1502 1848 1556 exhalabi-

283 1603 381 1656 tur,
431 1603 557 1649 tunc
593 1595 824 1663 profante
851 1595 1108 1649 novitates
1126 1595 1457 1663 aperientur;
1483 1603 1603 1647 tunc
1625 1595 1850 1662 primunt

280 1687 450 1740 scindi
475 1702 652 1754 sepem
682 1687 880 1748 videas,
906 1695 1030 1739 tunc
1057 1684 1334 1740 transferri
1354 1695 1558 1754 patrum
1577 1687 1846 1750 terminos,

281 1789 404 1832 tunc
453 1778 772 1832 Catholicam
823 1777 976 1832 ﬁdem
1033 1777 1192 1840 caedi,
1251 1784 1374 1830 tunc
1427 1777 1851 1842 Ecclesiasticum

280 1867 474 1937 dogma
503 1867 740 1921 lacerari.
766 1867 918 1921 Tales
944 1875 1093 1922 erant
1113 1867 1148 1920 ii
1167 1881 1300 1935 quos
1325 1867 1548 1934 percutit
1571 1866 1852 1934 Apostolus

281 1961 478 2013 Paulus
517 1961 568 2012 in
614 1959 844 2012 secunda
887 1958 952 2012 ad
993 1957 1290 2012 Corinthios
1335 1958 1584 2026 Epistola,
1626 1957 1846 2011 dicens:

281 2050 420 2103 Nam
443 2051 708 2120 ejusmodi,
735 2051 919 2118 inquit,
936 2049 1355 2118 pseudoapostoli,
1379 2059 1492 2101 sunt
1511 2049 1726 2117 operarii
1745 2048 1854 2100 sub-

277 2144 410 2204 doli,
439 2143 850 2210 transﬁgurantes
880 2157 931 2192 se
961 2141 1012 2194 in
1036 2140 1300 2209 Apostolos
1322 2139 1531 2192 Christi?
1559 2139 1592 2192 2
1618 2139 1738 2193 Cor.
1763 2139 1848 2190 Il.

279 2231 414 2296 Quid
455 2237 538 2282 est
573 2230 984 2298 trans/iguraules
1009 2245 1060 2282 se
1091 2229 1142 2280 in
1179 2228 1442 2296 Apostolos
1476 2227 1696 2282 Christi?
1721 2228 1852 2282 Pro-

278 2321 526 2372 ferebant
562 2319 798 2386 Apostoli
827 2303 1016 2372 divina:
1039 2317 1168 2384 legis
1203 2316 1472 2384 exempla;
1519 2317 1858 2384 proferebant

278 2417 328 2461 et
353 2410 456 2461 illi.
488 2407 831 2462 Proferebant
856 2407 1092 2474 Apostoli
1129 2406 1448 2474 psalmorum
1481 2407 1852 2472 auctoritates;

278 2497 628 2565 proferebant
673 2505 726 2550 et
769 2497 860 2550 illi.
905 2495 1248 2550 Proferebant
1291 2495 1526 2563 Apostoli
1571 2497 1858 2550 sententias

279 2587 696 2655 l‘mphetarum;
751 2595 806 2640 et
855 2585 927 2638 illi
979 2585 1317 2638 nihilominus
1356 2585 1708 2652 proferebant.
1751 2584 1858 2640 Sed

281 2693 400 2730 cum
432 2692 498 2730 ea
519 2693 635 2745 qua:
657 2677 900 2738 similiter
927 2676 1266 2744 protulerant,
1295 2675 1626 2744 interpretari
1651 2693 1756 2730 non
1783 2678 1856 2731 si-

281 2769 484 2821 militer
508 2766 808 2835 crepissent,
842 2773 962 2819 tunc
990 2765 1254 2833 simplices
1280 2779 1310 2817 a
1336 2765 1598 2829 subdolis,
1629 2774 1751 2819 tunc
1775 2767 1858 2820 in-

281 2859 448 2913 fucati
478 2873 508 2910 a
543 2856 748 2922 fucatis,
780 2867 902 2910 tunc
926 2858 1052 2912 recti
1081 2871 1110 2909 a
1137 2857 1418 2924 perversis,
1445 2865 1566 2910 ttmc
1593 2864 1860 2924 postremo

283 2949 394 3002 veri
425 2947 666 3016 Apostoli
693 2961 723 2999 a
755 2946 896 3000 falsis
917 2946 1179 3014 Apostolis
1199 2945 1650 3000 discernebantur.
1679 2946 1742 2998 Et
1763 2963 1860 2999 non

283 3042 498 3102 mirum,
531 3039 714 3108 inquit.
767 3037 795 3090 Ι
801 3055 886 3106 pse
921 3039 1050 3090 enim
1092 3038 1312 3091 Satanas
1357 3038 1682 3106 transﬁgurat
1721 3053 1773 3088 se
1809 3038 1860 3090 in

283 3133 520 3202 angelum
545 3131 692 3183 lucis.
729 3130 840 3183 Non
863 3137 944 3182 est
981 3145 1106 3196 ergo
1131 3133 1380 3197 magnum
1418 3128 1462 3181 si
1493 3128 1714 3180 ministri
1749 3127 1863 3196 ejus

283 3221 726 3291 transfigurantur
745 3223 876 3276 sicut
911 3221 1132 3274 ministri
1149 3220 1386 3289 justitiae.
1411 3220 1548 3288 Ergo
1575 3219 1863 3272 secundum

283 3314 526 3384 Apostoli
547 3313 694 3366 Pauli
723 3313 1078 3382 magisterium
1096 3354 1109 3375 ,
1139 3312 1572 3380 quotiescumque
1599 3309 1680 3363 vel
1709 3325 1866 3378 pseu-

283 3404 583 3474 doapostoli
611 3403 688 3456 vel
707 3401 1174 3470 pseudoprophetis
1201 3401 1282 3454 vel
1303 3400 1748 3468 pseudodoctores
1781 3399 1862 3452 di-

259 3499 420 3551 ‘vinaz
450 3496 585 3564 legis
605 3495 890 3548 sententias
913 3493 1202 3562 proferunt,
1230 3493 1418 3560 quibus
1444 3493 1580 3545 male
1603 3492 1864 3559 interpre-

285 3590 408 3642 tatis
431 3577 646 3642 errorcs
672 3600 794 3639 suos
814 3585 1084 3644 adstruere
1111 3591 1386 3649 conentur,
1411 3597 1516 3636 non
1543 3583 1758 3636 dubium
1786 3591 1866 3636 est

285 3681 410 3748 quin
433 3677 668 3732 auctoris
692 3678 772 3730 sui
793 3677 976 3730 callida
997 3675 1416 3728 machinamenta
1438 3680 1722 3739 sectentur,
1749 3689 1866 3744 qua:

287 3769 370 3823 ille
387 3779 662 3835 nunquam
686 3765 918 3834 profecto
939 3765 1442 3826 comminisceretur,
1462 3763 1562 3816 nisi
1584 3763 1867 3816 seirctom-

287 3861 412 3912 nino
431 3859 632 3912 nullam
660 3871 777 3910 esse
799 3856 862 3909 ad
895 3855 1176 3909 fallendum
1198 3854 1486 3907 faciliorem
1513 3854 1680 3916 viam,
1709 3868 1866 3921 quam

287 3951 454 4004 utubi
487 3949 674 4003 nefarii
701 3949 894 4002 erroris
921 3946 1281 4000 subiuducitur
1301 3944 1668 4006 fraudulentia,
1699 3944 1767 3996 ibi
1797 3943 1868 3996 di-

289 4044 536 4096 vinorum
566 4041 846 4094 verborum
873 4037 1226 4106 przetendatur
1252 4037 1554 4089 auctoritas.

359 4132 554 4187 XXVI.
579 4132 686 4186 Sed
713 4131 850 4184 dicet
871 4130 1057 4198 aliquis
1084 4147 1095 4181 :
1119 4127 1268 4182 Unde
1289 4128 1540 4196 probatur
1561 4128 1680 4196 quia
1705 4141 1868 4180 sacra:

289 4223 424 4291 legis
457 4221 716 4289 exemplis
752 4220 998 4273 Diabolus
1025 4219 1099 4271 uti
1134 4218 1333 4271 soleat?
1361 4217 1524 4286 Legat
1561 4216 1866 4284 Evangelia,

289 4315 339 4367 in
363 4313 562 4382 quibus
589 4311 838 4366 scribitur
867 4329 878 4362 :
907 4309 1044 4362 Tunc
1070 4309 1334 4378 assumpsit
1363 4309 1504 4361 illum
1527 4307 1786 4369 Diabolus,
1821 4307 1871 4360 id

289 4413 392 4465 est,
427 4403 709 4455 Dominum
756 4400 1102 4458 Salvatorem,
1133 4407 1178 4449 et
1203 4398 1374 4450 statuit
1415 4397 1558 4449 illum
1585 4414 1734 4466 super
1759 4399 1871 4465 piu-

289 4509 410 4544 nam
433 4491 623 4560 templi,
649 4501 694 4542 et
715 4490 842 4542 dixit
862 4491 905 4542 ei
930 4505 946 4541 :
968 4489 1026 4542 Si
1048 4489 1181 4556 filius
1199 4486 1292 4539 Dei
1313 4503 1381 4550 es,
1405 4488 1540 4550 ptine
1555 4497 1601 4538 te
1621 4488 1868 4540 deorsum.

293 4581 558 4649 Scriptum
585 4589 656 4631 est
685 4579 814 4631 enim
841 4577 973 4646 quod
1007 4578 1196 4647 angelis
1238 4577 1341 4628 suis
1385 4577 1637 4628 mandavit
1665 4577 1725 4628 de
1751 4587 1796 4630 te
1821 4587 1874 4630 ut

289 4670 580 4724 custodiant
607 4679 652 4720 te
679 4669 729 4720 in
750 4669 975 4720 omnibus
1003 4668 1092 4719 riis
1118 4667 1250 4730 tuis;
1277 4667 1327 4718 in
1357 4665 1580 4717 manibus
1609 4666 1778 4718 tollent
1805 4675 1869 4730 te,

291 4775 356 4810 ne
396 4759 530 4826 forte
566 4749 792 4823 offendas
826 4758 891 4808 ad
931 4757 1150 4826 lapidem
1183 4755 1356 4823 pedem
1395 4764 1560 4816 tuum,
1603 4754 1786 4806 Matth.
1817 4756 1868 4808 4.

293 4847 434 4913 Quid
477 4845 563 4900 hic
589 4846 745 4900 faciet
783 4845 999 4900 misellis
1037 4843 1335 4897 hominibus
1362 4843 1450 4912 qui
1495 4843 1666 4911 ipsum
1695 4844 1872 4896 Domi-

295 4955 426 4996 num
471 4940 766 5006 majestatis
807 4937 1196 5005 Seriptnrarum
1239 4936 1552 4990 testimoniis
1591 4935 1874 5002 appetivit?

297 5033 379 5095 Si,
409 5032 600 5099 inquit,
632 5031 767 5099 ﬁlius
795 5029 886 5082 Dei
905 5047 973 5092 es,
1003 5031 1138 5081 mitte
1161 5039 1206 5080 te
1232 5028 1478 5080 deorsum.
1503 5026 1706 5092 Quare?
1735 5025 1873 5080 Scri-

299 5134 440 5192 ptum
467 5131 540 5176 est
573 5123 734 5186 enim,
768 5123 950 5190 inquit.
979 5122 1292 5190 Magnopere
1327 5119 1475 5171 nobis
1503 5118 1738 5171 doctrina
1776 5118 1876 5172 loci

301 5213 456 5268 istius
481 5212 799 5268 attendenda
833 5220 988 5281 atque
1008 5210 1279 5265 retinenda
1315 5216 1422 5274 est,
1454 5217 1510 5262 ut
1536 5215 1680 5261 tanto
1719 5222 1878 5260 evan-

299 5303 486 5371 gelica:
505 5303 834 5358 auctoritatis
853 5300 1115 5368 exemplo,
1139 5298 1346 5368 quando
1369 5298 1572 5366 aliquos
1593 5298 1880 5366 apostolica

305 5407 400 5448 seu
423 5394 728 5464 prophetica
747 5393 908 5447 verba
930 5391 1163 5461 proferre
1183 5399 1363 5445 contra
1387 5389 1699 5444 catholicam
1720 5387 1878 5442 fidem

309 5483 616 5547 viderimus,
645 5483 910 5536 diabolum
931 5497 1026 5550 per
1049 5496 1142 5536 eos
1161 5481 1302 5548 loqui
1325 5480 1538 5533 minime
1558 5478 1876 5532 dubitemus.

311 5570 442 5627 Nam
467 5574 604 5628 sicut
632 5581 756 5626 tunc
781 5567 933 5638 caput
958 5572 1136 5638 capiti,
1160 5571 1230 5624 ita
1257 5585 1394 5624 nunc
1415 5587 1620 5640 quoque
1645 5569 1880 5623 membra

3397 227 3498 278 671»

1953 345 2202 398 membris
2225 348 2526 414 loquuntur,
2565 351 2796 402 tnembra
2824 351 3020 406 scilicet
3041 353 3232 408 diaboli
3259 357 3508 413 membris

1953 433 2166 496 Christi,
2197 435 2376 502 perfidi
2405 435 2662 500 fidelibus,
2700 441 2936 508 sacrilegi
2967 443 3242 512 religiosis,
3269 445 3509 505 Haeretici

1953 535 2216 592 postremo
2241 527 2538 582 Catholicis.
2568 530 2669 584 Sed
2697 532 2818 600 quid
2847 535 3056 588 tandem
3083 535 3292 590 dicunt?
3321 539 3400 602 Si,
3433 541 3510 595 in-

1951 617 2079 682 quit,
2117 617 2250 685 ﬁlius
2279 617 2374 670 Dei
2403 635 2480 682 es,
2512 621 2646 672 mitte
2673 631 2718 672 te
2745 623 3004 688 deorsum;
3037 624 3136 678 hoc
3161 635 3272 692 est,
3302 629 3346 681 si
3375 630 3512 686 filius

1951 718 2068 758 esse
2101 706 2180 758 vis
2207 707 2298 760 Dei
2325 716 2378 761 et
2419 708 2774 764 hatreditatem
2817 716 2957 782 regni
2986 717 3213 771 caelestis
3248 722 3506 789 accipere,

1951 793 2100 846 mitte
2129 803 2177 848 te
2203 797 2478 860 deorsum,
2511 800 2560 852 id
2588 811 2685 860 est.
2717 819 2778 854 ex
2809 804 2956 858 istius
2987 813 3036 859 te
3067 807 3302 862 sublimis
3327 811 3509 864 Eccle-

1953 883 2062 948 siae,
2091 901 2207 953 qua:
2233 887 2388 940 etiam
2417 891 2665 956 templum
2693 892 2782 944 Dei
2811 903 3038 960 putatur,
3069 897 3302 952 doctrina
3329 911 3382 954 et
3409 911 3514 956 tra-

1952 971 2150 1026 ditione
2177 974 2409 1030 demitte.
2439 978 2516 1030 Ac
2549 979 2592 1031 si
2625 980 2740 1046 quis
2767 981 3050 1051 interroget
3077 990 3371 1055 quempiam
3401 991 3512 1044 ha:-

1953 1064 2234 1117 retieorum
2256 1065 2354 1118 sibi
2377 1068 2496 1120 talia
2517 1070 2914 1135 persuadentem
2937 1092 2947 1124 :
2975 1075 3119 1128 L'nde
3147 1079 3353 1144 probas,
3377 1082 3514 1135 unde

1953 1151 2110 1207 doces
2147 1155 2286 1222 quod
2319 1157 2569 1210 Ecclesia:
2602 1158 2881 1214 Catholica:
2921 1166 3264 1220 universalem
3294 1174 3513 1224 ct‘anti-

1953 1255 2109 1308 quam
2138 1243 2294 1297 fidem
2321 1245 2581 1302 dimittere
2607 1249 2866 1303 debeam?
2894 1253 3065 1306 statim
3101 1255 3184 1308 ille
3216 1275 3228 1308 :
3263 1257 3518 1326 Scriptum

1954 1343 2022 1384 est
2051 1335 2200 1386 enim.
2233 1337 2296 1388 Et
2316 1338 2562 1392 continuo
2581 1341 2722 1400 mille
2749 1343 3067 1409 testimonia,
3098 1347 3236 1400 mille
3257 1352 3514 1417 exempla,

1955 1422 2096 1476 mille
2122 1426 2462 1482 auctoritates
2483 1439 2630 1495 parat
2656 1429 2720 1484 de
2755 1431 2887 1500 lege,
2924 1433 2990 1486 de
3015 1435 3253 1498 Psalmis,
3283 1437 3349 1491 de
3375 1439 3518 1506 Apo-

1955 1511 2122 1580 s'tolis,
2147 1515 2211 1569 de
2238 1515 2530 1590 l’mphetis,
2554 1521 2740 1586 quibus
2767 1537 2903 1576 novo
2931 1533 2982 1578 et
3009 1527 3145 1579 malo
3171 1543 3319 1581 more
3355 1529 3518 1582 inter-

1955 1605 2189 1670 pretatis,
2219 1620 2283 1658 ex
2310 1621 2430 1660 arce
2457 1607 2710 1662 catholica
2739 1610 2788 1662 in
2819 1611 3081 1666 haereseos
3105 1613 3408 1668 barathrum
3435 1618 3518 1669 in-

1956 1690 2077 1744 felix
2098 1693 2270 1747 anima
2292 1696 2658 1764 prtecipitetur.
2688 1697 2802 1752 Jam
2824 1716 2948 1755 vero
2969 1703 3069 1755 illis
3094 1720 3210 1771 qua:
3231 1716 3520 1773 sequuntur

1957 1783 2388 1848 promissionibus
2414 1785 2548 1838 miro
2575 1787 2728 1840 modo
2756 1789 2990 1843 incautos
3011 1790 3250 1846 homines
3277 1793 3519 1849 Hieretici

1956 1873 2199 1942 decipere
2243 1887 2645 1931 consueverunt.
2695 1881 2902 1934 Audeut
2952 1885 3146 1937 etenim
3189 1886 3424 1954 polliceri
3469 1899 3522 1942 et

1956 1961 2147 2018 docere
2184 1965 2322 2034 quod
2361 1967 2410 2021 in
2455 1967 2688 2022 Ecclesia
2717 1985 2829 2034 sua,
2857 1971 2908 2025 id
2933 1982 3030 2037 est,
3061 1975 3113 2028 in
3138 1979 3522 2034 communionis

1957 2068 2065 2106 suae
2091 2055 2480 2120 conventiculo,
2511 2073 2697 2126 magna
2729 2067 2781 2112 et
2806 2063 3046 2128 specialis
3071 2079 3132 2118 ac
3165 2067 3316 2134 plane
3341 2083 3524 2135 perso-

1957 2145 2089 2199 nalis
2105 2146 2354 2212 'qutedam
2383 2148 2449 2201 sit
2476 2149 2566 2203 Dei
2591 2152 2782 2218 gratia,
2806 2153 2937 2207 adeo
2965 2163 3021 2208 ιιι
3053 2155 3164 2209 sine
3190 2158 3294 2211 ullo
3321 2159 3519 2222 labore,

1958 2235 2073 2290 sine
2108 2237 2214 2290 ullo
2240 2239 2444 2300 studio,
2481 2241 2595 2293 sine
2631 2241 2733 2293 ulla
2769 2241 3048 2309 industria,
3081 2247 3282 2300 etiamsi
3312 2263 3408 2302 nec
3433 2265 3524 2316 pe-

1959 2333 2089 2392 tant,
2120 2343 2216 2380 nec
2235 2339 2494 2396 quaerant,
2521 2345 2618 2384 nec
2649 2332 3203 2403 pulsent,quicumqtte
3231 2337 3300 2390 illi
3333 2338 3396 2390 ad
3425 2355 3524 2390 nu—

1961 2431 2163 2470 merum
2191 2431 2342 2470 suum
2366 2418 2646 2484 pertinent,
2675 2427 2848 2473 tamen
2870 2423 2940 2474 ita
2962 2423 3208 2478 divinitus
3229 2425 3529 2492 dispensen-

1963 2512 2046 2558 tur
2073 2513 2128 2557 ut
2153 2506 2400 2574 angelicis
2425 2507 2590 2560 evecti
2629 2510 2897 2574 manibus,
2941 2511 2988 2564 id
3024 2521 3122 2574 est,
3147 2514 3378 2580 angelica
3408 2529 3527 2582 pro-

1963 2594 2188 2647 tectione
2203 2595 2414 2656 servati,
2431 2610 2694 2663 nunquam
2715 2599 2914 2664 possint
2935 2601 3198 2654 offendere
3219 2602 3282 2654 ad
3303 2603 3528 2670 lapidem

1962 2685 2149 2752 pedem
2170 2700 2342 2750 suum,
2371 2685 2425 2738 id
2449 2694 2548 2750 est,
2573 2689 2838 2756 nunquam
2865 2689 3225 2743 scandalizari.

2035 2772 2242 2826 XXVII.
2281 2774 2384 2828 Sed
2412 2774 2552 2828 dicet
2577 2777 2763 2844 aliquis
2795 2796 2805 2830 :
2831 2778 2888 2832 Si
2913 2778 3104 2832 divinis
3128 2780 3377 2848 eloquiis,
3405 2797 3530 2836 sen-

1967 2870 2168 2934 tentiis,
2211 2867 2658 2936 promissionibus'
2685 2877 2736 2922 et
2771 2869 3016 2922 Diabolus
3051 2878 3104 2923 et
3143 2871 3382 2938 discipuli
3417 2871 3532 2941 ejus

1965 2969 2197 3024 utuntur,
2226 2977 2450 3030 quorum
2471 2963 2556 3014 alii
2585 2969 2706 3016 sunt
2733 2961 3175 3029 pseudoapostoli,
3201 2961 3288 3014 alii
3317 2962 3534 3028 pseudo-

1968 3053 2234 3120 prophetaa
2257 3061 2310 3106 et
2335 3051 2772 3120 pseudomagistri
2789 3091 2801 3112 ,
2833 3059 2886 3104 et
2909 3065 3093 3104 omnes
3119 3066 3183 3104 ex
3215 3059 3324 3104 toto
3351 3051 3532 3103 Haere-

1968 3141 2076 3204 tiei,
2106 3141 2230 3210 quid
2255 3141 2448 3196 facient
2465 3139 2714 3196 Catholici
2741 3139 2980 3192 homines
3005 3147 3058 3191 et
3085 3139 3266 3192 matris
3287 3139 3535 3192 Ecclesia:

1969 3230 2094 3284 ﬁlii?
2129 3229 2364 3295 Quonam
2389 3229 2546 3282 modo
2579 3228 2630 3281 in
2670 3227 2950 3294 Scrig‘turis
2985 3227 3182 3281 sanctis
3209 3227 3477 3282 veritatem
3507 3246 3536 3282 a

1969 3319 2196 3375 falsitate
2239 3319 2575 3374 discernent?
2615 3319 2726 3372 Hoc
2765 3318 2967 3371 scilicet
3005 3317 3176 3370 facere
3221 3333 3538 3386 magnopere

1969 3415 2253 3480 curabunt,
2291 3413 2431 3483 quod
2457 3413 2508 3466 in
2537 3411 2791 3479 principio
2817 3408 3213 3464 Commonitorii
3241 3408 3392 3462 istius
3419 3424 3538 3460 san-

1970 3510 2082 3556 ctos
2107 3510 2160 3557 et
2179 3503 2360 3556 doctos
2385 3502 2526 3554 viros
2551 3499 2702 3552 nobis
2725 3498 3000 3552 tradidisse
3024 3497 3349 3564 scripsimus,
3375 3505 3432 3548 ut
3457 3498 3538 3548 di-

1971 3592 2148 3644 vinum
2175 3589 2440 3644 Canonem
2474 3587 2760 3641 secundum
2803 3585 3110 3639 universalis
3145 3584 3394 3636 Ecelesize
3431 3592 3539 3636 tra-

1972 3680 2195 3734 ditiones
2221 3679 2440 3748 etjuxta
2466 3676 2714 3732 Catholici
2752 3675 3013 3743 dogmatis
3039 3675 3242 3742 regulas
3283 3673 3540 3738 interpre~

1975 3779 2178 3833 tentur;
2217 3769 2269 3822 in
2307 3783 2410 3836 qua
2443 3768 2564 3830 item
2593 3764 2858 3818 Catholica
2903 3772 2956 3816 et
2989 3762 3274 3829 apostolica
3307 3761 3539 3813 Ecclesia

1973 3867 2259 3927 sequantur
2296 3869 2512 3910 necesse
2555 3863 2638 3909 est
2673 3853 3098 3914 universitatem,
3145 3850 3538 3918 antiquitatem,

1973 3949 2394 4002 consensionem.
2413 3947 2477 3999 Et
2497 3947 2539 4000 si
2559 3945 2768 4013 quando
2789 3959 2908 4012 pars
2927 3951 3108 3996 contra
3127 3941 3538 4004 universitatem,

1974 4040 2178 4094 novitas
2205 4045 2386 4092 contra
2405 4045 2740 4098 vetustatem,
2771 4035 2926 4088 unius
2941 4033 3020 4086 vel
3045 4045 3328 4100 paucorum
3355 4045 3542 4084 erran-

1977 4132 2104 4184 tium
2127 4127 2387 4182 dissensio
2410 4136 2592 4180 eontra
2615 4126 2850 4180 omnium
2869 4125 2950 4178 vel
2973 4122 3113 4176 certe
3133 4122 3298 4176 multo
3317 4122 3544 4190 plurium

1976 4221 2360 4276 Catholieorum
2405 4218 2806 4271 consensionem
2857 4214 3213 4276 rebellaverit,
3265 4211 3546 4282 prieferant

1979 4321 2139 4382 partis
2179 4308 2498 4377 corruptioni
2536 4307 2888 4360 universitatis
2927 4305 3276 4372 integritatem
3314 4323 3326 4357 :
3358 4305 3408 4357 in
3444 4319 3544 4371 qua

1977 4403 2162 4458 eadem
2205 4401 2564 4462 universitate,
2593 4397 2838 4450 novitatis
2879 4393 3176 4462 profanitati
3224 4393 3546 4460 antiquitatis

1978 4492 2303 4560 religionem,
2333 4490 2561 4555 itemque
2591 4487 2640 4538 in
2665 4486 2772 4552 ipsa
2799 4492 3076 4548 vetustate,
3106 4483 3263 4536 unius
3290 4481 3399 4536 sive
3425 4498 3547 4551 pau~

1979 4581 2309 4635 cissimorum
2340 4577 2616 4630 temeritati
2647 4575 2868 4643 primum
2911 4573 3144 4626 omnium
3184 4573 3442 4642 generalia
3461 4616 3472 4634 ,
3503 4589 3544 4628 St

1979 4688 2080 4741 qua
2101 4680 2242 4734 sunt,
2267 4669 2574 4724 universalis
2595 4666 2807 4720 Concilii
2839 4663 3044 4718 decreta
3069 4669 3400 4729 priaponant;
3426 4669 3547 4715 tunc

1981 4763 2189 4826 deinde,
2215 4763 2258 4814 si
2283 4760 2332 4812 id
2355 4760 2526 4811 minus
2547 4765 2648 4822 est,
2665 4761 2950 4822 sequantur
2970 4750 3108 4820 quod
3133 4749 3423 4817 proximum
3445 4758 3544 4812 est,

1982 4853 2265 4904 multorum
2287 4858 2439 4917 atque
2467 4859 2772 4914 magnorum
2802 4843 3190 4896 consentientes
3210 4839 3309 4892 sibi
3337 4846 3550 4892 sentem

1983 4941 2081 4992 tias
2110 4941 2499 5008 magistrorum.
2529 4934 2758 5000 Quibus,
2789 4931 3070 4998 adjuvante
3101 4927 3348 4988 Domino,
3379 4925 3550 4978 fideli-

1983 5039 2082 5092 ter,
2113 5027 2305 5090 sobrié,
2335 5026 2554 5080 sollicite
2580 5021 2890 5084 observatis,
2915 5035 3017 5072 non
3041 5031 3226 5085 magna
3247 5015 3550 5069 difficultate

1986 5121 2168 5173 noxios
2189 5131 2424 5187 quosque
2443 5111 2831 5182 exsurgentium
2855 5107 3229 5162 llaereticorum
3253 5103 3550 5171 deprehen-

1985 5211 2170 5263 demus
2189 5219 2413 5260 errores.

2059 5293 2290 5351 XXVIII.
2331 5292 2425 5346 llic
2446 5292 2554 5360 jam
2582 5303 2910 5357 consequens
2937 5299 3054 5340 esse
3083 5281 3234 5336 video
3273 5289 3330 5336 ut
3371 5296 3548 5336 exem-

1987 5388 2086 5456 plis
2121 5385 2476 5440 demonstrem
2511 5393 2736 5448 quonam
2789 5376 2944 5429 modo
2997 5372 3278 5443 prophana:
3327 5371 3554 5425 limi-etin

1988 5489 2167 5530 eorum
2235 5471 2490 5526 novitates
2559 5466 2771 5536 prolatis
2833 5473 2988 5533 atque
3052 5461 3256 5516 collatis
3313 5468 3549 5512 veterum

1988 5567 2354 5632 magistrorum
2404 5557 2840 5614 concordantibus
2908 5555 3116 5608 sibimet
3171 5543 3442 5605 sententiis
3492 5557 3546 5602 et
