3916 6178
474 246 578 302 675

470 376 926 448 deprehendantur
952 383 1002 429 ct
1028 374 1456 427 condemnentur.
1487 369 1612 435 Quae
1625 376 1796 423 tamen
1810 369 2020 437 antiqua

470 478 767 522 sanctorum
802 477 1005 535 patrum
1039 464 1314 519 consensio
1348 477 1453 515 non
1488 462 1539 514 in
1567 460 1810 514 omnibus
1836 458 2025 512 divina:

471 557 597 625 legis
622 554 1035 625 qumstiunculis,
1063 552 1157 607 sed
1183 552 1353 606 solum
1375 558 1518 605 certe
1538 550 1798 618 pnecipue
1825 549 1877 601 in
1906 546 2025 601 fidei

470 645 644 713 regula
672 658 861 712 magno
889 643 1036 697 nobis
1062 642 1235 695 studio
1278 648 1331 694 et
1374 639 1730 709 investiganda
1758 646 1839 692 est
1864 646 1916 691 et
1942 652 2028 691 sc-

465 732 692 800 quenda.
723 731 825 786 Sed
854 747 1022 801 neque
1048 745 1258 799 semper
1282 745 1452 799 neque
1472 743 1655 783 omnes
1675 728 1903 782 haereses
1926 727 2028 781 hoc

467 819 623 873 modo
645 820 1006 890 impugnanda:
1032 828 1172 883 sunt,
1196 818 1288 873 seu
1316 818 1524 872 novitite
1542 825 1882 886 recentesque
1907 824 2027 869 tan-
2062 810 2069 815 ’

467 908 778 975 tummodo,
825 924 943 962 cum
995 910 1219 977 primum
1270 908 1470 961 scilicet
1512 907 1854 972 exoriuntur,
1906 915 2027 961 aute

463 1012 619 1065 quam
666 996 907 1053 infalsare
946 1007 1164 1053 vetustae
1194 998 1310 1052 fidei
1338 998 1543 1071 regulas
1577 998 1740 1066 ipsius
1780 998 2027 1066 temporis

464 1093 706 1139 vetantur
729 1088 980 1155 angustiis
1006 1128 1017 1151 ,
1065 1102 1125 1140 ac
1154 1088 1450 1155 priusquam
1480 1096 1723 1139 manante
1751 1087 1906 1140 latius
1932 1103 2026 1141 ve-

468 1191 624 1242 neno,
654 1177 910 1247 majorum
936 1179 1198 1232 volumina
1225 1179 1410 1231 vitiare
1449 1187 1720 1230 conentur.
1767 1177 2026 1231 Caeterum

467 1265 694 1320 dilatata:
737 1276 790 1323 et
838 1269 1137 1323 inveterata:
1182 1270 1409 1323 turreses
1450 1284 1776 1337 nequaquam
1811 1268 1909 1323 hac
1943 1271 2026 1322 via

406 1360 411 1365 '
467 1355 832 1424 adgredienda:
858 1367 1010 1423 sunt,
1056 1373 1120 1412 eo
1145 1358 1282 1427 quod
1313 1358 1512 1426 prolixo
1539 1367 1832 1426 temporum
1860 1366 2027 1412 tractu

469 1444 621 1515 longa
673 1446 735 1499 iis
784 1446 1016 1501 fruenda:
1042 1448 1275 1501 veritatis
1320 1448 1544 1515 patuerit
1577 1448 1803 1501 Occasio.
1857 1448 2028 1516 Atque

472 1534 587 1589 ideo
612 1551 968 1606 quascumque
995 1539 1106 1591 illas
1133 1539 1454 1607 antiquiores
1477 1539 1560 1593 vel
1580 1538 1919 1593 schismatum
1944 1540 2026 1593 vel

469 1621 737 1679 lmreseon
777 1626 1115 1694 profanitates
1151 1628 1292 1681 nullo
1330 1628 1487 1681 modo
1524 1643 1620 1681 nos
1673 1636 1879 1696 oportet
1928 1628 2027 1681 nisi

464 1719 554 1764 aut
580 1713 710 1778 sola,
741 1715 784 1766 si
811 1730 942 1783 opus
969 1724 1083 1778 est,
1134 1716 1519 1784 Scripturarum
1556 1718 1864 1771 auctoritate
1901 1733 2026 1771 cou-

462 1801 690 1868 vincere,
719 1814 810 1858 aut
842 1816 984 1861 certe
1004 1808 1111 1874 jam
1139 1808 1421 1875 antiquitus
1449 1808 1828 1862 universalibus
1853 1825 2028 1863 sacer-

461 1890 642 1945 dotum
683 1894 1055 1950 catholicorum
1082 1896 1326 1952 Conciliis
1360 1899 1625 1952 convictas
1653 1898 2026 1971 damnatosque

466 1981 650 2034 vitare.
681 1982 879 2053 ltaQue,
901 1999 1020 2038 cum
1048 1986 1272 2055 primum
1301 1987 1421 2041 mali
1447 1989 1699 2057 cujusque
1718 1990 1911 2044 erroris
1934 2006 2027 2059 pu-

467 2072 615 2124 tredo
639 2088 914 2142 erumpere
937 2075 1154 2145 cmperit
1173 2118 1187 2143 ,
1218 2084 1271 2130 et
1295 2076 1359 2129 ad
1387 2075 1745 2131 defensionem
1774 2081 1854 2145 sui
1880 2095 2025 2148 qum-

463 2157 583 2211 dam
627 2175 792 2215 sacras
832 2161 962 2234 legis
1005 2164 1164 2218 verba
1212 2164 1408 2231 furari,
1463 2181 1628 2235 eaque
1680 2166 1932 2221 fallaciter
1975 2177 2028 2223 et

462 2247 820 2307 fraudulenter
844 2268 1140 2324 exponere,
1192 2258 1368 2309 statim
1406 2257 1796 2326 interpretando
1829 2258 2026 2315 Canoni

461 2337 720 2406 majorum
764 2343 1038 2398 sententia:
1062 2346 1440 2414 congreganda:
1484 2354 1643 2410 sunt;
1684 2348 1874 2417 quibus
1900 2350 2027 2404 illud

466 2428 834 2499 quodcumque
876 2442 1122 2503 exsurget
1163 2437 1449 2502 novitium,
1495 2437 1717 2507 ideoque
1753 2439 2027 2506 profanum

460 2523 516 2566 et
535 2516 732 2586 absque
757 2518 859 2571 ulla
882 2520 1101 2590 ambage
1127 2523 1405 2590 prodatur,
1436 2534 1488 2578 et
1512 2526 1624 2579 sine
1652 2526 1754 2579 ulla
1776 2536 2029 2583 retracta-

460 2602 603 2658 tione
630 2603 923 2661 damnetur.
967 2607 1070 2664 Sed
1099 2626 1280 2665 eorum
1308 2613 1559 2667 duntaxat
1586 2622 1789 2683 patrum
1817 2627 2029 2672 senten-

463 2694 641 2748 tentize
666 2695 999 2755 conferenda:
1026 2710 1181 2770 sunt,
1228 2704 1317 2773 qui
1351 2705 1404 2758 in
1432 2705 1533 2762 fide
1568 2716 1622 2762 et
1659 2711 2029 2766 communione

460 2781 729 2841 Catholica
755 2799 934 2845 sancte
953 2833 969 2858 ,
998 2792 1290 2862 sapienter,
1321 2806 1625 2853 constanter
1656 2800 1891 2855 viventes
1919 2802 2024 2874 (1),

458 2870 731 2940 docentes,
755 2886 808 2932 et
829 2891 1217 2951 permanentes,
1242 2886 1325 2940 vel
1351 2888 1483 2942 mori
1504 2888 1555 2942 in
1578 2887 1786 2944 Christo
1808 2870 2030 2946 fideliter

459 2959 543 3015 vel
569 2962 738 3019 occidi
785 2981 881 3036 pro
926 2968 1135 3027 Christo
1185 2972 1408 3031 feliciter
1450 2987 1775 3032 meruerunt.
1828 2979 2028 3046 Quibus

457 3058 637 3109 tamen
660 3055 760 3111 hac
786 3056 901 3128 lege
928 3062 1249 3119 credendum
1277 3075 1359 3121 est
1384 3076 1441 3121 ut
1465 3069 1711 3138 quicquid
1737 3071 1817 3125 vel
1844 3086 2028 3126 omnes

458 3143 540 3196 vel
566 3144 744 3213 plures
762 3163 868 3203 uno
888 3151 1179 3223 eodemque
1204 3171 1360 3210 sensu
1384 3158 1676 3224 manifeste,
1704 3157 2022 3228 frequenter,

458 3246 877 3307 perseveranter,
923 3243 1066 3297 velut
1090 3245 1317 3313 quodam
1343 3249 1706 3303 consentiente
1732 3250 1831 3303 sibi
1860 3252 2023 3319 magi—‘

457 3330 688 3391 strorum
715 3329 938 3384 concilio
960 3372 975 3397 ,
1005 3333 1337 3401 accipiendo,
1370 3337 1623 3402 tenendo,
1654 3337 1908 3391 tradendo
1933 3338 2024 3391 fir-

458 3418 736 3483 maverint,
766 3419 816 3473 id
844 3435 941 3489 pro
968 3422 1279 3489 indubitato,
1309 3434 1474 3488 certo,
1505 3435 1722 3496 ratoque
1748 3427 2021 3483 habeatur.

457 3505 714 3575 Quicquid
734 3522 879 3574 vero,
902 3511 1142 3577 quamvis
1162 3511 1248 3566 illc
1268 3520 1481 3567 sanctus
1496 3522 1549 3568 et
1567 3514 1773 3582 doctus,
1787 3518 2025 3583 quamvis

455 3592 738 3649 Confessor
762 3605 815 3651 et
834 3596 1046 3670 Martyr,
1094 3608 1285 3668 praeter
1326 3617 1511 3657 omnes
1543 3612 1633 3657 aut
1658 3605 1815 3658 etiam
1842 3613 2025 3661 contra

454 3696 641 3737 omnes
684 3687 945 3752 senserit,
1000 3688 1051 3741 id
1088 3689 1224 3744 inter
1248 3691 1487 3758 proprias
1511 3700 1565 3745 et
1585 3693 1819 3747 occultas
1842 3701 1895 3747 et
1917 3696 2025 3763 pri-

459 3779 605 3825 vatas
625 3774 986 3841 opiniunculas
1006 3786 1036 3831 a
1055 3780 1349 3834 communis
1370 3788 1423 3834 et
1440 3781 1660 3849 publicm
1685 3797 1747 3836 ac
1766 3785 2023 3853 generalis

454 3863 729 3916 sententia:
754 3867 1061 3921 auctoritate
1095 3876 1357 3923 secretum
1392 3870 1496 3935 sit;
1537 3885 1607 3924 ne
1652 3886 1771 3925 cum
1817 3887 2024 3928 summo

455 3958 667 4005 aeterna:
691 3953 874 4007 salutis
896 3956 1130 4023 periculo
1152 3999 1166 4023 ,
1215 3958 1365 4027 juxta
1391 3959 1700 4028 sacrilegam
1737 3961 2021 4016 Hmrctico-

456 4053 575 4092 rum
600 4047 656 4093 et
693 4040 1157 4098 Schismaticorum
1191 4048 1624 4102 consuetudinem
1647 4090 1665 4115 ,
1713 4051 2023 4105 universalis

454 4127 718 4198 dogmatis
744 4131 955 4201 antiqua
979 4133 1200 4187 veritate
1226 4134 1462 4203 dimiSsa,
1492 4136 1646 4190 unius
1670 4137 1899 4192 hominis
1928 4156 2023 4194 no-

530 4256 605 4325 (l)
626 4256 701 4310 Ex
717 4255 832 4329 hoc
856 4257 974 4314 loco
999 4258 1156 4329 infert
1173 4260 1416 4328 Dallccus,
1438 4264 1489 4317 in
1512 4263 1648 4318 libro
1674 4263 1741 4320 de
1761 4264 1900 4319 Vero
1925 4282 2023 4321 usu
2069 4323 2076 4329 ,

456 4323 692 4389 Patrum,
714 4328 1069 4384 inconstantes
1106 4328 1268 4385 fuisse
1310 4323 1492 4387 Patres
1528 4332 1581 4386 in
1617 4332 1737 4388 fidei
1762 4333 2018 4389 doctrina.

460 4394 528 4473 At
553 4394 842 4473 Lirinensis
864 4395 979 4473 haec
1003 4414 1152 4454 mens
1176 4407 1258 4454 est
1285 4402 1465 4473 :__q_uia
1494 4417 1589 4473 per
1614 4402 1762 4473 plura
1789 4403 1840 4457 in
1867 4418 2023 4473 supe-

456 4463 685 4543 rioribus
704 4465 1006 4543 ostenderat
1028 4483 1132 4522 non
1149 4484 1275 4543 [aro
1282 4463 1459 4543 divino
1473 4463 1672 4543 judicio
1693 4463 2024 4543 humanaque

459 4532 758 4610 infirmitate
782 4535 1042 4610 accidere,
1072 4545 1127 4591 ut
1156 4532 1506 4595 Eeclesiastici
1534 4541 1630 4610 viri
1650 4542 1822 4610 magni
1850 4532 2024 4598 meriti

458 4615 519 4654 ac
545 4602 777 4656 scicntia:
802 4602 1071 4677 labantur,
1102 4615 1155 4677 et
1187 4616 1369 4661 contra
1396 4609 1702 4677 Apostolum
1737 4602 1874 4665 nova
1924 4612 2023 4667 do-

452 4680 629 4755 gntata
655 4674 985 4755 annuntient,
1011 4676 1173 4755 quod
1190 4674 1754 4755 pro_barat'_exemplis‘
1773 4680 2024 4755 Pbotini,

456 4740 794 4806 Apollinaris,
818 4740 1065 4815 Nestori‘i,
1087 4740 1345 4815 Qrigcnis,
1367 4761 1430 4801 ac
1454 4740 1786 4815 Tertulliani;
1815 4766 1883 4804 ne
1906 4740 2024 4815 quis

459 4812 1066 4896 praetexttt‘auctlpritantis
1091 4812 1279 4868 horum
1306 4830 1553 4896 perversa
1582 4812 1873 4896 sectaretur
1896 4812 2026 4889 dog-

456 4884 598 4957 mata
623 4920 638 4945 ,
686 4885 744 4957 ut
770 4879 821 4932 in
852 4878 956 4935 flne
979 4881 1244 4957 24,_num.
1273 4878 1404 4957 ait“:
1454 4884 1554 4957 hac
1597 4886 1663 4941 de
1706 4903 1864 4944 causa
1899 4878 2025 4957 pru-

452 4946 648 5040 denter
682 4946 775 5040 hic
818 4958 997 5040 monet
1019 4992 1035 5017 ,
1056 4946 1059 4947 ⁷
1082 4951 1226 5040 haud
1256 4954 1545 5040 audiendos
1571 4970 1699 5040 esse.
1734 4946 1919 5040 illos;
1935 4960 2023 5040 qm

456 5024 765 5089 constanter
807 5032 914 5073 non
939 5019 1231 5077 docuerunt
1258 5063 1274 5089 ,
1325 5031 1379 5077 et
1419 5025 1663 5079 vixerunt
1686 5026 1738 5080 in
1766 5019 2019 5082 Ecclesia.

459 5082 609 5165 Qude
637 5086 711 5165 _in
762 5102 909 5143 num.
956 5090 1045 5155 45,
1098 5082 1319 5165 loquens
1361 5093 1428 5149 de
1454 5093 1844 5165 __Sacerdotibus
1865 5138 1882 5162 ,
1933 5097 2022 5165 qui

456 5153 652 5234 Ephesi
700 5153 1056 5234 convenerant
1076 5202 1115 5234 ,__
1144 5153 1311 5234 inquit
1341 5180 1386 5234 :_
1406 5182 1425 5214 ε
1453 5163 1566 5217 Hoc
1597 5166 1850 5234 optimum
1870 5153 2024 5220 'faétu

462 5240 483 5273 ε
510 5226 679 5303 visum
707 5235 790 5283 est
814 5235 871 5284 ut
899 5230 950 5284 in
976 5226 1333 5303 medium'Sg.
1362 5232 1577 5303 Patrum
1604 5226 1878 5290 sententia:
1902 5250 2024 5303 pro-

446 5309 482 5340 ·‹
512 5291 808 5370 (creentur;
859 5314 1083 5370 quorum
1120 5301 1251 5370 alios
1274 5300 1617 5358 Confessores
1639 5345 1653 5370 ,
1690 5318 1875 5359 omnes
1898 5291 2023 5359 vero

455 5376 485 5410 ς
510 5360 831 5441 catholicos,
860 5360 1174 5441 sacerdotes
1199 5369 1361 5425 fuisse
1383 5413 1398 5438 ,
1434 5379 1489 5426 et
1512 5360 1866 5441 permansisse
1891 5389 2020 5428 con-

462 5445 484 5479 c
512 5439 698 5511 staret,
746 5444 804 5491 ut
845 5438 1047 5511 scilicet
1082 5438 1181 5494 rite
1223 5448 1380 5511 atque
1415 5438 1723 5511 solemniter
1748 5458 1814 5497 ex
1838 5458 2021 5497 eorum

458 5510 771 5563 {consensu
789 5513 946 5576 atque
957 5508 1169 5563 decreto
1179 5508 1448 5580 antiquum
1461 5510 1650 5579 dogma
1663 5511 1975 5567 firmaretur.
1998 5532 2016 5563 ι

1718 243 2053 301 \‘lNCENTIl
2111 245 2482 302 LIRIXENSIS
2939 313 2942 316 ,
3557 247 3645 307 678

2132 369 2313 423 vitium
2341 378 2603 425 sectemur
2622 387 2874 428 errorem.
2918 375 3147 442 Quorum
3182 379 3441 435 beatomm
3469 391 3643 452 patrum

2100 454 2368 514 'sanctnm
2394 461 2815 532 catholicumque
2840 480 3151 520 consensum
3175 509 3191 532 ,
3237 483 3303 522 ne
3326 472 3438 538 quis
3469 474 3556 527 sibi
3577 484 3642 530 te-

2131 563 2275 602 mere
2300 551 2740 605 contemnendum
2769 551 2902 607 forte
2920 554 3229 622 arbitretur,
3255 558 3328 611 ait
3349 560 3397 612 in
3424 562 3568 629 prima
3594 566 3646 620 ad

2130 634 2429 690 Corinthios
2480 636 2761 707 Apostolus
2807 658 2820 693 :
2884 641 2949 694 Et
2997 645 3238 711 quosdam
3285 646 3470 714 quidem
3514 653 3648 718 posuit

2131 722 2267 778 Deus
2311 726 2362 778 in
2417 726 2637 781 Ecclesid
2682 730 2896 798 prinmm
2945 731 3208 801 Apostofos
3266 734 3508 803 (quorum
3558 740 3651 808 ipse

2133 827 2267 866 unus
2294 814 2435 884 erat)
2460 856 2474 876 ,
2526 816 2740 869 secundo
2788 816 3066 889 PrOplwtas
3110 820 3346 891 (qualem
3381 824 3432 877 in
3468 826 3651 882 Actibus

2132 900 2503 969 Apostolorum
2537 904 2757 973 legimus
2790 901 3088 975 Agabum),
3119 910 3263 963 tertio
3292 910 3543 983 Doctores,
3577 918 3655 987 qui

2133 996 2444 1046 tractatores
2464 1008 2601 1047 nunc
2621 995 2976 1063 appeliantur,
2999 1009 3136 1066 quos
3152 998 3238 1053 hic
3259 1000 3391 1054 idem
3411 1002 3652 1072 Apostolus

2132 1080 2287 1133 etiam
2313 1081 2602 1151 Prophetas
2628 1085 2889 1139 interdum
2919 1096 3213 1155 nuncupat,
3237 1103 3300 1144 eo
3324 1091 3453 1159 quod
3480 1108 3562 1161 per
3581 1110 3655 1151 eos

2132 1167 2514 1237 Pr0pbetarum
2557 1175 2805 1244 mysteria
2841 1176 3046 1245 populis
3073 1177 3390 1246 aperiantur.
3436 1182 3532 1237 llos
3553 1199 3655 1256 ergo

2132 1256 2183 1309 in
2214 1257 2445 1312 Ecclesia
2470 1259 2564 1315 Dei
2593 1261 2839 1316 divinitus
2878 1278 2973 1332 per
3004 1258 3243 1334 tempora
3268 1278 3321 1322 et
3345 1269 3451 1324 loca
3473 1270 3656 1340 dispen-

2131 1354 2275 1400 satos
2299 1348 2535 1417 quisquis
2574 1350 2624 1403 in
2670 1365 2829 1405 sensu
2854 1352 3096 1408 catholici
3123 1355 3380 1425 dogmatis
3404 1375 3548 1414 unum
3581 1363 3657 1418 ali-

2129 1435 2255 1503 quid
2277 1436 2328 1490 in
2347 1436 2558 1492 Christo
2578 1441 2865 1495 sentientes
2887 1446 3283 1513 contempserit,
3307 1462 3408 1501 non
3432 1446 3660 1523 hominem

2130 1526 2436 1592 contemnit,
2464 1526 2557 1581 sed
2583 1528 2747 1582 Deum
2780 1547 2792 1581 :
2841 1544 2869 1582 a
2894 1545 3119 1599 quorum
3142 1534 3369 1589 veridica
3402 1537 3578 1591 unitate
3605 1554 3660 1594 ne

2131 1610 2708 1684 discrepet,impensius
2722 1617 3015 1672 obtestatur
3031 1619 3172 1674 idem
3194 1622 3469 1690 Apostolus
3482 1624 3656 1679 dicens:

2134 1698 2348 1753 Obsecro
2368 1712 2533 1755 autem
2561 1720 2644 1756 vos
2660 1746 2674 1767 ,
2704 1705 2914 1774 fratres,
2943 1717 2997 1760 ut
3029 1708 3083 1761 id
3104 1710 3274 1778 ipsum
3299 1712 3469 1765 dicatis
3491 1730 3655 1778 attines,

2130 1797 2177 1840 et
2203 1804 2301 1841 non
2326 1790 2425 1843 sint
2449 1791 2501 1843 in
2525 1793 2662 1846 vobis
2698 1794 2966 1848 schismata
2989 1837 3002 1859 ,
3044 1798 3156 1852 sitis
3198 1809 3360 1853 autent
3399 1803 3581 1871 perfecti
3617 1804 3658 1856 in

2130 1876 2302 1930 eodem
2326 1895 2471 1931 sensu
2491 1890 2537 1932 et
2573 1881 2625 1933 in
2645 1882 2816 1935 eadem
2835 1886 3076 1938 sententia
3098 1927 3114 1950 ,
3172 1887 3197 1940 1
3228 1886 3351 1943 Cor.
3383 1889 3430 1942 1.
3472 1889 3603 1955 Quod
3623 1892 3657 1944 si

2130 1965 2249 2033 quis
2294 1966 2361 2020 ab
2403 1983 2586 2023 eorum
2638 1973 2914 2026 sententiae
2956 1978 3329 2033 communione
3376 1980 3656 2047 desciverit,

2131 2054 2307 2109 audiet
2350 2056 2474 2111 illud
2514 2058 2751 2127 ejusdem
2779 2060 3013 2130 Apostoli
3043 2081 3055 2116 :
3107 2064 3230 2118 Non
3251 2075 3323 2119 est
3346 2065 3475 2120 Deus
3498 2068 3658 2122 dissen-

2129 2143 2284 2197 sionis
2307 2187 2321 2211 ,
2362 2145 2450 2199 sed
2468 2148 2607 2216 paris
2629 2190 2643 2212 ,
2696 2149 2721 2203 1
2754 2148 2870 2204 Cor.
2902 2152 2968 2206 14
2993 2152 3013 2216 ί
3025 2152 3077 2206 id
3103 2162 3189 2208 est
3210 2196 3227 2222 ,
3276 2170 3379 2211 non
3402 2157 3509 2222 ejus
3540 2161 3614 2228 qui
3636 2174 3658 2213 a

2131 2234 2492 2290 consentiendi
2518 2238 2716 2293 unitate
2740 2238 3019 2307 defecerit,
3055 2242 3154 2296 sed
3178 2258 3360 2298 eorum
3383 2260 3467 2314 qui
3486 2240 3537 2299 in
3559 2261 3657 2300 con-

2131 2323 2390 2377 sentiendi
2415 2339 2544 2393 pace
2567 2328 2980 2399 permanserint)
3007 2330 3139 2382 sicut
3164 2331 3217 2385 in
3238 2333 3474 2400 omnibus,
3501 2334 3657 2404 inquit,

2132 2409 2369 2467 Ecclesiis
2387 2424 2669 2469 sanctorum
2690 2416 2862 2481 doceo,
2886 2417 2937 2472 id
2964 2426 3064 2484 est,
3090 2418 3477 2476 Catholicorum
3516 2441 3526 2475 :
3567 2439 3661 2493 qua

2133 2499 2252 2555 ideo
2276 2511 2472 2557 sanctm
2495 2513 2658 2571 sunt,
2703 2506 2825 2575 quia
2868 2507 2921 2559 in
2967 2505 3086 2561 fidei
3133 2510 3493 2564 communione
3525 2513 3659 2581 persi-

2131 2597 2294 2644 stunt.
2322 2592 2389 2645 Et
2411 2607 2478 2647 ne
2500 2595 2619 2662 quis
2653 2594 2871 2648 fitrsitan
2896 2636 2912 2661 ,
2964 2598 3336 2664 praetermissis
3358 2600 3547 2653 exteris
3565 2640 3578 2664 ,
3616 2614 3664 2653 se

2133 2681 2305 2735 solum
2327 2683 2519 2751 audiri,
2542 2684 2640 2738 sibi
2666 2684 2763 2738 soli
2783 2684 2928 2738 credi
2949 2685 3252 2755 adrogaret,
3277 2687 3426 2756 paulo
3448 2696 3555 2758 post
3573 2689 3658 2744 ait:

2133 2770 2210 2824 An
2232 2787 2264 2824 a
2282 2773 2437 2836 vobis,
2466 2772 2652 2843 inquit,
2678 2774 2873 2828 verbum
2897 2772 2992 2827 Dei
3012 2777 3273 2844 processit,
3295 2787 3380 2830 aut
3396 2778 3445 2830 in
3463 2793 3539 2830 vos
3555 2777 3662 2830 solos

2131 2863 2365 2917 devenit?
2401 2865 2468 2919 Et
2512 2879 2580 2919 ne
2628 2864 2729 2919 hoc
2771 2865 2921 2934 quasi
2959 2865 3317 2934 perfunctorie
3353 2867 3661 2936 acciperetur,

2134 2952 2371 3022 adjecit:
2420 2953 2481 3008 Si
2521 2955 2630 3023 quis
2657 2994 2673 3018 ,
2727 2954 2932 3023 inquit,
2985 2953 3186 3008 videtur
3220 2955 3455 3025 propheta
3476 2970 3575 3008 esse
3593 2964 3664 3007 aut

2130 3043 2392 3110 spiritalis,
2421 3052 2685 3113 cognoscat
2708 3058 2821 3112 qua:
2844 3042 3004 3095 scribo
3029 3042 3172 3097 vobis
3190 3083 3205 3107 ,
3227 3043 3343 3112 quia
3366 3042 3553 3095 Domini
3571 3050 3664 3095 sunt

2132 3129 2390 3182 mamlata.
2442 3130 2572 3196 Qua:
2619 3130 2802 3199 utique
2826 3128 3072 3183 mandata
3099 3171 3116 3196 ,
3174 3131 3279 3185 nisi
3314 3138 3370 3185 ut
3400 3130 3444 3185 si
3473 3130 3576 3198 quis
3598 3138 3664 3183 est

2131 3217 2388 3286 propheta
2411 3226 2501 3272 aut
2524 3218 2804 3287 spiritalis,
2836 3219 2887 3273 id
2914 3226 3014 3283 est,
3043 3220 3356 3288 spiritalium
3388 3235 3548 3275 rerum
3571 3234 3664 3273 ma-

2129 3306 2322 3374 gister,
2376 3321 2585 3362 summo
2626 3307 2802 3362 studio
2839 3308 3156 3378 acqualitatis
3199 3316 3255 3365 et
3293 3310 3496 3370 unitatis
3525 3308 3665 3363 cultor

2130 3395 2357 3461 existat;
2415 3405 2473 3449 ut
2519 3397 2725 3451 scilicet
2774 3412 2947 3465 neque
2989 3397 3271 3466 opiniones
3328 3414 3446 3454 suas
3491 3398 3664 3453 cxcteris

2130 3481 2374 3549 praeferat
2394 3481 2491 3554 (1),
2514 3491 2569 3538 et
2590 3483 2659 3538 ab
2684 3484 3049 3538 universorum
3074 3486 3322 3542 sensibus
3344 3501 3444 3541 non
3463 3484 3662 3540 recedat.

2130 3569 2286 3641 Cujus
2310 3573 2383 3626 rei
2408 3572 2647 3626 mandata
2670 3574 2755 3642 qui
2781 3574 3009 3643 ignorat,
3040 3574 3243 3643 inquit,
3270 3574 3593 3647 ignorabitur:
3624 3572 3664 3624 id

2130 3667 2212 3712 est
2234 3702 2249 3727 ,
2288 3662 2379 3729 qui
2404 3670 2497 3716 aut
2520 3661 2720 3716 nescita
2738 3676 2842 3716 non
2871 3661 3064 3728 discit,
3103 3672 3201 3717 aut
3224 3664 3353 3721 scita
3377 3661 3663 3723 contemnit,

2127 3740 2479 3817 ignorabitur,
2533 3750 2634 3804 hoc
2657 3758 2768 3816 est,
2820 3750 3066 3819 indignus
3113 3750 3395 3806 habebitur
3433 3752 3515 3820 qui
3554 3751 3669 3803 illltl'

2129 3838 2308 3891 unitos
2344 3837 2447 3893 fide
2481 3845 2536 3893 et
2561 3847 2863 3908 exaequatus
2909 3838 3211 3895 humilitate
3253 3841 3494 3895 divinitus
3526 3838 3658 3906 respi-

2129 3928 2298 3982 ciatur
2327 3946 2339 3980 :
2377 3942 2483 3997 quo
2508 3926 2648 3981 malo
2677 3927 2859 3981 nescio
2885 3942 2952 3981 an
2978 3928 3264 3998 quicquam
3298 3929 3527 3983 acerbius
3544 3925 3665 3993 cogi-

2128 4019 2227 4072 tari
2253 4025 2430 4086 queat.
2479 4016 2631 4084 Quod
2657 4025 2833 4071 tamen
2855 4017 3004 4085 juxta
3030 4019 3378 4086 apostolicam
3410 4015 3664 4072 commina-

2128 4111 2326 4165 tionem
2353 4109 2633 4179 Polagiano
2655 4107 2728 4164 illi
2754 4106 3058 4177 provenisse
3077 4108 3347 4162 cernimus
3369 4105 3561 4161 Iuliano
3584 4102 3663 4171 (2),

3306 4197 3314 4220 l

2201 4265 2276 4336 (l)
2314 4265 2568 4356 Apposite
2592 4264 2720 4356 llth
2732 4262 3025 4356 prmsfribit
3049 4263 3345 4356 Lirinensis

2201 4281 2247 4333 (ι
2258 4281 2276 4336 )
2314 4281 2355 4321 Α
2390 4281 2568 4356 posue
2592 4281 2707 4319 nam
2732 4281 3025 4345 praescribit
3049 4281 3345 4319 mrtuensns
3372 4281 3435 4318 ex
3461 4281 3663 4341 apostoli

2128 4348 2308 4388 sensu.
2360 4281 2491 4388 Καὶ-ιι
2535 4333 2640 4388 duo
2680 4331 2966 4413 Corinthus
3011 4349 3065 4386 in
3105 4332 3251 4413 laud.
3280 4333 3396 4388 loco
3419 4335 3663 4413 me“)le

2127 4404 2355 4472 primum
2380 4444 2394 4470 ,
2437 4411 2494 4457 ut
2521 4418 2789 4483 sacrarum
2805 4403 3107 4483 litterarum
3134 4403 3395 4483 interpres
3417 4403 3466 4455 in
3491 4403 3665 4483 priores

2128 4480 2332 4542 spectet
2357 4514 2373 4538 ,
2416 4487 2447 4525 a
2483 4473 2673 4542 quibus
2700 4471 2928 4542 Yerbum
2949 4471 3047 4542 poi
3071 4472 3334 4542 processit
3357 4471 3408 4542 in
3434 4477 3662 4539 posteros.

2175 4559 2225 4604 η,
2258 4542 2442 4611 inquit,
2472 4538 2515 4594 α’
2530 4542 2663 4594 vobis
2700 4539 2912 4594 Verbum
2938 4538 3034 4611 Dei
3059 4538 3590 4611 ῥινοαεςςςξιὶθιιιιβηιιιιζ
3611 4549 3664 4587 ne

2127 4602 2404 4683 quisquam
2431 4602 2645 4683 sensum
2669 4624 2823 4683 suum
2849 4608 3019 4683 tenaci
3043 4602 3382 4664 contentione
3405 4602 3662 4683 defendat,

2129 4676 2222 4756 sed
2253 4676 2398 4756 prius
2423 4680 2653 4756 reliquos
2681 4679 2930 4756 Ecclesia:
2957 4676 3220 4756 Doctores
3234 4677 3507 4756 consulat;
3557 4676 3664 4756 utsi

2126 4746 2318 4804 viderit
2343 4746 2586 4824 omnibus
2601 4747 2822 4824 probari
2841 4746 2893 4801 id
2918 4746 3058 4824 quod
3070 4748 3259 4824 sentit
3275 4787 3290 4812 ,
3344 4754 3454 4800 tuto
3470 4746 3571 4824 jam
3595 4749 3660 4824 te:

2128 4826 2292 4873 neat:
2337 4820 2418 4873 sin
2444 4814 2736 4887 reprobari,
2783 4824 2897 4887 tuto
2919 4814 3026 4884 jam
3052 4814 3306 4887 deserat;
3358 4814 3493 4887 quod
3519 4814 3667 4887 innuit

2164 4903 2288 4941 unm
2314 4889 2387 4943 ait
2434 4904 2447 4941 :
2499 4881 2599 4940 Aut
2630 4886 2685 4938 in
2710 4881 2797 4939 eos
2820 4881 2953 4939 solos
2981 4885 3216 4954 pervenit.
3243 4881 3491 4939 Consulat
3522 4881 3662 4933 lector

2126 4902 2343 5010 ﬂectiss.
2381 4952 2553 5010 virum
2585 4953 2773 5009 Melch.
2800 4953 3000 5010 Canum
3025 4953 3160 5008 liber
3186 4953 3218 5006 7
3248 4952 3318 5007 de
3342 4953 3468 5006 locis
3499 4944 3661 5003 Tlieol.

2163 4958 2343 5012 octiss.
2381 4952 2553 5012 virum
2585 4953 2773 5009 Melch.
2800 4944 3000 5010 Canum
3025 4953 3160 5008 liber
3186 4953 3218 5006 7
3248 4952 3318 5007 de
3342 4953 3468 5006 locis
3499 4944 3661 5003 Tlieol.

2125 5041 2244 5094 cap.
2267 5027 2322 5081 5.
2642 5093 2645 5094 ν
2908 5093 2915 5094 ί
3064 5091 3076 5094 λ
3144 5092 3153 5094 _
3359 5090 3373 5094 _
3632 5082 3658 5094 -.

2156 5041 2454 5166 θῖἐῖἶηιει·
2469 5093 2748 5170 haereticos
2766 5135 2786 5161 ,
2831 5093 2922 5163 qui
2957 5091 3246 5170 Ecclesiam
3274 5090 3480 5170 turbare
3511 5082 3659 5170 conati

2128 5163 2268 5240 sunt,
2298 5165 2521 5240 acston
2545 5164 2666 5219 fidei
2691 5178 2883 5240 vexare
2902 5163 3189 5217 sententias
3213 5203 3248 5240 ,_
3275 5163 3658 5240 pgecipuuscs-

2128 5229 2264 5288 stitit
2297 5229 2534 5290 Julianus
2578 5233 2871 5303 prmsenim
2914 5248 2978 5287 ex
3021 5246 3127 5301 quo
3167 5229 3512 5303 suh:Zosimo
3549 5233 3656 5303 ana.

2126 5303 2252 5382 Ch_r.
2281 5306 2404 5371 418,
2423 5300 2810 5382 abnE'clanensi
2832 5300 3069 5382 deiectus
3093 5308 3174 5382 pst
3196 5300 3540 5382 Episcopatu:
3559 5300 3656 5382 39:0

2128 5373 2308 5448 pulsus
2329 5364 2402 5448 ex
2423 5372 2590 5448 Italia,
2620 5386 2781 5448 vagus
2797 5412 2812 5439 ,
2840 5364 2914 5448 εί
2913 5372 3139 5448 extorris
3161 5364 3341 5448 mlan
3554 5373 3655 5448 of}:

2128 5423 2239 5496 inii;
2251 5423 2640 5496 iniiinii—Nini
2659 5423 3374 5510 primo—Constantinopolim
3399 5433 3522 5510 fugit
3532 5472 3548 5495 ,

2126 5528 2247 5565 ann.
2302 5512 2429 5565 Chr.
2458 5512 2588 5577 451,
2639 5497 2864 5577 vittae,
2900 5518 3018 5577 post
3053 5497 3366 5579 Ephesinam
3411 5497 3653 5573 synodum
