3916 6178
375 209 477 265 G79

361 335 426 385 ut
460 327 660 384 scilicet
683 326 780 381 rite
816 333 972 394 atque
996 321 1301 378 solemniter
1341 335 1403 373 ex
1438 332 1624 372 eorum
1664 330 1925 370 consensu

368 428 524 489 atque
550 418 762 472 decreto
786 415 1009 485 antiquL
1023 413 1282 482 dogmatis
1309 409 1490 478 religio
1528 409 1949 461 conﬁrmaretur.

368 521 421 562 et
465 507 745 576 prophana:
785 503 1030 558 novitatis
1087 500 1410 569 blasphemia
1465 497 1922 551 condemnaretur.

368 599 513 665 Quod
538 612 656 651 cum
682 597 753 648 ita
779 595 969 648 factum
997 592 1150 654 foret,
1168 591 1287 659 jure
1313 589 1605 658 meritoque
1629 587 1818 656 impius
1843 586 1929 639 ille

367 689 637 743 Nestorius
679 686 949 741 catholica:
990 683 1237 738 vetustati
1276 681 1569 735 contrarius
1608 680 1704 748 (l),
1744 677 1929 732 beatus

433 837 508 908 (1)
549 838 658 891 lloc
696 838 819 891 licet
855 852 1059 908 verum,
1101 851 1207 908 non
1258 844 1430 908 tamen
1468 834 1757 908 desperatae
1803 846 1930 885 con-

364 903 596 961 scientia:
632 908 871 960 homines
893 906 1165 967 deterruit,
1190 905 1313 974 quin
1337 904 1631 974 Nestorium
1661 903 1928 974 impurum

364 978 629 1029 hominem
650 976 977 1044 susceperim
998 970 1400 1044 defendendum,
1414 987 1486 1044 ac
1507 973 1635 1026 diris
1656 970 1930 1025 calumniis

364 1042 815 1113 proseindendum
836 1053 1073 1097 sanctum
1105 1042 1375 1113 Cyrillum.
1413 1043 1477 1094 Et
1509 1057 1575 1094 ne
1606 1054 1930 1094 commemo-

365 1111 474 1167 rem
498 1116 835 1182 impostorem
872 1114 1036 1172 illum,
1059 1112 1147 1181 qui
1168 1111 1463 1182 Nestorium
1486 1118 1795 1182 prosancto
1814 1122 1933 1160 ven-

366 1183 513 1243 didit,
539 1177 598 1235 ac
618 1181 868 1251 Cyrillum
904 1183 1051 1250 quasi
1073 1177 1559 1251 Apoilinaristarum
1593 1177 1809 1251 hmresis
1828 1192 1932 1251 res-

364 1246 705 1312 tauratoreni,
768 1246 954 1318 magna
1013 1246 1375 1318 probationum
1436 1248 1600 1318 mole
1627 1263 1657 1300 a
1695 1246 1926 1318 Adoctiss.

368 1320 582 1373 l’etavio
619 1315 916 1373 convictum
957 1315 1083 1373 toin.
1124 1335 1175 1370 v.
1217 1318 1284 1372 de
1321 1317 1526 1371 Incarn.
1551 1316 1640 1369 lib.
1683 1315 1745 1380 6;
1784 1325 1929 1369 certe

368 1389 558 1441 mirum
590 1398 671 1441 est
689 1388 948 1443 Clericum
985 1389 1079 1457 Ep.
1105 1388 1155 1441 6.
1180 1386 1310 1441 Crit.
1348 1386 1621 1457 etEccles.
1647 1386 1761 1457 hmo
1794 1384 1934 1457 inde-

369 1473 491 1510 cora
513 1458 708 1527 Cyrillo
744 1454 1057 1526 protulisse}
1082 1457 1330 1527 hominem
1360 1457 1413 1508 in
1435 1455 1689 1527 Ephesum
1715 1454 1931 1527 ξυνιοάο

370 1527 499 1606 atqui
531 1523 675 1606 tuque
707 1523 863 1595 iniqui
897 1527 1134 1606 exiguam
1159 1526 1387 1606 [rubuisse
1417 1523 1678 1606 rationem.
1713 1523 1781 1606 Et
1807 1536 1935 1604 quo-

370 1592 509 1648 niam
544 1592 639 1650 SS.
675 1592 866 1652 asccta:
901 1592 1081 1649 lsidori
1117 1595 1393 1650 Pelusiotae
1414 1594 1647 1663 epistolis
1679 1592 1931 1658 abutitur,

370 1674 426 1717 ut
464 1664 642 1718 offusa:
678 1665 884 1719 veritati
930 1664 1271 1733 dispellantur
1308 1662 1565 1727 tenebrae,
1607 1662 1721 1716 haec
1770 1676 1933 1733 pauat

370 1734 650 1787 observare
671 1735 893 1802 placuit:
917 1730 1137 1800 Quatuor
1170 1733 1351 1787 lsidori
1373 1742 1577 1787 exstant
1600 1730 1840 1802 cpistohe
1867 1730 1933 1783 ad

370 1803 649 1872 Cyrillum,
672 1800 882 1882 Cnempc
919 1804 1055 1882 5IO,_
1082 1804 1204 1882 δὶς),
1226 1805 1379 1882 .321,
1420 1800 1645 1882 (ξι-1⁷170.
1672 1800 1727 1882 In
1760 1801 1933 1882 prima

370 1871 512 1926 certe
550 1871 994 1940 comparationem
1044 1872 1265 1925 instituit
1303 1871 1648 1940 The0philum
1699 1871 1836 1940 inter
1855 1876 1936 1940 _ct

339 1938 832 2011 'Chrysostomum;
870 1952 926 1995 ut
959 1941 1095 1995 sicut
1128 1942 1214 1995 ille
1247 1942 1385 1995 hunc
1417 1938 1697 2010 oppressit,
1740 1938 1809 1991 ita
1841 1938 1937 2007 Cy-

373 2010 517 2062 l‘lilllS
551 2010 863 2064 Nestorium.
892 2011 1081 2065 Verum
1119 2011 1216 2065 hoc
1250 2025 1353 2063 non
1389 2020 1495 2063 tam
1528 2024 1593 2063 ex
1626 2024 1741 2071 suo,
1777 2023 1933 2076 quam

372 2081 589 2132 aliorum
613 2096 769 2134 sensu
802 2080 964 2133 dicit:
995 2099 1012 2131 ι
1042 2080 1205 2142 Multi,
1229 2094 1295 2133 ex
1328 2081 1389 2133 iis
1409 2079 1497 2148 qui
1530 2087 1651 2133 sunt
1671 2077 1933 2148 Ephesum

378 2171 395 2198 ι
426 2150 613 2211 coacti,
638 2158 688 2202 te
722 2148 1017 2215 traducunt,
1044 2159 1099 2202 ut
1133 2151 1385 2217 privatam
1408 2145 1808 2217 persequentem
1846 2145 1938 2197 ini-

378 2238 396 2266 ‹
426 2218 695 2278 micitiam,
720 2234 823 2271 nou
844 2234 961 2287 quas,
993 2218 1325 2271 suntChristi
1348 2226 1490 2271 recta
1525 2216 1783 2287 sententia
1803 2229 1939 2287 quas

380 2307 396 2334 ι
428 2297 649 2340 rentcm.
675 2285 882 2341 Sororis
918 2288 1211 2355 Theophili,
1251 2288 1507 2355 inquiunt,
1545 2286 1679 2338 lilius
1712 2294 1813 2347 est,
1848 2285 1937 2405 qui

380 2375 396 2404 ι
427 2355 539 2405 eius
571 2356 803 2405 animum
839 2355 1097 2405 imitatur:
1135 2366 1190 2405 ut
1208 2356 1346 2405 enim
1386 2356 1468 2405 ilie
1502 2353 1836 2405 manifestum
1890 2370 1937 2405 il-

380 2375 396 2404 ε
427 2355 539 2421 ejus
571 2356 803 2407 animum
839 2353 1097 2409 imitatur“.
1135 2353 1346 2409 utenim
1386 2356 1468 2408 ilie
1502 2353 1836 2409 manifestum
1868 2353 1940 2406 fu-

381 2443 399 2473 α
428 2439 601 2477 rorem
634 2424 815 2477 ell‘udit
848 2425 897 2477 in
933 2425 1250 2493 religiosum,
1282 2439 1342 2477 ac
1379 2425 1486 2493 Deo
1518 2439 1743 2477 autcum
1775 2422 1936 2477 Joan-

381 2513 399 2543 ι
430 2509 580 2556 nent;
604 2493 679 2546 sic
711 2502 764 2547 et
798 2494 880 2546 hic
901 2491 1170 2562 superbire.
1202 2494 1374 2561 gestit.
1408 2512 1425 2541 ι
1451 2491 1593 2560 Opus
1622 2502 1794 2562 autem
1828 2500 1941 2562 erat

379 2563 430 2614 in
466 2562 545 2615 his
582 2563 808 2630 querelis
841 2560 1079 2616 criticum
1114 2560 1362 2615 adhibere
1397 2563 1592 2615 lumen.
1634 2561 1764 2623 Nam
1796 2560 1840 2613 si
1874 2560 1940 2612 ab

380 2631 552 2699 impiis
592 2629 888 2683 hominibus
934 2634 1171 2685 conﬁcta:
1211 2631 1310 2684 illze
1362 2631 1587 2695 fuerunt,
1630 2640 1687 2683 ut
1734 2629 1938 2695 revera,

382 2711 501 2753 testi
541 2700 774 2754 Concilio
809 2701 920 2769 ipso
956 2701 1005 2753 in
1042 2701 1136 2770 Ep.
1172 2700 1237 2753 ad
1273 2701 1479 2755 Clernm
1511 2700 1943 2770 Constantinopo-

381 2770 615 2829 ht.‘unnr.,
653 2770 809 2823 multa
845 2770 1037 2823 nedum
1058 2769 1269 2838 Cyrillo,
1294 2770 1384 2823 sed
1418 2770 1577 2823 etiam
1597 2769 1856 2823 Memnoni
1876 2770 1942 2822 ab

381 2840 639 2892 haereticis
680 2839 920 2907 imposita
956 2840 1097 2893 fuere
1135 2841 1352 2891 crimina
1379 2840 1518 2905 :jam
1558 2840 1775 2892 rationis
1812 2838 1942 2891 ordo

382 2909 626 2975 poscebat
666 2924 759 2977 pro
798 2908 952 2962 nullis
991 2909 1256 2962 habendas
1294 2924 1409 2962 esse
1449 2908 1776 2962 inimicorum
1823 2908 1942 2960 ﬁdei

378 2978 789 3038 criminationes;
811 2979 896 3045 qui
914 2980 1062 3041 enim,
1086 2989 1143 3031 ut
1163 2978 1331 3046 lepide
1350 2978 1423 3030 ait
1442 2978 1759 3046 Augustinus
1780 2978 1867 3030 lib.
1890 2977 1938 3028 1.

378 3046 502 3100 adv.
533 3047 936 3100 Parmenianunt
968 3062 1083 3115 cap.
1122 3048 1174 3111 6,
1212 3063 1353 3100 Inun.
1374 3048 1457 3111 ll,
1482 3048 1761 3115 justissime
1791 3049 1944 3100 rictus

381 3125 472 3174 est,
496 3132 554 3166 ea
573 3117 792 3168 ueritate
811 3116 869 3167 de
891 3118 1329 3184 innocente-iudice
1362 3126 1657 3179 murmurat,
1681 3134 1777 3184 qua
1808 3117 1945 3169 σατί-

384 3194 481 3265 tute
517 3184 578 3262 (te
609 3184 864 3265 ipttpcenle
900 3185 1182 3265 atlt’crsaric
1218 3185 1460 3265 litigabat.
1503 3185 1568 3237 Et
1599 3185 1943 3265 sanende‘in-

380 3251 579 3303 dustria
618 3252 879 3322 Pelusiota
928 3252 1008 3306 his
1045 3268 1162 3322 qua:
1209 3251 1424 3307 recitata
1462 3262 1585 3306 sunt
1633 3254 1946 3307 addit:licet

382 3336 615 3390 magnum
636 3320 887 3388 latumque
904 3322 966 3373 sit
988 3320 1249 3374 discrimen
1277 3325 1405 3374 inter
1424 3338 1505 3373 eos
1524 3323 1608 3388 qui
1625 3322 1912 3390 judicantut
1929 3364 1941 3375 .

384 3389 551 3460 l‘robe
584 3398 1058 3460 namquenoverat
1076 3391 1304 3458 Optimus
1330 3392 1417 3460 \jir
1448 3389 1719 3460 Cyrillum,
1744 3401 1801 3445 ut
1836 3392 1944 3460 Ipse

384 3457 614 3529 loquitur
643 3458 693 3512 in
718 3458 1052 3529 iEpist.7570,
1100 3457 1302 3529 nonnisi
1334 3458 1394 3513 S.
1428 3459 1687 3529 Athanasii
1725 3457 1869 3529 sequi
1889 3478 1947 3513 ac

384 3539 547 3599 tenere
569 3528 864 3591 doctrinam,
888 3528 1129 3581 Nestor-io
1155 3528 1406 3599 adversus
1434 3527 1567 3599 hanc
1596 3527 1806 3599 impiam
1837 3545 1948 3599 pro-

383 3598 560 3650 ﬁtente
597 3606 650 3651 et
688 3606 947 3665 sectante;
976 3613 1131 3665 quam
1172 3598 1240 3650 ob
1265 3613 1475 3651 causam
1504 3598 1553 3649 in
1581 3598 1764 3651 eadem
1806 3598 1941 3653 laud.

384 3666 546 3732 Epist.
580 3666 635 3719 S.
677 3667 848 3721 virum
876 3666 1093 3720 miriﬁce
1120 3668 1339 3730 extollit,
1370 3676 1426 3720 ut
1451 3668 1621 3735 magni
1651 3668 1785 3722 illius
1815 3668 1947 3721 Illar-

379 3735 426 3798 qi
452 3736 661 3806 speciem
699 3748 846 3805 atque
874 3736 1092 3789 habitum
1135 3738 1493 3806 prwferentem,
1524 3746 1577 3790 et
1618 3737 1666 3789 in
1703 3753 1787 3806 ep.
1820 3739 1941 3804 521,

380 3804 621 3877 appellat
635 3804 804 3877 pirum
842 3804 1212 3877 admirandum,
1243 3804 1414 3877 quum
1457 3806 1508 3859 in
1545 3808 1698 3875 epist.
1736 3804 1943 3877 pnece-

380 3875 535 3945 dente
563 3874 685 3939 525,
728 3875 1062 3944 suntmoperé
1103 3874 1453 3930 commendet.
1485 3874 1604 3945 quia
1646 3874 1947 3931 Sanctorum

382 3942 593 3994 Patrum
619 3960 833 4006 sensum,
863 3960 920 3995 ac
937 3942 1205 3998 Athanasii
1233 3942 1523 4007 ptwst'rlint,
1552 3947 1683 3998 circa
1710 3945 1948 3999 Incurua-

381 4012 528 4064 tionis
558 4014 841 4079 mysterimn
869 4024 1064 4066 strenue.
1088 4012 1384 4077 sectabatur,
1416 4023 1469 4067 et
1506 4015 1835 4069 defendebat.
1866 4017 1945 4069 Nil

380 4096 504 4150 ergo
536 4082 724 4133 mirum
754 4091 807 4133 et
843 4097 1033 4134 novum
1056 4123 1068 4145 ,
1099 4083 1142 4135 si
1170 4083 1238 4135 ob
1266 4084 1662 4150 perversitatem
1691 4084 1949 4140 doctrina:

380 4149 620 4202 Nestorio
660 4151 878 4211 restitit,
909 4159 1183 4219 postquam
1220 4149 1348 4205 nihil
1374 4152 1665 4205 ofﬁciorum
1695 4169 1757 4206 ac
1782 4153 1944 4209 benc-

382 4218 621 4271 wlentia:
650 4219 917 4282 omiserat,
967 4235 1021 4272 ut
1048 4218 1324 4287 perditum
1368 4221 1631 4274 hominem
1659 4222 1724 4275 ab
1764 4238 1946 4277 errore

290 4328 299 4333 .
380 4295 669 4357 revocaret,
693 4288 830 4357 quod
858 4288 1019 4357 liquet
1044 4304 1107 4343 ex
1134 4290 1367 4357 epistolis
1392 4290 1458 4342 ad
1483 4306 1601 4343 eum
1629 4290 1861 4351 directis,
1884 4308 1946 4345 ac

380 4372 444 4426 ex
475 4356 559 4409 illa
587 4356 651 4409 ad
678 4356 949 4426 Aﬁgyptios
994 4356 1280 4412 tuonachos
1317 4359 1457 4412 data.
1487 4360 1656 4423 Quum
1697 4360 1837 4412 enim
1879 4361 1943 4413 ad

354 4424 477 4497 -hos
516 4424 1003 4497 Nestorii‘homiliis
1042 4443 1299 4482 venenum
1331 4429 1671 4497 pervenisset,
1704 4444 1769 4480 ne
1797 4439 1945 4497 peste

377 4496 642 4567 simplices
683 4497 1075 4565 corriperentur
1114 4496 1372 4561 homines,
1410 4498 1552 4567 gravi
1589 4496 1943 4566 nionuit’epi-

378 4565 530 4626 stola,
564 4566 649 4618 ubi
677 4582 855 4619 veram
886 4582 976 4619 eos
1002 4567 1219 4621 docebat
1248 4565 1432 4625 ﬁdem;
1451 4567 1599 4633 cujus
1627 4565 1943 4635 exemplari—

379 4635 474 4690 bus
500 4636 1003 4703 Constantinopolim
1042 4636 1299 4706 adductis,
1329 4636 1624 4703 complures
1651 4637 1702 4688 in
1731 4637 1942 4706 antiqua

379 4706 481 4759 ﬁde
509 4706 696 4758 ﬁrmati
726 4714 873 4767 sunt;
906 4706 1025 4757 hine
1051 4705 1312 4772 principes
1337 4713 1390 4758 et
1428 4706 1781 4773 magistratus,
1813 4705 1944 4759 scri-

380 4775 483 4843 ptis
511 4775 577 4827 ad
603 4774 853 4844 Cyrillum
883 4774 1088 4844 litteris,
1119 4775 1311 4844 gratias
1336 4774 1383 4826 ei
1410 4783 1648 4844 egerunt.
1681 4774 1753 4827 Ita
1792 4776 1942 4828 exul-

377 4853 587 4899 eeratus
614 4843 711 4897 fuit
734 4843 915 4897 contra
951 4843 1362 4896 Alexandrinum
1393 4843 1691 4897 Antistitem
1718 4844 1941 4899 Nestorii

378 4915 603 4980 animus,
633 4914 910 4982 omniaque
947 4913 1159 4967 molitus
1184 4921 1282 4975 est,
1325 4921 1383 4967 ut
1414 4927 1534 4966 eum
1574 4914 1939 4978 ulcisceretur;

377 4985 465 5055 qui
493 4983 1167 5055 Imperatorishumanitate
1192 4983 1404 5047 abusus,
1426 4983 1699 5055 calumniis
1726 4984 1776 5036 in
1795 4984 1942 5055 illum

378 5052 680 5119 commovit,
708 5053 846 5123 quod
872 5068 1020 5107 acres
1049 5054 1381 5123 minacesque
1405 5052 1470 5105 ad
1503 5052 1750 5123 Cyrillum
1777 5053 1939 5105 desti-

380 5134 514 5178 nata!
562 5122 797 5194 epistola:
835 5124 1088 5192 probant,
1126 5122 1314 5191 quibus
1353 5122 1669 5194 impudentis
1707 5138 1768 5175 ac
1806 5123 1938 5194 irre-

380 5194 537 5260 quieti
591 5192 748 5247 animi
808 5194 1179 5261 turbarumque
1219 5192 1513 5261 appetentis
1570 5193 1825 5261 culpatur.
1874 5193 1941 5244 At

294 5306 297 5310 .
383 5262 534 5329 paulo
564 5272 677 5331 post
705 5262 952 5317 discussis
979 5260 1180 5323 nebulis
1205 5260 1389 5315 serena
1418 5261 1649 5315 veritatis
1676 5260 1940 5331 faciesap-

383 5329 579 5410 paruit,
609 5333 849 5410 hiostorio
875 5348 970 5410 pro
1008 5332 1259 5410 lueretico
1283 5339 1337 5384 et
1374 5331 1536 5399 impio
1562 5330 1771 5398 agnito,
1814 5329 1936 5410 dum

383 5398 590 5479 interitu
617 5401 842 5471 Cyrillus
869 5398 1026 5455 totius
1051 5400 1203 5479 Orbis
1228 5398 1490 5479 consensu
1516 5398 1939 5479 sumuneprobi-

385 5468 505 5519 tatis
525 5470 618 5529 vir,
644 5468 700 5522 ac
724 5482 1050 5525 sacrosanctw
1073 5471 1371 5537 antiquitati,
1397 5478 1454 5521 ut
1477 5469 1705 5536 loquitur
1725 5468 1940 5521 Vincen-

385 5536 488 5590 tius
527 5547 720 5603 uoster,
762 5552 1112 5593 consentaneus
1152 5536 1221 5592 est
1248 5539 1524 5605 judicatus.
1567 5538 1787 5605 Propter
1823 5556 1938 5608 qua:

1595 198 1924 258 VINCENTII
1960 201 2331 264 LlRINENSIS

1986 2087 1993 2094 '
2039 2079 2139 2129 ret,
2184 2070 2403 2139 phrygio
2443 2085 2471 2122 a
2496 2058 2796 2139 uCo-leslirio
2822 2071 2889 2123 Pa

3480 217 3578 275 680

2029 330 2153 368 vero
2177 313 2401 384 Cyrillus
2426 321 2769 367 sacrosanctae
2794 313 3085 381 antiquitati
3110 320 3489 368 consentaneus
3506 312 3575 380 ju-

2030 406 2231 458 dicatus
2259 414 2357 458 est.
2388 405 2453 457 Et
2481 413 2535 458 ut
2560 404 2625 457 ad
2656 404 2812 459 ﬁdem
2838 419 3016 460 rerum
3056 404 3182 457 nihil
3208 403 3437 471 deesset,
3474 414 3574 459 tam

2030 497 2240 549 nomina
2267 506 2321 549 et
2358 510 2632 549 numerum
2661 494 2802 563 (licet
2827 495 3069 549 ordinem
3107 494 3384 551 fuissemus
3417 496 3579 567 obliti)

2031 588 2290 640 edidimus
2314 602 2497 641 eorum
2526 597 2729 655 patrum
2752 586 2900 655 juxta
2933 603 3156 655 quorum
3184 588 3374 643 ibidem
3408 590 3581 643 conci-

2031 683 2245 729 nentem
2269 676 2367 729 sibi
2393 676 2813 745 concordemque
2839 677 3151 730 sententiam
3187 685 3242 731 et
3266 678 3392 746 legis
3428 693 3585 732 saeue

2032 767 2301 835 proloquia
2344 767 2582 834 exposita
2627 776 2767 834 sunt,
2815 776 2870 822 et
2911 767 3073 821 divini
3114 768 3372 839 dogmatis
3414 770 3585 840 regula

2031 858 2359 912 constabilita
2393 867 2473 913 est
2497 876 2508 911 :
2531 874 2685 928 quos,
2724 858 2789 913 ad
2815 857 3227 913 conﬁrmandam
3266 861 3585 924 memoriam,

2032 948 2118 1002 hic
2142 965 2350 1018 quoque
2376 965 2654 1005 recensere
2676 964 3006 1020 nequaquam
3030 952 3351 1021 superﬂuum
3376 961 3476 1007 est.

2103 1040 2270 1094 XXX.
2312 1040 2444 1095 Sunt
2469 1056 2594 1111 ergo
2620 1041 2675 1095 hi
2699 1042 2798 1096 viri
2818 1058 3042 1113 quorum
3068 1044 3121 1098 in
3151 1044 3240 1099 illo
3262 1043 3496 1099 Concilio
3515 1045 3588 1097 vel
3638 1107 3648 1117 _

2033 1140 2280 1201 tanquam
2300 1132 2538 1201 judicum
2558 1133 2638 1187 vel
2664 1141 2911 1202 tanquam
2934 1136 3145 1189 testium
3172 1137 3363 1205 scripta
3384 1136 3591 1190 recitata

2036 1231 2175 1277 sunt.
2206 1223 2429 1278 Sanctus
2451 1220 2638 1279 Petrus
2666 1222 2740 1293 (l)
2781 1225 3169 1280 Alexandrinus
3203 1226 3494 1295 Episcopus
3520 1227 3591 1293 (Ξ)

2034 1314 2219 1369 doctor
2239 1316 2695 1384 praestantissimus
2715 1324 2768 1370 et
2783 1324 2980 1387 martyr
2998 1316 3353 1371 beatissimus.
3377 1317 3593 1372 Sanctus

2034 1406 2373 1473 Athanasius,
2402 1407 2639 1476 ejusdem
2665 1408 2893 1462 civitatis
2916 1409 3157 1475 antistes,
3185 1410 3435 1478 magister
3469 1409 3592 1463 ﬁde-

2035 1497 2267 1552 lissimus
2294 1507 2346 1552 et
2370 1499 2640 1552 confessor
2663 1499 3128 1554 eminentissimus.
3156 1499 3382 1554 Sanctus
3424 1500 3590 1554 Thoo-

2036 1586 2213 1655 philus
2240 1587 2336 1658 (5),
2379 1586 2619 1656 ejusdem
2658 1588 2783 1643 item
2823 1588 2969 1642 urbis
3006 1588 3315 1657 Episcopus,
3356 1591 3442 1643 vir
3479 1590 3595 1657 ﬁde,

2036 1678 2161 1743 vita,
2202 1679 2418 1732 scientia
2458 1680 2585 1734 satis
2622 1679 2826 1747 clarus,
2864 1681 2950 1735 cui
2985 1681 3238 1736 successit
3273 1684 3599 1737 venerandus

2036 1768 2283 1839 Cyrillus,
2311 1770 2399 1839 qui
2426 1785 2564 1824 nunc
2588 1770 2996 1825 Alexandrinam
3028 1773 3255 1827 illustrat
3289 1773 3596 1829 Ecclesiam.

2039 1932 2264 2000 iugentia
2293 1932 2343 1984 in
2363 1930 2683 2002 Catholicam
2711 1931 2865 2002 ﬁdem
2886 1932 3090 1998 merita,
3113 1943 3165 1987 et
3184 1944 3240 1987 ut
3266 1934 3471 2002 majore
3488 1949 3602 1990 cum

2037 2000 2428 2073 auctoritatem
2454 2000 2667 2073 Synodo
2693 2000 3027 2073 Apostolicaz‘
3046 2002 3185 2057 sedis
3213 2000 3443 2068 legatum
3482 2020 3601 2073 age-

2999 2070 3219 2142 donatus
3260 2073 3371 2137 fuit,
3420 2070 3604 2142 nenipe

2039 2140 2193 2211 mitra
2216 2157 2226 2191 :
2247 2154 2401 2211 quam
2424 2139 2577 2211 card.
2597 2138 2662 2211 de
2690 2140 2842 2193 Noris
2863 2138 2954 2194 lib.
2971 2141 3007 2211 2
3037 2141 3158 2194 hist.
3178 2141 3351 2211 Pelag.
3370 2157 3493 2211 cap.
3513 2138 3602 2202 xit.

2039 2209 2266 2262 :cstiinat
2293 2208 2569 2279 phrygium
2599 2208 2810 2269 dictam,
2833 2210 3078 2278 quoniam
3107 2220 3220 2263 erat
3239 2208 3506 2279 peculiare
3534 2222 3600 2265 te-

2039 2286 2354 2347 gumentum
2380 2277 2583 2345 capitis,
2613 2293 2716 2347 quo
2751 2278 2983 2347 Phryges
3016 2277 3321 2344 utebantur;
3350 2280 3479 2335 hinc
3510 2282 3608 2334 Lac

2043 2345 2181 2418 tinus
2221 2345 2548 2418 apuduVirg.
2608 2346 2813 2418 Aineid.
2853 2345 2915 2418 9,
2960 2362 3099 2401 vers.
3155 2349 3276 2406 616.
3326 2351 3606 2418 exprobrat

2041 2415 2336 2485 Phrygibus
2360 2414 2542 2470 Iliaeae
2568 2416 2744 2481 sociis,
2773 2416 2912 2485 quod
2937 2419 3119 2472 mitras
3144 2418 3196 2471 in
3222 2414 3414 2488 capite'
3436 2428 3605 2489 gesta-

2042 2493 2179 2538 rent.
3004 2512 3011 2519 ι

2184 2594 2250 2664 Et
2278 2596 2458 2664 tunica:
2483 2596 2721 2655 manicas,
2751 2608 2795 2648 et
2822 2596 3002 2649 habent
3026 2598 3316 2651 redimicula
3340 2603 3528 2664 mum,

2188 2663 2230 2716 0
2258 2679 2367 2716 vere
2392 2662 2648 2734 Phrygia},
2678 2681 2833 2734 neque
2855 2666 2985 2718 enim
3014 2666 3262 2737 Phryges!

2043 2766 2295 2821 Consulat
2319 2767 2463 2821 Lect.
2492 2766 2631 2820 laud.
2660 2766 2815 2822 Card.
2844 2777 2897 2822 et
2921 2769 3081 2822 multa
3106 2779 3340 2824 veterum
3369 2771 3611 2826 testimo-

2044 2838 2129 2889 nia
2154 2836 2292 2907 apud
2318 2851 2437 2890 eum
2465 2851 2579 2907 rem
2603 2836 2909 2890 illustrantia
2936 2839 3240 2907 comperiet.

2116 2906 2191 2975 (l)
2229 2906 2300 2960 At
2323 2920 2426 2959 non
2454 2906 2628 2958 minus
2653 2907 2868 2970 ordinis,
2896 2906 3280 2975 quam’numeri
3314 2908 3514 2963 oblitus
3533 2921 3611 2965 est

2046 2975 2103 3029 S.
2148 2975 2257 3028 Vir.
2303 2975 2531 3038 Ordinis,
2577 2975 2696 3044 quia
2742 2984 2859 3044 post
2900 2976 3131 3044 Petrum,
3172 2987 3226 3031 et
3269 2978 3609 3033 Athanasium

2048 3045 2372 3115 memorandi
2406 3054 2563 3115 erant
2601 3043 2785 3115 Julius,
2814 3054 2867 3115 et
2906 3043 3071 3107 Felix,
3115 3056 3234 3115 post
3262 3046 3610 3113 The0phihnu

2046 3113 2359 3183 Cyprianus,
2388 3112 2575 3183 deinde
2600 3113 2929 3183 Ambrosius,
2958 3112 3146 3183 quibus
3181 3112 3442 3169 subdendi
3469 3127 3610 3171 erant

2046 3182 2423 3253 Nazianzenus,
2453 3182 2693 3253 Basilius,
2722 3198 2783 3236 ac
2809 3182 3093 3253 Nyssenus,
3123 3199 3226 3237 non
3257 3187 3611 3253 prmtennisse

2049 3252 2222 3322 Attico
2249 3252 2507 3322 Episcopo
2531 3250 3124 3320 Constantinopolitano,
3154 3263 3206 3307 et
3245 3250 3612 3322 Amphilochia

2049 3320 2475 3391 leoniiprtesule,
2503 3336 2725 3391 quorum
2752 3322 3046 3391 testimonia
3084 3320 3361 3391 postremo
3377 3323 3528 3378 fuere
3567 3325 3613 3377 in

2049 3388 2262 3459 Synodo
2300 3389 2525 3443 laudata.
2556 3388 2705 3459 Unde
2743 3390 2979 3453 infertur,
3017 3388 3219 3445 numeri
3258 3393 3418 3445 etiam
3464 3393 3615 3446 fuisse

2049 3459 2285 3529 oblitum,
2313 3459 2432 3527 quia
2461 3473 2563 3511 non
2592 3458 2794 3524 decem,
2824 3468 2879 3512 ut
2909 3460 3067 3529 paulo
3088 3470 3204 3529 post
3229 3461 3321 3521 ait,
3350 3461 3446 3514 sed
3488 3461 3615 3515 duo-

2048 3527 2218 3583 decim
2245 3528 2453 3581 fuerunt
2490 3535 2736 3596 tanquam
2776 3537 2955 3591 testes,
2980 3527 3203 3594 judices,
3231 3543 3294 3582 ac
3330 3531 3615 3585 consiliarii

2050 3598 2103 3651 in
2128 3597 2341 3666 Synodo
2367 3596 2665 3653 introducti.
2698 3598 2762 3649 Et
2797 3613 2923 3650 sane
2963 3598 3313 3666 Amphilochii
3364 3607 3421 3651 et
3462 3600 3614 3653 Attici

2050 3665 2319 3722 retinenda
2359 3682 2477 3721 esse
2504 3667 2798 3719 testimonia
2837 3683 2897 3719 ex
2928 3667 3027 3719 ﬁde
3065 3665 3212 3722 MSS.
3251 3665 3532 3729 Codicum,
3559 3683 3616 3723 ac

2049 3752 2112 3789 ex
2141 3736 2301 3789 Mario
2319 3736 2607 3789 Mercatore
2628 3736 2851 3789 ostendit
2879 3736 2938 3789 Ρ.
2960 3735 3253 3790 llardninus
3272 3745 3397 3790 tom.
3423 3737 3615 3792 LCon-

2049 3806 2134 3859 cil.
2183 3806 2468 3875 pagtln;
2508 3805 2702 3875 quibus
2755 3805 2947 3858 addere
2991 3805 3143 3859 liceat
3198 3807 3614 3860 vetustissimum

2048 3873 2282 3929 codicem
2312 3874 2443 3927 Bibl.
2478 3873 2738 3927 Vaticana:
2767 3890 2910 3927 num.
2942 3875 3096 3939 1542,
3127 3876 3283 3928 etiam
3316 3876 3615 3929 testimonia

2050 3945 2133 3998 illa
2160 3944 2521 4015 exhibentem,
2540 3943 2639 4015 qui
2664 3958 2697 4015 ει
2724 3944 2947 4015 ἰξατοιιὶυ
2972 3944 3031 4015 in
3056 3944 3329 3998 annalibus
3370 3945 3616 4015 frequen-

2049 4024 2129 4068 ter
2154 4014 2441 4083 appellatur
2465 4012 2712 4083 collectio
2736 4012 3104 4083 Cresconiana.

2120 4081 2201 4153 (εἴ)
2231 4081 2491 4136 Eusebius
2515 4081 2639 4135 hist.
2669 4082 2847 4153 Eeele.
2872 4082 2960 4153 lib.
2991 4084 3049 4153 8.
3073 4097 3187 4151 cap.
3220 4083 3305 4136 15.
3336 4082 3477 4137 Edit.
3510 4083 3616 4138 Va-

2048 4153 2143 4206 les.
2186 4166 2500 4206 enumerans
2541 4166 2652 4214 eos,
2693 4152 2781 4221 qui
2822 4152 3172 4215 Alexandriae,
3216 4160 3270 4205 et
3312 4167 3407 4221 per
3454 4162 3615 4207 totam

2048 4221 2328 4290 A‘Igyptum
2387 4236 2448 4275 ac
2488 4220 2805 4274 Thebaidem
2830 4289 2833 4290 ν
2858 4221 3017 4273 nobili
3056 4220 3325 4290 martyrio
3353 4222 3615 4290 perfuncti

2048 4289 2197 4344 erant
2222 4309 2233 4342 :
2265 4310 2281 4339 ι
2312 4290 2517 4342 Primus
2542 4290 2793 4353 onmium,
2820 4289 3007 4359 inquit,
3039 4289 3388 4343 nominandus
3417 4301 3502 4345 est
3528 4292 3616 4346 Pe-

2055 4378 2070 4408 l
2104 4368 2213 4411 tros
2253 4359 2616 4429 Alexandrina:
2656 4359 2905 4429 Ecclesia!
2949 4360 3257 4429 Episcopus,
3300 4359 3617 4414 Christiana:

2054 4449 2069 4477 ο
2102 4428 2368 4497 religionis
2396 4428 2579 4481 doctor
2604 4428 2849 4481 eximius.
2878 4448 2895 4478 ι
2923 4428 3047 4495 Ejus
3081 4428 3213 4483 liber
3236 4429 3303 4482 de
3331 4429 3615 4483 Divinitate

2048 4496 2239 4578 nedum
2257 4497 2322 4578 ‘in
2348 4498 2607 4577 Ephesina
2635 4497 2866 4578 Syriodo,
2894 4513 3100 4578 verum,
3126 4506 3189 4578 et
3201 4498 3361 4578 paulo
3400 4508 3525 4567 post
3564 4499 3614 4554 in

2047 4566 2469 4637 Cfudcedonensi
2497 4564 2891 4637 commendatus
2927 4577 3025 4637 est.
3062 4564 3290 4637 Contigit
3314 4564 3430 4637 ejus
3469 4583 3615 4621 mar-

2050 4637 2237 4704 tyrium
2265 4651 2386 4688 ann.
2417 4636 2537 4699 511,
2567 4651 2706 4687 nono
2747 4635 3123 4703 persecutionis
3148 4635 3270 4687 ann.
3314 4636 3413 4689 sub
3451 4637 3622 4691 Μακί-

2048 4703 2193 4757 mino
2250 4704 2585 4773 lmperatore,
2615 4705 2658 4757 si
2686 4706 2978 4773 persecutio
3003 4703 3308 4758 Diocletiani
3333 4707 3497 4773 empit
3523 4722 3604 4759 an.

2046 4774 2144 4828 Ch.
2171 4774 2295 4844 “502,
2323 4782 2376 4827 et
2407 4788 2516 4844 non
2544 4774 2664 4836 505,
2703 4773 2841 4842 quod
2869 4784 3038 4826 tamen
3077 4774 3361 4843 opinantur
3396 4776 3598 4844 peritis-

2047 4844 2162 4895 simi
2190 4842 2525 4910 Cltronologi.

2117 4914 2191 4980 (5)
2230 4912 2304 4965 De
2331 4911 2637 4979 Theophili),
2667 4919 2720 4966 et
2744 4911 2941 4966 Joanne
2967 4912 3342 4981 Chrysostomo
3375 4912 3490 4967 hate
3518 4913 3598 4967 ha-

2045 4983 2132 5035 bet
2156 4982 2383 5049 Prostier
2410 4982 2460 5033 in
2488 4981 2681 5051 Chron.
2712 4982 2776 5033 ad
2802 4982 2961 5035 Cons.
2994 4982 3279 5045 Vincentii,
3308 4994 3363 5036 et
3389 4982 3609 5051 Fraviti,

2044 5051 2130 5118 qui
2159 5051 2339 5103 incidit
2378 5051 2427 5103 in
2457 5067 2581 5103 ann.
2608 5050 2707 5103 Ch.
2749 5052 2843 5104 401
2875 5070 2886 5103 :
2917 5070 2933 5101 ‹
2961 5050 3190 5105 Joannes
3227 5050 3612 5106 Constantino;

2052 5139 2067 5168 ι
2100 5120 2377 5190 politauus,
2407 5129 2461 5173 et
2488 5120 2808 5190 Theophilus
2832 5120 3216 5190 Alexandrinus
3244 5121 3474 5190 illustres
3494 5122 3608 5190 Epi~

2051 5209 2067 5239 ι
2097 5190 2238 5258 scopi
2266 5188 2539 5243 habentur.
2570 5189 2672 5241 Sed
2701 5199 2976 5258 utrumque
3001 5189 3299 5243 obscuravit
3323 5188 3607 5254 discordia,

2050 5281 2066 5308 ι
2096 5274 2213 5327 qute
2238 5274 2302 5312 co
2327 5274 2490 5327 usque
2516 5259 2789 5328 processit,
2818 5268 2876 5312 ut
2897 5259 3125 5313 Joannes
3150 5259 3179 5311 ξι
3206 5259 3495 5329 Theophila
3521 5275 3605 5327 ope

2051 5349 2067 5377 ι
2098 5343 2326 5396 pressus,
2374 5330 2594 5381 Pontum
2640 5329 2797 5382 exilio
2839 5344 3055 5398 pergere
3097 5338 3403 5397 cogeretur;
3442 5342 3604 5396 quum

2049 5416 2066 5447 σ
2096 5408 2267 5451 tamen
2307 5398 2727 5452 communionem
2755 5398 2868 5467 ejus
2905 5399 3127 5451 maxima
3156 5413 3277 5466 pars
3317 5398 3605 5467 Episcopo-

2048 5487 2065 5517 ι
2095 5482 2232 5526 rum,
2261 5467 2480 5523 Romani
2507 5467 2774 5522 Pontiﬁcis
2799 5468 3091 5537 exemplum
3132 5478 3330 5533 secuta,
3360 5480 3611 5523 servave-

2048 5560 2064 5589 t
2094 5537 2179 5590 rit.
2211 5555 2230 5586 ι
2577 5552 2583 5557 '
