3916 6178
304 182 405 234 08ἴί

1354 187 1405 243 S.
1442 186 1843 245 EUlIilEl‘tlUS.
1863 187 2481 245 -Pllt)i.EGU.\lEN.\.

3454 192 3555 247 656

293 316 427 354 nens
468 308 771 353 sanctorum
804 306 1016 369 patrum
1040 297 1301 354 tenuisset
1323 299 1637 370 antiquitas,
1672 300 1873 369 quique
1906 306 1947 359 Α
1979 317 2071 353 nas
2086 317 2259 353 eorum
2275 302 2544 365 novitates,
2565 299 2763 355 ctitem
2783 300 2873 356 :Si
2883 300 2992 370 quis
3023 300 3161 355 vobis
3183 306 3558 356 annuntiarerit

292 396 449 449 etiam
476 392 840 448 vociferantes
865 400 917 447 ct
944 391 1335 458 adclamantes,
1366 409 1473 448 uno
1495 408 1588 448 ore
1611 394 1877 448 testiﬁcati

261 496 413 541 -sunt
445 487 541 539 has
563 499 686 539 esse
712 484 950 539 omnium
980 498 1164 550 voces,
1195 482 1301 539 hoc
1326 498 1516 539 omnes
1544 494 1751 553 Optare,
1779 485 1880 539 hoc

290 591 484 632 omnes
503 590 759 642 censere;
788 576 998 631 utsicut
1019 574 1254 630 universi
1283 574 1393 631 fere
1422 572 1547 630 ante
1574 575 1878 631 Nestorium

293 669 554 734 Inrretici,
578 654 987 723 contemnentes
1006 668 1357 732 vetustatem,
1382 679 1433 721 et
1455 667 1767 721 adserentes
1789 685 1883 721 nu-

294 763 540 829 vitatem,
561 761 799 815 damnati
818 759 1069 823 fuissent,
1099 759 1175 814 ita
1198 760 1313 828 ipse
1341 774 1554 829 quoque
1580 758 1877 826 Nestorius,

297 862 493 909 auctor
515 852 801 919 novitatis,
853 862 907 907 et
938 852 1277 922 impugnator
1296 851 1600 915 vetustatis,
1631 850 1885 905 condem-

297 954 545 1000 naretur.
570 943 809 1012 Quorum
837 953 1202 998 sacrosancta:
1221 951 1275 996 et
1295 942 1530 997 caelestis
1554 943 1740 1011 gratiae
1764 957 1881 995 mu-

300 1053 436 1094 nere
466 1039 724 1108 inspirata
764 1035 1050 1092 consensio
1072 1036 1117 1091 si
1147 1036 1229 1090 cui
1260 1035 1525 1104 displicet,
1565 1033 1691 1101 quid
1740 1032 1885 1088 aliud

300 1130 575 1197 sequitur,
612 1128 713 1184 nisi
745 1137 801 1182 nt
830 1127 1207 1197 profanitatem
1232 1125 1466 1180 Nestorii
1516 1123 1731 1180 adserat
1781 1140 1884 1178 non

294 1220 421 1288 jure
446 1219 800 1273 damnatam?
838 1219 917 1273 Ad
967 1228 1269 1274 extremum
1316 1232 1529 1287 quoque
1584 1218 1886 1272 universam

300 1310 504 1364 Christi
529 1310 821 1365 Ecclesiam
844 1318 900 1365 et
928 1309 1216 1380 magistros
1240 1310 1355 1378 ejus
1377 1308 1661 1378 Apostolos
1687 1319 1742 1365 et
1770 1323 1889 1377 pro-

298 1402 519 1471 phetas,
552 1398 932 1470 praecipueque
958 1409 1137 1454 tamen
1165 1401 1377 1455 beatum
1412 1399 1726 1468 Apostolum
1753 1400 1887 1453 Pau-

298 1492 437 1557 lum,
469 1492 615 1544 velut
656 1491 903 1559 quaedam
949 1498 1299 1560 purgamenta
1342 1497 1688 1553 contemnat;
1722 1489 1889 1553 illam,

295 1582 446 1654 qndd
472 1582 501 1636 is
526 1582 799 1652 Religione
820 1582 1131 1637 colendmet
1148 1581 1456 1637 excolenda:
1482 1581 1647 1637 semel
1671 1582 1770 1636 sibi
1788 1592 1893 1636 tra-

1985 391 2321 460 pmterqnam
2349 391 2485 460 quod
2505 392 2789 461 accepistis,
2813 392 3086 445 anathema
3110 393 3195 446 sit.
3215 391 3365 458 Quod
3394 394 3438 447 si
3468 409 3559 446 ne-

1982 498 2087 551 que
2112 484 2404 551 aposmlica
2437 482 2652 537 deﬁnita
2673 497 2846 552 neque
2870 483 3233 538 ecclesiastica
3253 483 3464 539 decreta
3484 494 3562 539 te-

1985 576 2234 629 meranda
2264 586 2410 635 sunt,
2442 574 2632 644 quibus
2678 575 2969 631 secundum
3010 588 3410 631 sacrosanctam
3445 579 3559 629 uni-

1985 670 2252 723 versitatis
2284 680 2336 723 ct
2370 668 2702 739 antiquitatis
2719 670 3127 723 consensionem
3151 670 3326 723 cuncti
3351 683 3563 737 semper

1986 760 2247 830 hreretici,
2266 770 2321 815 et
2338 760 2403 815 ad
2421 760 3009 833 extrenmm‘Pl-lagius.
3034 759 3335 825 Caelestius,
3369 758 3562 815 Nesto-

1985 856 2119 922 rius,
2148 856 2269 924 jure
2299 855 2602 923 meritoque
2632 854 2866 907 damnati
2907 861 3051 915 sunt,
3081 867 3298 907 nece~se
3327 838 3411 907 est
3443 868 3563 920 pro-

1987 946 2127 1003 fecto
2152 948 2400 1001 omnibus
2426 945 2681 1011 deinceps
2707 944 3024 1012 Catholicis,
3048 943 3138 1013 qui
3170 959 3288 997 sese
3314 943 3565 996 Ecclesiae

1988 1040 2175 1094 matris
2230 1038 2496 1108 legitimos
2551 1038 2686 1091 ﬁlios
2745 1036 2969 1104 probare
2998 1036 3233 1099 student,
3263 1047 3321 1088 ut
3367 1045 3566 1089 saneta:

1989 1141 2297 1187 sanctorum
2313 1131 2531 1184 Patrum
2550 1130 2669 1184 ﬁdei
2702 1129 3017 1190 inluereant,
3033 1128 3450 1197 adglutinentur,
3470 1127 3569 1181 im-

1992 1224 2312 1289 moriantnr,
2337 1222 2589 1293 profanas
2612 1220 2744 1277 vero
2785 1210 3135 1291 profanorum
3173 1219 3443 1273 novitates
3478 1219 3571 1273 tle-

1991 1324 2274 1379 testentur,
2308 1313 2647 1379 horrescant,
2674 1314 3020 1375 insectantur,
3051 1321 3462 1380 persequantur.

2065 1406 2193 1460 Haec
2220 1414 2348 1459 sunt
2392 1403 2505 1458 fere
2532 1419 2652 1472 quae
2695 1402 2903 1457 duobus
2946 1400 3381 1456 Commonitoriis
3411 1399 3571 1454 latiits

1993 1497 2250 1564 disserta,
2282 1491 2557 1564 aliquanto
2588 1509 2729 1549 nunc
2777 1492 2991 1548 brevius
3032 1492 3419 1559 recapitulandi
3458 1494 3572 1561 lege

1994 1587 2281 1642 constricta
2305 1594 2457 1651 sunt;
2488 1583 2817 1639 utmemoria
2845 1598 2986 1649 mea,
3015 1582 3101 1638 cui
3131 1583 3572 1638 adminiculandae

295 1676 429 1727 diue
455 1672 579 1728 ﬁdei
612 1673 880 1743 nunquam
903 1674 1222 1740 recesserit;
1252 1673 1401 1727 illum
1430 1672 1580 1740 vero,
1607 1674 1698 1744 qui
1721 1675 1891 1742 scrip-
1921 1691 1968 1751 Β
1996 1678 2098 1733 ista
2127 1677 2477 1744 confecimus,
2507 1685 2564 1731 et
2595 1675 2970 1732 commonendi
3019 1674 3332 1731 assiduitate
3358 1689 3573 1745 repare-

294 1766 436 1822 serit
461 1783 475 1819 :
504 1765 549 1819 Ο
570 1765 850 1833 Timotheo,
880 1764 1168 1835 depositum
1198 1765 1422 1833 custodi,
1454 1764 1681 1821 devitans
1708 1769 1889 1839 profa-

1994 1776 2101 1836 tur,
2132 1778 2185 1824 et
2216 1768 2537 1839 prolixitatis
2562 1766 2777 1822 fastidio
2806 1780 2911 1821 non
2942 1766 3218 1821 obruatur.

1546 2087 1692 2129 ANN.
1738 2088 1967 2132 DOMINI
2011 2089 2341 2132 CCCCXLIX.

911 2269 1084 2429 s.
1222 2269 2987 2469 EUCHERIUS,

1200 2553 2023 2655 LUGDUNENSIS
2093 2555 2773 2652 EPISCOPUS.

1346 2845 2488 2957 PROLEGOMENA
2509 2919 2548 2957 .

907 3311 1236 3376 NOTITIA
1281 3305 2247 3371 HlSTORlCO—LITTERARIA
2291 3306 2369 3368 1N
2412 3306 2475 3369 s.
2522 3286 3007 3375 EUCHEBIUM.

1186 3499 1275 3556 (Ex
1306 3496 1686 3547 Schmnemanni
1711 3494 1834 3546 Bibl.
1858 3494 1986 3546 Hist.
2008 3495 2146 3557 Litt.,
2170 3495 2302 3561 Lips.
2329 3496 2471 3560 1795,
2491 3502 2611 3549 tom.
2636 3497 2721 3561 Il.)

972 3666 1000 3740 ᾗ
1032 3667 1069 3720 l.
1118 3664 1260 3719 Vita.

400 3763 703 3821 Eucherius
750 3760 957 3826 Gallus,
1003 3771 1161 3813 orsus
1205 3771 1272 3810 es
1322 3753 1593 3810 senatorio
1627 3753 1903 3825 sanguine,

315 3870 482 3928 patre
508 3854 815 3916 Valeriano,
844 3864 998 3920 quem
1025 3849 1265 3918 plerique
1293 3845 1545 3901 eumdem
1572 3854 1761 3914 putant
1785 3858 1908 3897 cum

318 3948 516 4003 Prisco
546 3938 853 4006 Valeriano,
901 3938 995 4010 qui
1020 3938 1162 3994 circa
1194 3937 1334 3992 idem
1380 3947 1593 4005 tempus
1624 3932 1909 4003 praelectu—

317 4056 448 4096 ram
492 4036 677 4092 Galliae
723 4033 956 4088 obtinuit
996 4040 1051 4085 et
1094 4038 1353 4099 cognatus
1382 4026 1527 4082 Aviti
1573 4024 1913 4095 imperatoris

320 4135 451 4189 luit.
486 4130 690 4186 Gallam
717 4140 941 4182 uxorem
972 4123 1143 4187 duxit,
1175 4121 1291 4191 pari
1325 4119 1603 4174 nobilitate
1631 4116 1909 4185 feminam,

317 4242 398 4281 ex
452 4237 618 4293 eaque
656 4219 793 4275 duos
834 4215 1070 4286 suscepit
1102 4213 1259 4279 ﬁlios,
1303 4226 1530 4282 quorum
1579 4209 1716 4265 alter
1761 4208 1913 4264 Salo-

330 4316 463 4370 nius
492 4309 827 4382 postmodum
873 4304 1178 4363 Genevensi
1210 4303 1467 4358 Ecclesiae
1497 4298 1733 4370 praefuit,
1776 4298 1915 4353 alter

319 4404 601 4459 Veranius
630 4401 733 4471 ipsi
758 4398 896 4469 patri
918 4397 969 4451 in
994 4396 1304 4466 episcopatu
1329 4389 1669 4461 Lugdunensi
1700 4403 1915 4445 succes-

323 4499 430 4553 sit.
464 4494 615 4550 Circa
666 4508 864 4547 annum
908 4489 1015 4546 409
1059 4496 1150 4543 aut
1189 4486 1315 4551 410,
1358 4495 1543 4555 vegeta
1598 4498 1662 4539 ac
1689 4482 1915 4538 florente

321 4588 511 4643 adhuc
533 4594 689 4641 :etate
713 4583 952 4639 Lirinum
981 4587 1328 4637 concesserat
1353 4576 1585 4647 indeque
1605 4590 1726 4631 cum
1751 4589 1915 4629 uxore

324 4689 386 4735 et
425 4678 549 4732 ﬁliis
578 4676 632 4731 in
682 4675 909 4730 insulam
941 4671 1296 4741 propinquam
1339 4669 1627 4733 Leronem,
1669 4683 1788 4737 qua:
1818 4667 1915 4723 ho-

321 4771 425 4827 die
440 4770 649 4823 Sancta:
672 4766 1019 4836 Margarethze
1048 4771 1151 4824 est,
1191 4774 1251 4815 se
1277 4761 1503 4815 contulit
1530 4768 1584 4813 et
1611 4758 1913 4813 anachore-
2002 4788 2003 4793 η

325 4875 447 4915 tam
477 4859 604 4928 egit,
636 4858 709 4912 ita
737 4868 933 4917 tamen,
968 4862 1028 4907 ut
1052 4851 1388 4922 potissimam
1411 4865 1595 4905 curam
1624 4850 1915 4905 liberon

325 4964 563 5006 suorum
592 4946 893 5003 educationi
936 4942 1291 5012 impenderet,
1323 4956 1388 4997 es
1418 4940 1612 5010 quibus
1639 4940 1915 4994 Salonium

1934 3661 1980 3723 C
2016 3672 2190 3717 autem
2219 3662 2360 3716 alius
2398 3665 2680 3735 quisquam
2714 3680 2782 3720 ex
2812 3666 3126 3723 clarioribus
3176 3670 3434 3729 Ecclesia:
3462 3675 3590 3733 Gal-

2013 3750 2203 3806 licana:
2231 3752 2494 3808 membris
2523 3754 2662 3822 apud
2694 3756 2953 3826 optimum
2986 3773 3252 3829 quemque
3294 3771 3351 3819 et
3390 3765 3588 3821 doctis-

1970 3884 1977 3897 .
2012 3841 2206 3894 simum
2235 3842 2417 3897 saeculi
2450 3844 2618 3898 virum
2655 3855 2856 3901 tantam
2880 3852 3211 3918 comparavit
3238 3856 3584 3913 existimatio-

2014 3947 2134 3987 nem
2157 3947 2317 4004 quam
2349 3935 2643 3992 Eucherius
2677 3955 2691 3991 :
2721 3953 2837 3992 nam
2872 3954 2995 3995 cum
3037 3944 3221 3999 multis
3248 3945 3588 4006 familiariter

2012 4023 2147 4078 vixit
2191 4034 2247 4079 et
2292 4041 2414 4081 eum
2456 4027 2731 4099 plerisque
2771 4030 3068 4088 litterarum
3101 4035 3282 4092 habuit
3324 4052 3588 4096 commero
3652 4054 3674 4068 δ

2012 4115 2159 4169 cium
2187 4126 2240 4170 et
2277 4116 2347 4171 ab
2372 4119 2623 4174 omnibus
2653 4121 2933 4180 immensis
2958 4124 3209 4183 laudibus
3237 4142 3456 4186 ornatus
3486 4146 3592 4187 est.

2019 4207 2215 4262 Evenit
2259 4209 2360 4264 hac
2405 4211 2542 4265 fama
2584 4213 2823 4278 tandem,
2856 4224 2917 4269 ut
2960 4233 3103 4272 anno
3127 4221 3340 4277 circiter
3374 4220 3479 4279 ιδι
3524 4227 3590 4279 ad

2015 4300 2386 4370 episcopatum
2413 4300 2824 4372 Lugdunensem
2846 4306 3190 4374 eveheretur,
3223 4311 3365 4378 quod
3395 4328 3591 4366 munus

2016 4406 2189 4461 usque
2213 4391 2278 4446 ad
2307 4406 2505 4446 annum
2536 4391 2644 4449 ‘50
2671 4394 2971 4452 obtinuisse
2998 4413 3118 4452 eum
3155 4401 3469 4457 existimant
3489 4403 3589 4475 (α).

2608 4481 2637 4556 ς
2665 4484 2731 4541 ll.
2776 4485 3003 4555 Scripta.

2087 4574 2549 4632 Circumferuntur
2576 4574 2737 4633 hodie
2774 4581 3052 4649 sequentia
3091 4580 3349 4638 Eucherii
3380 4582 3594 4655 Lugdu-

2018 4667 2199 4722 nensis
2229 4667 2426 4735 scripta
2458 4683 2475 4723 :

2094 4759 2136 4814 l.
2179 4758 2254 4812 De
2282 4757 2434 4812 laude
2478 4757 2655 4813 Enati
2687 4760 2755 4814 ad
2802 4759 3065 4816 Hilarium
3102 4764 3449 4821 Arelatensem
3482 4769 3592 4837 epi-

2020 4852 2176 4918 stola,
2206 4867 2315 4906 scr.
2344 4867 2395 4906 a.
2426 4852 2552 4907 ΩΒ.

2091 4941 2154 4997 ιι.
2180 4940 2414 5010 Epistula
2432 4940 2752 4999 Paranuica
2780 4944 2849 4998 ad
2876 4944 3207 5000 Valerianum
3238 4961 3508 5022 cognatum
3534 4954 3596 5005 de

327 5054 553 5112 quoque
583 5039 965 5106 aliquantisper
1012 5032 1385 5089 Lirinensibus
1428 5030 1699 5100 magistris
1737 5030 1917 5085 Hono-
1944 5039 1997 5100 1)
2022 5040 2311 5101 contemptu
2356 5032 2537 5087 mundi
2581 5042 2633 5088 et
2678 5035 2943 5091 sccalaris
2986 5035 3351 5108 philosophia,
3392 5052 3500 5095 scr.
3538 5059 3592 5095 ε.

331 5143 469 5187 rata
512 5129 764 5185 Salviano
808 5142 874 5183 ac
903 5125 1186 5181 Vincentio
1224 5120 1562 5177 formandum
1603 5120 1768 5177 dedit.
1814 5122 1911 5175 Vix

415 5340 499 5413 (α)
537 5338 687 5395 Alius
715 5337 782 5391 ab
810 5334 1053 5413 _hoc_lnit
1082 5329 1376 5412 Eucherius
1399 5327 1582 5413 Gallia!
1609 5325 1914 5413 episcopus,

335 5396 436 5483 qui
465 5396 617 5465 sexto
659 5408 861 5483 saeculo
902 5405 1032 5459 vixit
1076 5402 1324 5483 cingit-iis
1351 5397 1597 5483 conciliis
1625 5396 1919 5483 Gallicart‘nis

338 5466 512 5539 seluli
560 5480 857 5537 Arelatensi
908 5494 956 5532 tv
1014 5490 1065 5528 a.
1098 5470 1224 5533 525,
1256 5466 1919 5539 Cat'pentoractensibW,

343 5536 677 5611 Aﬁr‘ausicano
730 5560 785 5603 et
834 5549 1054 5601 Vasenst
1106 5541 1231 5605 5729,
1279 5536 1612 5611 subscripsit.
1664 5536 1795 5611 Sed
1820 5553 1922 5611 nec

2017 5120 2144 5180 ιδε.

2024 5326 2159 5400 (also
2209 5324 2309 5400 sibi
2339 5336 2742 5400 persuaserant,
2764 5342 2904 5400 quos
2940 5325 3099 5400 docte
3140 5335 3196 5383 et
3224 5329 3489 5400 sagaciter
3518 5347 3598 5387 re-

2024 5397 2160 5469 lellit
2206 5396 2473 5469 Josephus
2515 5396 2816 5469 Antelmins
2860 5398 2914 5469 in
2944 5396 3256 5454 Assertione
3289 5396 3402 5469 'pro
3438 5405 3600 5457 unico

2029 5467 2088 5522 S.
2118 5466 2413 5541 Eucherio
2442 5467 2797 5541 Alsugdunensi
2831 5468 3109 5541 episcopo,
3147 5466 3318 5541 quani
3337 5482 3457 5540 post
3483 5475 3600 5527 obi-

2031 5550 2139 5589 tum
2172 5541 2285 5606 ejus
2330 5539 2497 5609 edidit
2544 5538 2708 5593 frater
2742 5536 2982 5609 Carolus
3016 5536 3599 5609 'Antclmius'Parisiis,

344 5602 719 5695 idumaeas
740 5602 971 5690 quidem
1018 5602 1303 5684 episctlpus
1331 5609 1425 5664 ille
1457 5602 1573 5675 fuit,
1604 5618 1663 5663 ut
1711 5608 1923 5677 quidam
2030 5608 2164 5677 apud
2198 5602 2383 5663 Llaud.
2420 5608 2691 5666 Briasson.
2727 5602 2963 5666 1726.4.
3362 5614 3371 5632 ‘
