3916 6178
357 408 459 467 639

1717 407 1977 463 PROLEG
1985 408 2232 463 UMENA.

3494 420 3596 477 690

421 516 501 575 Ad
534 518 672 573 hanc
715 515 1004 572 editionem
1050 515 1284 586 pertinet
1313 516 1454 572 haud
1494 515 1657 574 dubie
1692 517 1920 589 epistola
1949 522 1996 579 Α
2028 526 2243 587 propter
2273 519 2661 589 typographum
2702 529 2794 575 aut
2830 520 3177 592 bibliopolam
3201 534 3334 579 atas
3362 523 3479 593 ejus
3513 528 3594 578 ln‘

356 610 588 675 Erasini,
618 621 741 677 qnte
772 607 954 661 libello
988 605 1112 661 huic
1163 607 1216 662 in
1247 606 1482 664 editione
1530 608 1825 664 Basileensi
1869 622 1920 662 ι.

359 701 486 758 1531
515 700 728 770 ρταξιὶιδ
760 708 865 766 est,
903 698 971 754 ad
1000 700 1257 755 Alardum
1283 700 1766 757 Amstelredamum
1796 700 1925 757 libe-

354 793 541 850 ralium
566 793 758 846 artium
790 790 1172 861 professorem,
1220 807 1251 849 a
1278 808 1386 863 quo
1426 808 1555 848 mss.
1582 793 1704 863 ejus
1742 808 1922 848 exem-

356 885 473 953 plar
493 883 589 936 abs
618 883 854 937 auctoris
883 882 1100 937 nomine
1130 884 1401 953 accepisse
1424 883 1655 939 videtur.
1693 903 1714 939 ι
1748 884 1929 940 Libel-

355 975 455 1045 lus,
487 973 678 1044 inquit,
707 989 867 1043 quem
899 973 1112 1040 misisti,
1154 987 1275 1029 cum
1308 974 1419 1029 suis
1446 974 1660 1030 dotibus
1690 977 1927 1046 undique

356 1065 548 1119 mirum
580 1063 634 1117 in
658 1061 876 1118 modum
910 1063 1191 1132 placuerit,
1227 1073 1337 1118 tum
1369 1064 1472 1119 hoc
1492 1065 1692 1135 placuit
1717 1066 1929 1135 impen-

357 1153 487 1216 sius,
533 1151 673 1221 quod
724 1150 854 1205 olim
892 1166 1061 1221 puero
1107 1151 1237 1206 mihi
1285 1160 1342 1207 et
1381 1153 1674 1209 lectitatum
1714 1170 1837 1209 esse
1874 1163 1929 1211 et

358 1244 619 1313 placuisse
649 1243 888 1297 memini.
917 1242 973 1298 Si
1003 1242 1132 1313 quid
1166 1258 1289 1298 meo
1318 1243 1571 1315 sull‘ragio
1610 1245 1821 1309 tribuis,
1848 1245 1930 1299 ni-

360 1333 431 1387 hil
459 1333 611 1387 video
655 1330 950 1401 profectum
982 1348 1007 1383 a
1044 1342 1239 1387 nostra
1278 1333 1556 1404 religionis
1598 1334 1928 1399 hominibus,

359 1424 444 1493 qui
473 1424 794 1494 eloquentia:
823 1439 1033 1494 quoque
1078 1425 1243 1493 gloria
1292 1424 1595 1491 ﬂoruerint,
1621 1428 1760 1497 quod
1807 1441 1929 1483 cum

359 1515 519 1585 hujus
542 1514 721 1584 phrasi
747 1515 821 1570 sit
843 1516 1251 1573 conferendum.
1276 1516 1347 1572 Ut
1372 1533 1632 1587 nusquam
1664 1534 1768 1574 non
1793 1534 1931 1590 prae-

359 1618 465 1665 stat
492 1611 760 1680 egregium
803 1611 1086 1678 artificem,
1135 1612 1249 1666 sive
1279 1623 1492 1680 spectes
1521 1612 1788 1677 ordinem,
1817 1614 1931 1669 sive

361 1686 615 1755 transitus
655 1700 884 1757 subinde
929 1717 1119 1767 novos,
1166 1702 1281 1757 sive
1322 1717 1427 1756 non
1457 1705 1676 1773 vulgare
1721 1706 1927 1775 ingres-

360 1806 500 1856 sum,
534 1791 696 1846 veluti
726 1791 889 1847 limen
930 1793 1429 1861 argumentationis.
1461 1793 1669 1848 Nullam
1700 1796 1929 1851 suasorii

2025 618 2169 664 certa
2198 625 2318 666 0:88
2338 627 2447 665 non
2482 613 2666 677 possit.
2699 622 2841 667 etne
2863 615 3033 670 series
3064 614 3251 669 harum
3277 613 3592 679 editionum.

2024 716 2143 770 quae
2165 701 2312 767 plura
2334 702 2582 755 Eucherii
2609 704 2866 771 opuscula
2891 705 3117 772 jnnctim
3138 706 3414 771 exhibent,
3439 706 3594 761 inter-

2023 791 2253 860 cipiatur
2272 833 2289 856 ,
2323 791 2427 846 huc
2450 807 2714 861 reponere
2741 810 2859 848 eam
2886 796 3058 850 visum
3086 804 3188 851 est.
3228 796 3488 851 Pra-l‘atus
3512 807 3592 851 est

2029 882 2219 937 Petrus
2253 882 2524 937 Gerardus
2551 885 2775 950 epistola
2806 885 2930 939 data
2954 886 3172 940 Parisiis
3208 904 3335 943 sint
3384 887 3588 943 kalend.

2028 971 2316 1027 Novembr.
2335 974 2450 1027 sine
2474 990 2637 1039 anno,
2660 975 2725 1027 ad
2754 975 3074 1031 Gulielmum
3098 977 3329 1032 Parvum
3359 981 3399 1031 Τ
3406 996 3586 1035 recen-

2027 1078 2140 1118 sem
2186 1062 2499 1131 episcopum
2548 1071 2603 1118 et
2645 1062 2827 1134 Regia:
2872 1065 3226 1121 confessionis
3258 1068 3593 1131 auditorem,

2028 1154 2180 1225 Cujus
2204 1154 2466 1210 beneﬁcio
2491 1171 2613 1209 cum
2646 1156 2895 1210 Eucherii
2933 1156 3045 1211 haec
3079 1159 3336 1225 epuseula
3363 1159 3592 1228 alioqui,

2030 1255 2088 1299 ut
2112 1244 2208 1309 ait,
2234 1260 2350 1299 rara
2373 1258 2700 1301 consecutus
2724 1246 2792 1301 sit
2817 1289 2833 1313 ,
2870 1246 3059 1314 ingrati
3086 1258 3249 1317 atque
3278 1246 3599 1317 impudentis

2030 1335 2226 1405 ingenii
2251 1336 2361 1390 fore
2381 1337 2472 1401 ait,
2501 1337 2600 1391 nisi
2624 1338 2737 1406 ejus
2759 1339 2959 1393 nomini
2990 1349 3348 1395 consecraret.
3378 1358 3398 1392 ι
3433 1340 3596 1396 Δοςθ

2030 1425 2131 1490 dit,
2188 1425 2386 1495 inquit,
2443 1426 2584 1495 quod
2645 1428 2699 1481 in
2751 1426 3020 1497 publicum
3076 1430 3305 1484 mittitur
3345 1430 3602 1486 industria

2031 1529 2260 1570 excusus
2304 1524 2360 1570 et
2399 1516 2715 1572 informatus
2753 1518 2961 1574 Claudii
2988 1520 3323 1576 Chevallonii
3367 1522 3602 1577 hominis

2032 1607 2095 1660 Τ.
2132 1607 2194 1661 D.
2224 1605 2597 1673 addictissitni,
2627 1608 2827 1679 qnique
2858 1609 3206 1666 vehementer
3234 1613 3465 1667 aunixus
3489 1626 3599 1672 est.

2034 1706 2091 1750 ut
2113 1696 2290 1765 quoad
2323 1696 2436 1751 ﬁeri
2467 1707 2686 1767 posset,
2721 1698 2770 1753 id
2800 1699 3078 1769 exemplar
3100 1742 3118 1768 ,
3146 1702 3293 1771 quod
3320 1718 3481 1757 unum
3511 1720 3602 1758 sua

2033 1787 2355 1843 liberalitate
2408 1798 2595 1844 nactus
2641 1800 2776 1857 erat,
2833 1804 3217 1863 repurgaretur
3248 1803 3328 1849 tot
3374 1796 3601 1859 mendis.

361 1884 572 1953 generis
601 1893 806 1953 partem
841 1899 944 1939 non
976 1893 1192 1940 tractat.
1234 1883 1507 1954 Nusquam
1537 1885 1749 1941 desidet
1776 1888 1830 1941 iu
1854 1888 1933 1945 lea
1959 1885 2007 1944 Β
2035 1879 2233 1950 (“libus
2272 1882 2659 1951 ωορεῐηυάιιηὶ
2709 1883 3088 1940 labefactatum
3135 1896 3252 1941 erat
3288 1904 3303 1940 :
3356 1888 3603 1944 adhibitis

364 1979 442 2030 eis
471 1976 866 2031 communibus.
908 1977 1077 2047 Magis
1108 1985 1262 2046 urget
1299 1987 1351 2031 et
1377 1977 1541 2037 instat
1579 1980 1930 2049 argumentis,

364 2068 495 2123 mire
526 2069 709 2137 pungit
736 2067 1197 2136 epiphonematis,
1229 2066 1458 2123 delectat
1479 2069 1630 2138 juxta
1675 2079 1730 2125 et
1759 2082 1936 2126 movet

363 2159 663 2213 sententiis.
695 2158 953 2227 Quodque
984 2158 1150 2227 magis
1193 2160 1352 2212 etiam
1384 2160 1691 2215 mirandum
1716 2169 1819 2224 est,
1856 2160 1935 2216 sic

364 2249 609 2305 Isocratis
639 2253 1003 2305 schematibus
1054 2251 1347 2316 modulata,
1378 2262 1605 2319 structa,
1642 2253 1935 2321 picturata-

365 2356 467 2410 que
493 2349 577 2397 est
604 2343 797 2408 oratio,
828 2352 884 2395 ut
914 2358 1173 2412 nusquam
1198 2341 1414 2412 frigeat,
1451 2353 1546 2398 aut
1573 2345 1816 2414 ineptiat.
1846 2344 1936 2399 Sic

366 2443 576 2504 arguta,
603 2442 661 2489 ut
686 2433 901 2489 intetim
946 2450 1202 2499 nervosa;
1230 2436 1307 2490 sic
1333 2436 1628 2504 elaborata,
1668 2446 1725 2492 ut
1755 2445 1934 2493 tamen

366 2525 632 2589 dilucida;
661 2525 736 2579 sic
761 2537 917 2591 nova,
945 2525 1036 2580 sed
1061 2535 1113 2580 ut
1147 2526 1305 2581 taedio
1331 2536 1516 2583 careat
1542 2525 1934 2596 all‘ectationis;

365 2619 441 2672 sic
470 2606 681 2682 festiva,
712 2626 772 2672 ut
799 2618 965 2672 nihilo
994 2620 1171 2674 secius
1199 2621 1376 2689 gravis
1402 2636 1462 2675 ac
1505 2624 1674 2688 seria;
1705 2625 1781 2676 sic
1812 2623 1937 2678 rhe-

368 2709 564 2774 torica,
616 2721 673 2763 ut
701 2711 925 2782 γνησίως
956 2718 1132 2764 tamen
1190 2708 1515 2766 Christiana.
1567 2712 1806 2784 Denique
1860 2716 1938 2769 sic

366 2798 505 2854 acris
556 2813 621 2853 ac
670 2799 984 2863 vehemens,
1014 2808 1072 2855 ut
1121 2801 1205 2855 sui
1252 2810 1431 2857 tamen
1477 2803 1673 2873 ubique
1724 2805 1935 2872 simili,

365 2893 478 2961 pari
522 2892 819 2947 intentione
850 2890 917 2946 ad
962 2899 1263 2947 extremum
1305 2909 1474 2964 usque
1510 2897 1711 2950 calcem
1747 2912 1939 2966 prope-

365 2998 510 3048 rans,
543 2982 660 3037 sani
688 2980 939 3037 videlicet
976 2983 1259 3054 vegetique
1298 2983 1499 3054 ingenii
1540 2996 1935 3054 argumentum.

365 3076 675 3132 Gennadius
711 3074 839 3129 dum
891 3075 1017 3130 huic
1055 3076 1254 3148 styltnn
1302 3075 1487 3131 tribuit
1528 3077 1933 3145 scholasticnm,

366 3168 415 3221 ni
473 3167 649 3234 fallor,
683 3168 984 3237 plusculum
1036 3168 1091 3223 in
1131 3184 1196 3224 eo
1242 3169 1571 3224 desideravit
1615 3187 1934 3227 arcanarum

2035 1972 2196 2027 etiam
2213 1972 2277 2028 ad
2300 1971 2443 2028 hunc
2464 1988 2616 2028 usum
2643 1975 3020 2030 vetustissimis
3041 1968 3181 2032 LXX
3200 1979 3604 2048 Interpretibns,

2036 2072 2091 2118 et
2122 2063 2351 2117 alierum
2382 2065 2628 2119 codicum
2657 2105 2672 2130 ,
2716 2067 2910 2135 quibus
2956 2068 3043 2122 illa
3085 2079 3219 2125 aetas
3260 2085 3561 2128 assueverat
3590 2118 3604 2139 ,

2037 2159 2513 2227 translationibus;
2560 2177 2691 2232 quas
2734 2163 2869 2218 nihil
2907 2171 3125 2234 gravate
3148 2168 3370 2233 ascivit,
3413 2179 3469 2221 ut
3510 2168 3605 2222 hac

2036 2250 2245 2305 ratione
2271 2264 2421 2305 suam
2449 2252 2776 2320 diligentiam
2817 2254 2910 2310 tibi
2947 2255 3309 2324 approbaret.
3361 2266 3416 2312 et
3456 2258 3607 2312 bonis

2036 2339 2228 2396 studiis
2261 2341 2359 2396 hac
2389 2357 2598 2412 queque
2625 2344 2677 2397 in
2708 2353 2860 2413 parte
2900 2345 3203 2413 prodesset.
3239 2364 3258 2397 ι
3295 2346 3607 2414 Exemplum

2040 2431 2196 2503 hujus
2225 2436 2467 2500 epistolae
2520 2435 2675 2489 nobis
2704 2435 2911 2506 praebet
2952 2436 3118 2493 editio
3148 2438 3515 2509 Lugdunensis
3557 2457 3606 2493 a.

2039 2524 2198 2580 1615.
2253 2525 2437 2580 Notari
2494 2537 2673 2580 autem
2722 2526 2923 2593 debet,
2971 2527 3293 2584 Casimirum
3344 2530 3609 2586 Oudinuut

2040 2614 2259 2687 (Comm.
2290 2617 2353 2671 de
2381 2615 2488 2671 SS.
2534 2615 2681 2671 Eccl.
2706 2626 2744 2672 ι.
2785 2619 2801 2673 l
2857 2635 2909 2686 p.
2939 2616 3097 2689 1220)
3122 2621 3210 2687 qui
3238 2619 3396 2689 hujus
3421 2622 3612 2677 editio-

2042 2706 2124 2761 uis
2172 2708 2376 2760 natales
2425 2707 2564 2761 circa
2596 2722 2795 2762 annum
2842 2706 2977 2762 1520
3006 2710 3270 2776 collocat,
3322 2712 3610 2766 contulisse

2042 2799 2269 2868 primum
2292 2798 2405 2867 ejus
2427 2800 2741 2868 opusculum
2766 2796 3134 2854 Formularum
3156 2801 3442 2869 spiritualis
3464 2805 3609 2857 intel-

2038 2892 2262 2965 ligentia
2286 2907 2406 2946 cum
2454 2907 2584 2946 mss.
2632 2890 2909 2955 codicibus
2958 2891 3407 2948 Bihliothecarum
3458 2894 3608 2949 Pari-

2038 2984 2293 3039 siensium
2319 3024 2336 3049 ,
2372 2982 2551 3052 Regia:
2579 2983 2718 3039 5795
2741 3022 2758 3049 ,
2790 2982 3114 3039 Colbertiure
3142 2983 3280 3039 1895
3302 3028 3316 3053 ,
3346 2994 3400 3039 et
3441 2988 3607 3039 sancti

2039 3073 2292 3131 Germani
2312 3072 2451 3139 250;
2482 3085 2641 3144 atque
2667 3074 2893 3143 primam
2926 3075 3061 3129 hanc
3093 3086 3146 3128 ut
3171 3085 3315 3130 recte
3334 3076 3613 3130 existima—

2041 3168 2111 3220 vit
2146 3166 2287 3222 illius
2306 3165 2599 3223 editionem
2625 3165 2793 3220 solam
2815 3180 3127 3235 germanam
3154 3176 3207 3223 et
3236 3166 3382 3222 hisce
3401 3166 3505 3224 600
3532 3166 3610 3222 vel

364 3258 686 3313 litterarum.
753 3260 1017 3315 Caeterum
1082 3260 1317 3315 libellum
1372 3260 1513 3316 hunc
1568 3277 1595 3314 a
1654 3262 1936 3333 Rodolpho
1966 3255 2008 3315 C
2044 3259 2146 3315 700
2174 3272 2435 3313 annorum
2467 3256 2745 3313 codicibus
2792 3257 3122 3314 eonl'orsnem
3171 3257 3606 3327 deprehendi~se.

371 3349 616 3420 Agricola
641 3364 852 3404 versum
884 3366 988 3404 non
1030 3366 1171 3415 esse,
1205 3354 1289 3407 vel
1338 3353 1508 3424 stylns
1540 3355 1651 3423 ipse
1691 3355 1821 3412 satis
1848 3372 1937 3410 ar-

369 3443 502 3509 guit,
534 3442 828 3509 przesertim
857 3457 976 3495 cum
1009 3442 1252 3512 quaedam
1289 3444 1400 3497 sist
1425 3444 1699 3500 schemata
1721 3461 1837 3516 qua:
1871 3461 1936 3500 ne

367 3534 576 3600 possint
608 3534 821 3603 quidem
865 3534 930 3588 ad
972 3535 1215 3589 Graecam
1256 3536 1549 3592 orationem
1583 3538 1933 3606 respondere.

365 3623 677 3678 Gennadius
706 3625 904 3678 iudieat
929 3624 1179 3679 Eucherii
1207 3641 1325 3681 esse
1354 3627 1720 3697 Lugdunensis
1751 3629 1938 3684 Eccle-

368 3717 462 3768 sia:
490 3714 750 3784 episcopi.
785 3716 1012 3785 Moxque
1034 3716 1194 3783 hujus
1216 3718 1458 3771 meminit
1486 3717 1747 3787 epistolae,
1776 3734 1934 3787 quam

366 3808 662 3876 scripserat
707 3806 772 3859 ad
820 3806 1157 3862 Valerianum
1203 3808 1558 3879 propinquum
1622 3826 1814 3872 suum,
1871 3810 1939 3864 de

368 3897 678 3962 contemptu
710 3897 912 3960 mundi,
946 3896 1119 3967 deque
1149 3898 1501 3969 relinquendo
1542 3901 1720 3954 studio
1762 3899 1939 3970 prola-

369 4003 449 4040 tue
480 3985 860 4057 philosophias.
892 3988 1067 4057 Atque
1097 3989 1297 4044 utinam
1340 3990 1542 4059 reliqua
1574 3990 1731 4061 hujus
1764 3999 1942 4046 exsta-

370 4086 512 4143 rent,
538 4079 620 4133 vel
640 4077 685 4131 is
716 4078 870 4143 liber,
903 4094 1009 4147 quo
1036 4081 1263 4149 carptim
1294 4082 1520 4135 obscura
1549 4097 1772 4150 quicque
1801 4082 1939 4136 divi-

373 4183 560 4222 norum
591 4170 921 4223 voluminum
968 4171 1200 4238 capitula
1233 4170 1562 4239 explanavit,
1598 4171 1680 4225 vel
1726 4171 1793 4235 is,
1834 4186 1940 4241 quo

372 4261 579 4329 prolixa
629 4260 874 4315 Cassiani
926 4260 1182 4330 opuscula
1248 4262 1517 4316 contraxit
1566 4261 1619 4316 in
1680 4277 1937 4333 comperto

373 4349 538 4405 dium.
573 4371 593 4404 ι

445 4442 601 4497 1525.
638 4442 850 4497 Parisiis
878 4447 1018 4517 apud
1045 4442 1297 4499 lodocum
1335 4443 1595 4510 Badium;
1643 4445 1803 4500 in-8‘.
1839 4444 1941 4498 Eu-

374 4534 630 4588 cherii...
678 4536 893 4605 epistola
938 4536 1007 4587 ad
1064 4534 1480 4589 Valerianum...
1535 4533 1665 4588 Item
1716 4534 1941 4588 diStieha

2039 3338 2300 3405 Observat
2319 3360 2495 3406 autem
2518 3350 2803 3420 sequentes
2827 3349 3113 3414 editiones,
3146 3350 3307 3405 veluti
3340 3351 3611 3407 Basileen-

2038 3455 2152 3497 sem
2174 3455 2224 3498 a.
2255 3440 2386 3497 1551
2439 3440 2619 3513 (quam
2645 3442 2932 3496 secundam
2965 3441 3162 3511 vocat),
3210 3440 3502 3499 Romanam
3556 3462 3608 3499 a.

2041 3533 2205 3597 1564,
2236 3543 2290 3586 et
2315 3533 2725 3601 Lugdunensem
2754 3547 2805 3587 a.
2840 3532 2997 3597 l677,
3021 3532 3183 3597 duplo
3203 3547 3323 3588 esse
3346 3535 3614 3589 auctiores

2042 3636 2094 3680 et
2116 3625 2397 3679 innumera
2427 3623 2622 3678 habere
2644 3624 2876 3676 admixta
2902 3638 2965 3677 ex
2992 3623 3301 3677 auctoribus
3320 3624 3376 3678 S.
3404 3623 3611 3679 Euche-

2042 3716 2121 3768 rio
2150 3713 2539 3784 posteriorihus
2575 3721 2629 3767 et
2664 3711 2892 3766 maxime
2940 3728 3001 3766 ex
3035 3712 3092 3767 S.
3137 3712 3393 3782 Gregorio
3436 3730 3606 3783 papa;

2039 3805 2173 3860 adeo
2216 3814 2272 3858 nt
2300 3805 2587 3874 genuinum
2620 3803 2761 3858 istud
2806 3818 2940 3872 opus
2974 3803 3223 3860 Eucherii
3252 3805 3339 3860 vix
3382 3805 3608 3860 mediam

2040 3906 2243 3966 partem
2282 3895 2554 3950 contineat
2589 3908 2774 3949 eorum
2811 3909 2930 3966 quae
2965 3896 3019 3951 in
3061 3896 3267 3954 ultimis
3307 3896 3463 3968 hujus
3493 3898 3610 3953 libri

2040 3984 2366 4042 editionihns
2390 3984 2648 4053 impressa
2677 3983 2808 4039 sint.

2114 4075 2267 4131 1550.
2300 4073 2520 4130 Βαδὲιειε
2546 4077 2683 4144 apud
2714 4076 2878 4131 Andr.
2915 4076 3260 4133 Cratandruin
3286 4095 3306 4145 ,'
3336 4078 3507 4133 iit-4°.
3551 4082 3608 4135 1).

2045 4168 2290 4224 Eucherii
2334 4168 2567 4238 episcopi
2600 4167 2967 4239 Lugdunensis
2998 4212 3014 4237 ,
3064 4170 3199 4226 liber
3241 4167 3609 4225 Fonnularim

2039 4258 2389 4330 intelligentia:
2414 4259 2734 4326 spiritualis;
2776 4259 3015 4329 ejusdem
3048 4260 3182 4314 liber
3214 4266 3277 4314 de
3308 4261 3615 4326 Quaestiaui-

2041 4350 2133 4405 bus
2159 4348 2525 4421 difﬁcilioribus
2560 4350 2739 4403 ueteris
2769 4360 2814 4402 et
2843 4351 2958 4402 nari
2990 4350 3319 4419 Testamenti,
3351 4350 3612 4421 Interpre

2043 4443 2167 4495 talio
2194 4441 2455 4494 nominum
2484 4436 2856 4494 Hebraicorutn
2881 4482 2895 4506 ,
2927 4450 2975 4493 et
3001 4441 3221 4493 aliorum
3249 4442 3407 4494 sacris
3434 4439 3615 4494 litteris

2044 4543 2413 4598 contentornm,
2440 4542 2491 4585 et
2520 4531 2733 4603 epistola
2761 4531 2828 4584 ad
2870 4528 3201 4584 Valerianum
3223 4530 3290 4585 de
3310 4542 3617 4598 con'emptu

376 4626 570 4677 veteris
599 4623 877 4693 cujusdam
911 4624 1212 4695 philosophi
1242 4666 1255 4689 ,
1301 4634 1402 4679 etc.
1447 4623 1681 4678 Benedd.
1718 4623 1769 4678 in
1799 4624 1936 4679 llist.
1972 4624 2021 4682 D
2048 4623 2259 4679 mundi:
2285 4640 2350 4678 es
2383 4622 2620 4678 editione
2646 4633 2697 4678 et
2720 4637 2842 4677 cum
2870 4620 3089 4677 scholiis
3107 4621 3363 4678 Desiderii
3390 4621 3615 4676 Erasnii.

378 4712 452 4766 lit.
479 4712 684 4769 Gallize.

445 4804 573 4858 Sine
624 4819 779 4857 anno.
816 4802 1033 4858 Parisiis
1078 4820 1165 4873 per
1209 4801 1481 4857 Claudium
1525 4804 1950 4869 Cheealloninm;

376 4894 542 4960 iii—8°,
567 4910 615 4951 ιι.
656 4894 828 4949 in-l‘2.
864 4895 1112 4950 Eucherii
1136 4894 1506 4964 Lugdunensis
1532 4895 1944 4964 archiepiscopi,

377 4980 643 5039 anulaa
670 4985 1023 5055 intelligentia:
1042 4984 1328 5055 spiritalis;
1352 4985 1471 5039 libri
1503 4987 1608 5040 dno
1640 4985 1945 5040 lnstrnctia-

376 5092 494 5128 nam
525 5091 665 5130 nunc
695 5079 921 5145 primum
948 5076 1111 5140 editi;
1144 5075 1363 5141 epistola
1392 5075 1708 5130 Parmnetica
1739 5078 1806 5129 ad
1848 5077 1944 5129 Va.

373 5168 622 5221 lerianum
663 5176 944 5235 cognatum
972 5182 1128 5222 suum
1158 5182 1276 5220 cum
1300 5165 1513 5220 scholiis
1539 5167 1793 5221 Desiderii
1819 5167 1948 5222 Era.

372 5259 472 5311 smi
493 5296 509 5322 ,
529 5256 588 5313 S.
619 5257 797 5313 Basilii
829 5258 1087 5327 episcopi,
1113 5258 1336 5327 episrola
1367 5258 1721 5312 consplatoria
1749 5260 1945 5313 adver-

371 5363 463 5404 sus
484 5351 668 5406 mundi
692 5350 1050 5416 incommoda,
1084 5366 1228 5405 nunc
1250 5351 1479 5417 primum
1504 5353 1679 5417 edita;
1706 5353 1947 5407 nonnihil

370 5440 439 5496 de
465 5441 648 5497 carnis
674 5441 1063 5496 resurrectione
1091 5455 1159 5495 ex
1185 5442 1411 5508 epistola
1440 5442 1504 5495 D.
1540 5442 1847 5513 Hieronymi
1879 5443 1944 5497 ad

372 5533 773 5606 Pammachium
800 5533 1061 5587 adversus
1082 5548 1295 5588 errores
1321 5535 1542 5589 Joannis
1564 5534 1946 5605 Hierosolymi-

370 5626 478 5678 tani
506 5642 521 5677 :
549 5624 731 5679 omnia
762 5625 903 5678 edita
942 5624 1121 5678 studio
1168 5623 1311 5677 Petri
1355 5624 1600 5679 Gerardi.
1643 5623 1758 5679 Cat.
1810 5626 1945 5679 Bibl.

372 5714 503 5788 Reg.
538 5714 707 5769 Paris.
738 5724 792 5769 et
822 5714 1001 5768 Baluz.
1029 5724 1067 5768 ι.
1098 5713 1142 5767 ll
1170 5729 1223 5781 p.
1250 5713 1376 5768 6H.

442 5806 679 5862 Tametsi
706 5807 821 5862 hinc
852 5806 1014 5863 editio
1038 5808 1161 5861 anni
1191 5816 1313 5861 uota
1337 5816 1547 5872 careat,
1575 5817 1750 5862 tamen
1779 5848 1792 5872 ,
1827 5825 1946 5862 cum

2047 4716 2169 4772 Cat.
2195 4714 2332 4770 Bibl.
2364 4713 2496 4784 Reg.
2530 4713 2649 4767 l‘ar.

2120 4806 2279 4862 1551.
2322 4802 2540 4859 anilew
2588 4806 2639 4858 in
2671 4805 2868 4874 ofﬁcina
2911 4801 3268 4868 Frobeniana;
3297 4804 3347 4855 in
3380 4802 3503 4871 fol°.
3558 4802 3616 4855 [ι.

2052 4898 2300 4954 Eucherii
2349 4895 2720 4961 Lugdunensis
2749 4896 2983 4966 episcopi
3015 4894 3237 4949 doetiss.
3271 4890 3620 4948 Lucubratio-

2051 5006 2146 5044 nes
2178 5006 2284 5042 non
2320 4990 2493 5041 minus
2522 4989 2621 5055 pia:
2657 5002 2816 5057 quam
2856 4985 3079 5049 erudita:
3105 5000 3231 5039 cura
3260 4999 3321 5037 ac
3358 4981 3621 5037 beneﬁcio

2053 5080 2274 5136 Joannis
2331 5078 2618 5133 Alexandri
2676 5077 2979 5133 Brassicani
3028 5077 3378 5142 jnreconsulti
3436 5090 3621 5130 recens

2054 5173 2233 5236 editm,
2258 5186 2480 5239 quarum
2509 5171 2623 5224 hcce
2648 5180 2729 5224 est
2751 5184 2989 5223 summa:
3014 5166 3079 5221 In
3108 5166 3339 5222 Genesim
3360 5167 3621 5222 Commen-

2053 5266 2303 5317 tariorum
2339 5264 2455 5316 libri
2496 5277 2591 5327 tu;
2641 5262 2695 5315 in
2728 5260 2885 5315 libros
2914 5260 3107 5333 Regum
3140 5260 3621 5315 Commentariorum

2051 5354 2169 5409 libri
2199 5372 2280 5421 tv;
2312 5353 2681 5408 Fornmlarum
2727 5354 3053 5420 Spiritalium
3100 5351 3225 5406 liber
3273 5369 3331 5417 ι,
3379 5362 3624 5406 accurate

2054 5448 2378 5517 recognitus.
2423 5444 2643 5515 adjectis
2692 5444 2757 5499 iis
2794 5444 3043 5498 omnibus
3092 5460 3208 5513 qua:
3256 5444 3307 5496 in
3352 5444 3623 5512 superiore

2049 5538 2287 5592 editione
2331 5552 2485 5605 quam
2519 5536 2745 5606 plurima
2783 5533 3257 5600 desiderabantur;
3313 5534 3626 5599 Qua’sliones

2048 5630 2101 5682 in
2128 5639 2264 5682 vetus
2287 5637 2333 5679 et
2364 5644 2543 5680 novum
2574 5625 2990 5689 Testamentum;
3018 5624 3072 5681 N
3077 5627 3303 5679 ominum
3336 5624 3619 5679 Ilebraico-

2050 5735 2163 5772 rum
2193 5733 2256 5771 ac
2279 5718 2504 5772 aliorum
2533 5718 2691 5772 etiam
2719 5759 2734 5784 ,
2767 5734 2884 5787 qure
2916 5719 2968 5771 in
2999 5719 3167 5772 sacris
3197 5719 3387 5771 litteris
3418 5718 3620 5770 haben-

2051 5818 2157 5876 tur,
2185 5807 2578 5877 lntcrprctatio;
2614 5810 2823 5877 epistola
2852 5808 3167 5864 Parrunetica
3198 5810 3264 5862 ad
3302 5808 3625 5862 Valerianum
