3916 6178
222 462 321 518 691

1125 444 1185 504 S.
1229 435 1618 497 EUCllERlL'S
1660 430 2027 487 Εῑιδαοίιυδ
2070 429 2571 487 ιυυῡωςεχδιε.

3375 430 3479 484 692

214 591 498 652 εοεηαωιη
520 588 698 635 suum,
721 570 790 627 de
812 575 1122 632 contemptu
1152 556 1338 616 mundi
1364 595 1382 623 ,
1413 547 1796 652 cttm'scl'rtiliis
1822 550 1875 607 Α
1903 555 1959 599 ut
1988 546 2149 601 etiam
2197 548 2579 617 brnignitatem
2613 548 2844 602 hominis
2875 546 3070 604 eruditi
3099 563 3161 604 ac
3186 548 3479 605 candorem

218 632 518 720 inclitam
548 632 920 714 Roterodami.
951 649 1005 704 lu
1040 648 1183 702 line:
1230 641 1358 696 Bas.
1402 642 1455 694 in
1501 636 1596 706 off.
1630 632 1792 687 Frob.

217 774 307 827 per
334 754 702 823 Hieronymum
733 744 1048 801 Frobenium
1073 750 1120 794 et
1140 738 1418 794 Nicolaum
1436 728 1794 827 AEpiscopiurn,

216 825 387 907 mense
415 852 645 919 Augusto
666 846 683 905 (
694 842 746 896 in
775 838 929 894 titulo
952 850 1122 889 mense
1147 825 1451 903 Septembri)
1474 840 1532 879 ιι.
1565 839 1615 877 n.
1642 832 1795 919 xxx‘t.

294 943 365 995 De
419 909 628 993 cdnore
678 934 888 989 Joanne
941 924 1249 983 Alexandro
1300 917 1625 974 Brassicano
1677 909 1801 963 vide

222 1049 341 1101 qme
390 1031 526 1085 inira
553 1025 622 1081 ad
672 1022 986 1081 Salvianum
1018 1017 1373 1086 disputamus.
1406 1004 1682 1101 inscripsit
1712 1001 1802 1101 ille

225 1122 457 1191 primum
485 1131 621 1189 opus
639 1115 816 1172 eidem
843 1154 859 1181 ,
883 1111 970 1166 cui
995 1108 1309 1165 Salvianum
1334 1094 1665 1167 nuncupavit
1690 1091 1805 1158 epi-

226 1189 392 1281 scnpo
428 1206 749 1279 Augustensi
771 1200 1160 1271 Christophoro
1182 1213 1209 1250 a
1234 1194 1485 1251 Stadion.
1524 1189 1689 1281 Plena
1723 1194 1805 1238 est

227 1280 456 1371 epistola
496 1302 645 1375 (data
699 1299 917 1353 Vienna)
960 1291 1189 1349 Austris:
1218 1302 1286 1342 ex
1326 1285 1475 1351 regio
1498 1280 1724 1344 collegio
1747 1290 1800 1375 a.

234 1366 373 1454 1350
396 1436 410 1461 ,
443 1366 642 1448 mensis
672 1388 985 1446 Decembris
1014 1385 1102 1439 die
1126 1382 1219 1448 ‘20)
1243 1378 1491 1434 laudibus
1517 1366 1763 1427 Eucherii
1788 1408 1804 1434 ,

232 1490 326 1543 sed
368 1490 435 1542 ad
475 1500 588 1539 rem
628 1490 947 1553 pmsentem
987 1489 1171 1547 parum
1204 1470 1349 1527 facit.
1400 1470 1644 1521 Alterum
1674 1474 1810 1530 opus

233 1581 376 1649 quod
404 1551 657 1649 peculiari
690 1572 849 1629 titulo
872 1569 1069 1641 gaudet
1091 1611 1104 1631 ,
1128 1576 1181 1621 et
1204 1562 1418 1618 tertium
1443 1554 1688 1625 epistolis
1713 1551 1810 1605 ibi-

235 1648 355 1726 dem
384 1648 680 1736 eodemque
702 1678 845 1719 anno
870 1673 924 1717 et
953 1673 1137 1716 mense
1162 1652 1397 1711 exaratis
1420 1692 1434 1716 ,
1476 1648 1648 1703 dicata
1690 1651 1814 1698 sunt

241 1766 300 1817 υ.
333 1762 468 1818 lano
516 1775 543 1813 a
585 1758 810 1821 Sivolla,
858 1754 1022 1824 equiti
1068 1761 1122 1805 et
1162 1742 1570 1818 iurisconsulto.
1623 1739 1681 1792 In
1731 1736 1813 1789 his

1901 639 2147 695 laudibus
2176 641 2482 696 vehendum
2530 642 2831 698 existimem
2856 685 2871 710 ,
2928 644 3015 713 qui
3049 642 3304 698 studiosis
3328 646 3482 700 exhi-

1900 735 2030 791 bere
2051 736 2243 791 maluit
2263 736 2315 791 id
2337 737 2477 807 quod
2500 736 2841 791 commodum
2870 738 3217 807 acquisierat,
3241 754 3397 809 quam
3428 752 3487 795 ut

1902 834 2178 894 pateretur
2201 827 2305 883 hoc
2332 828 2675 884 intercidere.
2702 829 2811 883 Nos
2835 838 3011 883 autem
3043 830 3294 898 exemplo
3321 840 3377 885 et
3404 830 3485 885 in-

1902 925 2056 987 tegro
2082 927 2139 974 et
2166 919 2382 990 egregie
2410 920 2627 976 sincero
2668 920 2747 978 usi
2777 962 2792 987 ,
2838 922 2981 991 quod
3013 922 3168 978 nobis
3211 936 3332 978 cum
3378 924 3489 992 ple~

1901 1011 2085 1080 risque
2115 1011 2235 1065 aliis
2278 1026 2430 1082 seque
2460 1012 2616 1067 bonis
2665 1014 2975 1069 auctoribus
3000 1012 3350 1070 Revercndus
3398 1032 3489 1083 pa-

1906 1110 2031 1169 ter,
2087 1102 2347 1159 Dominus
2392 1105 2628 1162 Joannes
2675 1106 3039 1161 liartmannus
3085 1107 3250 1162 abbas
3278 1107 3490 1165 Sancta:

1904 1191 2095 1250 Crucis
2141 1194 2195 1250 in
2224 1197 2460 1264 Austris,
2485 1198 2565 1251 vir
2594 1208 2648 1253 et
2677 1199 2977 1254 studiorum
3026 1207 3083 1255 et
3122 1202 3485 1256 studiosorum

1907 1288 2097 1343 unietts
2149 1296 2427 1356 patronus,
2481 1306 2657 1345 meum
2710 1302 2889 1346 autem
2949 1294 3275 1362 prtecipuum
3327 1296 3489 1351 decus

1907 1387 1963 1437 et
1988 1379 2322 1450 prtesidium,
2352 1380 2585 1436 libenter
2627 1392 2681 1438 et
2717 1397 2785 1438 ex
2814 1383 2997 1438 animo
3036 1387 3447 1442 communicavit
3477 1403 3494 1451 ;

1914 1472 2147 1542 primum
2199 1472 2251 1527 id
2282 1473 2424 1543 quod
2455 1476 2643 1529 deerat
2684 1475 2982 1543 adjecimus
3009 1517 3025 1542 ,
3077 1485 3134 1532 et
3161 1493 3279 1547 qua:
3308 1477 3495 1547 depra-

1913 1576 2036 1621 vata
2088 1566 2300 1621 fuerant
2348 1567 2600 1638 religiOse
2640 1571 3052 1640 castigavimus;
3103 1573 3242 1641 quod
3293 1585 3346 1626 ut
3383 1585 3499 1627 stne

1915 1656 2053 1713 diosi
2100 1657 2307 1726 planius
2378 1671 2745 1728 cognoscant,
2796 1661 3075 1730 subjiciam
3129 1664 3233 1717 duo
3292 1672 3495 1717 tantum

1914 1748 2184 1818 exempla,
2231 1764 2297 1803 ex
2341 1750 2533 1819 quibus
2564 1750 2765 1821 reliqua
2795 1750 2971 1817 facile,
2999 1763 3265 1823 tamquam
3290 1756 3498 1808 leonem

236 1854 465 1925 Ιυειιηάίι
497 1858 624 1907 δυηῑ
650 1857 704 1904 ει
726 1855 1023 1902 ιηθηιοτθιυ
1053 1855 1157 1896 "0"
1192 1837 1405 1906 ίιιάίεηθ
1432 1830 1639 1925 quaid"
1668 1827 1816 1881 νπίυ
1852 1914 1893 1925 _
1917 1858 1985 1899 ex
2035 1844 2302 1913 unguibus
2351 1843 2621 1900 :estimare
2668 1845 2894 1915 possint.
2946 1846 3184 1901 Primum
3229 1856 3388 1917 caput
3433 1847 3504 1903 de

242 1950 498 2004 librorum
521 1949 859 1998 vetustorum
894 1937 1032 1991 intra
1055 1944 1110 1989 et
1131 1945 1280 1987 extra
1303 1928 1488 1983 urbem
1524 1922 1780 1978 Viennam
1805 1959 1819 1984 ,

1951 1934 2124 1989 Iivinis
2152 1934 2457 1988 nominibus
2480 1976 2496 2001 ,
2526 1914 2685 2005 quod
2701 1946 2871 1991 totum
2901 1914 3347 2004 desiderabatur,
3390 1938 3502 2008 jam

244 2046 369 2097 dum
399 2056 430 2094 a
458 2035 644 2094 Turcis
665 2034 883 2089 obsessa
905 2038 1050 2086 esset
1074 2070 1088 2097 ,
1122 2028 1230 2081 lato
1268 2021 1519 2094 aspersit.
1541 2014 1820 2087 Depra-di-

240 2150 371 2191 cans
431 2131 639 2188 scilicet
694 2127 929 2183 divinam
987 2137 1171 2177 curam
1224 2122 1383 2188 atque
1434 2112 1823 2185 providentiam

241 2235 438 2288 uuanta
466 2223 536 2277 sit
549 2225 602 2276 in
619 2214 1006 2275 conservandis
1019 2224 1259 2269 veterum
1282 2217 1585 2272 auctorum,
1604 2217 1827 2274 praeser-

246 2324 340 2376 tim
370 2321 439 2377 iis
470 2360 486 2385 ,
511 2334 631 2389 quas
662 2329 810 2371 sacra
840 2320 1095 2369 enarrant
1119 2351 1135 2375 ,
1164 2305 1379 2376 scriptis
1409 2344 1424 2371 ,
1456 2304 1523 2358 de
1557 2300 1825 2357 Eucherio

247 2410 554 2481 exemplum
607 2407 771 2477 capit.
820 2423 843 2458 ι
903 2404 1031 2458 Nam
1081 2414 1225 2455 anno
1275 2396 1575 2466 superiore,
1629 2391 1823 2460 inquit,

248 2523 371 2562 ctnn
388 2485 760 2561 humanissimi
784 2498 978 2555 ’ἴω-(ξω
1002 2494 1263 2552 Viennam
1291 2490 1524 2546 inaudita
1547 2485 1827 2542 obsidione

253 2605 560 2667 premerent
583 2636 598 2660 .
630 2602 686 2648 et
711 2590 890 2647 omnia
917 2584 1263 2656 circumiecta
1291 2624 1305 2649 ,
1336 2582 1589 2637 nimirum
1626 2579 1788 2633 urbes
1813 2617 1828 2641 ,

251 2705 403 2746 arces
426 2730 443 2757 ,
470 2684 715 2743 cmnohia
735 2728 749 2753 ,
774 2684 930 2738 villas
956 2724 971 2747 ,
995 2694 1187 2752 pagos,
1213 2694 1371 2749 agros
1388 2721 1403 2746 ,
1432 2677 1617 2730 vincas
1637 2715 1652 2737 ,
1686 2670 1832 2725 l‘erro

252 2793 306 2839 et
333 2783 456 2854 igne
486 2789 801 2845 vastarent,
851 2783 1204 2832 excusserant
1250 2769 1412 2826 etiam
1444 2768 1646 2837 regium
1688 2764 1787 2818 hoc
1815 2802 1831 2827 ,

255 2876 477 2931 instituti
507 2872 617 2928 divi
662 2867 919 2925 Bcrnardi
947 2864 1248 2922 cmnohium
1277 2904 1291 2928 ,
1341 2859 1482 2932 quod
1513 2858 1579 2912 ad
1605 2856 1667 2913 S.
1700 2855 1835 2910 Cru-

254 2984 371 3024 cem
428 2968 555 3023 divo
612 2963 888 3033 Leopoldo
944 2957 1221 3015 archiduci
1284 2951 1515 3009 Ausuian
1566 2949 1837 3020 appellare

257 3060 485 3129 placuit;
530 3065 735 3112 etcum
780 3053 882 3107 hoc
907 3052 979 3106 ita
1008 3048 1220 3106 miseris
1258 3045 1432 3102 modis
1479 3042 1834 3111 accepissent,

260 3162 315 3203 ut
338 3150 449 3217 jam
479 3146 785 3203 ccenohium
811 3150 1141 3212 quaereretur
1165 3140 1218 3193 in
1249 3136 1499 3193 cmnohio
1522 3178 1538 3204 ,
1570 3135 1733 3188 libros
1762 3140 1838 3183 ta-

264 3258 387 3298 men
417 3252 607 3294 omnes
626 3248 680 3292 et
701 3244 932 3301 veteres,
959 3245 1009 3289 et
1031 3231 1207 3301 adhuc
1228 3230 1444 3285 minime
1463 3228 1734 3298 vulgatos,
1758 3226 1840 3278 in-

1927 2043 1991 2081 ex
2026 2027 2191 2082 veteri
2235 2042 2408 2098 neque
2437 2026 2625 2083 minus
2664 2029 2879 2085 sincero
2906 2031 3152 2100 exemplo
3210 2032 3506 2100 repositum

1929 2128 2029 2175 est.
2080 2120 2197 2176 Jam
2245 2120 2390 2176 enim
2437 2121 2678 2176 consulta
2707 2136 2871 2190 opera
2913 2121 3264 2191 prtetermitto
3307 2135 3506 2192 quanta

1930 2211 2067 2265 facta
2097 2212 2167 2265 sit
2195 2212 2247 2266 in
2276 2212 2522 2267 omnibus
2544 2212 2806 2283 capitibus
2832 2214 3091 2270 accessio.
3118 2214 3172 2267 ln
3199 2232 3288 2280 [ιι-ςι
3310 2214 3511 2269 ratione

1932 2304 2182 2359 Eucherii
2204 2305 2281 2360 sic
2298 2304 2520 2375 legitur:
2545 2306 2699 2376 Atqui
2719 2306 2998 2359 secundum
3019 2305 3315 2377 allegoriam
3342 2308 3513 2377 bapti-

1931 2413 2093 2465 smus,
2122 2398 2404 2451 secundum
2428 2413 2692 2469 anagogen
2715 2397 2920 2469 angeli;
2944 2412 3065 2453 cum
3096 2398 3167 2465 sit
3194 2398 3511 2466 legendum:

1934 2490 2094 2561 Aqua:
2122 2491 2398 2545 secundum
2420 2490 2721 2561 allegoriam
2749 2491 3045 2557 baptismus,
3076 2492 3355 2545 secundum
3381 2508 3516 2542 ana-

1934 2600 2097 2655 gogen
2122 2583 2292 2654 angeli
2310 2598 2331 2649 ;
2352 2581 2491 2638 unde
2512 2591 2594 2636 cst
2616 2581 2766 2648 illud,
2799 2581 2861 2637 Et
2881 2596 3030 2652 aqua:
3053 2596 3170 2653 quae
3191 2582 3517 2653 superantes

1934 2653 2073 2737 sunt,
2101 2653 2311 2729 laudent
2338 2690 2521 2728 nomen
2545 2674 2753 2729 Domini
2789 2683 2842 2727 et
2866 2680 3081 2728 cmtera.
3132 2670 3245 2726 Non
3268 2672 3516 2740 equidem
3546 2653 3563 2665 ’

1938 2766 2173 2832 invideo,
2208 2767 2254 2821 si
2284 2766 2404 2836 quis
2434 2775 2645 2821 veteres
2668 2765 2959 2835 scriptores
2986 2765 3037 2818 in
3064 2762 3235 2819 lucem
3262 2763 3516 2832 proferat,

1939 2858 2106 2915 miror
2149 2867 2327 2913 autem
2377 2857 2548 2928 magis
2598 2857 2645 2913 si
2694 2855 2813 2927 quis
2844 2856 2896 2911 in
2928 2855 2993 2911 iis
3035 2855 3293 2927 castigate
3320 2854 3518 2922 depro-

1940 2950 2151 3007 mendis
2198 2966 2413 3006 omnem
2464 2964 2684 3020 operam
2732 2964 2884 3004 suam
2936 2948 3188 3004 collocat.
3250 2966 3269 3000 ο
3301 2948 3520 3001 Sextum

1941 3043 2254 3113 opusculum
2280 3081 2297 3108 ,
2345 3043 2563 3114 epistola
2592 3041 2803 3096 scilicet
2835 3039 3156 3095 Paraznetica
3184 3040 3251 3092 ad
3287 3036 3523 3093 Valeria-

1941 3150 2095 3200 num,
2148 3150 2217 3191 ex
2276 3132 2481 3189 Erasmi
2536 3130 2770 3186 editione
2799 3129 3127 3200 descriptum
3173 3138 3279 3194 est,
3331 3127 3526 3182 additis

1945 3227 2167 3282 scholiis
2191 3225 2307 3296 ejus
2332 3234 2389 3282 et
2415 3223 2641 3294 epistola
2664 3223 2731 3278 ad
2762 3223 3040 3277 Alardum.
3097 3222 3361 3277 Caeterum
3392 3220 3527 3275 Fro-

263 3338 581 3397 corruptos,
614 3336 664 3382 et
692 3341 758 3382 ex
790 3324 934 3380 nulla
964 3333 1114 3393 parte
1155 3322 1459 3376 deminutus
1490 3319 1841 3387 reliquerunt.
1871 3292 1917 3356 (ἶ
1949 3317 2095 3373 benii
2150 3292 2368 3387 operam
2418 3292 2705 3379 dederunt,
2763 3306 2819 3367 ut
2860 3322 2964 3366 tam
3018 3311 3321 3381 commode,
3365 3326 3525 3381 quam

267 3423 341 3477 lta
373 3431 431 3476 ut
456 3420 595 3490 ignis
625 3418 688 3473 iis
720 3431 823 3473 non
851 3415 1007 3470 aliter
1037 3415 1342 3483 pepercisse
1372 3411 1617 3467 videatur
1637 3451 1651 3476 ,
1683 3424 1844 3477 quam

271 3512 456 3570 zEuere
488 3509 770 3567 Anchisem
795 3516 1000 3579 patrem
1031 3506 1267 3560 humeris
1295 3503 1567 3570 ell'erenti,
1585 3518 1681 3556 nec
1700 3501 1849 3555 llam-

272 3619 477 3661 marum
500 3604 600 3668 vis,
617 3616 715 3656 nec
729 3599 959 3655 hostium
977 3596 1158 3652 inlelix
1178 3608 1432 3651 occursus
1446 3593 1638 3649 obesse
1658 3591 1846 3661 potuit,

268 3708 361 3753 aut
386 3696 566 3753 Etuta
605 3693 909 3751 incendium
954 3690 1068 3761 pios
1099 3689 1220 3744 illos
1256 3688 1625 3743 adolescentes
1660 3699 1852 3753 paren-

272 3806 381 3846 tnm
412 3804 629 3845 suorum
661 3789 829 3844 latera
856 3784 1169 3842 claudentes
1190 3823 1207 3851 ,
1240 3784 1417 3839 salvos
1461 3797 1525 3837 ac
1554 3782 1851 3836 incolumes

271 3886 422 3940 abire
455 3881 716 3954 permisit.
747 3878 996 3949 Pepercit
1039 3878 1201 3949 igitur
1244 3874 1549 3931 incendium
1579 3874 1680 3927 hoc
1706 3883 1853 3926 atro-

270 3977 550 4031 cissimum
607 3971 905 4037 Eucherio;
944 3980 997 4025 et
1022 3971 1090 4023 ab
1137 3984 1202 4023 eo
1241 3968 1391 4023 libris
1422 3968 1580 4021 isthic
1606 3965 1854 4020 omnibus

272 4082 434 4121 omne
454 4064 544 4136 jus
572 4063 697 4118 belli
720 4061 913 4116 Turcm
940 4060 1334 4115 abstinuerunt.
1364 4057 1497 4112 Cum
1530 4058 1730 4112 interea
1761 4070 1857 4109 no-

276 4160 373 4214 stri
402 4160 615 4222 milites,
643 4156 780 4209 intra
806 4152 1027 4218 mtenia,
1059 4151 1226 4205 libros
1253 4165 1441 4205 omnes
1464 4148 1853 4217 discerperent,

276 4251 455 4307 omnia
484 4248 751 4304 volumina
782 4250 1218 4315 corrumperent,
1251 4243 1321 4297 ita
1368 4250 1431 4297 ut
1456 4242 1542 4296 vix
1572 4257 1599 4293 ει
1632 4238 1857 4309 publicis

277 4343 440 4399 etlam
480 4340 825 4396 bibliothecis
865 4335 1182 4415 diripiendis
1228 4343 1318 4388 aut
1350 4332 1398 4387 vi
1428 4330 1721 4402 prohibiti,
1767 4338 1862 4383 aut

280 4435 596 4492 auctoritate
618 4432 851 4489 submoti
874 4430 1093 4485 fuerint.
1123 4427 1307 4495 Vides,
1340 4426 1544 4496 optime
1564 4426 1667 4491 vir,
1699 4439 1857 4495 quam

1951 3409 2278 3473 luculenter,
2312 3407 2451 3480 typis
2478 3407 2580 3461 hoc
2610 3406 2857 3460 volumen
2885 3413 3220 3458 cxararetur.

2023 3499 2181 3557 l5“.
2206 3498 2447 3569 Lugduni
2470 3498 2608 3571 apud
2639 3497 2842 3552 Sebasl.
2872 3494 3198 3567 Gryphium;
3226 3493 3395 3547 its-8°.
3423 3492 3529 3546 Eu-

1950 3590 2116 3647 cherii
2138 3587 2356 3663 epistola
2374 3587 2442 3641 ad
2475 3587 2807 3643 Valerianum
2831 3595 3110 3656 cognatum
3132 3585 3199 3640 de
3220 3595 3531 3653 contemptu

1952 3684 2154 3739 mundi.
2190 3680 2428 3737 Benedd.
2457 3680 2512 3734 in
2544 3680 2679 3734 llist.
2717 3679 2797 3731 lit.
2831 3676 3037 3732 Gallias.

2026 3774 2183 3830 1564.
2236 3772 2412 3826 Roma:
2440 3773 2579 3840 apud
2613 3768 2834 3822 Paulum
2866 3767 3155 3821 .llanutium
3181 3783 3199 3833 ;
3226 3766 3433 3837 in-fol0.
3468 3765 3533 3821 Ι).

1956 3865 2209 3921 Eucherii
2237 3861 2476 3933 episcopi
2499 3860 2868 3932 Lugdunensis
2889 3860 3063 3928 Opem
3092 3902 3107 3925 ,
3150 3875 3244 3913 seu
3269 3860 3536 3913 Commen-

1955 3958 2075 4011 tarii
2104 3957 2157 4010 in
2181 3955 2416 4010 Genesim
2448 3965 2494 4007 et
2515 3956 2567 4007 in
2595 3954 2750 4005 libros
2781 3951 2978 4024 Regum
3002 3994 3015 4015 ,
3048 3960 3179 4015 etc.,
3207 3966 3269 4006 ex
3299 3951 3539 4006 editione

1957 4050 2098 4104 Petri
2129 4048 2406 4105 Galesinii.
2438 4043 2554 4102 Cat.
2589 4046 2727 4100 Βὼι.
2753 4045 2881 4113 Reg.
2911 4044 3081 4099 Paris.
3110 4054 3164 4098 et
3192 4043 3384 4098 Pineli.
3422 4043 3541 4098 Uti-

1958 4159 2079 4196 nam
2108 4156 2237 4197 vero
2264 4140 2475 4195 titulum
2505 4140 2768 4207 integrum
2799 4136 3143 4206 proferrent!

2033 4236 2188 4291 l57l.
2215 4234 2441 4289 Colonia:
2460 4235 2586 4305 Agr.
2620 4232 2759 4301 apud
2786 4230 3066 4285 Geminum
3089 4227 3337 4284 Calenum
3360 4238 3406 4282 et
3434 4232 3544 4285 htt-

1960 4328 2108 4382 redes
2158 4326 2495 4391 Quentelios;
2527 4324 2733 4394 in-[ol°.
2788 4322 3099 4392 Martyrium
3146 4321 3544 4389 fortissimorum

1960 4430 2246 4490 martyrum
2271 4417 2509 4471 Mauricii
2531 4426 2582 4469 et
2604 4415 2861 4469 sociorum
2886 4417 2995 4485 ejus
3015 4414 3082 4468 ab
3111 4413 3377 4467 Eucherio
3406 4414 3548 4479 Lug-

281 4532 439 4585 nnico
461 4527 679 4583 nomine
702 4532 908 4578 tantum
933 4538 1038 4581 non
1061 4522 1222 4577 etiam
1248 4518 1490 4578 moribus
1511 4533 1538 4571 a
1561 4516 1755 4573 Turcis
1779 4515 1863 4569 ιω
1964 4511 2191 4566 dunensi
2224 4511 2611 4577 conscriptum,
2639 4507 2914 4577 prmmissa
2942 4505 3059 4576 ejus
3085 4506 3302 4575 epistola
3326 4510 3394 4559 ad
3420 4506 3517 4573 Syl
3535 4535 3550 4545 -

283 4623 471 4678 bellum
517 4617 790 4674 din‘erunt.
843 4614 1002 4673 Certe
1052 4629 1158 4669 non
1190 4613 1365 4668 minus
1394 4610 1614 4683 periculi
1646 4608 1746 4663 luit
1796 4608 1864 4662 ah

284 4709 536 4784 imposito
592 4707 866 4779 praesidio,
913 4718 1072 4773 quam
1121 4703 1190 4757 ab
1215 4711 1440 4759 externo
1466 4710 1521 4756 et
1552 4716 1618 4755 eo
1647 4700 1862 4770 quidem

288 4802 745 4876 perniciosissimo
777 4800 951 4853 hoste.
989 4815 1009 4851 ι
1044 4797 1217 4867 Atque
1247 4798 1361 4850 haec
1389 4795 1565 4865 priora
1594 4795 1703 4859 duo
1734 4808 1868 4862 opu-

287 4900 435 4954 acula
464 4898 577 4964 ipse
609 4893 810 4964 primus
837 4889 1184 4951 Brassicanus
1210 4902 1279 4944 ex
1312 4886 1509 4942 laudati
1554 4885 1868 4942 monasterii

289 4987 617 5047 membranis
659 4983 932 5041 chartisve
959 4981 1245 5055 produxit;
1292 4978 1532 5045 tertium,
1581 4989 1737 5048 prout
1766 4978 1871 5034 l'ert

289 5086 405 5152 ipse
431 5083 615 5141 titulus
640 5121 656 5145 ,
686 5078 866 5134 denuo
890 5076 955 5131 ad
990 5075 1410 5144 manuscriptum
1435 5073 1708 5142 exemplar
1728 5071 1871 5141 ejus-

291 5178 414 5231 dem
461 5171 771 5229 monasterii
821 5168 1151 5239 recognovit.
1195 5167 1309 5234 Qua
1358 5166 1425 5221 de
1467 5179 1632 5235 Opera
1667 5179 1761 5217 sua
1802 5162 1868 5217 ad

290 5266 536 5323 eumdem
594 5265 787 5321 Janum
834 5277 862 5315 a
910 5259 1115 5320 Sivolla
1161 5260 1233 5313 ita
1263 5259 1526 5329 loquitur:
1563 5274 1583 5307 ι
1618 5254 1873 5312 Oculatus

295 5363 409 5427 ipse
440 5359 567 5414 mihi
597 5359 749 5414 testis
789 5372 870 5421 es,
907 5354 979 5413 mi
1009 5352 1142 5409 lane
1168 5395 1183 5419 ,
1216 5359 1473 5422 quantum
1516 5348 1643 5403 mihi
1676 5346 1876 5401 laboris

296 5450 746 5513 exhauriendum,
764 5449 953 5514 immo,
970 5457 1026 5501 ut
1048 5444 1431 5510 vcriusdicam,
1448 5452 1707 5513 quantum
1733 5437 1875 5493 tedii

299 5542 692 5603 rxsorbendum
740 5540 902 5597 fuerit
953 5542 1004 5594 in
1043 5537 1393 5593 restituendis
1429 5551 1493 5592 ac
1523 5534 1878 5605 repurgandis

301 5632 550 5689 Eucherii
577 5631 922 5702 Splritalihus
948 5631 1056 5686 illis
1081 5628 1371 5686 Formulis.
1410 5628 1544 5684 Nam
1574 5626 1880 5696 exemplum

302 5740 493 5784 recens
534 5724 735 5782 editum
784 5741 891 5781 non
920 5734 1125 5781 tantum
1169 5725 1441 5789 mutilum,
1489 5738 1674 5777 verum
1721 5722 1882 5778 etiam

302 5822 504 5881 eximie
551 5817 865 5875 mendosum
912 5818 1030 5874 luit.
1060 5818 1227 5887 Cujus
1270 5819 1347 5873 rei
1396 5817 1649 5883 culpam,
1679 5824 1882 5870 tantum

309 5922 456 5973 abest
479 5955 493 5984 ,
528 5926 586 5971 ut
617 5912 691 5966 illi
722 5910 975 5980 imputem
1007 5912 1097 5979 qui
1129 5911 1354 5979 primum
1387 5910 1540 5966 nobis
1570 5909 1669 5965 hoc
1703 5909 1883 5976 dedit,

1965 4606 2101 4658 vium
2134 4603 2258 4675 (sic)
2284 4602 2630 4672 episcopum;
2680 4600 2731 4653 in
2762 4610 2905 4663 torno
2934 4598 2975 4653 V
3008 4597 3244 4652 Vitarum
3276 4597 3371 4652 SS.
3404 4595 3555 4650 Lau-

1893 4664 1943 4724 θ
1970 4664 2292 4753 rentii‘Surii
2320 4664 2483 4765 pagg:
2505 4664 2769 4749 5257-550.

2041 4789 2197 4845 1578.
2237 4786 2456 4843 Parisiis
2475 4783 2617 4854 apud
2637 4782 2908 4854 lEgidinm
2949 4780 3235 4836 Corbinum
3275 4778 3366 4832 sub
3403 4779 3557 4847 signa

1971 4881 2127 4951 Spei;
2156 4881 2219 4931 in-
2236 4878 2312 4933 8°.
2337 4875 2394 4931 S.
2430 4875 2726 4931 Eucherius
2751 4876 3036 4944 episcopus
3070 4869 3437 4941 Lugdunensis
3482 4870 3556 4924 ad

1974 4973 2231 5028 Hilarium
2271 4971 2641 5027 Arelatensem
2681 4969 2745 5023 de
2780 4967 2959 5022 Laude
3000 4965 3198 5032 Eremi,
3227 4981 3259 5020 e
3289 4964 3561 5019 Lirinensi

1977 5065 2313 5122 Bibliotheca
2372 5080 2516 5119 nunc
2572 5064 2802 5131 primum
2861 5058 3561 5130 productus;cumllilarii

1982 5158 2315 5215 Arelatensis
2345 5157 2601 5211 Oratione
2621 5154 2853 5211 Funebri
2880 5154 2946 5209 de
2969 5154 3025 5208 S.
3054 5152 3347 5206 llonorato.
3364 5152 3563 5207 Cinelli

1984 5253 2119 5308 Bibl.
2142 5252 2368 5307 Volante
2397 5250 2511 5316 ι.11,
2554 5266 2602 5316 p.
2633 5248 2761 5303 9.65.

2056 5344 2261 5400 Dicitur
2278 5345 2393 5398 haec
2419 5341 2584 5397 editio
2605 5340 2917 5410 plerumque
2933 5337 3162 5395 Gilherti
3188 5334 3517 5392 Genehrardi
3542 5351 3561 5398 ;

1984 5439 2080 5495 sed
2110 5437 2489 5495 Genebrardus
2510 5433 3130 5506 qutidemdedicationem
3148 5430 3396 5499 praefixit,
3422 5444 3565 5497 pra;-

1988 5531 2245 5587 l’ationem
2302 5540 2479 5585 autem
2529 5526 2749 5597 scripsit
2800 5524 3087 5595 Dionysius
3118 5522 3469 5581 Faucherius,
3498 5532 3565 5572 ac

1985 5623 2207 5682 memini
2234 5621 2479 5678 eamdem
2497 5632 2741 5674 recusam
2771 5624 2892 5672 esse
2925 5618 2975 5669 in
3006 5611 3443 5682 Chronographia
3473 5609 3568 5663 Li-

1988 5716 2212 5777 rinensi,
2239 5714 2307 5768 de
2336 5709 2632 5779 exemplari
2666 5720 2862 5771 tamen,
2893 5705 3038 5761 unde
3065 5706 3255 5761 edatur
3296 5704 3383 5758 hic
3410 5700 3569 5756 libel-

1989 5812 2092 5870 lus,
2129 5808 2294 5863 altum
2326 5807 2377 5861 iu
2403 5820 2464 5859 ea
2488 5815 2568 5859 est
2594 5802 2887 5857 silentium.
2924 5800 2996 5853 De
3015 5798 3156 5861 aliis,
3182 5812 3304 5867 qua:
3326 5797 3429 5849 hoc
3473 5810 3572 5843 vo-

1990 5905 2171 5962 lutuen
2209 5900 2605 5973 couiplccutur,
2637 5894 2754 5954 vide
2785 5892 2851 5951 ad
2882 5890 3143 5950 ililariurn
3174 5890 3567 5948 Arelatensem.
