3932 6170
300 407 399 463 697

1675 405 2181 464 Ρηοιεςοηεκλ
2193 451 2206 465 .

3452 424 3556 481 698

296 518 638 590 philosophia
678 515 959 589 propinane
987 516 1018 571 ὲ
1048 517 1180 572 Dieu
1208 525 1262 572 et
1293 517 1323 572 s
1363 516 1559 574 l'étude
1598 517 1696 574 des
1729 522 1874 574 sain—
1904 531 1946 584 Α
1980 523 2061 579 8’.
2095 525 2295 580 Eadem
2321 533 2677 595 transportata
2709 526 2795 584 dal
2821 525 3014 584 Latino
3035 530 3100 585 da
3126 531 3190 586 D.
3213 533 3407 590 Carolo
3433 537 3558 592 Gia-

293 622 406 667 ctes
437 612 645 676 lettres,
663 610 929 664 traduicte
950 626 1015 663 en
1049 625 1175 664 vers
1204 610 1458 676 franqois,
1489 626 1618 665 avec
1648 623 1874 665 annota-

293 709 456 774 tionc,
489 723 588 777 par
615 707 959 778 Btrptolemy
990 708 1196 760 Aneau.
1227 708 1342 762 Cat.
1381 708 1521 762 Bibl.
1570 710 1701 777 Reg.
1748 709 1871 764 Par.

360 797 521 853 1859.
559 798 700 868 Lyon
731 814 750 862 ;
781 797 942 850 iit-8".
977 797 1176 851 Eadem
1201 806 1257 851 et
1279 799 1496 866 epistola
1515 800 1583 851 ad
1614 798 1876 851 Hilarium

289 892 356 944 de
384 891 650 944 Laudibus
676 889 873 954 Eremi,
896 905 1169 960 anonymo
1201 891 1497 960 interprete
1527 890 1604 962 (a)
1632 893 1684 944 in
1736 891 1875 945 libro

285 983 504 1048 gallieo,
519 981 602 1036 cui
628 983 816 1036 titulus
840 1000 853 1034 :
882 981 960 1036 La
983 982 1221 1037 Solitude
1250 983 1573 1038 Cltrétienne.
1599 985 1660 1039 Τ.
1685 985 1724 1051 l,
1753 999 1872 1053 pag.

293 1074 395 1130 l3'l
424 1089 508 1144 sq.
540 1074 724 1128 Tertia
759 1074 916 1142 hujus
942 1075 1121 1141 cperis
1150 1074 1318 1128 editio
1345 1090 1400 1129 a.
1431 1075 1568 1130 1662
1604 1085 1819 1129 notatur
1843 1089 1873 1128 a

287 1167 527 1220 Benedd.
561 1167 615 1220 in
647 1167 782 1221 llist.
812 1168 847 1220 Ι.
883 1167 1092 1222 Gallias.

358 1257 518 1310 1672.
563 1255 736 1322 Paris,
778 1257 900 1310 cites
951 1255 1130 1310 Pierre
1168 1257 1214 1310 le
1245 1255 1426 1322 Petit;
1466 1259 1639 1313 in-ﬂ.
1667 1258 1725 1314 S.
1763 1259 1873 1313 Eu-

281 1345 440 1408 cher,
469 1346 550 1397 Du
577 1346 769 1416 mépris
796 1346 866 1397 du
895 1347 1101 1412 mande,
1137 1347 1337 1400 traduit
1366 1361 1432 1402 eo
1474 1347 1729 1414 Francois
1778 1365 1874 1418 per

283 1438 490 1492 Rohert
523 1441 743 1496 Arnaud
803 1439 1103 1509 d’Andilly,
1140 1456 1268 1495 avec
1301 1442 1350 1494 lc
1392 1441 1544 1495 Latin
1594 1458 1660 1496 en
1710 1446 1869 1500 snite.

281 1531 475 1584 Exstat
496 1532 685 1585 eadem
716 1531 773 1585 in
806 1531 1072 1601 Operibus
1102 1534 1240 1602 ejus,
1270 1545 1414 1587 tomo
1443 1533 1479 1586 Ι.
1502 1532 1677 1599 Paris,
1708 1537 1873 1604 1675,

279 1640 404 1694 pag.
435 1625 508 1680 9.1
533 1641 656 1696 sqq.

355 1718 516 1774 1609.
541 1717 607 1771 In
644 1717 875 1772 Venetia.
913 1717 1130 1773 Lettcra
1154 1717 1206 1772 di
1239 1718 1506 1775 Eucherio
1553 1731 1708 1775 santo
1749 1737 1870 1777 ves-

272 1823 424 1865 covo
448 1810 501 1864 di
522 1809 711 1875 Lione,
741 1818 872 1873 etc.,
919 1811 1148 1864 tradotta
1181 1810 1329 1864 dallo
1353 1811 1622 1879 Spagnolo
1667 1813 1870 1880 (Ludo-

1977 619 2124 672 cinto
2144 619 2441 685 Gariboldi,
2475 637 2577 674 una
2601 637 2722 676 cum
2748 632 2894 677 textu
2920 624 3130 679 Latino.

2049 710 2112 763 ll.
2148 709 2332 763 Passio
2369 709 2474 766 SS.
2531 710 2822 782 Martyrum
2868 714 3267 784 Agaunensiunt.
3297 749 3367 758 —
3397 719 3554 776 i705.

1978 805 2300 856 Amsterdam
2331 821 2348 867 ;
2378 803 2576 857 ἱππ-12⁸.
2610 805 2960 860 Dissertatlon
2990 807 3285 879 historique
3316 820 3368 865 et
3411 811 3556 866 criti-

1975 911 2081 962 que
2132 909 2225 948 snr
2268 897 2316 950 le
2349 895 2580 966 Martyre
2628 897 2696 950 de
2740 897 2786 949 la
2822 897 2996 967 légion
3055 899 3382 959 Thébécnnc
3430 921 3556 960 avec

1981 985 2214 1040 Histoire
2229 987 2299 1039 du
2326 986 2558 1056 Martyre
2578 989 2640 1040 de
2660 995 2789 1040 cette
2815 989 2979 1058 legion
2998 992 3263 1047 attribuée
3287 993 3316 1047 ὸ
3347 995 3404 1050 S.
3445 995 3554 1049 Eu-

1977 1077 2130 1132 cher.
2163 1078 2532 1149 Archetypum
2567 1080 2722 1147 hujus
2752 1082 3146 1137 dissertationis
3186 1083 3407 1139 Joannis
3451 1088 3555 1140 Du-

1978 1175 2198 1228 bordimi
2245 1174 2652 1243 (Dubourdieu)
2699 1175 2992 1229 sacerdotis
3033 1177 3330 1232 Calviniani
3383 1189 3555 1233 cretus

1978 1266 2292 1322 Saubadicm
2315 1266 2565 1330 Londini,
2587 1267 2812 1336 Anglico
2834 1267 3092 1322 idiomate
3122 1269 3172 1321 in
3199 1269 3373 1322 lucem
3403 1271 3553 1333 exiit,

1976 1375 2120 1412 anno
2149 1359 2364 1413 circiter
2408 1359 2545 1414 1696
2583 1359 2677 1430 (r).
2713 1359 2818 1414 Sed
2870 1361 3039 1429 magis
3071 1360 3228 1416 obvia
3261 1370 3342 1415 est
3372 1363 3554 1416 versio

1976 1451 2201 1506 Gallica.
2234 1450 2488 1505 Studiose
2537 1465 2636 1504 nec
2658 1453 2777 1504 sine
2821 1450 3117 1505 acrimonia
3168 1451 3402 1508 refutare
3430 1468 3552 1508 eum

1975 1542 2217 1598 nituntur
2242 1543 2667 1605 Antuerpienses
2691 1544 2944 1595 Actorum
2976 1543 3073 1598 SS.
3105 1543 3359 1596 editores.

2048 1634 2206 1690 1778.
2251 1632 2318 1687 In
2360 1633 2525 1686 Roma
2555 1633 2689 1687 nella
2724 1632 3019 1698 Stamperia
3050 1634 3104 1684 di
3157 1633 3216 1686 S.
3254 1632 3472 1686 Michele
3521 1651 3553 1686 a

1977 1726 2148 1797 Ripa;
2170 1727 2224 1779 in
2255 1724 2334 1780 4⁸.
2373 1724 2621 1778 Passione
2641 1724 2720 1777 de'
2743 1724 2897 1778 Santi
2922 1723 3196 1782 Maurizio,
3226 1741 3252 1775 e
3280 1726 3552 1793 compagni

1978 1820 2188 1874 Μαι·τίνὶ
2212 1819 2394 1874 scritta
2423 1817 2489 1871 da
2517 1817 2575 1872 S.
2611 1816 2880 1871 Eucherio
2911 1829 3141 1869 vesctivo
3171 1815 3222 1867 di
3268 1816 3462 1879 Lione;
3497 1815 3548 1868 in

271 1902 384 1956 vici
407 1903 777 1971 Granatensis)
805 1904 880 1975 (θ)
904 1903 958 1957 in
987 1903 1210 1956 ltaliano
1227 1903 1294 1956 da
1317 1902 1438 1958 Gio.
1461 1903 1688 1958 Gsolito.
1711 1905 1860 1960 Exst.
1901 1901 1940 1959 Β
1972 1912 2080 1966 A.ti
2110 1910 2304 1965 sinceri
2331 1910 2398 1964 de
2430 1909 2582 1978 primi
2609 1909 2815 1961 niartiri
2855 1907 2994 1961 della
3025 1906 3205 1960 chiesa
3235 1903 3353 1959 Cat.
3405 1920 3547 1959 race.

270 2009 401 2047 cum
425 1994 587 2050 Libro
612 1995 748 2051 della
777 1996 1036 2066 Spiritual
1066 1995 1272 2063 Gratia,
1303 2005 1439 2062 etc.,
1469 1997 1520 2049 di
1542 1996 1666 2052 Giv.
1695 1998 1866 2053 Laus-

271 2087 466 2156 pergio
495 2103 617 2157 pag.
647 2089 753 2144 2l0
774 2104 896 2158 sqq.

352 2180 510 2238 1715.
544 2182 611 2236 In
644 2182 842 2237 Milone
864 2199 954 2255 per
979 2183 1127 2238 Gius.
1152 2181 1412 2257 Pandolfo
1436 2186 1748 2254 Malatesta;
1776 2190 1859 2242 in-

344 2341 424 2414 (η)
458 2341 732 2414 Fabricius
759 2343 778 2396 1
805 2340 1094 2411 Canagiutn
1121 2352 1176 2396 et
1214 2341 1340 2398 Ant.
1373 2344 1658 2399 Godellum
1712 2345 1850 2398 inter

263 2413 600 2478 interpretes
621 2413 803 2468 Gallos
833 2424 1098 2468 numerat.

339 2485 420 2554 (ὑ)
445 2483 717 2539 Laudatur
763 2483 875 2540 lucc
910 2485 1085 2537 versio
1133 2483 1416 2551 Hispanica
1463 2485 1514 2537 in
1549 2485 1666 2538 Cat.
1714 2483 1851 2537 Bibl.

1972 2004 2061 2058 dal
2093 2000 2154 2056 Ρ.
2175 2001 2401 2056 Ruinart
2423 2018 2451 2053 e
2477 2000 2617 2054 trad.
2647 1999 2711 2053 da
2738 1998 2932 2055 Franc.
2966 1998 3128 2052 Maria
3157 1996 3377 2050 Luchini
3405 2004 3551 2050 tumo

1971 2097 2035 2160 ll,
2069 2110 2224 2164 pagg.
2250 2092 2510 2148 457467.
2565 2091 2848 2145 Przemissa
2889 2099 2968 2144 est
3008 2105 3112 2143 non
3144 2089 3409 2154 Ruinarti,
3454 2087 3549 2144 sed

1972 2188 2039 2242 ab
2068 2187 2184 2256 ipso
2205 2187 2500 2255 interprete
2532 2184 2727 2253 scripta
2759 2183 3106 2237 introductio.

1960 2341 2365 2398 Barberiuiana:
2421 2351 2464 2394 t.
2491 2340 2511 2393 l
2541 2355 2594 2408 p.
2625 2336 2754 2401 582,
2789 2335 2883 2391 sed
2937 2337 3133 2388 omissa
3169 2334 3271 2388 loci
3315 2336 3547 2404 annique.

1964 2415 2262 2468 mentione.

2035 2484 2107 2554 (c)
2125 2484 2338 2536 Christo
2376 2481 2434 2534 ιι.
2462 2478 2607 2533 Saxii
2628 2478 2826 2532 Onotn.
2856 2477 2933 2530 lit.
2960 2486 3088 2529 tum.
3110 2475 3146 2526 V
3171 2475 3326 2529 Anal.
3345 2491 3393 2544 p.
3413 2475 3540 2530 652.

893 2685 1078 2745 AND.
1125 2684 1465 2746 SCHOTTI
1510 2683 1937 2745 PIUEFATIO
1979 2685 2059 2745 IN
2105 2685 2362 2744 OPERA
2412 2684 2475 2743 S.
2521 2682 2950 2744 EUCHERII.‘

441 2827 540 2882 Pio
571 2827 768 2880 Lectori
800 2826 938 2880 And.
975 2825 1221 2880 Scltottus
1261 2824 1532 2879 Societatis
1559 2822 1705 2878 Iesu.

337 2955 542 3012 Damus
570 2972 674 3021 en,
715 2957 800 3024 pie
841 2956 1034 3018 lector,
1081 2953 1147 3008 Β.
1199 2953 1444 3009 Eucherii
1489 2953 1866 3022 Lugdunensis

258 3049 515 3118 episcopi
543 3049 715 3117 Opera
760 3048 1005 3117 dispersa
1049 3047 1338 3111 hactenus,
1387 3047 1642 3116 varieque
1672 3047 1854 3110 edita,

261 3142 505 3208 prium
536 3154 566 3193 a
611 3138 822 3194 Joanne
872 3137 1137 3194 Sicbardo
1166 3147 1290 3210 post
1342 3137 1568 3192 meliora
1618 3137 1862 3191 nonnihil

257 3237 404 3289 facta
429 3247 592 3302 opera
617 3231 908 3288 Alexandri
937 3231 1266 3295 Brassicani,
1322 3230 1555 3284 hominis
1601 3229 1652 3284 in
1698 3230 1858 3282 colli-
1889 3210 1934 3271 (ἶ

258 3326 461 3394 pendis
487 3335 728 3380 veterum
755 3340 785 3380 e
813 3325 1088 3394 naufragio
1109 3324 1327 3392 scriptis
1354 3322 1729 3393 perdiligentis
1754 3340 1766 3375 :
1792 3321 1859 3376 de

257 3421 468 3490 quibus
498 3419 754 3474 Eucherii
802 3417 1021 3487 scriptis
1075 3431 1218 3471 nunc
1258 3417 1495 3472 breviter
1538 3416 1700 3468 animi
1753 3414 1859 3468 mei

256 3526 491 3567 sensum
515 3511 778 3579 aperiam.
804 3508 1041 3564 Primum
1064 3507 1133 3562 de
1153 3507 1408 3575 legitimis
1433 3506 1582 3560 hisce
1609 3503 1862 3559 Pri-sutis

255 3606 545 3677 opusculis
574 3605 640 3678 ad
671 3604 731 3660 S.
777 3604 1112 3674 Scripturam
1170 3600 1579 3670 intelligendam
1607 3597 1859 3664 utilibus,

257 3715 327 3754 ac
364 3714 530 3768 prope
550 3698 783 3752 dixerim
808 3695 1131 3751 necessariis
1157 3710 1171 3746 :
1201 3709 1328 3749 mox
1357 3694 1424 3747 de
1451 3691 1740 3760 illegitimis
1762 3707 1856 3745 seu

257 3791 491 3860 spnriis,
544 3790 790 3859 falsoque
833 3787 908 3841 illi
939 3786 1211 3840 attributis
1251 3785 1536 3838 disseram.
1574 3783 1856 3852 Permagni

255 3885 413 3937 enim
440 3883 702 3937 interesse
756 3897 972 3949 semper
1014 3879 1339 3942 existimavi,
1399 3889 1454 3932 nt
1497 3893 1624 3932 vera
1652 3894 1676 3928 a
1712 3877 1861 3930 falsis

255 3973 570 4028 disserendi
601 3982 718 4026 arte
747 3971 1047 4041 diiudicare
1079 3989 1090 4022 :
1126 3973 1204 4024 sic
1236 3981 1287 4024 et
1317 3974 1503 4041 γνήσια
1534 3969 1730 4036 scripta
1762 3983 1859 4020 an-

256 4067 539 4132 tiquorum
569 4063 786 4116 Patrum
818 4077 846 4114 a
893 4062 1055 4121 νότοις
1083 4061 1416 4125 discernere,
1453 4073 1517 4112 ne
1563 4060 1681 4127 quis
1723 4059 1857 4110 abu-

262 4169 446 4222 tatur,
481 4170 659 4224 posse.

342 4264 712 4319 Formularum
773 4263 1141 4334 Spiritualium
1179 4279 1316 4331 Opus
1347 4262 1570 4316 adhibet
1603 4275 1706 4314 non
1735 4275 1859 4314 raro

261 4359 415 4414 Beda
446 4375 458 4410 :
491 4369 547 4411 ut
575 4369 816 4412 veterum
857 4359 1146 4426 pleraque,
1175 4357 1512 4424 potissimum
1543 4355 1851 4422 Augustini,

259 4450 438 4504 tacito
488 4450 702 4503 nomine
750 4449 1112 4516 transcripsit.
1147 4446 1330 4516 Neque
1360 4445 1561 4499 idtirco
1595 4445 1858 4500 Eucherio

1973 2820 2074 2858 nus
2108 2803 2313 2858 Prmsul
2341 2806 2716 2874 ’Δντικειμένων
2743 2803 2962 2858 nomine
2993 2800 3312 2869 inscriptas,
3347 2800 3548 2853 eidem.

1969 2912 2071 2966 que
2105 2896 2162 2949 Β.
2187 2895 2494 2963 lldi-phonsi
2540 2895 2796 2963 Catalogo
2843 2892 3159 2955 vindicatas,
3191 2908 3310 2960 qum
3344 2903 3548 2958 tempo-

1969 3003 2085 3042 rum
2115 2987 2307 3056 injuria
2345 2997 2550 3055 patrem
2599 2986 2742 3040 ciere
2773 2985 2894 3053 quia
2935 2999 3039 3038 non
3093 2991 3377 3053 poterant,
3431 2973 3548 3034 sine

1967 3081 2199 3131 auctoris
2225 3078 2379 3132 titulo
2404 3079 2455 3131 in
2488 3076 2833 3132 Germaniam
2880 3088 3024 3145 szrpe
3055 3075 3322 3128 exierunt.
3370 3075 3545 3128 Aurea

1968 3184 2100 3224 vero
2124 3181 2206 3224 est
2235 3185 2300 3223 ac
2339 3169 2540 3222 mellita
2568 3167 2788 3222 omnino
2818 3165 3046 3235 epistola
3075 3165 3161 3220 illa
3205 3164 3271 3218 ad
3307 3164 3546 3217 Valeria-

1966 3279 2090 3316 num
2117 3261 2499 3331 protiinquntn,
2528 3259 2604 3313 De
2633 3258 2936 3322 Contemptu
2971 3257 3178 3318 Mundi,
3211 3258 3372 3325 deque
3392 3257 3547 3308 retin.

1961 3354 2160 3425 queudo
2207 3353 2380 3406 studio
2423 3356 2657 3423 profante
2707 3350 3089 3418 philosOpltire,
3125 3357 3182 3401 ut
3233 3347 3543 3403 Gennadius
3631 3403 3643 3418 .

1965 3446 2143 3499 laudat
2162 3459 2281 3513 cap.
2318 3459 2469 3499 unt.
2497 3443 2626 3497 Item
2658 3441 2723 3495 ad
2759 3440 3013 3496 Uranium
3041 3456 3102 3491 ac
3121 3439 3395 3492 Salonium
3432 3439 3548 3506 epi-
3601 3443 3606 3449 '

1963 3551 2159 3607 scapos
2187 3538 2418 3590 obscura
2451 3550 2677 3605 qumque
2704 3542 3000 3586 sanctarum
3025 3531 3266 3599 Capitula
3295 3531 3544 3602 Scriptu-

1962 3647 2139 3683 rarum
2167 3630 2332 3682 misit.

2034 3722 2114 3776 En
2149 3721 2241 3774 tibi
2275 3717 2555 3773 Claudiani
2602 3717 2845 3770 Mamerti
2919 3715 3155 3784 episcopi
3196 3715 3540 3778 Viennensis.

1963 3813 2058 3868 lib.
2115 3813 2178 3865 de
2218 3811 2370 3866 Statu
2413 3809 2610 3862 Anima:
2664 3807 3051 3861 testimonium.
3089 3805 3540 3874 Haudquaquam,

1962 3905 2163 3973 inquit,
2201 3901 2513 3955 Eucherium
2554 3899 2918 3968 prreterierim,
2963 3899 3086 3950 mihi
3123 3914 3254 3950 nunc
3297 3899 3541 3951 uirentem

1963 3997 2218 4059 doctrina,
2252 4005 2296 4047 et
2331 3993 2692 4062 prwsentaneis
2723 4009 2892 4046 coram
2920 3991 3348 4059 disputationibus
3369 3998 3546 4058 cogni-

1963 4098 2088 4147 tum,
2140 4087 2226 4152 qui
2276 4083 2470 4138 scilicet
2521 4084 2698 4136 viridis
2749 4085 2860 4137 (eri.
2906 4092 3134 4135 maturus
3177 4083 3356 4146 animi,
3398 4092 3547 4136 terret

1962 4178 2234 4248 despuens,
2268 4177 2379 4229 caeli
2422 4189 2691 4243 appetens,
2727 4175 2934 4227 humilis
2970 4176 3180 4245 spiritu,
3212 4175 3398 4229 ardens
3442 4193 3546 4228 me-

1963 4269 2081 4330 rito,
2115 4284 2177 4320 ac
2206 4268 2416 4334 perinde
2445 4267 2634 4336 ingenii
2664 4266 3047 4328 subtilissimus,
3089 4266 3314 4318 scientia:
3343 4268 3545 4336 plenus,

1963 4359 2150 4427 eloquii
2176 4362 2738 4428 proﬂuus,magnorum
2761 4357 2840 4409 sui
2865 4356 3040 4408 seculi
3071 4357 3372 4424 pontiﬁcum
3400 4357 3548 4426 longe

1963 4451 2236 4512 maximus,
2266 4449 2416 4501 editis
2449 4450 2500 4501 in
2525 4465 2628 4501 rem
2663 4448 2784 4513 ﬁdei
2814 4447 3104 4518 multijugis
3133 4448 3390 4500 variorum
3428 4465 3549 4510 ope-

256 4556 392 4596 cnm
441 4539 592 4595 Sixto
631 4541 860 4595 Senensi
890 4538 1272 4608 abjndicantla,
1299 4548 1352 4591 et
1384 4538 1543 4591 Beda:
1573 4538 1854 4590 tribuenda
1891 4587 1935 4639 D
1962 4557 2076 4592 rum
2124 4539 2490 4602 voluminibus,
2533 4539 2602 4591 ad
2647 4539 2889 4608 populum
2934 4554 3134 4607 quoque
3168 4555 3324 4607 super
3363 4540 3545 4592 animis

258 4633 443 4687 videri
476 4631 692 4686 debent.
728 4631 822 4684 llic
849 4630 1011 4685 etiam
1047 4629 1330 4700 mysticam
1357 4629 1734 4681 membrorum
1766 4628 1856 4681 Dei
1892 4628 1931 4639 “’
1967 4646 2106 4688 statu
2151 4636 2311 4687 multa
2360 4634 2596 4687 nobiliter
2629 4634 2960 4686 coneionatus
2996 4643 3088 4685 est.
3137 4633 3403 4686 llaetenus
3434 4632 3544 4684 ille.

259 4723 720 4796 signiﬁcationem
753 4725 1014 4794 reperias,
1047 4724 1383 4789 aliorumque
1410 4735 1530 4789 quas
1570 4720 1636 4772 ad
1667 4721 1856 4773 huma-

258 4833 392 4872 nam
454 4815 677 4869 formam
730 4815 1051 4885 pertinentia
1089 4814 1196 4867 Deo
1237 4813 1290 4866 in
1326 4811 1624 4880 Scripturis
1675 4810 1846 4862 sacris

259 4909 606 4974 tribuuntur,
637 4923 755 4977 quze
784 4908 1031 4977 leguntur
1060 4907 1222 4960 etiam
1247 4905 1298 4957 in
1325 4905 1509 4958 libello
1537 4905 1599 4955 de
1627 4903 1859 4955 Essentia

264 4999 542 5053 Trinitatis
576 4998 688 5068 (qui
719 4998 778 5050 Β.
815 4998 1112 5067 Augustino
1137 5005 1283 5049 tonio
1330 5011 1380 5049 tv
1427 4995 1563 5047 lalso
1605 4992 1856 5046 inscribi-

260 5091 400 5160 tur),
418 5100 476 5143 ut
497 5090 857 5144 observarunt
874 5087 1154 5143 Conradus
1183 5088 1397 5140 Brunus
1418 5099 1468 5139 c.
1494 5088 1526 5140 4
1554 5095 1607 5139 et
1636 5085 1720 5140 ιο.
1745 5084 1856 5137 Μυ-

259 5183 428 5236 lanus
452 5181 544 5235 lib.
574 5197 612 5236 tt
641 5197 691 5235 c.
731 5183 786 5246 5,
813 5190 1038 5250 uterque
1073 5181 1140 5234 de
1164 5179 1488 5248 Imaginibus
1514 5176 1850 5230 disserendo.

263 5271 381 5328 Nos
405 5273 602 5328 idcirco
626 5273 686 5328 S.
704 5273 998 5342 Scriptura:
1020 5271 1138 5325 loca
1167 5271 1365 5340 passim
1388 5270 1636 5324 versibus
1670 5269 1856 5338 singu-

264 5366 341 5421 lis
371 5365 580 5422 laudata
613 5376 726 5421 toto
753 5381 922 5433 opere
954 5364 1268 5418 ascribcnda
1316 5363 1650 5424 curavimus,
1692 5369 1752 5413 ut
1783 5361 1854 5411 la-

266 5473 393 5512 cem
421 5459 581 5512 veluti
614 5459 666 5512 in
695 5456 933 5512 tenebris
956 5457 1351 5526 pralerremns.
1383 5455 1696 5520 Qureuiones
1719 5463 1853 5505 vete-

264 5553 345 5601 ris
375 5566 434 5601 ac
465 5551 576 5603 novi
607 5549 917 5604 Testamenti
943 5547 1156 5616 scripsit
1184 5556 1238 5601 et
1267 5548 1324 5600 Β.
1354 5546 1682 5617 Augustinus
1706 5546 1857 5602 libris

269 5641 472 5710 tribus,
492 5641 687 5711 aliique
709 5642 869 5696 etiam
901 5639 1074 5696 Grreci
1105 5637 1316 5693 Patres.
1348 5639 1546 5693 Verum
1576 5639 1857 5709 Augustini

271 5749 390 5789 non
416 5749 538 5788 esse
568 5735 860 5804 legitimum
893 5734 1056 5788 fetum
1086 5730 1234 5785 illum
1272 5731 1434 5785 docet
1472 5733 1778 5801 Alphonsus
1828 5745 1858 5786 tt

271 5825 484 5892 Castro,
520 5824 614 5880 lib.
649 5826 715 5882 de
744 5825 1049 5881 Haaresibus
1080 5840 1094 5878 :
1129 5822 1374 5880 lulianus
1403 5839 1610 5894 quoque
1632 5824 1855 5880 Toleta-

1969 4729 2241 4790 Proleram
2271 4739 2321 4782 et
2353 4728 2489 4781 acris
2519 4726 2675 4795 hujus
2707 4726 3039 4792 tempestatis
3071 4727 3312 4778 censoris
3341 4725 3405 4777 de
3439 4725 3549 4778 Eu-

1967 4817 2132 4871 cherii
2157 4818 2463 4886 eloquentia
2488 4833 2652 4886 prope
2676 4817 2930 4884 singulari
2964 4816 3353 4870 testimonium:
3376 4815 3542 4877 Nihil,

1969 4910 2160 4978 inqttit,
2193 4911 2339 4964 video
2363 4911 2646 4980 profectum
2676 4926 2705 4960 a
2737 4921 2923 4962 nostra:
2944 4909 3204 4979 religionis
3235 4909 3545 4973 hominibus,

1967 5003 2055 5070 qui
2083 5001 2384 5070 eloquentia:
2408 5017 2604 5069 quoque
2630 5001 2796 5071 gloria
2824 5001 3110 5068 ﬂoruerint,
3142 5000 3279 5068 quod
3303 5016 3418 5051 cum
3446 4997 3544 5051 Itu-

1957 5093 2044 5160 jus
2076 5092 2250 5160 phrasi
2284 5092 2350 5143 sit
2388 5093 2768 5160 conferendum.
2806 5089 2872 5145 Ut
2911 5107 3160 5160 nusquam
3200 5106 3302 5142 non
3343 5101 3551 5160 prazstat

1963 5184 2218 5252 egregium
2249 5182 2520 5250 artiﬁcem,
2544 5183 2646 5235 sive
2665 5192 2860 5251 spectes
2891 5181 3143 5243 ordinem,
3173 5182 3273 5234 sive
3304 5183 3550 5234 transitus

1963 5275 2178 5329 subinde
2227 5291 2401 5340 novos,
2452 5276 2554 5329 sive
2598 5292 2698 5328 non
2746 5275 3007 5344 uulgarem
3053 5274 3356 5344 ingressum,
3402 5276 3555 5328 veluti

1966 5369 2117 5420 limen
2155 5369 2638 5438 argumentationis.
2684 5367 2897 5420 Nullam
2939 5368 3161 5419 suasorii
3193 5369 3396 5436 generis
3437 5383 3553 5430 par-

1965 5471 2062 5513 tem
2085 5477 2190 5515 non
2224 5469 2428 5513 tractat.
2473 5459 2743 5529 Nusquam
2785 5460 2984 5512 desidet
3022 5460 3072 5510 in
3109 5459 3234 5510 locis
3269 5461 3550 5511 communi.

1965 5551 2078 5604 bus.
2121 5549 2292 5620 Magis
2329 5561 2497 5621 urget,
2539 5561 2585 5602 et
2630 5551 2784 5603 instat
2822 5551 3166 5619 argumentis,
3211 5551 3336 5602 mire
3376 5551 3556 5620 pungit

1966 5643 2374 5713 epiphonematis
2422 5658 2440 5694 :
2484 5641 2700 5695 delectat
2739 5645 2898 5714 juxta
2951 5658 3010 5694 ac
3068 5651 3228 5694 movet
3274 5645 3552 5694 sententiis.

1972 5734 2220 5799 Quodque
2247 5734 2406 5802 magis
2429 5735 2582 5785 etiant
2609 5733 2900 5786 mirandum
2921 5742 3014 5798 est,
3048 5733 3118 5786 sic
3148 5730 3390 5785 Isocratis
3416 5731 3554 5784 srhe-

1970 5825 2188 5878 matibus
2222 5825 2506 5892 modulata,
2540 5835 2754 5894 structa,
2789 5827 3146 5894 picturamque
3175 5837 3244 5878 est
3278 5825 3462 5886 oratio,
3499 5830 3556 5874 ut
