3932 6170
230 446 321 504 70!

1358 446 1693 505 EPISTULA
1740 448 1824 504 DE
1868 449 2096 508 [AUDE
2141 452 2371 507 EREMI.

3377 458 3480 513 702

226 560 357 630 apud
399 557 619 615 Graecos
646 558 992 614 exactissime
1024 558 1269 629 praestitit
1304 560 1676 617 Theoilorelus
1702 565 1792 618 ille
1830 573 1874 627 Α
1905 583 2017 619 cum
2048 562 2275 632 Christo,
2304 569 2497 638 inquit,
2530 567 2807 639 cruciﬁxus
2836 584 2977 635 sum,
3009 568 3215 641 rivoque
3245 587 3345 627 non
3371 591 3479 628 (ηπ-

226 651 472 723 tiyrensis
517 650 840 718 episcopus,
892 666 961 704 ex
1002 651 1155 718 cujus
1210 651 1613 721 insigni‘opere
1656 650 1799 722 quuid

225 745 359 814 apud
385 756 484 797 nos
516 748 602 797 est
624 743 676 796 in
707 742 943 812 antiquis
966 743 1292 797 membranis
1319 746 1644 813 descriptum
1668 747 1798 801 libet

227 838 306 891 hic
333 837 535 904 aliquot
558 834 772 905 egregie
793 835 1001 889 erudita
1035 837 1150 890 loca
1183 837 1477 903 ascribere,
1510 854 1576 893 ex
1608 842 1799 908 quibus

226 927 453 982 universi
488 926 634 981 illius
664 926 844 994 aperis
884 926 1113 996 dignitas
1162 938 1215 980 et
1264 929 1466 982 utilitas
1504 930 1795 995 elucwsret,

222 1016 349 1081 οἶνος
385 1021 469 1075 ἔπι
510 1022 635 1074 Θεοῦ
662 1019 695 1078 ἦ
722 1020 973 1093 τιμωρία,
1006 1017 1189 1079 Δαϐὶδ,
1218 1016 1297 1074 ὅτι
1339 1018 1566 1096 ποτέρων
1586 1023 1637 1072 ὲν
1658 1024 1798 1095 χειρὶ

225 1116 405 1188 κυρίου
433 1110 565 1166 οἴνου
595 1112 817 1184 ἀκράτου
844 1111 1032 1186 πλῆρες
1073 1114 1394 1188 κερὰσματος
1412 1150 1426 1174 ,
1461 1110 1564 1164 hoc
1589 1120 1690 1176 est,
1724 1113 1795 1164 vi-

224 1184 344 1255 nuin
370 1205 591 1255 divinant
620 1217 818 1268 paruam
852 1184 1139 1269 signiﬁcat.
1159 1203 1245 1252 hic
1281 1184 1465 1267 Datiid,
1494 1204 1612 1272 quia
1643 1218 1801 1257 nocu-

224 1296 326 1345 lum
376 1295 428 1345 in
471 1309 625 1345 mauu
658 1291 869 1345 Domini
907 1288 1011 1343 riui
1044 1292 1187 1349 miri,
1234 1292 1440 1357 plenum
1485 1294 1629 1345 misto
1678 1292 1795 1361 (Ps.

224 1400 399 1447 LXXIV,
424 1386 503 1453 8).
542 1384 667 1437 Item
701 1385 756 1438 αἶ
778 1384 964 1456 τρίχες
992 1384 1049 1436 τὸ
1099 1386 1380 1457 νεκρώσιος
1408 1381 1688 1454 σύμϐολον
1716 1404 1792 1437 νιν

222 1479 333 1548 ιιραί
363 1478 465 1550 γὰρ
494 1482 668 1536 αὗται.
698 1478 781 1528 καὶ
811 1476 986 1533 ὀδύνης
1026 1471 1259 1530 αἴσθησιν
1300 1476 1365 1527 ὀὐ
1392 1473 1687 1545 δεχόμεναι’
1712 1480 1802 1534 τήν

222 1567 375 1625 ἀληθῆ
399 1569 566 1621 τοίνυν
601 1569 733 1630 ζωὴν
761 1563 905 1635 ἴχιιν
944 1564 1136 1618 adniti
1156 1566 1277 1623 τοὺς
1305 1572 1378 1637 τῷ
1417 1572 1526 1635 θεῷ
1570 1566 1801 1639 λειτουρ-

220 1664 461 1728 γοῦντας,
487 1661 569 1713 καὶ
612 1656 766 1727 μηδὲν
794 1656 938 1727 ἔχειν
965 1657 1135 1732 νεκρὸν
1159 1699 1171 1719 ,
1206 1654 1328 1727 μηδι
1357 1655 1764 1719 δυσῶδις’τοῡτο
1781 1702 1795 1723 ,

222 1754 301 1806 καὶ
333 1752 363 1807 ὁ
386 1754 655 1811 Omnium;
684 1753 820 1821 ἡμᾶς·
864 1748 1089 1804 διδάσκει
1122 1750 1328 1804 Παῦλος.
1374 1758 1598 1822 Χριστῷ,
1630 1754 1797 1821 φησὶν.

220 1851 665 1917 συνεσταύρωμαι·
688 1845 756 1905 ζῶ
774 1838 827 1895 δέ
848 1842 936 1894 οὐκ
962 1838 1045 1895 ἔτι
1067 1841 1182 1913 ἐγώ·
1202 1839 1326 1914 ζῇδέ
1355 1841 1403 1893 ἐν
1428 1841 1540 1902 iuni
1563 1843 1795 1910 Χριστός.

1901 658 2039 725 ptius
2079 660 2218 726 ipse,
2258 661 2347 712 sed
2382 660 2498 712 vivit
2542 661 2598 712 in
2631 675 2710 713 me
2747 659 2983 714 Christus
3022 676 3040 715 :
3077 665 3227 733 quasi
3270 665 3475 731 diceret,

1898 751 2036 818 quod
2070 767 2124 803 se
2163 752 2324 804 sacris
2368 750 2575 821 Oﬁciis,
2619 748 2903 821 divinisque
2930 753 3209 805 actionibus
3246 755 3478 809 addixis-

1899 850 1993 905 set,
2026 851 2129 895 etc.
2165 841 2371 895 Habent
2402 852 2580 895 autem
2625 843 2884 909 ejusmodi
2927 840 3193 898 Formam:
3227 846 3477 915 quiddam

1899 938 2183 987 Commune
2237 946 2360 986 cum
2407 933 2755 987 ilebrzeorum
2811 934 3045 997 Cabala,
3096 951 3252 1001 quam
3308 938 3477 989 (ira-ci

1899 1024 2167 1093 quondam
2210 1038 2394 1092 parum
2435 1023 2929 1077 animadvertentes
2971 1028 3193 1078 secretis
3233 1028 3479 1080 sensibus

1900 1117 2152 1170 eruemlis
2180 1131 2299 1170 csse
2326 1116 2478 1169 valde
2500 1130 2657 1185 quam
2689 1119 3012 1184 appositum,
3047 1116 3266 1173 κόϐαλλα
3296 1122 3478 1182 paucis

1903 1206 2095 1260 litteris
2126 1206 2440 1268 immutatis,
2484 1205 2587 1259 huc
2621 1216 2722 1266 est.
2768 1208 3078 1277 imposturas
3116 1209 3476 1274 appellabant.

1900 1296 1972 1348 Ita
1997 1295 2138 1350 enim
2164 1294 2481 1348 scholiastes
2502 1293 2741 1362 Gregorii
2772 1296 3003 1363 theologi
3026 1297 3212 1349 scribit
3238 1314 3250 1349 :
3278 1308 3328 1350 et
3351 1314 3479 1366 qun-

1902 1387 2047 1439 niam
2074 1384 2141 1437 de
2170 1399 2231 1437 ea
2263 1401 2320 1437 re
2350 1386 2521 1437 nostri
2551 1386 2711 1438 etiam
2743 1386 3010 1450 homines,
3045 1388 3293 1440 nimirum
3320 1388 3479 1442 Joan-

1903 1493 1998 1532 nes
2037 1477 2194 1532 Picus
2225 1476 2643 1535 Mirandulanus.
2688 1476 2885 1531 Paulus
2926 1478 3115 1545 Ritius,
3158 1488 3213 1533 et
3247 1479 3396 1534 Joam
3421 1497 3480 1535 es

1899 1570 2141 1633 Οτψηίοιι
2169 1570 2271 1622 viri
2295 1585 2416 1623 cum
2450 1569 2598 1622 omni
2624 1570 2939 1637 antiquitate
2969 1581 3239 1625 certantes
3268 1571 3478 1626 abunde

1902 1662 2254 1727 scripserunt,
2293 1659 2423 1713 nihil
2464 1659 2550 1712 hic
2584 1660 2758 1713 dicam
2800 1661 3077 1729 prolixius,
3118 1663 3210 1716 sed
3240 1664 3477 1715 studuit»

1902 1760 2106 1806 tantum
2150 1765 2325 1805 meum
2366 1758 2423 1803 et
2466 1761 2839 1818 expromptam
2887 1754 3064 1806 omnia
3114 1762 3259 1806 rccla
3301 1756 3476 1807 Studia

1906 1841 2249 1908 promovendi
2293 1840 2623 1894 voluntatem
2670 1841 2766 1895 tibi
2816 1842 3155 1895 commendo.
3209 1842 3476 1895 Cmterum

221 1939 323 1991 ταῖς
364 1933 493 2001 μιτά
542 1933 905 2004 θείαις,φησίν,
929 1931 1198 2007 ἐνεργείαις
1242 1930 1461 2000 ἐμαυτὸν
1503 1932 1822 2015 ὰφιὲρωσαη

1907 1933 2343 1999 quotiescumque
2364 1939 2414 1983 te
2441 1930 2677 1993 nomino,
2705 1930 2830 1984 volo
2852 1920 3020 1984 semel
3046 1944 3107 1983 ac
3139 1931 3294 1983 unico
3316 1932 3478 1983 verbo

223 2024 321 2077 hoc
370 2033 489 2076 est:
524 2022 631 2075 Pili
678 2021 1005 2074 mortalitatis
1054 2022 1335 2091 symbolum
1375 2030 1498 2089 sunt,
1542 2036 1560 2075 :
1608 2023 1791 2073 mortui

217 2116 354 2168 enim
382 2130 497 2167 cum
523 2115 646 2181 sint,
680 2114 876 2166 nullum
912 2112 1105 2165 doloris
1138 2128 1340 2165 sensum
1365 2112 1657 2169 admittunt.
1688 2111 1794 2162 Ad-

220 2214 387 2259 monet
417 2206 577 2275 igitur
602 2217 647 2257 et
675 2204 888 2269 imperat
915 2220 1002 2257 eos
1026 2218 1193 2256 verum
1217 2220 1369 2272 agere
1390 2202 1565 2265 vitam,
1589 2203 1677 2271 qui
1701 2199 1796 2254 Dei

128 2284 131 2289 ’
220 2296 501 2349 ministerio
531 2311 638 2349 sese
672 2293 1000 2353 addixerunt,
1031 2293 1259 2357 nihilque
1285 2292 1472 2345 habere
1505 2290 1721 2344 mortale
1747 2299 1796 2344 et

219 2386 433 2452 fetidum
462 2401 482 2439 :
511 2386 646 2455 quod
677 2385 827 2436 etiam
866 2400 956 2438 nos
1000 2385 1144 2437 docet
1179 2383 1382 2436 divinus
1422 2383 1509 2436 ille
1553 2382 1753 2435 Paulus
1779 2422 1795 2447 ,

1897 2037 2087 2077 omnes
2110 2022 2231 2075 illos
2261 2021 2351 2091 qui
2386 2022 2623 2090 ingenio,
2671 2022 2890 2086 virtute,
2928 2021 3082 2075 bonis
3119 2022 3383 2082 moribus,
3417 2038 3479 2076 ac

1896 2113 2141 2167 absoluta
2169 2111 2471 2166 eruditione
2495 2117 2773 2181 praestant,
2796 2110 3150 2179 significasse.
3172 2111 3296 2165 Vale
3320 2112 3475 2179 bene,

1900 2204 1981 2255 vir
2009 2203 2250 2256 nobiliss.
2275 2217 2337 2256 ac
2361 2202 2489 2255 mihi
2512 2202 2685 2256 modis
2706 2202 2954 2255 omnibus
2982 2202 3227 2256 amando.
3262 2201 3478 2256 Vieunze

1900 2293 2134 2348 Austris:
2160 2309 2227 2348 ex
2255 2293 2481 2361 collegio
2513 2292 2701 2363 Regio,
2737 2293 2891 2347 Anno
2914 2308 2950 2346 ta
2984 2306 3112 2345 nato
3136 2291 3284 2359 Jesu,
3314 2292 3471 2355 i530.

1905 2398 2091 2439 mense
2124 2382 2425 2439 Decembri.

222 2546 3463 2571 _____—___——.__________—_______—_7___

1040 2660 1701 2771 SANCTI
1797 2659 2666 2772 EUCHERII

1388 2828 1926 2911 LUGDUNENSIS
1968 2848 2314 2913 EPISCOPI

830 3014 1119 3155 DE
1264 3008 2026 3151 LAUDE
2165 3008 2867 3150 EREMI

575 3249 732 3333 AD
806 3240 1403 3329 HILARIUM
1473 3238 2181 3323 LIRINENSEM
2257 3235 3129 3326 PRESBYTERUM

1170 3416 1687 3491 EPISTOLA
1736 3417 1929 3489 SEU
1987 3416 2519 3493 LIBELLUS.

223 3674 443 3732 Domino
479 3686 678 3739 sancto,
711 3686 754 3729 et
801 3674 994 3748 meritis
1046 3671 1358 3748 beatissimo,
1386 3682 1433 3725 et
1480 3672 1534 3725 in
1589 3672 1792 3727 Christo
1830 3673 1876 3737 C
1906 3676 2034 3729 est?
2064 3675 2301 3731 Servnsti
2341 3691 2473 3747 ergo
2497 3677 2774 3732 charitatis
2806 3676 3046 3732 ordinem
3089 3680 3205 3748 lege
3239 3683 3475 3746 pra‘scri-

535 3746 899 3817 gloriosissimo
927 3744 1153 3799 lituum
1178 3743 1502 3798 Εοειιιςιιιυε.

288 3861 339 3913 Ι.
374 3858 570 3928 M-gno
597 3865 652 3910 tu
695 3854 913 3926 quidem
955 3855 1136 3907 animo
1187 3867 1438 3922 egressus
1486 3852 1688 3907 dudum
1736 3852 1805 3908 de

221 3949 379 4003 domo
412 3958 527 4012 tua,
553 3954 609 4001 et
634 3946 702 4000 de
739 3945 1058 4015 cognatione
1088 3954 1195 4004 tua,
1231 3957 1400 4010 usque
1438 3944 1488 3996 in
1521 3958 1668 3996 mare
1696 3957 1805 3995 ma-

219 4056 379 4109 gnum
407 4038 715 4095 recedentia
736 4036 907 4092 ereum
933 4044 1143 4109 secreta
1167 4048 1578 4102 penetraveras;
1606 4033 1808 4103 majore

222 4142 397 4186 tamen
431 4131 627 4183 virtute
666 4128 892 4197 repetita
922 4135 1005 4181 est
1040 4142 1069 4179 a
1117 4136 1167 4179 te
1192 4139 1407 4179 oremus
1432 4140 1590 4194 quam
1619 4126 1805 4193 petita.

221 4227 498 4298 Siquidem
531 4241 652 4280 cum
704 4226 842 4279 hanc
892 4223 1122 4292 primum
1168 4221 1363 4289 hospes
1421 4222 1694 4289 ingressus
1721 4236 1801 4286 cs,

221 4319 456 4373 hibuisd
487 4318 676 4372 ducem
704 4326 754 4372 et
786 4316 930 4370 velut
971 4315 1184 4369 itineris
1215 4316 1289 4367 tui
1332 4314 1612 4382 prtevium,
1646 4330 1806 4384 quem

222 4411 419 4465 deinde
476 4408 683 4464 militia:
724 4406 964 4462 caelestis
1011 4406 1359 4473 magistrum;
1400 4419 1631 4472 eumque
1683 4414 1806 4458 tunc

223 4516 464 4571 secutus,
510 4513 566 4558 et
611 4510 866 4570 parentes
914 4498 1244 4567 relinquens,
1297 4506 1579 4567 parentem
1628 4508 1803 4553 tamen

223 4596 557 4665 sequebaris.
580 4594 732 4648 Nunc
753 4608 881 4647 vero
905 4606 1024 4645 cum
1046 4590 1297 4646 eumdem
1325 4592 1550 4644 ascitum
1576 4591 1642 4645 ad
1676 4608 1807 4659 pou-

225 4686 420 4741 tlicale
451 4686 716 4753 fastigiqu
750 4682 1185 4754 prosequendum
1218 4681 1514 4750 putaveris,
1547 4681 1610 4735 ad
1647 4681 1802 4736 latiti-

224 4778 355 4832 liare
381 4787 649 4832 secretum
686 4776 853 4831 eremi
890 4783 945 4829 te
979 4789 1132 4828 amor
1175 4774 1376 4828 retulit.
1410 4775 1550 4841 Ergo
1580 4789 1718 4827 nunc
1747 4788 1805 4828 es

226 4871 456 4925 nobilior
494 4881 548 4925 et
594 4869 766 4938 major
810 4866 1080 4935 exemplo.
1112 4864 1267 4919 Prius
1294 4865 1435 4918 enim
1466 4880 1589 4919 cum
1620 4865 1804 4919 deser-

226 4974 339 5014 tum
371 4971 599 5030 peteres,
619 4962 905 5015 comitatus
929 4960 1149 5012 fratrem
1175 4957 1476 5021 videbaris;
1510 4972 1650 5011 nunc
1677 4973 1796 5012 cum

1907 3774 2078 3832 ptum,
2108 3767 2283 3835 primo
2313 3766 2475 3820 Deum
2506 3774 2674 3832 tuum,
2703 3768 2825 3822 exin
2855 3768 3157 3836 proximum
3185 3769 3474 3839 diligenda.

1891 3891 1897 3896 -
1976 3854 2031 3908 2.
2063 3858 2232 3921 Quem
2262 3867 2437 3911 tamen
2466 3873 2567 3927 ego
2593 3860 2705 3912 sola
2736 3861 3006 3928 profectus
3038 3862 3113 3915 tui
3143 3865 3475 3932 contempla-

1909 3947 2054 4001 tione
2104 3946 2186 4020 (ut
2236 3949 2413 4002 animo
2460 3948 2712 4019 conjicio)
2760 3965 2862 4005 nec
2904 3951 3243 4007 adversatum
3297 3956 3475 4010 itineri

1906 4037 2240 4107 Consilioque
2269 4049 2358 4095 tuo
2402 4040 2673 4108 existimo,
2708 4040 2801 4095 sed
2836 4032 3086 4096 inusitato
3116 4044 3255 4097 inter
3290 4045 3475 4098 devin-

1908 4142 2021 4182 ctas
2052 4130 2150 4183 sibi
2184 4146 2438 4198 personas
2465 4132 2645 4195 modo,
2679 4132 2955 4188 dimittere
2994 4146 3044 4189 te
3084 4135 3174 4189 ille
3217 4136 3294 4205 (ut
3327 4138 3475 4207 puto)

1908 4237 2011 4298 {tuo
2046 4222 2225 4277 minus
2263 4223 2468 4288 voluit,
2499 4240 2660 4293 quam
2690 4235 2745 4280 tu
2788 4226 3085 4280 discedere.
3120 4227 3297 4297 Diligit
3336 4230 3475 4286 enim

1908 4325 1959 4368 te
2010 4325 2063 4369 et
2108 4315 2198 4370 ille
2244 4316 2470 4369 multum
2512 4317 2784 4381 vicissim,
2835 4318 2889 4371 in
2934 4334 3115 4373 amore
3165 4332 3340 4374 tamen
3388 4333 3476 4374 tuo

1905 4405 2246 4460 commodum
2280 4417 2424 4459 tuum
2458 4407 2761 4471 consuluit;
2792 4424 3022 4475 cumque
3064 4411 3473 4467 affluentissima

1906 4498 2021 4566 ejus
2064 4507 2119 4552 et
2162 4515 2367 4551 summa
2408 4500 2459 4552 in
2494 4507 2543 4553 te
2572 4500 2641 4552 sit
2673 4502 2947 4566 Charitas,
2988 4500 3253 4572 fastigium
3299 4516 3472 4560 tamen

1906 4586 2049 4640 illius
2080 4588 2250 4640 tendit
2287 4603 2459 4657 usque
2487 4590 2549 4642 ad
2584 4588 2887 4645 utilitatem.

1977 4681 2028 4734 5.
2064 4680 2127 4733 Ει
2150 4687 2204 4733 ιιι
2234 4680 2362 4736 licet
2383 4696 2594 4735 omnem
2613 4682 2928 4752 jamdudum
2953 4700 3172 4739 censum
3197 4686 3247 4739 in
3275 4686 3471 4744 Christi

1907 4786 2167 4841 pauperes
2196 4772 2413 4829 Christo
2457 4776 2608 4830 dives
2636 4774 2927 4842 ell‘uderis,
2970 4788 3078 4831 tum
3123 4787 3178 4833 et
3225 4778 3473 4845 [rtefeias

1905 4862 2028 4919 licet
2077 4867 2235 4919 annis
2278 4868 2530 4935 juvenem
2558 4907 2573 4934 ,
2623 4869 2866 4923 moribus
2911 4883 3128 4934 senem,
3187 4869 3262 4924 sis
3309 4871 3470 4924 etiam

1906 4956 2119 5025 ingenio
2155 4958 2334 5013 clarus
2361 5000 2376 5023 ,
2428 4959 2603 5013 clarus
2652 4960 2898 5029 eloquio;
2931 4961 3060 5014 nihil
3102 4960 3153 5015 in
3205 4970 3256 5014 te
3297 4972 3472 5013 tamen

224 5054 493 5108 tte-crtum
547 5053 828 5121 repetieris
851 5093 865 5117 ,
906 5051 1065 5105 etiam
1118 5056 1325 5117 patrem
1387 5050 1674 5120 reliquisti.
1731 5051 1800 5105 At
1830 5041 1879 5100 Β
1906 5048 2141 5116 primore
2168 5048 2290 5103 loco
2314 5051 2479 5119 magis
2502 5052 2835 5118 suspexerim
2866 5050 3291 5120 dilexerimque,
3315 5067 3472 5119 quam

224 5144 434 5211 qualem
465 5143 639 5210 illum,
668 5142 1065 5211 quantumque?
1090 5138 1407 5210 quanto'tibi
1434 5154 1646 5210 semper
1662 5141 1799 5195 dile-

225 5236 421 5289 etionis
448 5237 592 5290 cultu
624 5235 1005 5288 observatum?
1034 5248 1193 5303 quam
1240 5231 1497 5302 singulari
1536 5232 1629 5286 tibi
1673 5232 1802 5286 alie-

223 5328 405 5379 ctione
438 5324 778 5379 devinctum?
807 5334 863 5377 ut
891 5325 1043 5392 cujus
1070 5323 1323 5378 charitati
1365 5321 1624 5393 praeferre
1669 5323 1801 5377 nihil

228 5431 435 5484 posses.
468 5420 571 5472 nisi
624 5410 763 5471 forte
808 5416 979 5472 solam
1030 5418 1199 5472 eremi
1252 5416 1799 5485 charitatem:quam

223 5522 354 5560 cum
382 5507 451 5561 illi
478 5507 623 5575 justo
650 5506 919 5576 pratponis
946 5506 1218 5572 examine,
1248 5506 1556 5575 approbain
1582 5506 1805 5576 diligere

228 5606 286 5649 te
311 5610 413 5651 non
438 5596 589 5652 illum
611 5612 824 5668 parum,
845 5598 937 5653 sed
966 5597 1104 5652 hanc
1124 5598 1355 5668 amplius
1382 5598 1600 5669 aliquid.
1617 5598 1810 5653 Osten-

226 5688 365 5741 disti
408 5690 569 5743 etiam
619 5689 711 5742 ille
759 5689 810 5742 in
866 5700 916 5744 Ie
945 5692 1140 5763 secreti
1184 5706 1334 5744 amor
1382 5707 1543 5760 quam
1585 5706 1808 5760 magnus

230 5786 419 5843 esset,
465 5782 549 5835 cui
586 5780 747 5835 etiam
792 5783 1057 5836 maximus
1126 5781 1365 5837 cederet.
1423 5783 1521 5849 Qui
1593 5782 1809 5852 quidem

234 5870 408 5926 eremi
437 5885 604 5937 amor,
633 5870 758 5942 quid
786 5872 837 5927 in
881 5882 933 5929 te
983 5872 1083 5930 nisi
1127 5873 1219 5930 Dei
1269 5887 1421 5929 amor
1467 5873 1812 5943 appellandus

1906 5140 2045 5209 quod
2079 5139 2383 5194 solitudinis
2404 5140 2584 5195 sedem
2606 5140 2685 5195 sic
2706 5141 3026 5210 concupisti.
3053 5142 3204 5197 Unde
3236 5144 3358 5208 quia
3391 5159 3475 5197 me

1907 5233 2237 5299 restiondere
2264 5232 2529 5301 copiosius
2552 5233 2959 5302 spatiosissimis
2988 5248 3051 5288 ac
3078 5234 3476 5289 facundissimis

1908 5321 2101 5377 litteris
2148 5321 2255 5376 tuis
2299 5337 2440 5393 stupe
2472 5323 2751 5392 postulas,
2797 5321 3026 5377 suﬂeras
3071 5323 3344 5391 paulisper
3380 5342 3476 5379 ne-

1908 5428 2064 5469 cesse
2085 5424 2187 5479 est,
2219 5428 2338 5468 cum
2365 5417 2440 5468 sis
2467 5415 2580 5482 ipse
2609 5415 2846 5484 sapiens,
2879 5412 3243 5483 insipientiam
3268 5431 3441 5469 metm
3460 5458 3474 5480 ,

1909 5506 2036 5561 dum
2069 5506 2251 5560 recolo
2282 5505 2650 5560 multimodam
2687 5505 2895 5559 Domini
2927 5506 3152 5576 gratiam
3183 5521 3307 5574 erga
3340 5506 3476 5562 hanc

1910 5601 2078 5669 ipsam
2104 5613 2346 5654 eremum
2377 5598 2624 5653 dilectam
2654 5608 2819 5651 tuam.

1983 5691 2234 5745 Eremum
2263 5704 2393 5759 ergo
2421 5698 2565 5743 recte
2596 5689 3118 5758 incircumscriptum
3166 5688 3261 5741 Dei
3282 5706 3287 5711 ο
3310 5689 3473 5744 nostri

1913 5784 2175 5853 templum
2204 5782 2466 5846 dixerim;
2488 5780 2687 5836 etenim
2716 5795 2872 5849 quem
2897 5790 3101 5835 certum
3131 5791 3213 5835 est
3236 5782 3476 5835 habitare

1917 5875 1972 5932 in
2002 5872 2237 5943 silentio,
2269 5871 2596 5933 credendum
2628 5879 2709 5928 est
2734 5870 2966 5942 gaudere
2998 5884 3226 5930 secreto.
3270 5874 3475 5938 Samius
