  <div class='ocr_page' id='page_1' title='image "/cluster/home/n/w/nwhite01/storage/ocr_20150623/50/hvd.32044096580717/401.png"; bbox 0 0 3932 6170; ppageno 0'>
   <div class='ocr_carea' id='block_1_1' title="bbox 421 395 521 452">
    <p class='ocr_par' dir='ltr' id='par_1_1' title="bbox 421 395 521 452">
     <span class='ocr_line' id='line_1_1' title="bbox 421 395 521 452; baseline 0 0"><span class='ocrx_word' id='word_1_1' title='bbox 421 395 521 452; x_wconf 73' lang='grc'><strong>703</strong></span> 
     </span>
    </p>
   </div>
   <div class='ocr_carea' id='block_1_2' title="bbox 1395 378 2678 444">
    <p class='ocr_par' dir='ltr' id='par_1_2' title="bbox 1395 378 2678 444">
     <span class='ocr_line' id='line_1_2' title="bbox 1395 378 2678 444; baseline -0.008 0"><span class='ocrx_word' id='word_1_2' title='bbox 1395 390 1454 444; x_wconf 80' lang='lat' dir='ltr'><strong>S.</strong></span> <span class='ocrx_word' id='word_1_3' title='bbox 1495 384 1818 444; x_wconf 71' lang='lat' dir='ltr'><strong>EUCRERH</strong></span> <span class='ocrx_word' id='word_1_4' title='bbox 1856 380 2166 439; x_wconf 79' lang='lat' dir='ltr'><strong>EPISCOPI</strong></span> <span class='ocrx_word' id='word_1_5' title='bbox 2204 378 2678 437; x_wconf 75' lang='lat' dir='ltr'><strong>LUGDUNENSIS</strong></span> 
     </span>
    </p>
   </div>
   <div class='ocr_carea' id='block_1_3' title="bbox 3570 340 3678 436">
    <p class='ocr_par' dir='ltr' id='par_1_3' title="bbox 3570 340 3678 436">
     <span class='ocr_line' id='line_1_3' title="bbox 3570 340 3678 436; baseline 0.019 -3"><span class='ocrx_word' id='word_1_6' title='bbox 3570 340 3678 436; x_wconf 58' lang='lat' dir='ltr'><strong>vos</strong></span> 
     </span>
    </p>
   </div>
   <div class='ocr_carea' id='block_1_4' title="bbox 423 493 3676 577">
    <p class='ocr_par' dir='ltr' id='par_1_4' title="bbox 423 493 3676 577">
     <span class='ocr_line' id='line_1_4' title="bbox 423 493 3676 577; baseline -0.006 -7"><span class='ocrx_word' id='word_1_7' title='bbox 423 528 480 570; x_wconf 84' lang='lat' dir='ltr'><strong>se</strong></span> <span class='ocrx_word' id='word_1_8' title='bbox 500 512 614 567; x_wconf 91' lang='lat' dir='ltr'><strong>illic</strong></span> <span class='ocrx_word' id='word_1_9' title='bbox 633 510 922 567; x_wconf 86' lang='lat' dir='ltr'><strong>videndum</strong></span> <span class='ocrx_word' id='word_1_10' title='bbox 947 507 1146 564; x_wconf 86' lang='lat' dir='ltr'><strong>sanctis</strong></span> <span class='ocrx_word' id='word_1_11' title='bbox 1166 506 1282 562; x_wconf 88' lang='lat' dir='ltr'><strong>suis</strong></span> <span class='ocrx_word' id='word_1_12' title='bbox 1306 505 1554 577; x_wconf 84' lang='lat' dir='ltr'><strong>praebuit,</strong></span> <span class='ocrx_word' id='word_1_13' title='bbox 1580 514 1637 560; x_wconf 87' lang='lat' dir='ltr'><strong>et</strong></span> <span class='ocrx_word' id='word_1_14' title='bbox 1662 502 1990 559; x_wconf 85' lang='lat' dir='ltr'><strong>conciliante</strong></span> <span class='ocrx_word' id='word_1_15' title='bbox 2019 502 2064 558; x_wconf 80' lang='grc' dir='ltr'>Α</span> <span class='ocrx_word' id='word_1_16' title='bbox 2094 505 2151 551; x_wconf 90' lang='lat' dir='ltr'><strong>et</strong></span> <span class='ocrx_word' id='word_1_17' title='bbox 2192 495 2446 566; x_wconf 87' lang='lat' dir='ltr'><strong>operibus</strong></span> <span class='ocrx_word' id='word_1_18' title='bbox 2466 493 2796 549; x_wconf 76' lang='lat' dir='ltr'><strong>absolvenda</strong></span> <span class='ocrx_word' id='word_1_19' title='bbox 2838 494 3065 549; x_wconf 85' lang='lat' dir='ltr'><strong>terrenis</strong></span> <span class='ocrx_word' id='word_1_20' title='bbox 3087 533 3102 559; x_wconf 91' lang='lat'><strong>,</strong></span> <span class='ocrx_word' id='word_1_21' title='bbox 3136 495 3395 564; x_wconf 79' lang='lat' dir='ltr'><strong>numquid</strong></span> <span class='ocrx_word' id='word_1_22' title='bbox 3426 512 3529 552; x_wconf 85' lang='lat' dir='ltr'><strong>non</strong></span> <span class='ocrx_word' id='word_1_23' title='bbox 3554 497 3676 553; x_wconf 83' lang='lat' dir='ltr'><strong>avia</strong></span> 
     </span>
    </p>
   </div>
   <div class='ocr_carea' id='block_1_5' title="bbox 424 594 1994 672">
    <p class='ocr_par' dir='ltr' id='par_1_5' title="bbox 424 594 1994 672">
     <span class='ocr_line' id='line_1_5' title="bbox 424 594 1994 672; baseline -0.01 -10"><span class='ocrx_word' id='word_1_24' title='bbox 424 607 570 669; x_wconf 91' lang='lat' dir='ltr'><strong>loco,</strong></span> <span class='ocrx_word' id='word_1_25' title='bbox 595 617 944 672; x_wconf 71' lang='lat' dir='ltr'><strong>congressum</strong></span> <span class='ocrx_word' id='word_1_26' title='bbox 975 617 1081 655; x_wconf 83' lang='lat' dir='ltr'><strong>non</strong></span> <span class='ocrx_word' id='word_1_27' title='bbox 1111 608 1198 656; x_wconf 73' lang='lat' dir='ltr'><strong>est</strong></span> <span class='ocrx_word' id='word_1_28' title='bbox 1230 610 1553 669; x_wconf 70' lang='lat' dir='ltr'><strong>aspernatus</strong></span> <span class='ocrx_word' id='word_1_29' title='bbox 1580 598 1896 652; x_wconf 87' lang='lat' dir='ltr'><strong>humanum.</strong></span> <span class='ocrx_word' id='word_1_30' title='bbox 1934 594 1994 647; x_wconf 80' lang='grc' dir='ltr'><strong>ιιι</strong></span> 
     </span>
    </p>
   </div>
   <div class='ocr_carea' id='block_1_6' title="bbox 422 688 1997 764">
    <p class='ocr_par' dir='ltr' id='par_1_6' title="bbox 422 688 1997 764">
     <span class='ocr_line' id='line_1_6' title="bbox 422 688 1997 764; baseline -0.006 -15"><span class='ocrx_word' id='word_1_31' title='bbox 422 697 637 751; x_wconf 81' lang='lat' dir='ltr'><strong>deserto</strong></span> <span class='ocrx_word' id='word_1_32' title='bbox 660 695 857 764; x_wconf 82' lang='lat' dir='ltr'><strong>quippe</strong></span> <span class='ocrx_word' id='word_1_33' title='bbox 884 694 1092 764; x_wconf 74' lang='lat' dir='ltr'><strong>Moyses</strong></span> <span class='ocrx_word' id='word_1_34' title='bbox 1129 692 1434 763; x_wconf 77' lang='lat' dir='ltr'><strong>gloriﬁcato</strong></span> <span class='ocrx_word' id='word_1_35' title='bbox 1476 693 1647 745; x_wconf 72' lang='lat' dir='ltr'><strong>&quot;eum</strong></span> <span class='ocrx_word' id='word_1_36' title='bbox 1676 688 1827 742; x_wconf 85' lang='lat' dir='ltr'><strong>vultu</strong></span> <span class='ocrx_word' id='word_1_37' title='bbox 1869 701 1997 740; x_wconf 90' lang='lat' dir='ltr'><strong>con-</strong></span> 
     </span>
    </p>
   </div>
   <div class='ocr_carea' id='block_1_7' title="bbox 423 782 2000 858">
    <p class='ocr_par' dir='ltr' id='par_1_7' title="bbox 423 782 2000 858">
     <span class='ocr_line' id='line_1_7' title="bbox 423 782 2000 858; baseline -0.006 -16"><span class='ocrx_word' id='word_1_38' title='bbox 423 788 579 855; x_wconf 90' lang='lat' dir='ltr'><strong>spicit</strong></span> <span class='ocrx_word' id='word_1_39' title='bbox 633 786 830 858; x_wconf 65' lang='lat' dir='ltr'><strong>(Exod.</strong></span> <span class='ocrx_word' id='word_1_40' title='bbox 864 789 948 854; x_wconf 77' lang='grc' dir='ltr'><strong>ιιι)</strong></span> <span class='ocrx_word' id='word_1_41' title='bbox 983 802 997 838; x_wconf 91' lang='lat'><strong>:</strong></span> <span class='ocrx_word' id='word_1_42' title='bbox 1041 786 1092 840; x_wconf 88' lang='lat' dir='ltr'><strong>in</strong></span> <span class='ocrx_word' id='word_1_43' title='bbox 1123 784 1341 839; x_wconf 87' lang='lat' dir='ltr'><strong>deserto</strong></span> <span class='ocrx_word' id='word_1_44' title='bbox 1377 784 1519 837; x_wconf 83' lang='lat' dir='ltr'><strong>Elias</strong></span> <span class='ocrx_word' id='word_1_45' title='bbox 1547 782 1754 835; x_wconf 91' lang='lat' dir='ltr'><strong>vultum</strong></span> <span class='ocrx_word' id='word_1_46' title='bbox 1797 791 2000 849; x_wconf 87' lang='lat' dir='ltr'><strong>pavens</strong></span> 
     </span>
    </p>
   </div>
   <div class='ocr_carea' id='block_1_8' title="bbox 423 869 2004 950">
    <p class='ocr_par' dir='ltr' id='par_1_8' title="bbox 423 869 2004 950">
     <span class='ocr_line' id='line_1_8' title="bbox 423 869 2004 950; baseline -0.008 -14"><span class='ocrx_word' id='word_1_47' title='bbox 423 897 493 936; x_wconf 89' lang='lat' dir='ltr'><strong>ne</strong></span> <span class='ocrx_word' id='word_1_48' title='bbox 533 882 702 935; x_wconf 90' lang='lat' dir='ltr'><strong>Deum</strong></span> <span class='ocrx_word' id='word_1_49' title='bbox 746 881 1071 950; x_wconf 84' lang='lat' dir='ltr'><strong>conspiciat.</strong></span> <span class='ocrx_word' id='word_1_50' title='bbox 1103 878 1344 934; x_wconf 81' lang='lat' dir='ltr'><strong>obvolvit</strong></span> <span class='ocrx_word' id='word_1_51' title='bbox 1368 875 1459 949; x_wconf 92' lang='grc'><strong>(111</strong></span> <span class='ocrx_word' id='word_1_52' title='bbox 1494 875 1620 944; x_wconf 78' lang='lat' dir='ltr'><strong>Reg.</strong></span> <span class='ocrx_word' id='word_1_53' title='bbox 1651 887 1760 939; x_wconf 72' lang='grc' dir='ltr'><strong>ιιι,</strong></span> <span class='ocrx_word' id='word_1_54' title='bbox 1794 870 1901 943; x_wconf 74' lang='lat' dir='ltr'><strong>l3).</strong></span> <span class='ocrx_word' id='word_1_55' title='bbox 1934 869 2004 925; x_wconf 84' lang='lat' dir='ltr'><strong>Et</strong></span> 
     </span>
    </p>
   </div>
   <div class='ocr_carea' id='block_1_9' title="bbox 425 967 2003 1043">
    <p class='ocr_par' dir='ltr' id='par_1_9' title="bbox 425 967 2003 1043">
     <span class='ocr_line' id='line_1_9' title="bbox 425 967 2003 1043; baseline -0.004 -18"><span class='ocrx_word' id='word_1_56' title='bbox 425 977 671 1043; x_wconf 85' lang='lat' dir='ltr'><strong>quamvis</strong></span> <span class='ocrx_word' id='word_1_57' title='bbox 709 973 886 1026; x_wconf 82' lang='lat' dir='ltr'><strong>omnia</strong></span> <span class='ocrx_word' id='word_1_58' title='bbox 920 973 1036 1040; x_wconf 86' lang='lat' dir='ltr'><strong>ipse</strong></span> <span class='ocrx_word' id='word_1_59' title='bbox 1078 979 1349 1037; x_wconf 76' lang='lat' dir='ltr'><strong>tamquam</strong></span> <span class='ocrx_word' id='word_1_60' title='bbox 1390 983 1482 1021; x_wconf 87' lang='lat' dir='ltr'><strong>sua</strong></span> <span class='ocrx_word' id='word_1_61' title='bbox 1515 967 1793 1028; x_wconf 85' lang='lat' dir='ltr'><strong>revisilel,</strong></span> <span class='ocrx_word' id='word_1_62' title='bbox 1826 978 2003 1033; x_wconf 82' lang='lat' dir='ltr'><strong>neque</strong></span> 
     </span>
    </p>
   </div>
   <div class='ocr_carea' id='block_1_10' title="bbox 429 1055 2004 1132">
    <p class='ocr_par' dir='ltr' id='par_1_10' title="bbox 429 1055 2004 1132">
     <span class='ocr_line' id='line_1_10' title="bbox 429 1055 2004 1132; baseline -0.004 -16"><span class='ocrx_word' id='word_1_63' title='bbox 429 1065 635 1131; x_wconf 80' lang='lat' dir='ltr'><strong>uspiam</strong></span> <span class='ocrx_word' id='word_1_64' title='bbox 670 1062 844 1127; x_wconf 86' lang='lat' dir='ltr'><strong>desit;</strong></span> <span class='ocrx_word' id='word_1_65' title='bbox 878 1073 1051 1116; x_wconf 89' lang='lat' dir='ltr'><strong>tamen</strong></span> <span class='ocrx_word' id='word_1_66' title='bbox 1087 1061 1168 1132; x_wconf 91' lang='lat' dir='ltr'><strong>(ut</strong></span> <span class='ocrx_word' id='word_1_67' title='bbox 1196 1061 1467 1115; x_wconf 67' lang='lat' dir='ltr'><strong>aestimare</strong></span> <span class='ocrx_word' id='word_1_68' title='bbox 1496 1057 1644 1129; x_wconf 89' lang='lat' dir='ltr'><strong>licet)</strong></span> <span class='ocrx_word' id='word_1_69' title='bbox 1673 1055 2004 1127; x_wconf 83' lang='lat' dir='ltr'><strong>peculiarius</strong></span> 
     </span>
    </p>
   </div>
   <div class='ocr_carea' id='block_1_11' title="bbox 432 1149 1826 1222">
    <p class='ocr_par' dir='ltr' id='par_1_11' title="bbox 432 1149 1826 1222">
     <span class='ocr_line' id='line_1_11' title="bbox 432 1149 1826 1222; baseline -0.006 -15"><span class='ocrx_word' id='word_1_70' title='bbox 432 1154 791 1209; x_wconf 75' lang='lat' dir='ltr'><strong>visitationem</strong></span> <span class='ocrx_word' id='word_1_71' title='bbox 819 1152 1071 1222; x_wconf 79' lang='lat' dir='ltr'><strong>dignatur</strong></span> <span class='ocrx_word' id='word_1_72' title='bbox 1097 1151 1287 1214; x_wconf 88' lang='lat' dir='ltr'><strong>eremi,</strong></span> <span class='ocrx_word' id='word_1_73' title='bbox 1314 1159 1369 1205; x_wconf 91' lang='lat' dir='ltr'><strong>et</strong></span> <span class='ocrx_word' id='word_1_74' title='bbox 1392 1149 1513 1204; x_wconf 67' lang='lat' dir='ltr'><strong>caeli</strong></span> <span class='ocrx_word' id='word_1_75' title='bbox 1536 1156 1826 1206; x_wconf 86' lang='lat' dir='ltr'><strong>secretum.</strong></span> 
     </span>
    </p>
   </div>
   <div class='ocr_carea' id='block_1_12' title="bbox 501 1239 2007 1313">
    <p class='ocr_par' dir='ltr' id='par_1_12' title="bbox 501 1239 2007 1313">
     <span class='ocr_line' id='line_1_12' title="bbox 501 1239 2007 1313; baseline -0.004 -14"><span class='ocrx_word' id='word_1_76' title='bbox 501 1246 555 1299; x_wconf 72' lang='grc'><strong>4.</strong></span> <span class='ocrx_word' id='word_1_77' title='bbox 600 1244 805 1299; x_wconf 85' lang='lat' dir='ltr'><strong>Ferunt</strong></span> <span class='ocrx_word' id='word_1_78' title='bbox 851 1244 1135 1313; x_wconf 83' lang='lat' dir='ltr'><strong>quemdam</strong></span> <span class='ocrx_word' id='word_1_79' title='bbox 1184 1243 1274 1297; x_wconf 86' lang='lat' dir='ltr'><strong>alii</strong></span> <span class='ocrx_word' id='word_1_80' title='bbox 1332 1240 1594 1311; x_wconf 64' lang='lat' dir='ltr'><strong>quaerenti</strong></span> <span class='ocrx_word' id='word_1_81' title='bbox 1638 1240 1784 1309; x_wconf 82' lang='lat' dir='ltr'><strong>quali</strong></span> <span class='ocrx_word' id='word_1_82' title='bbox 1825 1239 2007 1294; x_wconf 79' lang='lat' dir='ltr'><strong>inesse</strong></span> 
     </span>
    </p>
   </div>
   <div class='ocr_carea' id='block_1_13' title="bbox 432 1331 2011 1404">
    <p class='ocr_par' dir='ltr' id='par_1_13' title="bbox 432 1331 2011 1404">
     <span class='ocr_line' id='line_1_13' title="bbox 432 1331 2011 1404; baseline -0.004 -14"><span class='ocrx_word' id='word_1_83' title='bbox 432 1336 551 1391; x_wconf 86' lang='lat' dir='ltr'><strong>loco</strong></span> <span class='ocrx_word' id='word_1_84' title='bbox 580 1336 749 1391; x_wconf 90' lang='lat' dir='ltr'><strong>Deum</strong></span> <span class='ocrx_word' id='word_1_85' title='bbox 780 1336 1051 1401; x_wconf 78' lang='lat' dir='ltr'><strong>crederet,</strong></span> <span class='ocrx_word' id='word_1_86' title='bbox 1083 1334 1431 1404; x_wconf 85' lang='lat' dir='ltr'><strong>respondisse</strong></span> <span class='ocrx_word' id='word_1_87' title='bbox 1463 1342 1520 1388; x_wconf 91' lang='lat' dir='ltr'><strong>ut</strong></span> <span class='ocrx_word' id='word_1_88' title='bbox 1547 1348 1656 1401; x_wconf 91' lang='lat' dir='ltr'><strong>quo</strong></span> <span class='ocrx_word' id='word_1_89' title='bbox 1680 1347 1742 1387; x_wconf 90' lang='lat' dir='ltr'><strong>se</strong></span> <span class='ocrx_word' id='word_1_90' title='bbox 1780 1331 2011 1386; x_wconf 82' lang='lat' dir='ltr'><strong>duceret</strong></span> 
     </span>
    </p>
   </div>
   <div class='ocr_carea' id='block_1_14' title="bbox 436 1422 2009 1497">
    <p class='ocr_par' dir='ltr' id='par_1_14' title="bbox 436 1422 2009 1497">
     <span class='ocr_line' id='line_1_14' title="bbox 436 1422 2009 1497; baseline -0.003 -15"><span class='ocrx_word' id='word_1_91' title='bbox 436 1429 666 1496; x_wconf 91' lang='lat' dir='ltr'><strong>impiger</strong></span> <span class='ocrx_word' id='word_1_92' title='bbox 694 1437 1041 1497; x_wconf 78' lang='lat' dir='ltr'><strong>sequeretur.</strong></span> <span class='ocrx_word' id='word_1_93' title='bbox 1067 1426 1203 1480; x_wconf 80' lang='lat' dir='ltr'><strong>Tum</strong></span> <span class='ocrx_word' id='word_1_94' title='bbox 1230 1427 1525 1481; x_wconf 83' lang='lat' dir='ltr'><strong>comitante</strong></span> <span class='ocrx_word' id='word_1_95' title='bbox 1556 1423 1779 1487; x_wconf 86' lang='lat' dir='ltr'><strong>eodem,</strong></span> <span class='ocrx_word' id='word_1_96' title='bbox 1810 1422 1877 1476; x_wconf 89' lang='lat' dir='ltr'><strong>ad</strong></span> <span class='ocrx_word' id='word_1_97' title='bbox 1904 1422 2009 1477; x_wconf 89' lang='lat' dir='ltr'><strong>late</strong></span> 
     </span>
    </p>
   </div>
   <div class='ocr_carea' id='block_1_15' title="bbox 437 1513 2010 1590">
    <p class='ocr_par' dir='ltr' id='par_1_15' title="bbox 437 1513 2010 1590">
     <span class='ocr_line' id='line_1_15' title="bbox 437 1513 2010 1590; baseline -0.003 -18"><span class='ocrx_word' id='word_1_98' title='bbox 437 1520 672 1590; x_wconf 85' lang='lat' dir='ltr'><strong>patentis</strong></span> <span class='ocrx_word' id='word_1_99' title='bbox 715 1519 879 1574; x_wconf 84' lang='lat' dir='ltr'><strong>eremi</strong></span> <span class='ocrx_word' id='word_1_100' title='bbox 908 1527 1116 1572; x_wconf 87' lang='lat' dir='ltr'><strong>secreta</strong></span> <span class='ocrx_word' id='word_1_101' title='bbox 1136 1517 1373 1572; x_wconf 75' lang='lat' dir='ltr'><strong>venisse.</strong></span> <span class='ocrx_word' id='word_1_102' title='bbox 1398 1516 1467 1571; x_wconf 87' lang='lat' dir='ltr'><strong>Et</strong></span> <span class='ocrx_word' id='word_1_103' title='bbox 1495 1514 1789 1570; x_wconf 86' lang='lat' dir='ltr'><strong>ostendens</strong></span> <span class='ocrx_word' id='word_1_104' title='bbox 1813 1513 2010 1568; x_wconf 85' lang='lat' dir='ltr'><strong>solitu-</strong></span> 
     </span>
    </p>
   </div>
   <div class='ocr_carea' id='block_1_16' title="bbox 438 1602 2013 1679">
    <p class='ocr_par' dir='ltr' id='par_1_16' title="bbox 438 1602 2013 1679">
     <span class='ocr_line' id='line_1_16' title="bbox 438 1602 2013 1679; baseline -0.003 -15"><span class='ocrx_word' id='word_1_105' title='bbox 438 1610 583 1665; x_wconf 88' lang='lat' dir='ltr'><strong>dinis</strong></span> <span class='ocrx_word' id='word_1_106' title='bbox 609 1621 777 1665; x_wconf 67' lang='lat' dir='ltr'><strong>vastae</strong></span> <span class='ocrx_word' id='word_1_107' title='bbox 804 1625 1100 1673; x_wconf 82' lang='lat' dir='ltr'><strong>recessum,</strong></span> <span class='ocrx_word' id='word_1_108' title='bbox 1130 1608 1231 1677; x_wconf 84' lang='lat' dir='ltr'><strong>En,</strong></span> <span class='ocrx_word' id='word_1_109' title='bbox 1264 1607 1457 1679; x_wconf 87' lang='lat' dir='ltr'><strong>inquit,</strong></span> <span class='ocrx_word' id='word_1_110' title='bbox 1478 1607 1568 1661; x_wconf 91' lang='lat' dir='ltr'><strong>ubi</strong></span> <span class='ocrx_word' id='word_1_111' title='bbox 1591 1606 1735 1661; x_wconf 87' lang='lat' dir='ltr'><strong>Deus</strong></span> <span class='ocrx_word' id='word_1_112' title='bbox 1761 1613 1868 1660; x_wconf 86' lang='lat' dir='ltr'><strong>est.</strong></span> <span class='ocrx_word' id='word_1_113' title='bbox 1900 1602 2013 1659; x_wconf 82' lang='lat' dir='ltr'><strong>Nec</strong></span> 
     </span>
    </p>
   </div>
   <div class='ocr_carea' id='block_1_17' title="bbox 438 1694 2014 1773">
    <p class='ocr_par' dir='ltr' id='par_1_17' title="bbox 438 1694 2014 1773">
     <span class='ocr_line' id='line_1_17' title="bbox 438 1694 2014 1773; baseline -0.004 -17"><span class='ocrx_word' id='word_1_114' title='bbox 438 1702 714 1757; x_wconf 84' lang='lat' dir='ltr'><strong>immerito</strong></span> <span class='ocrx_word' id='word_1_115' title='bbox 753 1702 825 1757; x_wconf 90' lang='lat' dir='ltr'><strong>ibi</strong></span> <span class='ocrx_word' id='word_1_116' title='bbox 853 1715 977 1757; x_wconf 85' lang='lat' dir='ltr'><strong>esse</strong></span> <span class='ocrx_word' id='word_1_117' title='bbox 1018 1700 1324 1773; x_wconf 86' lang='lat' dir='ltr'><strong>promptius</strong></span> <span class='ocrx_word' id='word_1_118' title='bbox 1369 1697 1644 1765; x_wconf 87' lang='lat' dir='ltr'><strong>creditur,</strong></span> <span class='ocrx_word' id='word_1_119' title='bbox 1674 1696 1765 1753; x_wconf 82' lang='lat' dir='ltr'><strong>ubi</strong></span> <span class='ocrx_word' id='word_1_120' title='bbox 1808 1694 2014 1752; x_wconf 89' lang='lat' dir='ltr'><strong>facilius</strong></span> 
     </span>
    </p>
   </div>
   <div class='ocr_carea' id='block_1_18' title="bbox 443 1788 1329 1847">
    <p class='ocr_par' dir='ltr' id='par_1_18' title="bbox 443 1788 1329 1847">
     <span class='ocr_line' id='line_1_18' title="bbox 443 1788 1329 1847; baseline -0.003 0"><span class='ocrx_word' id='word_1_121' title='bbox 443 1794 734 1847; x_wconf 79' lang='lat' dir='ltr'><strong>invenitur.</strong></span> <span class='ocrx_word' id='word_1_122' title='bbox 836 1801 844 1808; x_wconf 83' lang='grc'><strong>’</strong></span> <span class='ocrx_word' id='word_1_123' title='bbox 956 1788 965 1798; x_wconf 87' lang='grc'><em>’</em></span> <span class='ocrx_word' id='word_1_124' title='bbox 1326 1810 1329 1815; x_wconf 60' lang='grc' dir='ltr'><strong><em>λ</em></strong></span> 
     </span>
    </p>
   </div>
   <div class='ocr_carea' id='block_1_19' title="bbox 2098 580 3675 662">
    <p class='ocr_par' dir='ltr' id='par_1_19' title="bbox 2098 580 3675 662">
     <span class='ocr_line' id='line_1_19' title="bbox 2098 580 3675 662; baseline 0 -19"><span class='ocrx_word' id='word_1_125' title='bbox 2098 590 2269 659; x_wconf 85' lang='lat' dir='ltr'><strong>petiit,</strong></span> <span class='ocrx_word' id='word_1_126' title='bbox 2300 588 2366 642; x_wconf 89' lang='lat' dir='ltr'><strong>ad</strong></span> <span class='ocrx_word' id='word_1_127' title='bbox 2412 587 2844 656; x_wconf 74' lang='lat' dir='ltr'><strong>solitudinesque</strong></span> <span class='ocrx_word' id='word_1_128' title='bbox 2870 585 3117 655; x_wconf 76' lang='lat' dir='ltr'><strong>confugit</strong></span> <span class='ocrx_word' id='word_1_129' title='bbox 3156 584 3360 656; x_wconf 75' lang='lat' dir='ltr'><strong>(Exod.</strong></span> <span class='ocrx_word' id='word_1_130' title='bbox 3408 590 3552 660; x_wconf 74' lang='lat' dir='ltr'><strong>stv)?</strong></span> <span class='ocrx_word' id='word_1_131' title='bbox 3579 580 3675 662; x_wconf 70' lang='grc' dir='ltr'><strong>ηἰ-</strong></span> 
     </span>
    </p>
   </div>
   <div class='ocr_carea' id='block_1_20' title="bbox 2098 678 3678 751">
    <p class='ocr_par' dir='ltr' id='par_1_20' title="bbox 2098 678 3678 751">
     <span class='ocr_line' id='line_1_20' title="bbox 2098 678 3678 751; baseline 0.003 -17"><span class='ocrx_word' id='word_1_132' title='bbox 2098 681 2523 751; x_wconf 87' lang='lat' dir='ltr'><strong>propinquatura</strong></span> <span class='ocrx_word' id='word_1_133' title='bbox 2568 681 2619 733; x_wconf 90' lang='lat' dir='ltr'><strong>in</strong></span> <span class='ocrx_word' id='word_1_134' title='bbox 2673 695 2862 734; x_wconf 85' lang='lat' dir='ltr'><strong>eremo</strong></span> <span class='ocrx_word' id='word_1_135' title='bbox 2888 678 3073 749; x_wconf 89' lang='lat' dir='ltr'><strong>utique</strong></span> <span class='ocrx_word' id='word_1_136' title='bbox 3119 680 3258 741; x_wconf 72' lang='lat' dir='ltr'><strong>Deo.</strong></span> <span class='ocrx_word' id='word_1_137' title='bbox 3302 698 3334 735; x_wconf 84' lang='lat' dir='ltr'><strong>a</strong></span> <span class='ocrx_word' id='word_1_138' title='bbox 3369 698 3476 750; x_wconf 89' lang='lat' dir='ltr'><strong>quo</strong></span> <span class='ocrx_word' id='word_1_139' title='bbox 3501 683 3678 740; x_wconf 85' lang='lat' dir='ltr'><strong>fuerat</strong></span> 
     </span>
    </p>
   </div>
   <div class='ocr_carea' id='block_1_21' title="bbox 2098 771 3675 846">
    <p class='ocr_par' dir='ltr' id='par_1_21' title="bbox 2098 771 3675 846">
     <span class='ocr_line' id='line_1_21' title="bbox 2098 771 3675 846; baseline 0.001 -18"><span class='ocrx_word' id='word_1_140' title='bbox 2098 781 2351 841; x_wconf 77' lang='lat' dir='ltr'><strong>exempta</strong></span> <span class='ocrx_word' id='word_1_141' title='bbox 2374 771 2622 826; x_wconf 87' lang='lat' dir='ltr'><strong>servitio.</strong></span> <span class='ocrx_word' id='word_1_142' title='bbox 2645 771 2921 827; x_wconf 82' lang='lat' dir='ltr'><strong>Tendebat</strong></span> <span class='ocrx_word' id='word_1_143' title='bbox 2948 773 3110 841; x_wconf 85' lang='lat' dir='ltr'><strong>igitur</strong></span> <span class='ocrx_word' id='word_1_144' title='bbox 3137 773 3203 827; x_wconf 85' lang='lat' dir='ltr'><strong>ad</strong></span> <span class='ocrx_word' id='word_1_145' title='bbox 3224 772 3497 829; x_wconf 84' lang='lat' dir='ltr'><strong>desertum</strong></span> <span class='ocrx_word' id='word_1_146' title='bbox 3521 778 3675 846; x_wconf 85' lang='lat' dir='ltr'><strong>longa</strong></span> 
     </span>
    </p>
   </div>
   <div class='ocr_carea' id='block_1_22' title="bbox 2098 865 3665 937">
    <p class='ocr_par' dir='ltr' id='par_1_22' title="bbox 2098 865 3665 937">
     <span class='ocr_line' id='line_1_22' title="bbox 2098 865 3665 937; baseline -0.002 -12"><span class='ocrx_word' id='word_1_147' title='bbox 2098 870 2355 925; x_wconf 76' lang='lat' dir='ltr'><strong>vastitate</strong></span> <span class='ocrx_word' id='word_1_148' title='bbox 2384 868 2650 929; x_wconf 88' lang='lat' dir='ltr'><strong>terribile,</strong></span> <span class='ocrx_word' id='word_1_149' title='bbox 2678 866 2861 935; x_wconf 76' lang='lat' dir='ltr'><strong>Moyse</strong></span> <span class='ocrx_word' id='word_1_150' title='bbox 2886 865 3043 919; x_wconf 90' lang='lat' dir='ltr'><strong>duce.</strong></span> <span class='ocrx_word' id='word_1_151' title='bbox 3073 866 3243 932; x_wconf 85' lang='lat' dir='ltr'><strong>Quam</strong></span> <span class='ocrx_word' id='word_1_152' title='bbox 3277 883 3467 937; x_wconf 89' lang='lat' dir='ltr'><strong>magna</strong></span> <span class='ocrx_word' id='word_1_153' title='bbox 3497 871 3665 924; x_wconf 67' lang='lat' dir='ltr'><strong>militi</strong></span> 
     </span>
    </p>
   </div>
   <div class='ocr_carea' id='block_1_23' title="bbox 2104 958 3680 1031">
    <p class='ocr_par' dir='ltr' id='par_1_23' title="bbox 2104 958 3680 1031">
     <span class='ocr_line' id='line_1_23' title="bbox 2104 958 3680 1031; baseline -0.001 -13"><span class='ocrx_word' id='word_1_154' title='bbox 2104 962 2234 1018; x_wconf 90' lang='lat' dir='ltr'><strong>tudo</strong></span> <span class='ocrx_word' id='word_1_155' title='bbox 2263 960 2565 1017; x_wconf 84' lang='lat' dir='ltr'><strong>dulcedinis</strong></span> <span class='ocrx_word' id='word_1_156' title='bbox 2606 967 2743 1022; x_wconf 71' lang='lat' dir='ltr'><strong>tute,</strong></span> <span class='ocrx_word' id='word_1_157' title='bbox 2795 958 3052 1012; x_wconf 82' lang='lat' dir='ltr'><strong>Domine!</strong></span> <span class='ocrx_word' id='word_1_158' title='bbox 3108 959 3363 1013; x_wconf 89' lang='lat' dir='ltr'><strong>Eremum</strong></span> <span class='ocrx_word' id='word_1_159' title='bbox 3405 960 3680 1031; x_wconf 70' lang='lat' dir='ltr'><strong>ingressus</strong></span> 
     </span>
    </p>
   </div>
   <div class='ocr_carea' id='block_1_24' title="bbox 2105 1049 3678 1127">
    <p class='ocr_par' dir='ltr' id='par_1_24' title="bbox 2105 1049 3678 1127">
     <span class='ocr_line' id='line_1_24' title="bbox 2105 1049 3678 1127; baseline 0 -18"><span class='ocrx_word' id='word_1_160' title='bbox 2105 1055 2349 1127; x_wconf 73' lang='lat' dir='ltr'><strong>Moyses,</strong></span> <span class='ocrx_word' id='word_1_161' title='bbox 2388 1053 2559 1108; x_wconf 88' lang='lat' dir='ltr'><strong>Deum</strong></span> <span class='ocrx_word' id='word_1_162' title='bbox 2589 1051 2816 1106; x_wconf 89' lang='lat' dir='ltr'><strong>viderat.</strong></span> <span class='ocrx_word' id='word_1_163' title='bbox 2863 1051 2941 1105; x_wconf 85' lang='lat' dir='ltr'><strong>En</strong></span> <span class='ocrx_word' id='word_1_164' title='bbox 2982 1049 3122 1105; x_wconf 84' lang='lat' dir='ltr'><strong>redit</strong></span> <span class='ocrx_word' id='word_1_165' title='bbox 3150 1066 3336 1107; x_wconf 79' lang='lat' dir='ltr'><strong>rursus</strong></span> <span class='ocrx_word' id='word_1_166' title='bbox 3373 1063 3434 1108; x_wconf 89' lang='lat' dir='ltr'><strong>ut</strong></span> <span class='ocrx_word' id='word_1_167' title='bbox 3479 1055 3678 1110; x_wconf 82' lang='lat' dir='ltr'><strong>videat.</strong></span> 
     </span>
    </p>
   </div>
   <div class='ocr_carea' id='block_1_25' title="bbox 2106 1143 3681 1216">
    <p class='ocr_par' dir='ltr' id='par_1_25' title="bbox 2106 1143 3681 1216">
     <span class='ocr_line' id='line_1_25' title="bbox 2106 1143 3681 1216; baseline 0.001 -15"><span class='ocrx_word' id='word_1_168' title='bbox 2106 1147 2225 1216; x_wconf 87' lang='lat' dir='ltr'><strong>Ipse</strong></span> <span class='ocrx_word' id='word_1_169' title='bbox 2253 1146 2415 1216; x_wconf 87' lang='lat' dir='ltr'><strong>plane</strong></span> <span class='ocrx_word' id='word_1_170' title='bbox 2445 1144 2552 1200; x_wconf 81' lang='lat' dir='ltr'><strong>dux</strong></span> <span class='ocrx_word' id='word_1_171' title='bbox 2583 1144 2793 1199; x_wconf 85' lang='lat' dir='ltr'><strong>itineris</strong></span> <span class='ocrx_word' id='word_1_172' title='bbox 2819 1143 3076 1214; x_wconf 87' lang='lat' dir='ltr'><strong>populum</strong></span> <span class='ocrx_word' id='word_1_173' title='bbox 3115 1159 3271 1200; x_wconf 85' lang='lat' dir='ltr'><strong>suum</strong></span> <span class='ocrx_word' id='word_1_174' title='bbox 3311 1145 3570 1201; x_wconf 83' lang='lat' dir='ltr'><strong>Dominus</strong></span> <span class='ocrx_word' id='word_1_175' title='bbox 3607 1148 3681 1203; x_wconf 87' lang='lat' dir='ltr'><strong>ad</strong></span> 
     </span>
    </p>
   </div>
   <div class='ocr_carea' id='block_1_26' title="bbox 2106 1234 3685 1304">
    <p class='ocr_par' dir='ltr' id='par_1_26' title="bbox 2106 1234 3685 1304">
     <span class='ocr_line' id='line_1_26' title="bbox 2106 1234 3685 1304; baseline 0.001 -11"><span class='ocrx_word' id='word_1_176' title='bbox 2106 1236 2322 1293; x_wconf 86' lang='lat' dir='ltr'><strong>deserta</strong></span> <span class='ocrx_word' id='word_1_177' title='bbox 2344 1236 2609 1300; x_wconf 88' lang='lat' dir='ltr'><strong>ducebat;</strong></span> <span class='ocrx_word' id='word_1_178' title='bbox 2633 1235 2686 1290; x_wconf 94' lang='lat' dir='ltr'><strong>in</strong></span> <span class='ocrx_word' id='word_1_179' title='bbox 2705 1250 2858 1289; x_wconf 86' lang='lat' dir='ltr'><strong>usum</strong></span> <span class='ocrx_word' id='word_1_180' title='bbox 2881 1234 3167 1304; x_wconf 89' lang='lat' dir='ltr'><strong>utriusque</strong></span> <span class='ocrx_word' id='word_1_181' title='bbox 3186 1240 3447 1304; x_wconf 87' lang='lat' dir='ltr'><strong>temporis</strong></span> <span class='ocrx_word' id='word_1_182' title='bbox 3466 1238 3685 1294; x_wconf 76' lang='lat' dir='ltr'><strong>trabeas</strong></span> 
     </span>
    </p>
   </div>
   <div class='ocr_carea' id='block_1_27' title="bbox 2108 1324 3687 1395">
    <p class='ocr_par' dir='ltr' id='par_1_27' title="bbox 2108 1324 3687 1395">
     <span class='ocr_line' id='line_1_27' title="bbox 2108 1324 3687 1395; baseline 0.001 -12"><span class='ocrx_word' id='word_1_183' title='bbox 2108 1329 2382 1383; x_wconf 81' lang='lat' dir='ltr'><strong>viantibus</strong></span> <span class='ocrx_word' id='word_1_184' title='bbox 2407 1328 2746 1389; x_wconf 84' lang='lat' dir='ltr'><strong>columnam,</strong></span> <span class='ocrx_word' id='word_1_185' title='bbox 2775 1325 2920 1381; x_wconf 74' lang='lat' dir='ltr'><strong>nunc</strong></span> <span class='ocrx_word' id='word_1_186' title='bbox 2943 1324 3229 1382; x_wconf 86' lang='lat' dir='ltr'><strong>rubentem</strong></span> <span class='ocrx_word' id='word_1_187' title='bbox 3269 1327 3513 1395; x_wconf 87' lang='lat' dir='ltr'><strong>flamma,</strong></span> <span class='ocrx_word' id='word_1_188' title='bbox 3543 1344 3687 1385; x_wconf 80' lang='lat' dir='ltr'><strong>nunc</strong></span> 
     </span>
    </p>
   </div>
   <div class='ocr_carea' id='block_1_28' title="bbox 2108 1414 3690 1485">
    <p class='ocr_par' dir='ltr' id='par_1_28' title="bbox 2108 1414 3690 1485">
     <span class='ocr_line' id='line_1_28' title="bbox 2108 1414 3690 1485; baseline -0.001 -12"><span class='ocrx_word' id='word_1_189' title='bbox 2108 1418 2253 1474; x_wconf 86' lang='lat' dir='ltr'><strong>nube</strong></span> <span class='ocrx_word' id='word_1_190' title='bbox 2296 1417 2635 1473; x_wconf 88' lang='lat' dir='ltr'><strong>candentem.</strong></span> <span class='ocrx_word' id='word_1_191' title='bbox 2668 1414 2840 1470; x_wconf 82' lang='lat' dir='ltr'><strong>Dabat</strong></span> <span class='ocrx_word' id='word_1_192' title='bbox 2878 1416 2951 1470; x_wconf 88' lang='lat' dir='ltr'><strong>ita</strong></span> <span class='ocrx_word' id='word_1_193' title='bbox 2998 1416 3435 1485; x_wconf 82' lang='lat' dir='ltr'><strong>promercalibus</strong></span> <span class='ocrx_word' id='word_1_194' title='bbox 3474 1433 3505 1472; x_wconf 89' lang='lat' dir='ltr'><strong>e</strong></span> <span class='ocrx_word' id='word_1_195' title='bbox 3546 1420 3690 1473; x_wconf 72' lang='lat' dir='ltr'><strong>uelo</strong></span> 
     </span>
    </p>
   </div>
   <div class='ocr_carea' id='block_1_29' title="bbox 2110 1506 3692 1580">
    <p class='ocr_par' dir='ltr' id='par_1_29' title="bbox 2110 1506 3692 1580">
     <span class='ocr_line' id='line_1_29' title="bbox 2110 1506 3692 1580; baseline -0.001 -14"><span class='ocrx_word' id='word_1_196' title='bbox 2110 1511 2357 1580; x_wconf 89' lang='lat' dir='ltr'><strong>signum,</strong></span> <span class='ocrx_word' id='word_1_197' title='bbox 2388 1508 2532 1578; x_wconf 87' lang='lat' dir='ltr'><strong>quod</strong></span> <span class='ocrx_word' id='word_1_198' title='bbox 2575 1509 2746 1563; x_wconf 84' lang='lat' dir='ltr'><strong>lactea</strong></span> <span class='ocrx_word' id='word_1_199' title='bbox 2787 1506 2929 1562; x_wconf 88' lang='lat' dir='ltr'><strong>mole</strong></span> <span class='ocrx_word' id='word_1_200' title='bbox 2954 1516 3261 1576; x_wconf 88' lang='lat' dir='ltr'><strong>porrectum</strong></span> <span class='ocrx_word' id='word_1_201' title='bbox 3292 1507 3516 1563; x_wconf 88' lang='lat' dir='ltr'><strong>alternis</strong></span> <span class='ocrx_word' id='word_1_202' title='bbox 3551 1511 3692 1564; x_wconf 65' lang='lat' dir='ltr'><strong>irrao</strong></span> 
     </span>
    </p>
   </div>
   <div class='ocr_carea' id='block_1_30' title="bbox 2114 1596 3693 1666">
    <p class='ocr_par' dir='ltr' id='par_1_30' title="bbox 2114 1596 3693 1666">
     <span class='ocr_line' id='line_1_30' title="bbox 2114 1596 3693 1666; baseline 0 -11"><span class='ocrx_word' id='word_1_203' title='bbox 2114 1601 2298 1656; x_wconf 87' lang='lat' dir='ltr'><strong>diabat</strong></span> <span class='ocrx_word' id='word_1_204' title='bbox 2336 1599 2645 1654; x_wconf 87' lang='lat' dir='ltr'><strong>ardoribus.</strong></span> <span class='ocrx_word' id='word_1_205' title='bbox 2683 1597 2898 1653; x_wconf 85' lang='lat' dir='ltr'><strong>Intento</strong></span> <span class='ocrx_word' id='word_1_206' title='bbox 2942 1596 3105 1651; x_wconf 89' lang='lat' dir='ltr'><strong>Israel</strong></span> <span class='ocrx_word' id='word_1_207' title='bbox 3135 1596 3337 1652; x_wconf 86' lang='lat' dir='ltr'><strong>lumine</strong></span> <span class='ocrx_word' id='word_1_208' title='bbox 3362 1600 3693 1666; x_wconf 78' lang='lat' dir='ltr'><strong>sequebatur</strong></span> 
     </span>
    </p>
   </div>
   <div class='ocr_carea' id='block_1_31' title="bbox 2116 1690 3694 1761">
    <p class='ocr_par' dir='ltr' id='par_1_31' title="bbox 2116 1690 3694 1761">
     <span class='ocr_line' id='line_1_31' title="bbox 2116 1690 3694 1761; baseline -0.001 -11"><span class='ocrx_word' id='word_1_209' title='bbox 2116 1694 2353 1761; x_wconf 83' lang='lat' dir='ltr'><strong>radium,</strong></span> <span class='ocrx_word' id='word_1_210' title='bbox 2383 1707 2611 1748; x_wconf 89' lang='lat' dir='ltr'><strong>corusco</strong></span> <span class='ocrx_word' id='word_1_211' title='bbox 2635 1690 2847 1748; x_wconf 82' lang='lat' dir='ltr'><strong>eminus</strong></span> <span class='ocrx_word' id='word_1_212' title='bbox 2868 1691 2989 1760; x_wconf 86' lang='lat' dir='ltr'><strong>igne</strong></span> <span class='ocrx_word' id='word_1_213' title='bbox 3005 1690 3336 1754; x_wconf 87' lang='lat' dir='ltr'><strong>rutilantem,</strong></span> <span class='ocrx_word' id='word_1_214' title='bbox 3354 1702 3425 1751; x_wconf 85' lang='lat' dir='ltr'><strong>.ut</strong></span> <span class='ocrx_word' id='word_1_215' title='bbox 3447 1692 3497 1746; x_wconf 92' lang='lat' dir='ltr'><strong>in</strong></span> <span class='ocrx_word' id='word_1_216' title='bbox 3519 1694 3694 1748; x_wconf 81' lang='lat' dir='ltr'><strong>eremi</strong></span> 
     </span>
    </p>
   </div>
   <div class='ocr_carea' id='block_1_32' title="bbox 2118 1770 3667 1854">
    <p class='ocr_par' dir='ltr' id='par_1_32' title="bbox 2118 1770 3667 1854">
     <span class='ocr_line' id='line_1_32' title="bbox 2118 1770 3667 1854; baseline -0.001 -11"><span class='ocrx_word' id='word_1_217' title='bbox 2118 1797 2325 1844; x_wconf 88' lang='lat' dir='ltr'><strong>secreta</strong></span> <span class='ocrx_word' id='word_1_218' title='bbox 2356 1784 2704 1842; x_wconf 82' lang='lat' dir='ltr'><strong>tendentibus</strong></span> <span class='ocrx_word' id='word_1_219' title='bbox 2730 1783 2890 1854; x_wconf 83' lang='lat' dir='ltr'><strong>digne</strong></span> <span class='ocrx_word' id='word_1_220' title='bbox 2917 1782 3197 1848; x_wconf 86' lang='lat' dir='ltr'><strong>Dominus,</strong></span> <span class='ocrx_word' id='word_1_221' title='bbox 3229 1798 3353 1839; x_wconf 87' lang='lat' dir='ltr'><strong>cum</strong></span> <span class='ocrx_word' id='word_1_222' title='bbox 3386 1785 3485 1839; x_wconf 86' lang='lat' dir='ltr'><strong>iter</strong></span> <span class='ocrx_word' id='word_1_223' title='bbox 3510 1770 3667 1841; x_wconf 68' lang='lat' dir='ltr'><strong>esten</strong></span> 
     </span>
    </p>
   </div>
   <div class='ocr_carea' id='block_1_33' title="bbox 509 1864 2854 1951">
    <p class='ocr_par' dir='ltr' id='par_1_33' title="bbox 509 1864 2854 1951">
     <span class='ocr_line' id='line_1_33' title="bbox 509 1864 2854 1951; baseline -0 -16"><span class='ocrx_word' id='word_1_224' title='bbox 509 1881 562 1935; x_wconf 86' lang='lat'><strong>5.</strong></span> <span class='ocrx_word' id='word_1_225' title='bbox 593 1882 722 1936; x_wconf 86' lang='lat' dir='ltr'><strong>Nam</strong></span> <span class='ocrx_word' id='word_1_226' title='bbox 754 1888 810 1935; x_wconf 91' lang='lat' dir='ltr'><strong>et</strong></span> <span class='ocrx_word' id='word_1_227' title='bbox 839 1880 893 1935; x_wconf 91' lang='lat' dir='ltr'><strong>in</strong></span> <span class='ocrx_word' id='word_1_228' title='bbox 937 1879 1246 1951; x_wconf 76' lang='lat' dir='ltr'><strong>primordiis</strong></span> <span class='ocrx_word' id='word_1_229' title='bbox 1272 1894 1487 1945; x_wconf 82' lang='lat' dir='ltr'><strong>rerum,</strong></span> <span class='ocrx_word' id='word_1_230' title='bbox 1521 1895 1642 1935; x_wconf 89' lang='lat' dir='ltr'><strong>cum</strong></span> <span class='ocrx_word' id='word_1_231' title='bbox 1668 1878 1850 1935; x_wconf 86' lang='lat' dir='ltr'><strong>omnia</strong></span> <span class='ocrx_word' id='word_1_232' title='bbox 1876 1878 2015 1933; x_wconf 84' lang='lat' dir='ltr'><strong>Deus</strong></span> <span class='ocrx_word' id='word_1_233' title='bbox 2043 1864 2091 1924; x_wconf 76' lang='grc' dir='ltr'><strong>Β</strong></span> <span class='ocrx_word' id='word_1_234' title='bbox 2118 1881 2311 1944; x_wconf 88' lang='lat' dir='ltr'><strong>deret,</strong></span> <span class='ocrx_word' id='word_1_235' title='bbox 2342 1881 2524 1935; x_wconf 89' lang='lat' dir='ltr'><strong>lumen</strong></span> <span class='ocrx_word' id='word_1_236' title='bbox 2553 1876 2854 1948; x_wconf 70' lang='lat' dir='ltr'><strong>praeferret.</strong></span> 
     </span>
    </p>
   </div>
   <div class='ocr_carea' id='block_1_34' title="bbox 443 1969 2018 2042">
    <p class='ocr_par' dir='ltr' id='par_1_34' title="bbox 443 1969 2018 2042">
     <span class='ocr_line' id='line_1_34' title="bbox 443 1969 2018 2042; baseline -0.003 -15"><span class='ocrx_word' id='word_1_237' title='bbox 443 1972 498 2027; x_wconf 89' lang='lat' dir='ltr'><strong>in</strong></span> <span class='ocrx_word' id='word_1_238' title='bbox 521 1972 782 2040; x_wconf 74' lang='lat' dir='ltr'><strong>sapientia</strong></span> <span class='ocrx_word' id='word_1_239' title='bbox 810 1972 1034 2037; x_wconf 86' lang='lat' dir='ltr'><strong>faceret,</strong></span> <span class='ocrx_word' id='word_1_240' title='bbox 1062 1979 1119 2026; x_wconf 90' lang='lat' dir='ltr'><strong>et</strong></span> <span class='ocrx_word' id='word_1_241' title='bbox 1138 1971 1345 2042; x_wconf 85' lang='lat' dir='ltr'><strong>singula</strong></span> <span class='ocrx_word' id='word_1_242' title='bbox 1365 1986 1592 2041; x_wconf 70' lang='lat' dir='ltr'><strong>quaeque</strong></span> <span class='ocrx_word' id='word_1_243' title='bbox 1614 1969 1809 2025; x_wconf 89' lang='lat' dir='ltr'><strong>futuris</strong></span> <span class='ocrx_word' id='word_1_244' title='bbox 1830 1969 2018 2024; x_wconf 83' lang='lat' dir='ltr'><strong>usibus</strong></span> 
     </span>
    </p>
   </div>
   <div class='ocr_carea' id='block_1_35' title="bbox 437 2061 2014 2134">
    <p class='ocr_par' dir='ltr' id='par_1_35' title="bbox 437 2061 2014 2134">
     <span class='ocr_line' id='line_1_35' title="bbox 437 2061 2014 2134; baseline -0.003 -16"><span class='ocrx_word' id='word_1_245' title='bbox 437 2072 563 2131; x_wconf 86' lang='lat' dir='ltr'><strong>apta</strong></span> <span class='ocrx_word' id='word_1_246' title='bbox 603 2063 991 2134; x_wconf 83' lang='lat' dir='ltr'><strong>distingueret,</strong></span> <span class='ocrx_word' id='word_1_247' title='bbox 1035 2077 1141 2117; x_wconf 91' lang='lat' dir='ltr'><strong>non</strong></span> <span class='ocrx_word' id='word_1_248' title='bbox 1180 2064 1368 2130; x_wconf 85' lang='lat' dir='ltr'><strong>utique</strong></span> <span class='ocrx_word' id='word_1_249' title='bbox 1416 2061 1553 2117; x_wconf 85' lang='lat' dir='ltr'><strong>hanc</strong></span> <span class='ocrx_word' id='word_1_250' title='bbox 1594 2068 1755 2117; x_wconf 67' lang='lat' dir='ltr'><strong>terra:</strong></span> <span class='ocrx_word' id='word_1_251' title='bbox 1809 2070 2014 2130; x_wconf 88' lang='lat' dir='ltr'><strong>partem</strong></span> 
     </span>
    </p>
   </div>
   <div class='ocr_carea' id='block_1_36' title="bbox 442 2153 2017 2219">
    <p class='ocr_par' dir='ltr' id='par_1_36' title="bbox 442 2153 2017 2219">
     <span class='ocr_line' id='line_1_36' title="bbox 442 2153 2017 2219; baseline -0.002 -12"><span class='ocrx_word' id='word_1_252' title='bbox 442 2154 690 2208; x_wconf 88' lang='lat' dir='ltr'><strong>inutilem</strong></span> <span class='ocrx_word' id='word_1_253' title='bbox 733 2164 789 2209; x_wconf 92' lang='lat' dir='ltr'><strong>et</strong></span> <span class='ocrx_word' id='word_1_254' title='bbox 830 2154 1207 2209; x_wconf 81' lang='lat' dir='ltr'><strong>inhonoratam</strong></span> <span class='ocrx_word' id='word_1_255' title='bbox 1236 2153 1474 2219; x_wconf 85' lang='lat' dir='ltr'><strong>dimisit;</strong></span> <span class='ocrx_word' id='word_1_256' title='bbox 1526 2153 1621 2208; x_wconf 88' lang='lat' dir='ltr'><strong>sed</strong></span> <span class='ocrx_word' id='word_1_257' title='bbox 1670 2161 1867 2207; x_wconf 86' lang='lat' dir='ltr'><strong>cuncta</strong></span> <span class='ocrx_word' id='word_1_258' title='bbox 1910 2166 2017 2205; x_wconf 91' lang='lat' dir='ltr'><strong>non</strong></span> 
     </span>
    </p>
   </div>
   <div class='ocr_carea' id='block_1_37' title="bbox 440 2242 2020 2317">
    <p class='ocr_par' dir='ltr' id='par_1_37' title="bbox 440 2242 2020 2317">
     <span class='ocr_line' id='line_1_37' title="bbox 440 2242 2020 2317; baseline -0.003 -17"><span class='ocrx_word' id='word_1_259' title='bbox 440 2248 613 2315; x_wconf 85' lang='lat' dir='ltr'><strong>magis</strong></span> <span class='ocrx_word' id='word_1_260' title='bbox 635 2247 889 2315; x_wconf 70' lang='lat' dir='ltr'><strong>pmsenti</strong></span> <span class='ocrx_word' id='word_1_261' title='bbox 912 2246 1329 2317; x_wconf 74' lang='lat' dir='ltr'><strong>magniﬁcentia,</strong></span> <span class='ocrx_word' id='word_1_262' title='bbox 1350 2260 1512 2314; x_wconf 89' lang='lat' dir='ltr'><strong>quam</strong></span> <span class='ocrx_word' id='word_1_263' title='bbox 1537 2244 1700 2299; x_wconf 88' lang='lat' dir='ltr'><strong>futuri</strong></span> <span class='ocrx_word' id='word_1_264' title='bbox 1727 2242 2020 2312; x_wconf 74' lang='lat' dir='ltr'><strong>pmscien-</strong></span> 
     </span>
    </p>
   </div>
   <div class='ocr_carea' id='block_1_38' title="bbox 442 2335 2018 2408">
    <p class='ocr_par' dir='ltr' id='par_1_38' title="bbox 442 2335 2018 2408">
     <span class='ocr_line' id='line_1_38' title="bbox 442 2335 2018 2408; baseline -0.003 -15"><span class='ocrx_word' id='word_1_265' title='bbox 442 2338 512 2393; x_wconf 90' lang='lat' dir='ltr'><strong>tia</strong></span> <span class='ocrx_word' id='word_1_266' title='bbox 560 2353 789 2403; x_wconf 91' lang='lat' dir='ltr'><strong>creans,</strong></span> <span class='ocrx_word' id='word_1_267' title='bbox 826 2339 1067 2393; x_wconf 85' lang='lat' dir='ltr'><strong>venturis</strong></span> <span class='ocrx_word' id='word_1_268' title='bbox 1106 2347 1186 2408; x_wconf 81' lang='lat' dir='ltr'><strong>(ut</strong></span> <span class='ocrx_word' id='word_1_269' title='bbox 1230 2336 1488 2407; x_wconf 76' lang='lat' dir='ltr'><strong>arbitror)</strong></span> <span class='ocrx_word' id='word_1_270' title='bbox 1536 2351 1777 2392; x_wconf 89' lang='lat' dir='ltr'><strong>eremum</strong></span> <span class='ocrx_word' id='word_1_271' title='bbox 1818 2335 2018 2390; x_wconf 79' lang='lat' dir='ltr'><strong>sanctis</strong></span> 
     </span>
    </p>
   </div>
   <div class='ocr_carea' id='block_1_39' title="bbox 444 2426 2018 2499">
    <p class='ocr_par' dir='ltr' id='par_1_39' title="bbox 444 2426 2018 2499">
     <span class='ocr_line' id='line_1_39' title="bbox 444 2426 2018 2499; baseline -0.001 -19"><span class='ocrx_word' id='word_1_272' title='bbox 444 2428 672 2499; x_wconf 83' lang='lat' dir='ltr'><strong>paravit.</strong></span> <span class='ocrx_word' id='word_1_273' title='bbox 723 2428 903 2482; x_wconf 87' lang='lat' dir='ltr'><strong>Credo</strong></span> <span class='ocrx_word' id='word_1_274' title='bbox 953 2428 1036 2482; x_wconf 85' lang='lat' dir='ltr'><strong>liis</strong></span> <span class='ocrx_word' id='word_1_275' title='bbox 1086 2426 1233 2480; x_wconf 86' lang='lat' dir='ltr'><strong>illam</strong></span> <span class='ocrx_word' id='word_1_276' title='bbox 1288 2428 1607 2493; x_wconf 81' lang='lat' dir='ltr'><strong>locupletem</strong></span> <span class='ocrx_word' id='word_1_277' title='bbox 1660 2426 1712 2479; x_wconf 92' lang='lat' dir='ltr'><strong>iu</strong></span> <span class='ocrx_word' id='word_1_278' title='bbox 1758 2426 2018 2479; x_wconf 87' lang='lat' dir='ltr'><strong>fructibus</strong></span> 
     </span>
    </p>
   </div>
   <div class='ocr_carea' id='block_1_40' title="bbox 438 2520 2017 2591">
    <p class='ocr_par' dir='ltr' id='par_1_40' title="bbox 438 2520 2017 2591">
     <span class='ocr_line' id='line_1_40' title="bbox 438 2520 2017 2591; baseline -0.003 -15"><span class='ocrx_word' id='word_1_279' title='bbox 438 2520 631 2586; x_wconf 84' lang='lat' dir='ltr'><strong>voluit,</strong></span> <span class='ocrx_word' id='word_1_280' title='bbox 676 2528 733 2575; x_wconf 89' lang='lat' dir='ltr'><strong>et</strong></span> <span class='ocrx_word' id='word_1_281' title='bbox 769 2534 868 2591; x_wconf 91' lang='lat' dir='ltr'><strong>pro</strong></span> <span class='ocrx_word' id='word_1_282' title='bbox 895 2520 1309 2591; x_wconf 89' lang='lat' dir='ltr'><strong>indulgentioris</strong></span> <span class='ocrx_word' id='word_1_283' title='bbox 1338 2528 1542 2573; x_wconf 75' lang='lat' dir='ltr'><strong>natura:</strong></span> <span class='ocrx_word' id='word_1_284' title='bbox 1574 2521 1691 2575; x_wconf 82' lang='lat' dir='ltr'><strong>vice</strong></span> <span class='ocrx_word' id='word_1_285' title='bbox 1722 2520 1859 2573; x_wconf 89' lang='lat' dir='ltr'><strong>banc</strong></span> <span class='ocrx_word' id='word_1_286' title='bbox 1889 2534 2017 2573; x_wconf 85' lang='lat' dir='ltr'><strong>san-</strong></span> 
     </span>
    </p>
   </div>
   <div class='ocr_carea' id='block_1_41' title="bbox 439 2611 2017 2682">
    <p class='ocr_par' dir='ltr' id='par_1_41' title="bbox 439 2611 2017 2682">
     <span class='ocr_line' id='line_1_41' title="bbox 439 2611 2017 2682; baseline 0 -17"><span class='ocrx_word' id='word_1_287' title='bbox 439 2621 649 2665; x_wconf 89' lang='lat' dir='ltr'><strong>ctorum</strong></span> <span class='ocrx_word' id='word_1_288' title='bbox 697 2611 826 2666; x_wconf 90' lang='lat' dir='ltr'><strong>dare</strong></span> <span class='ocrx_word' id='word_1_289' title='bbox 858 2611 1176 2677; x_wconf 88' lang='lat' dir='ltr'><strong>fecundam,</strong></span> <span class='ocrx_word' id='word_1_290' title='bbox 1228 2614 1394 2667; x_wconf 86' lang='lat' dir='ltr'><strong>utsic</strong></span> <span class='ocrx_word' id='word_1_291' title='bbox 1437 2613 1851 2682; x_wconf 86' lang='lat' dir='ltr'><strong>pinguescerent</strong></span> <span class='ocrx_word' id='word_1_292' title='bbox 1881 2611 2017 2665; x_wconf 83' lang='lat' dir='ltr'><strong>lines</strong></span> 
     </span>
    </p>
   </div>
   <div class='ocr_carea' id='block_1_42' title="bbox 440 2702 2015 2774">
    <p class='ocr_par' dir='ltr' id='par_1_42' title="bbox 440 2702 2015 2774">
     <span class='ocr_line' id='line_1_42' title="bbox 440 2702 2015 2774; baseline 0.001 -17"><span class='ocrx_word' id='word_1_293' title='bbox 440 2702 664 2765; x_wconf 87' lang='lat' dir='ltr'><strong>deserti.</strong></span> <span class='ocrx_word' id='word_1_294' title='bbox 690 2714 743 2758; x_wconf 88' lang='lat' dir='ltr'><strong>et</strong></span> <span class='ocrx_word' id='word_1_295' title='bbox 770 2718 895 2759; x_wconf 88' lang='lat' dir='ltr'><strong>cum</strong></span> <span class='ocrx_word' id='word_1_296' title='bbox 926 2702 1127 2774; x_wconf 84' lang='lat' dir='ltr'><strong>rigaret</strong></span> <span class='ocrx_word' id='word_1_297' title='bbox 1152 2704 1219 2758; x_wconf 92' lang='lat' dir='ltr'><strong>de</strong></span> <span class='ocrx_word' id='word_1_298' title='bbox 1249 2705 1616 2772; x_wconf 84' lang='lat' dir='ltr'><strong>superioribus</strong></span> <span class='ocrx_word' id='word_1_299' title='bbox 1644 2706 1757 2758; x_wconf 82' lang='lat' dir='ltr'><strong>suis</strong></span> <span class='ocrx_word' id='word_1_300' title='bbox 1781 2712 2015 2769; x_wconf 67' lang='lat' dir='ltr'><strong>montes,</strong></span> 
     </span>
    </p>
   </div>
   <div class='ocr_carea' id='block_1_43' title="bbox 442 2792 2016 2864">
    <p class='ocr_par' dir='ltr' id='par_1_43' title="bbox 442 2792 2016 2864">
     <span class='ocr_line' id='line_1_43' title="bbox 442 2792 2016 2864; baseline 0.003 -20"><span class='ocrx_word' id='word_1_301' title='bbox 442 2792 781 2848; x_wconf 85' lang='lat' dir='ltr'><strong>abundarent</strong></span> <span class='ocrx_word' id='word_1_302' title='bbox 830 2808 1044 2864; x_wconf 90' lang='lat' dir='ltr'><strong>quoque</strong></span> <span class='ocrx_word' id='word_1_303' title='bbox 1094 2794 1441 2862; x_wconf 88' lang='lat' dir='ltr'><strong>multiplicata</strong></span> <span class='ocrx_word' id='word_1_304' title='bbox 1496 2794 1648 2864; x_wconf 90' lang='lat' dir='ltr'><strong>fruge</strong></span> <span class='ocrx_word' id='word_1_305' title='bbox 1696 2795 2016 2859; x_wconf 80' lang='lat' dir='ltr'><strong>convalles;</strong></span> 
     </span>
    </p>
   </div>
   <div class='ocr_carea' id='block_1_44' title="bbox 443 2884 2015 2956">
    <p class='ocr_par' dir='ltr' id='par_1_44' title="bbox 443 2884 2015 2956">
     <span class='ocr_line' id='line_1_44' title="bbox 443 2884 2015 2956; baseline 0.004 -20"><span class='ocrx_word' id='word_1_306' title='bbox 443 2884 802 2954; x_wconf 89' lang='lat' dir='ltr'><strong>locorumque</strong></span> <span class='ocrx_word' id='word_1_307' title='bbox 848 2887 1043 2939; x_wconf 90' lang='lat' dir='ltr'><strong>damna</strong></span> <span class='ocrx_word' id='word_1_308' title='bbox 1100 2887 1411 2956; x_wconf 84' lang='lat' dir='ltr'><strong>suppleret,</strong></span> <span class='ocrx_word' id='word_1_309' title='bbox 1456 2902 1580 2941; x_wconf 87' lang='lat' dir='ltr'><strong>cum</strong></span> <span class='ocrx_word' id='word_1_310' title='bbox 1635 2888 2015 2943; x_wconf 83' lang='lat' dir='ltr'><strong>habitationem</strong></span> 
     </span>
    </p>
   </div>
   <div class='ocr_carea' id='block_1_45' title="bbox 440 2974 1267 3031">
    <p class='ocr_par' dir='ltr' id='par_1_45' title="bbox 440 2974 1267 3031">
     <span class='ocr_line' id='line_1_45' title="bbox 440 2974 1267 3031; baseline 0 -2"><span class='ocrx_word' id='word_1_311' title='bbox 440 2976 679 3030; x_wconf 84' lang='lat' dir='ltr'><strong>sterilem</strong></span> <span class='ocrx_word' id='word_1_312' title='bbox 714 2974 1018 3031; x_wconf 84' lang='lat' dir='ltr'><strong>habitatore</strong></span> <span class='ocrx_word' id='word_1_313' title='bbox 1054 2975 1267 3030; x_wconf 81' lang='lat' dir='ltr'><strong>ditaret.</strong></span> 
     </span>
    </p>
   </div>
   <div class='ocr_carea' id='block_1_46' title="bbox 512 3065 2015 3137">
    <p class='ocr_par' dir='ltr' id='par_1_46' title="bbox 512 3065 2015 3137">
     <span class='ocr_line' id='line_1_46' title="bbox 512 3065 2015 3137; baseline -0.001 -18"><span class='ocrx_word' id='word_1_314' title='bbox 512 3066 566 3119; x_wconf 89' lang='lat'><strong>6.</strong></span> <span class='ocrx_word' id='word_1_315' title='bbox 602 3065 890 3119; x_wconf 70' lang='lat' dir='ltr'><strong>Possessor</strong></span> <span class='ocrx_word' id='word_1_316' title='bbox 936 3066 1174 3134; x_wconf 77' lang='lat' dir='ltr'><strong>paradisi</strong></span> <span class='ocrx_word' id='word_1_317' title='bbox 1217 3076 1272 3120; x_wconf 91' lang='lat' dir='ltr'><strong>ct</strong></span> <span class='ocrx_word' id='word_1_318' title='bbox 1322 3075 1690 3136; x_wconf 87' lang='lat' dir='ltr'><strong>transgressor</strong></span> <span class='ocrx_word' id='word_1_319' title='bbox 1729 3066 2015 3137; x_wconf 63' lang='lat' dir='ltr'><strong>praecepti,</strong></span> 
     </span>
    </p>
   </div>
   <div class='ocr_carea' id='block_1_47' title="bbox 2190 1971 3700 2042">
    <p class='ocr_par' dir='ltr' id='par_1_47' title="bbox 2190 1971 3700 2042">
     <span class='ocr_line' id='line_1_47' title="bbox 2190 1971 3700 2042; baseline -0.001 -13"><span class='ocrx_word' id='word_1_320' title='bbox 2190 1976 2244 2030; x_wconf 87' lang='lat'><strong>9.</strong></span> <span class='ocrx_word' id='word_1_321' title='bbox 2292 1974 2430 2029; x_wconf 82' lang='lat' dir='ltr'><strong>Huic</strong></span> <span class='ocrx_word' id='word_1_322' title='bbox 2460 1972 2751 2029; x_wconf 81' lang='lat' dir='ltr'><strong>identidem</strong></span> <span class='ocrx_word' id='word_1_323' title='bbox 2779 1971 2980 2042; x_wconf 87' lang='lat' dir='ltr'><strong>populo</strong></span> <span class='ocrx_word' id='word_1_324' title='bbox 3017 1986 3197 2027; x_wconf 87' lang='lat' dir='ltr'><strong>nonne</strong></span> <span class='ocrx_word' id='word_1_325' title='bbox 3224 1971 3290 2026; x_wconf 88' lang='lat' dir='ltr'><strong>ad</strong></span> <span class='ocrx_word' id='word_1_326' title='bbox 3317 1972 3529 2027; x_wconf 87' lang='lat' dir='ltr'><strong>deserta</strong></span> <span class='ocrx_word' id='word_1_327' title='bbox 3577 1981 3700 2028; x_wconf 54' lang='lat' dir='ltr'><strong>ten.</strong></span> 
     </span>
    </p>
   </div>
   <div class='ocr_carea' id='block_1_48' title="bbox 2117 2064 3699 2137">
    <p class='ocr_par' dir='ltr' id='par_1_48' title="bbox 2117 2064 3699 2137">
     <span class='ocr_line' id='line_1_48' title="bbox 2117 2064 3699 2137; baseline -0.003 -14"><span class='ocrx_word' id='word_1_328' title='bbox 2117 2067 2267 2123; x_wconf 90' lang='lat' dir='ltr'><strong>denti</strong></span> <span class='ocrx_word' id='word_1_329' title='bbox 2296 2066 2508 2137; x_wconf 83' lang='lat' dir='ltr'><strong>objecta</strong></span> <span class='ocrx_word' id='word_1_330' title='bbox 2555 2067 2683 2120; x_wconf 89' lang='lat' dir='ltr'><strong>invii</strong></span> <span class='ocrx_word' id='word_1_331' title='bbox 2712 2065 2878 2121; x_wconf 89' lang='lat' dir='ltr'><strong>maris</strong></span> <span class='ocrx_word' id='word_1_332' title='bbox 2916 2065 3147 2120; x_wconf 84' lang='lat' dir='ltr'><strong>claustra</strong></span> <span class='ocrx_word' id='word_1_333' title='bbox 3175 2074 3466 2135; x_wconf 85' lang='lat' dir='ltr'><strong>patuerunt</strong></span> <span class='ocrx_word' id='word_1_334' title='bbox 3494 2064 3699 2135; x_wconf 68' lang='grc' dir='ltr'><strong>(Εευά.</strong></span> 
     </span>
    </p>
   </div>
   <div class='ocr_carea' id='block_1_49' title="bbox 2118 2155 3701 2230">
    <p class='ocr_par' dir='ltr' id='par_1_49' title="bbox 2118 2155 3701 2230">
     <span class='ocr_line' id='line_1_49' title="bbox 2118 2155 3701 2230; baseline -0.002 -16"><span class='ocrx_word' id='word_1_335' title='bbox 2118 2174 2235 2225; x_wconf 77' lang='lat' dir='ltr'><strong>xlv,</strong></span> <span class='ocrx_word' id='word_1_336' title='bbox 2261 2158 2394 2230; x_wconf 62' lang='grc' dir='ltr'><strong>ην</strong></span> <span class='ocrx_word' id='word_1_337' title='bbox 2421 2155 2556 2214; x_wconf 91' lang='lat' dir='ltr'><strong>Cum</strong></span> <span class='ocrx_word' id='word_1_338' title='bbox 2573 2155 2717 2213; x_wconf 89' lang='lat' dir='ltr'><strong>inter</strong></span> <span class='ocrx_word' id='word_1_339' title='bbox 2735 2165 3038 2227; x_wconf 67' lang='lat' dir='ltr'><strong>praruptos</strong></span> <span class='ocrx_word' id='word_1_340' title='bbox 3060 2159 3298 2225; x_wconf 85' lang='lat' dir='ltr'><strong>gurgites</strong></span> <span class='ocrx_word' id='word_1_341' title='bbox 3320 2158 3424 2213; x_wconf 90' lang='lat' dir='ltr'><strong>iter</strong></span> <span class='ocrx_word' id='word_1_342' title='bbox 3444 2173 3701 2227; x_wconf 82' lang='lat' dir='ltr'><strong>carpens,</strong></span> 
     </span>
    </p>
   </div>
   <div class='ocr_carea' id='block_1_50' title="bbox 2118 2247 3702 2320">
    <p class='ocr_par' dir='ltr' id='par_1_50' title="bbox 2118 2247 3702 2320">
     <span class='ocr_line' id='line_1_50' title="bbox 2118 2247 3702 2320; baseline -0.001 -16"><span class='ocrx_word' id='word_1_343' title='bbox 2118 2248 2495 2320; x_wconf 78' lang='lat' dir='ltr'><strong>pulverulento</strong></span> <span class='ocrx_word' id='word_1_344' title='bbox 2532 2249 2773 2318; x_wconf 86' lang='lat' dir='ltr'><strong>vestigiis</strong></span> <span class='ocrx_word' id='word_1_345' title='bbox 2814 2248 3030 2317; x_wconf 82' lang='lat' dir='ltr'><strong>agmine</strong></span> <span class='ocrx_word' id='word_1_346' title='bbox 3076 2247 3271 2302; x_wconf 86' lang='lat' dir='ltr'><strong>Rubris</strong></span> <span class='ocrx_word' id='word_1_347' title='bbox 3308 2248 3575 2305; x_wconf 83' lang='lat' dir='ltr'><strong>littoribus</strong></span> <span class='ocrx_word' id='word_1_348' title='bbox 3615 2250 3702 2304; x_wconf 82' lang='lat' dir='ltr'><strong>in-</strong></span> 
     </span>
    </p>
   </div>
   <div class='ocr_carea' id='block_1_51' title="bbox 2116 2339 3706 2409">
    <p class='ocr_par' dir='ltr' id='par_1_51' title="bbox 2116 2339 3706 2409">
     <span class='ocr_line' id='line_1_51' title="bbox 2116 2339 3706 2409; baseline -0.002 -11"><span class='ocrx_word' id='word_1_349' title='bbox 2116 2342 2316 2408; x_wconf 89' lang='lat' dir='ltr'><strong>cessit;</strong></span> <span class='ocrx_word' id='word_1_350' title='bbox 2370 2349 2753 2409; x_wconf 78' lang='lat' dir='ltr'><strong>exstantesque</strong></span> <span class='ocrx_word' id='word_1_351' title='bbox 2794 2340 3057 2395; x_wconf 90' lang='lat' dir='ltr'><strong>undarum</strong></span> <span class='ocrx_word' id='word_1_352' title='bbox 3106 2339 3454 2408; x_wconf 87' lang='lat' dir='ltr'><strong>pendentium</strong></span> <span class='ocrx_word' id='word_1_353' title='bbox 3485 2352 3706 2395; x_wconf 83' lang='lat' dir='ltr'><strong>montes</strong></span> 
     </span>
    </p>
   </div>
   <div class='ocr_carea' id='block_1_52' title="bbox 2118 2430 3705 2504">
    <p class='ocr_par' dir='ltr' id='par_1_52' title="bbox 2118 2430 3705 2504">
     <span class='ocr_line' id='line_1_52' title="bbox 2118 2430 3705 2504; baseline -0.001 -16"><span class='ocrx_word' id='word_1_354' title='bbox 2118 2433 2189 2490; x_wconf 90' lang='lat' dir='ltr'><strong>de</strong></span> <span class='ocrx_word' id='word_1_355' title='bbox 2217 2432 2476 2504; x_wconf 86' lang='lat' dir='ltr'><strong>profunda</strong></span> <span class='ocrx_word' id='word_1_356' title='bbox 2517 2430 2660 2487; x_wconf 87' lang='lat' dir='ltr'><strong>valle</strong></span> <span class='ocrx_word' id='word_1_357' title='bbox 2687 2431 2987 2502; x_wconf 75' lang='lat' dir='ltr'><strong>suSpiciens</strong></span> <span class='ocrx_word' id='word_1_358' title='bbox 3008 2472 3023 2497; x_wconf 92' lang='lat'><strong>,</strong></span> <span class='ocrx_word' id='word_1_359' title='bbox 3054 2430 3133 2486; x_wconf 87' lang='lat' dir='ltr'><strong>sic</strong></span> <span class='ocrx_word' id='word_1_360' title='bbox 3156 2440 3338 2487; x_wconf 91' lang='lat' dir='ltr'><strong>custos</strong></span> <span class='ocrx_word' id='word_1_361' title='bbox 3368 2432 3545 2501; x_wconf 87' lang='lat' dir='ltr'><strong>gentis</strong></span> <span class='ocrx_word' id='word_1_362' title='bbox 3575 2431 3705 2489; x_wconf 82' lang='lat' dir='ltr'><strong>freti</strong></span> 
     </span>
    </p>
   </div>
   <div class='ocr_carea' id='block_1_53' title="bbox 2120 2526 2664 2598">
    <p class='ocr_par' dir='ltr' id='par_1_53' title="bbox 2120 2526 2664 2598">
     <span class='ocr_line' id='line_1_53' title="bbox 2120 2526 2664 2598; baseline -0.007 -17"><span class='ocrx_word' id='word_1_363' title='bbox 2120 2536 2309 2598; x_wconf 87' lang='lat' dir='ltr'><strong>stagna</strong></span> <span class='ocrx_word' id='word_1_364' title='bbox 2342 2526 2664 2580; x_wconf 88' lang='lat' dir='ltr'><strong>transmisit.</strong></span> 
     </span>
    </p>
   </div>
   <div class='ocr_carea' id='block_1_54' title="bbox 2193 2614 3703 2687">
    <p class='ocr_par' dir='ltr' id='par_1_54' title="bbox 2193 2614 3703 2687">
     <span class='ocr_line' id='line_1_54' title="bbox 2193 2614 3703 2687; baseline -0.003 -14"><span class='ocrx_word' id='word_1_365' title='bbox 2193 2619 2281 2673; x_wconf 80' lang='grc'><strong>10.</strong></span> <span class='ocrx_word' id='word_1_366' title='bbox 2310 2616 2493 2687; x_wconf 80' lang='lat' dir='ltr'><strong>Neque</strong></span> <span class='ocrx_word' id='word_1_367' title='bbox 2512 2617 2566 2671; x_wconf 90' lang='lat' dir='ltr'><strong>in</strong></span> <span class='ocrx_word' id='word_1_368' title='bbox 2590 2615 2694 2671; x_wconf 85' lang='lat' dir='ltr'><strong>hoc</strong></span> <span class='ocrx_word' id='word_1_369' title='bbox 2706 2623 2912 2671; x_wconf 88' lang='lat' dir='ltr'><strong>tantum</strong></span> <span class='ocrx_word' id='word_1_370' title='bbox 2934 2614 3102 2669; x_wconf 89' lang='lat' dir='ltr'><strong>divini</strong></span> <span class='ocrx_word' id='word_1_371' title='bbox 3122 2615 3301 2684; x_wconf 88' lang='lat' dir='ltr'><strong>operis</strong></span> <span class='ocrx_word' id='word_1_372' title='bbox 3320 2617 3487 2670; x_wconf 91' lang='lat' dir='ltr'><strong>virtus</strong></span> <span class='ocrx_word' id='word_1_373' title='bbox 3508 2618 3661 2671; x_wconf 87' lang='lat' dir='ltr'><strong>stetit</strong></span> <span class='ocrx_word' id='word_1_374' title='bbox 3690 2638 3703 2669; x_wconf 90' lang='lat'><strong>:</strong></span> 
     </span>
    </p>
   </div>
   <div class='ocr_carea' id='block_1_55' title="bbox 2121 2704 3708 2778">
    <p class='ocr_par' dir='ltr' id='par_1_55' title="bbox 2121 2704 3708 2778">
     <span class='ocr_line' id='line_1_55' title="bbox 2121 2704 3708 2778; baseline -0.004 -15"><span class='ocrx_word' id='word_1_375' title='bbox 2121 2708 2318 2763; x_wconf 89' lang='lat' dir='ltr'><strong>nudata</strong></span> <span class='ocrx_word' id='word_1_376' title='bbox 2347 2723 2578 2778; x_wconf 86' lang='lat' dir='ltr'><strong>namque</strong></span> <span class='ocrx_word' id='word_1_377' title='bbox 2608 2719 2821 2762; x_wconf 88' lang='lat' dir='ltr'><strong>rursum</strong></span> <span class='ocrx_word' id='word_1_378' title='bbox 2853 2704 3023 2759; x_wconf 83' lang='lat' dir='ltr'><strong>reﬂuo</strong></span> <span class='ocrx_word' id='word_1_379' title='bbox 3048 2720 3263 2775; x_wconf 81' lang='lat' dir='ltr'><strong>:equore</strong></span> <span class='ocrx_word' id='word_1_380' title='bbox 3291 2706 3563 2776; x_wconf 84' lang='lat' dir='ltr'><strong>operiens.</strong></span> <span class='ocrx_word' id='word_1_381' title='bbox 3594 2705 3708 2760; x_wconf 80' lang='lat' dir='ltr'><strong>iter</strong></span> 
     </span>
    </p>
   </div>
   <div class='ocr_carea' id='block_1_56' title="bbox 2116 2797 3709 2865">
    <p class='ocr_par' dir='ltr' id='par_1_56' title="bbox 2116 2797 3709 2865">
     <span class='ocr_line' id='line_1_56' title="bbox 2116 2797 3709 2865; baseline -0.004 -7"><span class='ocrx_word' id='word_1_382' title='bbox 2116 2816 2306 2858; x_wconf 80' lang='lat' dir='ltr'><strong>eorum</strong></span> <span class='ocrx_word' id='word_1_383' title='bbox 2337 2816 2458 2857; x_wconf 85' lang='lat' dir='ltr'><strong>cum</strong></span> <span class='ocrx_word' id='word_1_384' title='bbox 2487 2802 2641 2854; x_wconf 89' lang='lat' dir='ltr'><strong>boste</strong></span> <span class='ocrx_word' id='word_1_385' title='bbox 2684 2798 2920 2865; x_wconf 88' lang='lat' dir='ltr'><strong>delevit,</strong></span> <span class='ocrx_word' id='word_1_386' title='bbox 2960 2808 3234 2865; x_wconf 80' lang='lat' dir='ltr'><strong>telumque</strong></span> <span class='ocrx_word' id='word_1_387' title='bbox 3265 2797 3319 2851; x_wconf 90' lang='lat' dir='ltr'><strong>in</strong></span> <span class='ocrx_word' id='word_1_388' title='bbox 3347 2798 3563 2852; x_wconf 89' lang='lat' dir='ltr'><strong>sedibus</strong></span> <span class='ocrx_word' id='word_1_389' title='bbox 3587 2801 3709 2852; x_wconf 88' lang='lat' dir='ltr'><strong>suis</strong></span> 
     </span>
    </p>
   </div>
   <div class='ocr_carea' id='block_1_57' title="bbox 2121 2890 3710 2964">
    <p class='ocr_par' dir='ltr' id='par_1_57' title="bbox 2121 2890 3710 2964">
     <span class='ocr_line' id='line_1_57' title="bbox 2121 2890 3710 2964; baseline -0.004 -16"><span class='ocrx_word' id='word_1_390' title='bbox 2121 2910 2270 2949; x_wconf 88' lang='lat' dir='ltr'><strong>mare</strong></span> <span class='ocrx_word' id='word_1_391' title='bbox 2299 2893 2488 2964; x_wconf 89' lang='lat' dir='ltr'><strong>(credo</strong></span> <span class='ocrx_word' id='word_1_392' title='bbox 2517 2907 2583 2946; x_wconf 90' lang='lat' dir='ltr'><strong>ne</strong></span> <span class='ocrx_word' id='word_1_393' title='bbox 2615 2892 2682 2946; x_wconf 91' lang='lat' dir='ltr'><strong>ab</strong></span> <span class='ocrx_word' id='word_1_394' title='bbox 2710 2906 2897 2946; x_wconf 91' lang='lat' dir='ltr'><strong>eremo</strong></span> <span class='ocrx_word' id='word_1_395' title='bbox 2919 2891 3083 2945; x_wconf 88' lang='lat' dir='ltr'><strong>Israel</strong></span> <span class='ocrx_word' id='word_1_396' title='bbox 3116 2890 3502 2961; x_wconf 87' lang='lat' dir='ltr'><strong>reverteretur)</strong></span> <span class='ocrx_word' id='word_1_397' title='bbox 3533 2906 3710 2959; x_wconf 83' lang='lat' dir='ltr'><strong>oppo-</strong></span> 
     </span>
    </p>
   </div>
   <div class='ocr_carea' id='block_1_58' title="bbox 2118 2982 3711 3055">
    <p class='ocr_par' dir='ltr' id='par_1_58' title="bbox 2118 2982 3711 3055">
     <span class='ocr_line' id='line_1_58' title="bbox 2118 2982 3711 3055; baseline -0.003 -13"><span class='ocrx_word' id='word_1_398' title='bbox 2118 2987 2247 3042; x_wconf 87' lang='lat' dir='ltr'><strong>suit.</strong></span> <span class='ocrx_word' id='word_1_399' title='bbox 2272 2984 2493 3055; x_wconf 82' lang='lat' dir='ltr'><strong>Aperuit</strong></span> <span class='ocrx_word' id='word_1_400' title='bbox 2513 2986 2652 3038; x_wconf 89' lang='lat' dir='ltr'><strong>inler</strong></span> <span class='ocrx_word' id='word_1_401' title='bbox 2669 2997 2836 3052; x_wconf 75' lang='lat' dir='ltr'><strong>aquas</strong></span> <span class='ocrx_word' id='word_1_402' title='bbox 2866 2984 3032 3047; x_wconf 81' lang='lat' dir='ltr'><strong>viam,</strong></span> <span class='ocrx_word' id='word_1_403' title='bbox 3061 2992 3112 3037; x_wconf 91' lang='lat' dir='ltr'><strong>et</strong></span> <span class='ocrx_word' id='word_1_404' title='bbox 3132 2982 3473 3038; x_wconf 81' lang='lat' dir='ltr'><strong>circumfusis</strong></span> <span class='ocrx_word' id='word_1_405' title='bbox 3504 2982 3711 3037; x_wconf 87' lang='lat' dir='ltr'><strong>deinde</strong></span> 
     </span>
    </p>
   </div>
   <div class='ocr_carea' id='block_1_59' title="bbox 2124 3074 3711 3148">
    <p class='ocr_par' dir='ltr' id='par_1_59' title="bbox 2124 3074 3711 3148">
     <span class='ocr_line' id='line_1_59' title="bbox 2124 3074 3711 3148; baseline -0.003 -15"><span class='ocrx_word' id='word_1_406' title='bbox 2124 3080 2279 3148; x_wconf 84' lang='lat' dir='ltr'><strong>aquis</strong></span> <span class='ocrx_word' id='word_1_407' title='bbox 2324 3080 2486 3141; x_wconf 75' lang='lat' dir='ltr'><strong>tevit,</strong></span> <span class='ocrx_word' id='word_1_408' title='bbox 2545 3090 2599 3130; x_wconf 89' lang='lat' dir='ltr'><strong>ut</strong></span> <span class='ocrx_word' id='word_1_409' title='bbox 2645 3078 2916 3132; x_wconf 87' lang='lat' dir='ltr'><strong>desertum</strong></span> <span class='ocrx_word' id='word_1_410' title='bbox 2949 3076 3327 3139; x_wconf 78' lang='lat' dir='ltr'><strong>expetentibus</strong></span> <span class='ocrx_word' id='word_1_411' title='bbox 3376 3074 3711 3144; x_wconf 71' lang='lat' dir='ltr'><strong>patefaceret</strong></span> 
     </span>
    </p>
   </div>
   <div class='ocr_carea' id='block_1_60' title="bbox 440 3154 3350 3241">
    <p class='ocr_par' dir='ltr' id='par_1_60' title="bbox 440 3154 3350 3241">
     <span class='ocr_line' id='line_1_60' title="bbox 440 3154 3350 3241; baseline 0 -34"><span class='ocrx_word' id='word_1_412' title='bbox 440 3170 562 3207; x_wconf 90' lang='lat' dir='ltr'><strong>cum</strong></span> <span class='ocrx_word' id='word_1_413' title='bbox 594 3155 770 3209; x_wconf 91' lang='lat' dir='ltr'><strong>locum</strong></span> <span class='ocrx_word' id='word_1_414' title='bbox 819 3154 1107 3223; x_wconf 86' lang='lat' dir='ltr'><strong>voluptatis</strong></span> <span class='ocrx_word' id='word_1_415' title='bbox 1148 3156 1457 3222; x_wconf 83' lang='lat' dir='ltr'><strong>habitaret,</strong></span> <span class='ocrx_word' id='word_1_416' title='bbox 1491 3157 1657 3211; x_wconf 80' lang='lat' dir='ltr'><strong>fixam</strong></span> <span class='ocrx_word' id='word_1_417' title='bbox 1697 3158 1801 3211; x_wconf 88' lang='lat' dir='ltr'><strong>sibi</strong></span> <span class='ocrx_word' id='word_1_418' title='bbox 1834 3172 1869 3210; x_wconf 84' lang='lat' dir='ltr'><strong>a</strong></span> <span class='ocrx_word' id='word_1_419' title='bbox 1907 3156 2019 3211; x_wconf 91' lang='lat' dir='ltr'><strong>Deo</strong></span> <span class='ocrx_word' id='word_1_420' title='bbox 2050 3232 2085 3241; x_wconf 77' lang='lat'>_</span> <span class='ocrx_word' id='word_1_421' title='bbox 2120 3173 2274 3241; x_wconf 54' lang='lat' dir='ltr'><strong>imm,</strong></span> <span class='ocrx_word' id='word_1_422' title='bbox 2305 3173 2583 3228; x_wconf 50' lang='lat' dir='ltr'><strong>eundem</strong></span> <span class='ocrx_word' id='word_1_423' title='bbox 2612 3172 2842 3227; x_wconf 58' lang='lat' dir='ltr'><strong>regnum</strong></span> <span class='ocrx_word' id='word_1_424' title='bbox 2873 3171 3068 3239; x_wconf 51' lang='lat'><strong>(1433,94,</strong></span> <span class='ocrx_word' id='word_1_425' title='bbox 3100 3188 3211 3239; x_wconf 53' lang='lat' dir='ltr'><strong>m’</strong></span> <span class='ocrx_word' id='word_1_426' title='bbox 3236 3172 3350 3239; x_wconf 60' lang='grc'><strong>27)⁸</strong></span> 
     </span>
    </p>
   </div>
   <div class='ocr_carea' id='block_1_61' title="bbox 444 3232 2087 3318">
    <p class='ocr_par' dir='ltr' id='par_1_61' title="bbox 444 3232 2087 3318">
     <span class='ocr_line' id='line_1_61' title="bbox 444 3232 2087 3318; baseline 0.005 -23"><span class='ocrx_word' id='word_1_427' title='bbox 444 3247 611 3312; x_wconf 81' lang='lat' dir='ltr'><strong>legem</strong></span> <span class='ocrx_word' id='word_1_428' title='bbox 663 3260 883 3299; x_wconf 90' lang='lat' dir='ltr'><strong>servare</strong></span> <span class='ocrx_word' id='word_1_429' title='bbox 912 3262 1020 3299; x_wconf 88' lang='lat' dir='ltr'><strong>non</strong></span> <span class='ocrx_word' id='word_1_430' title='bbox 1060 3247 1259 3316; x_wconf 90' lang='lat' dir='ltr'><strong>potuit.</strong></span> <span class='ocrx_word' id='word_1_431' title='bbox 1307 3248 1521 3313; x_wconf 84' lang='lat' dir='ltr'><strong>Quanto</strong></span> <span class='ocrx_word' id='word_1_432' title='bbox 1560 3249 1701 3303; x_wconf 89' lang='lat' dir='ltr'><strong>enim</strong></span> <span class='ocrx_word' id='word_1_433' title='bbox 1732 3232 2087 3318; x_wconf 64' lang='lat' dir='ltr'><strong>iucundiore</strong></span> 
     </span>
    </p>
   </div>
   <div class='ocr_carea' id='block_1_62' title="bbox 445 3336 2020 3412">
    <p class='ocr_par' dir='ltr' id='par_1_62' title="bbox 445 3336 2020 3412">
     <span class='ocr_line' id='line_1_62' title="bbox 445 3336 2020 3412; baseline 0.006 -24"><span class='ocrx_word' id='word_1_434' title='bbox 445 3336 535 3390; x_wconf 92' lang='lat' dir='ltr'><strong>ille</strong></span> <span class='ocrx_word' id='word_1_435' title='bbox 576 3336 983 3391; x_wconf 85' lang='lat' dir='ltr'><strong>amcenilalibus</strong></span> <span class='ocrx_word' id='word_1_436' title='bbox 1010 3337 1192 3404; x_wconf 89' lang='lat' dir='ltr'><strong>locus,</strong></span> <span class='ocrx_word' id='word_1_437' title='bbox 1229 3348 1377 3393; x_wconf 85' lang='lat' dir='ltr'><strong>tanto</strong></span> <span class='ocrx_word' id='word_1_438' title='bbox 1406 3340 1531 3396; x_wconf 78' lang='lat' dir='ltr'><strong>huic</strong></span> <span class='ocrx_word' id='word_1_439' title='bbox 1567 3343 1617 3395; x_wconf 88' lang='lat' dir='ltr'><strong>in</strong></span> <span class='ocrx_word' id='word_1_440' title='bbox 1661 3342 1868 3411; x_wconf 84' lang='lat' dir='ltr'><strong>lapsum</strong></span> <span class='ocrx_word' id='word_1_441' title='bbox 1892 3358 2020 3412; x_wconf 87' lang='lat' dir='ltr'><strong>pro-</strong></span> 
     </span>
    </p>
   </div>
   <div class='ocr_carea' id='block_1_63' title="bbox 446 3424 2018 3498">
    <p class='ocr_par' dir='ltr' id='par_1_63' title="bbox 446 3424 2018 3498">
     <span class='ocr_line' id='line_1_63' title="bbox 446 3424 2018 3498; baseline 0.005 -20"><span class='ocrx_word' id='word_1_442' title='bbox 446 3426 570 3479; x_wconf 90' lang='lat' dir='ltr'><strong>nior</strong></span> <span class='ocrx_word' id='word_1_443' title='bbox 598 3424 718 3480; x_wconf 91' lang='lat' dir='ltr'><strong>fuit.</strong></span> <span class='ocrx_word' id='word_1_444' title='bbox 758 3425 907 3482; x_wconf 90' lang='lat' dir='ltr'><strong>Unde</strong></span> <span class='ocrx_word' id='word_1_445' title='bbox 929 3442 1036 3481; x_wconf 89' lang='lat' dir='ltr'><strong>non</strong></span> <span class='ocrx_word' id='word_1_446' title='bbox 1067 3429 1237 3482; x_wconf 91' lang='lat' dir='ltr'><strong>solum</strong></span> <span class='ocrx_word' id='word_1_447' title='bbox 1268 3428 1413 3484; x_wconf 87' lang='lat' dir='ltr'><strong>hunc</strong></span> <span class='ocrx_word' id='word_1_448' title='bbox 1444 3430 1651 3498; x_wconf 85' lang='lat' dir='ltr'><strong>legibus</strong></span> <span class='ocrx_word' id='word_1_449' title='bbox 1688 3432 1799 3485; x_wconf 87' lang='lat' dir='ltr'><strong>suis</strong></span> <span class='ocrx_word' id='word_1_450' title='bbox 1836 3431 2018 3487; x_wconf 89' lang='lat' dir='ltr'><strong>subdi-</strong></span> 
     </span>
    </p>
   </div>
   <div class='ocr_carea' id='block_1_64' title="bbox 443 3518 2016 3592">
    <p class='ocr_par' dir='ltr' id='par_1_64' title="bbox 443 3518 2016 3592">
     <span class='ocr_line' id='line_1_64' title="bbox 443 3518 2016 3592; baseline 0.004 -21"><span class='ocrx_word' id='word_1_451' title='bbox 443 3518 545 3584; x_wconf 90' lang='lat' dir='ltr'><strong>dit,</strong></span> <span class='ocrx_word' id='word_1_452' title='bbox 595 3518 686 3572; x_wconf 92' lang='lat' dir='ltr'><strong>sed</strong></span> <span class='ocrx_word' id='word_1_453' title='bbox 723 3520 884 3573; x_wconf 90' lang='lat' dir='ltr'><strong>etiam</strong></span> <span class='ocrx_word' id='word_1_454' title='bbox 918 3521 969 3574; x_wconf 91' lang='lat' dir='ltr'><strong>in</strong></span> <span class='ocrx_word' id='word_1_455' title='bbox 1003 3537 1099 3575; x_wconf 90' lang='lat' dir='ltr'><strong>nos</strong></span> <span class='ocrx_word' id='word_1_456' title='bbox 1138 3536 1308 3592; x_wconf 89' lang='lat' dir='ltr'><strong>usque</strong></span> <span class='ocrx_word' id='word_1_457' title='bbox 1346 3538 1502 3576; x_wconf 89' lang='lat' dir='ltr'><strong>suum</strong></span> <span class='ocrx_word' id='word_1_458' title='bbox 1542 3523 1691 3576; x_wconf 89' lang='lat' dir='ltr'><strong>illum</strong></span> <span class='ocrx_word' id='word_1_459' title='bbox 1742 3522 2016 3577; x_wconf 87' lang='lat' dir='ltr'><strong>stimulum</strong></span> 
     </span>
    </p>
   </div>
   <div class='ocr_carea' id='block_1_65' title="bbox 447 3610 2016 3684">
    <p class='ocr_par' dir='ltr' id='par_1_65' title="bbox 447 3610 2016 3684">
     <span class='ocr_line' id='line_1_65' title="bbox 447 3610 2016 3684; baseline 0.003 -21"><span class='ocrx_word' id='word_1_460' title='bbox 447 3626 593 3664; x_wconf 92' lang='lat' dir='ltr'><strong>mors</strong></span> <span class='ocrx_word' id='word_1_461' title='bbox 652 3611 900 3667; x_wconf 87' lang='lat' dir='ltr'><strong>tetendit.</strong></span> <span class='ocrx_word' id='word_1_462' title='bbox 950 3610 1183 3667; x_wconf 86' lang='lat' dir='ltr'><strong>Proinde</strong></span> <span class='ocrx_word' id='word_1_463' title='bbox 1232 3628 1472 3668; x_wconf 89' lang='lat' dir='ltr'><strong>eremum</strong></span> <span class='ocrx_word' id='word_1_464' title='bbox 1513 3614 1686 3679; x_wconf 89' lang='lat' dir='ltr'><strong>colat,</strong></span> <span class='ocrx_word' id='word_1_465' title='bbox 1716 3614 1806 3684; x_wconf 90' lang='lat' dir='ltr'><strong>qui</strong></span> <span class='ocrx_word' id='word_1_466' title='bbox 1852 3615 2016 3667; x_wconf 86' lang='lat' dir='ltr'><strong>vitam</strong></span> 
     </span>
    </p>
   </div>
   <div class='ocr_carea' id='block_1_66' title="bbox 380 3696 2017 3777">
    <p class='ocr_par' dir='ltr' id='par_1_66' title="bbox 380 3696 2017 3777">
     <span class='ocr_line' id='line_1_66' title="bbox 380 3696 2017 3777; baseline 0.002 -19"><span class='ocrx_word' id='word_1_467' title='bbox 380 3696 391 3713; x_wconf 65' lang='grc'><strong><em>”</em></strong></span> <span class='ocrx_word' id='word_1_468' title='bbox 442 3705 618 3773; x_wconf 85' lang='lat' dir='ltr'><strong>cupit;</strong></span> <span class='ocrx_word' id='word_1_469' title='bbox 649 3704 772 3774; x_wconf 90' lang='lat' dir='ltr'><strong>quia</strong></span> <span class='ocrx_word' id='word_1_470' title='bbox 798 3706 997 3761; x_wconf 71' lang='lat' dir='ltr'><strong>alumni</strong></span> <span class='ocrx_word' id='word_1_471' title='bbox 1028 3706 1207 3761; x_wconf 91' lang='lat' dir='ltr'><strong>incola</strong></span> <span class='ocrx_word' id='word_1_472' title='bbox 1240 3715 1466 3762; x_wconf 89' lang='lat' dir='ltr'><strong>mortem</strong></span> <span class='ocrx_word' id='word_1_473' title='bbox 1500 3708 1724 3776; x_wconf 83' lang='lat' dir='ltr'><strong>paravit.</strong></span> <span class='ocrx_word' id='word_1_474' title='bbox 1758 3707 1865 3762; x_wconf 87' lang='lat' dir='ltr'><strong>Sed</strong></span> <span class='ocrx_word' id='word_1_475' title='bbox 1908 3707 2017 3777; x_wconf 83' lang='lat' dir='ltr'><strong>jam</strong></span> 
     </span>
    </p>
   </div>
   <div class='ocr_carea' id='block_1_67' title="bbox 442 3796 2017 3870">
    <p class='ocr_par' dir='ltr' id='par_1_67' title="bbox 442 3796 2017 3870">
     <span class='ocr_line' id='line_1_67' title="bbox 442 3796 2017 3870; baseline 0.003 -21"><span class='ocrx_word' id='word_1_476' title='bbox 442 3796 506 3849; x_wconf 85' lang='lat' dir='ltr'><strong>ad</strong></span> <span class='ocrx_word' id='word_1_477' title='bbox 536 3798 833 3865; x_wconf 79' lang='lat' dir='ltr'><strong>posteriora</strong></span> <span class='ocrx_word' id='word_1_478' title='bbox 876 3799 1041 3853; x_wconf 88' lang='lat' dir='ltr'><strong>eremi</strong></span> <span class='ocrx_word' id='word_1_479' title='bbox 1083 3798 1193 3855; x_wconf 86' lang='lat' dir='ltr'><strong>Deo</strong></span> <span class='ocrx_word' id='word_1_480' title='bbox 1232 3815 1451 3870; x_wconf 86' lang='lat' dir='ltr'><strong>semper</strong></span> <span class='ocrx_word' id='word_1_481' title='bbox 1488 3811 1724 3870; x_wconf 67' lang='lat' dir='ltr'><strong>acceptae</strong></span> <span class='ocrx_word' id='word_1_482' title='bbox 1773 3800 2017 3870; x_wconf 82' lang='lat' dir='ltr'><strong>exempla</strong></span> 
     </span>
    </p>
   </div>
   <div class='ocr_carea' id='block_1_68' title="bbox 442 3888 745 3942">
    <p class='ocr_par' dir='ltr' id='par_1_68' title="bbox 442 3888 745 3942">
     <span class='ocr_line' id='line_1_68' title="bbox 442 3888 745 3942; baseline 0.01 -3"><span class='ocrx_word' id='word_1_483' title='bbox 442 3888 745 3942; x_wconf 85' lang='lat' dir='ltr'><strong>veniamus.</strong></span> 
     </span>
    </p>
   </div>
   <div class='ocr_carea' id='block_1_69' title="bbox 513 3978 2018 4049">
    <p class='ocr_par' dir='ltr' id='par_1_69' title="bbox 513 3978 2018 4049">
     <span class='ocr_line' id='line_1_69' title="bbox 513 3978 2018 4049; baseline 0.004 -19"><span class='ocrx_word' id='word_1_484' title='bbox 513 3978 566 4031; x_wconf 89' lang='lat'><strong>7.</strong></span> <span class='ocrx_word' id='word_1_485' title='bbox 600 3978 812 4047; x_wconf 85' lang='lat' dir='ltr'><strong>Moyses</strong></span> <span class='ocrx_word' id='word_1_486' title='bbox 836 3994 959 4032; x_wconf 91' lang='lat' dir='ltr'><strong>cum</strong></span> <span class='ocrx_word' id='word_1_487' title='bbox 986 3980 1186 4049; x_wconf 87' lang='lat' dir='ltr'><strong>egisset</strong></span> <span class='ocrx_word' id='word_1_488' title='bbox 1230 3995 1396 4049; x_wconf 89' lang='lat' dir='ltr'><strong>pecus</strong></span> <span class='ocrx_word' id='word_1_489' title='bbox 1426 3981 1492 4035; x_wconf 88' lang='lat' dir='ltr'><strong>ad</strong></span> <span class='ocrx_word' id='word_1_490' title='bbox 1530 3981 1784 4037; x_wconf 87' lang='lat' dir='ltr'><strong>interiora</strong></span> <span class='ocrx_word' id='word_1_491' title='bbox 1816 3981 2018 4037; x_wconf 90' lang='lat' dir='ltr'><strong>deserti</strong></span> 
     </span>
    </p>
   </div>
   <div class='ocr_carea' id='block_1_70' title="bbox 442 4068 2017 4140">
    <p class='ocr_par' dir='ltr' id='par_1_70' title="bbox 442 4068 2017 4140">
     <span class='ocr_line' id='line_1_70' title="bbox 442 4068 2017 4140; baseline 0.002 -19"><span class='ocrx_word' id='word_1_492' title='bbox 442 4076 569 4121; x_wconf 89' lang='lat' dir='ltr'><strong>tunc</strong></span> <span class='ocrx_word' id='word_1_493' title='bbox 605 4068 1039 4135; x_wconf 71' lang='lat' dir='ltr'><strong>resplenilentem</strong></span> <span class='ocrx_word' id='word_1_494' title='bbox 1079 4069 1294 4123; x_wconf 85' lang='lat' dir='ltr'><strong>eminus</strong></span> <span class='ocrx_word' id='word_1_495' title='bbox 1336 4071 1501 4125; x_wconf 91' lang='lat' dir='ltr'><strong>Deum</strong></span> <span class='ocrx_word' id='word_1_496' title='bbox 1546 4072 1668 4140; x_wconf 86' lang='lat' dir='ltr'><strong>igne</strong></span> <span class='ocrx_word' id='word_1_497' title='bbox 1695 4073 1828 4127; x_wconf 88' lang='lat' dir='ltr'><strong>vidit</strong></span> <span class='ocrx_word' id='word_1_498' title='bbox 1868 4072 2017 4126; x_wconf 83' lang='lat' dir='ltr'><strong>inno-</strong></span> 
     </span>
    </p>
   </div>
   <div class='ocr_carea' id='block_1_71' title="bbox 442 4160 2021 4233">
    <p class='ocr_par' dir='ltr' id='par_1_71' title="bbox 442 4160 2021 4233">
     <span class='ocr_line' id='line_1_71' title="bbox 442 4160 2021 4233; baseline 0.005 -22"><span class='ocrx_word' id='word_1_499' title='bbox 442 4174 579 4220; x_wconf 88' lang='lat' dir='ltr'><strong>cuo;</strong></span> <span class='ocrx_word' id='word_1_500' title='bbox 616 4172 714 4212; x_wconf 82' lang='lat' dir='ltr'><strong>nec</strong></span> <span class='ocrx_word' id='word_1_501' title='bbox 754 4160 928 4212; x_wconf 88' lang='lat' dir='ltr'><strong>solum</strong></span> <span class='ocrx_word' id='word_1_502' title='bbox 955 4160 1115 4226; x_wconf 89' lang='lat' dir='ltr'><strong>vidit,</strong></span> <span class='ocrx_word' id='word_1_503' title='bbox 1158 4176 1342 4214; x_wconf 89' lang='lat' dir='ltr'><strong>verum</strong></span> <span class='ocrx_word' id='word_1_504' title='bbox 1374 4164 1533 4215; x_wconf 84' lang='lat' dir='ltr'><strong>etiam</strong></span> <span class='ocrx_word' id='word_1_505' title='bbox 1565 4164 1766 4217; x_wconf 84' lang='lat' dir='ltr'><strong>audivit</strong></span> <span class='ocrx_word' id='word_1_506' title='bbox 1797 4165 2021 4233; x_wconf 89' lang='lat' dir='ltr'><strong>loquen-</strong></span> 
     </span>
    </p>
   </div>
   <div class='ocr_carea' id='block_1_72' title="bbox 445 4248 2023 4322">
    <p class='ocr_par' dir='ltr' id='par_1_72' title="bbox 445 4248 2023 4322">
     <span class='ocr_line' id='line_1_72' title="bbox 445 4248 2023 4322; baseline 0.006 -22"><span class='ocrx_word' id='word_1_507' title='bbox 445 4257 576 4301; x_wconf 91' lang='lat' dir='ltr'><strong>tem.</strong></span> <span class='ocrx_word' id='word_1_508' title='bbox 618 4248 820 4319; x_wconf 85' lang='lat' dir='ltr'><strong>Nempe</strong></span> <span class='ocrx_word' id='word_1_509' title='bbox 853 4258 980 4303; x_wconf 90' lang='lat' dir='ltr'><strong>tunc</strong></span> <span class='ocrx_word' id='word_1_510' title='bbox 1023 4251 1280 4305; x_wconf 89' lang='lat' dir='ltr'><strong>Dominus</strong></span> <span class='ocrx_word' id='word_1_511' title='bbox 1309 4267 1429 4306; x_wconf 89' lang='lat' dir='ltr'><strong>eum</strong></span> <span class='ocrx_word' id='word_1_512' title='bbox 1475 4252 1632 4322; x_wconf 87' lang='lat' dir='ltr'><strong>abjici</strong></span> <span class='ocrx_word' id='word_1_513' title='bbox 1675 4255 1867 4322; x_wconf 89' lang='lat' dir='ltr'><strong>pedum</strong></span> <span class='ocrx_word' id='word_1_514' title='bbox 1906 4256 2023 4308; x_wconf 80' lang='lat' dir='ltr'><strong>vin-</strong></span> 
     </span>
    </p>
   </div>
   <div class='ocr_carea' id='block_1_73' title="bbox 442 4339 2021 4415">
    <p class='ocr_par' dir='ltr' id='par_1_73' title="bbox 442 4339 2021 4415">
     <span class='ocr_line' id='line_1_73' title="bbox 442 4339 2021 4415; baseline 0.005 -22"><span class='ocrx_word' id='word_1_515' title='bbox 442 4339 563 4393; x_wconf 84' lang='lat' dir='ltr'><strong>cula</strong></span> <span class='ocrx_word' id='word_1_516' title='bbox 597 4352 998 4408; x_wconf 87' lang='lat' dir='ltr'><strong>commoneret,</strong></span> <span class='ocrx_word' id='word_1_517' title='bbox 1040 4350 1279 4397; x_wconf 89' lang='lat' dir='ltr'><strong>sanetam</strong></span> <span class='ocrx_word' id='word_1_518' title='bbox 1310 4342 1482 4398; x_wconf 90' lang='lat' dir='ltr'><strong>eremi</strong></span> <span class='ocrx_word' id='word_1_519' title='bbox 1529 4354 1729 4400; x_wconf 91' lang='lat' dir='ltr'><strong>terram</strong></span> <span class='ocrx_word' id='word_1_520' title='bbox 1784 4361 2021 4415; x_wconf 87' lang='lat' dir='ltr'><strong>pronun-</strong></span> 
     </span>
    </p>
   </div>
   <div class='ocr_carea' id='block_1_74' title="bbox 443 4431 2022 4505">
    <p class='ocr_par' dir='ltr' id='par_1_74' title="bbox 443 4431 2022 4505">
     <span class='ocr_line' id='line_1_74' title="bbox 443 4431 2022 4505; baseline 0.005 -22"><span class='ocrx_word' id='word_1_521' title='bbox 443 4431 633 4499; x_wconf 84' lang='lat' dir='ltr'><strong>tiavit,</strong></span> <span class='ocrx_word' id='word_1_522' title='bbox 667 4432 852 4488; x_wconf 89' lang='lat' dir='ltr'><strong>dicens</strong></span> <span class='ocrx_word' id='word_1_523' title='bbox 896 4447 912 4488; x_wconf 85' lang='lat'><strong>:</strong></span> <span class='ocrx_word' id='word_1_524' title='bbox 947 4432 1109 4488; x_wconf 81' lang='lat' dir='ltr'><strong>Locus</strong></span> <span class='ocrx_word' id='word_1_525' title='bbox 1137 4435 1189 4488; x_wconf 83' lang='lat' dir='ltr'><strong>in</strong></span> <span class='ocrx_word' id='word_1_526' title='bbox 1218 4452 1319 4505; x_wconf 87' lang='lat' dir='ltr'><strong>quo</strong></span> <span class='ocrx_word' id='word_1_527' title='bbox 1348 4445 1402 4490; x_wconf 80' lang='lat' dir='ltr'><strong>tu</strong></span> <span class='ocrx_word' id='word_1_528' title='bbox 1427 4445 1560 4502; x_wconf 81' lang='lat' dir='ltr'><strong>stas,</strong></span> <span class='ocrx_word' id='word_1_529' title='bbox 1584 4445 1719 4491; x_wconf 83' lang='lat' dir='ltr'><strong>terra</strong></span> <span class='ocrx_word' id='word_1_530' title='bbox 1746 4448 1920 4492; x_wconf 82' lang='lat' dir='ltr'><strong>sancto</strong></span> <span class='ocrx_word' id='word_1_531' title='bbox 1947 4449 2022 4494; x_wconf 82' lang='lat' dir='ltr'><strong>est</strong></span> 
     </span>
    </p>
   </div>
   <div class='ocr_carea' id='block_1_75' title="bbox 443 4520 2017 4596">
    <p class='ocr_par' dir='ltr' id='par_1_75' title="bbox 443 4520 2017 4596">
     <span class='ocr_line' id='line_1_75' title="bbox 443 4520 2017 4596; baseline 0.005 -19"><span class='ocrx_word' id='word_1_532' title='bbox 443 4523 640 4591; x_wconf 77' lang='lat' dir='ltr'><strong>(Exod.</strong></span> <span class='ocrx_word' id='word_1_533' title='bbox 675 4540 760 4590; x_wconf 89' lang='lat' dir='ltr'><strong>Ill,</strong></span> <span class='ocrx_word' id='word_1_534' title='bbox 794 4524 848 4595; x_wconf 85' lang='lat'><strong>5)</strong></span> <span class='ocrx_word' id='word_1_535' title='bbox 876 4541 890 4590; x_wconf 84' lang='lat'><strong>;</strong></span> <span class='ocrx_word' id='word_1_536' title='bbox 924 4527 1208 4580; x_wconf 85' lang='lat' dir='ltr'><strong>manifesto</strong></span> <span class='ocrx_word' id='word_1_537' title='bbox 1255 4537 1382 4581; x_wconf 90' lang='lat' dir='ltr'><strong>tunc</strong></span> <span class='ocrx_word' id='word_1_538' title='bbox 1406 4528 1608 4596; x_wconf 89' lang='lat' dir='ltr'><strong>judicio</strong></span> <span class='ocrx_word' id='word_1_539' title='bbox 1642 4520 1892 4583; x_wconf 67' lang='lat' dir='ltr'><strong>meritum</strong></span> <span class='ocrx_word' id='word_1_540' title='bbox 1922 4543 2017 4585; x_wconf 91' lang='lat' dir='ltr'><strong>oc-</strong></span> 
     </span>
    </p>
   </div>
   <div class='ocr_carea' id='block_1_76' title="bbox 438 4597 2099 4692">
    <p class='ocr_par' dir='ltr' id='par_1_76' title="bbox 438 4597 2099 4692">
     <span class='ocr_line' id='line_1_76' title="bbox 438 4597 2099 4692; baseline 0.005 -22"><span class='ocrx_word' id='word_1_541' title='bbox 438 4618 569 4672; x_wconf 87' lang='lat' dir='ltr'><strong>culti</strong></span> <span class='ocrx_word' id='word_1_542' title='bbox 621 4619 841 4673; x_wconf 83' lang='lat' dir='ltr'><strong>lionoris</strong></span> <span class='ocrx_word' id='word_1_543' title='bbox 893 4621 1179 4687; x_wconf 80' lang='lat' dir='ltr'><strong>expressit.</strong></span> <span class='ocrx_word' id='word_1_544' title='bbox 1230 4620 1555 4676; x_wconf 83' lang='lat' dir='ltr'><strong>Confirmata</strong></span> <span class='ocrx_word' id='word_1_545' title='bbox 1601 4624 1798 4692; x_wconf 90' lang='lat' dir='ltr'><strong>quippe</strong></span> <span class='ocrx_word' id='word_1_546' title='bbox 1851 4635 1933 4680; x_wconf 90' lang='lat' dir='ltr'><strong>est</strong></span> <span class='ocrx_word' id='word_1_547' title='bbox 1986 4642 2014 4678; x_wconf 88' lang='lat' dir='ltr'><strong>a</strong></span> <span class='ocrx_word' id='word_1_548' title='bbox 2050 4597 2099 4656; x_wconf 76' lang='lat' dir='ltr'><strong>D</strong></span> 
     </span>
    </p>
   </div>
   <div class='ocr_carea' id='block_1_77' title="bbox 447 4708 2017 4787">
    <p class='ocr_par' dir='ltr' id='par_1_77' title="bbox 447 4708 2017 4787">
     <span class='ocr_line' id='line_1_77' title="bbox 447 4708 2017 4787; baseline 0.006 -26"><span class='ocrx_word' id='word_1_549' title='bbox 447 4708 555 4762; x_wconf 88' lang='lat' dir='ltr'><strong>Deo</strong></span> <span class='ocrx_word' id='word_1_550' title='bbox 582 4714 840 4764; x_wconf 88' lang='lat' dir='ltr'><strong>sanctitas</strong></span> <span class='ocrx_word' id='word_1_551' title='bbox 866 4710 998 4775; x_wconf 89' lang='lat' dir='ltr'><strong>loci,</strong></span> <span class='ocrx_word' id='word_1_552' title='bbox 1028 4712 1314 4768; x_wconf 88' lang='lat' dir='ltr'><strong>sanctitate</strong></span> <span class='ocrx_word' id='word_1_553' title='bbox 1349 4715 1672 4780; x_wconf 90' lang='lat' dir='ltr'><strong>testimonii;</strong></span> <span class='ocrx_word' id='word_1_554' title='bbox 1707 4719 1757 4769; x_wconf 92' lang='lat' dir='ltr'><strong>in</strong></span> <span class='ocrx_word' id='word_1_555' title='bbox 1792 4732 1898 4786; x_wconf 91' lang='lat' dir='ltr'><strong>quo</strong></span> <span class='ocrx_word' id='word_1_556' title='bbox 1936 4716 2017 4787; x_wconf 92' lang='lat' dir='ltr'><strong>(ut</strong></span> 
     </span>
    </p>
   </div>
   <div class='ocr_carea' id='block_1_78' title="bbox 443 4802 2017 4874">
    <p class='ocr_par' dir='ltr' id='par_1_78' title="bbox 443 4802 2017 4874">
     <span class='ocr_line' id='line_1_78' title="bbox 443 4802 2017 4874; baseline 0.004 -19"><span class='ocrx_word' id='word_1_557' title='bbox 443 4803 590 4871; x_wconf 88' lang='lat' dir='ltr'><strong>reor)</strong></span> <span class='ocrx_word' id='word_1_558' title='bbox 637 4811 797 4857; x_wconf 84' lang='lat' dir='ltr'><strong>etiam</strong></span> <span class='ocrx_word' id='word_1_559' title='bbox 842 4802 975 4858; x_wconf 89' lang='lat' dir='ltr'><strong>illud</strong></span> <span class='ocrx_word' id='word_1_560' title='bbox 1028 4804 1232 4872; x_wconf 86' lang='lat' dir='ltr'><strong>pariter</strong></span> <span class='ocrx_word' id='word_1_561' title='bbox 1275 4814 1331 4859; x_wconf 90' lang='lat' dir='ltr'><strong>et</strong></span> <span class='ocrx_word' id='word_1_562' title='bbox 1372 4806 1611 4861; x_wconf 88' lang='lat' dir='ltr'><strong>latenter</strong></span> <span class='ocrx_word' id='word_1_563' title='bbox 1638 4809 1915 4874; x_wconf 88' lang='lat' dir='ltr'><strong>enuntiat,</strong></span> <span class='ocrx_word' id='word_1_564' title='bbox 1960 4822 2017 4864; x_wconf 91' lang='lat' dir='ltr'><strong>ut</strong></span> 
     </span>
    </p>
   </div>
   <div class='ocr_carea' id='block_1_79' title="bbox 442 4890 2016 4969">
    <p class='ocr_par' dir='ltr' id='par_1_79' title="bbox 442 4890 2016 4969">
     <span class='ocr_line' id='line_1_79' title="bbox 442 4890 2016 4969; baseline 0.009 -26"><span class='ocrx_word' id='word_1_565' title='bbox 442 4890 709 4946; x_wconf 87' lang='lat' dir='ltr'><strong>accedens</strong></span> <span class='ocrx_word' id='word_1_566' title='bbox 738 4891 804 4946; x_wconf 89' lang='lat' dir='ltr'><strong>ad</strong></span> <span class='ocrx_word' id='word_1_567' title='bbox 835 4908 1077 4947; x_wconf 88' lang='lat' dir='ltr'><strong>eremum</strong></span> <span class='ocrx_word' id='word_1_568' title='bbox 1109 4893 1354 4964; x_wconf 90' lang='lat' dir='ltr'><strong>pristinis</strong></span> <span class='ocrx_word' id='word_1_569' title='bbox 1389 4910 1638 4951; x_wconf 88' lang='lat' dir='ltr'><strong>curarum</strong></span> <span class='ocrx_word' id='word_1_570' title='bbox 1674 4899 2016 4969; x_wconf 85' lang='lat' dir='ltr'><strong>obligationi-</strong></span> 
     </span>
    </p>
   </div>
   <div class='ocr_carea' id='block_1_80' title="bbox 444 4983 2016 5063">
    <p class='ocr_par' dir='ltr' id='par_1_80' title="bbox 444 4983 2016 5063">
     <span class='ocr_line' id='line_1_80' title="bbox 444 4983 2016 5063; baseline 0.006 -24"><span class='ocrx_word' id='word_1_571' title='bbox 444 4984 543 5040; x_wconf 87' lang='lat' dir='ltr'><strong>bus</strong></span> <span class='ocrx_word' id='word_1_572' title='bbox 571 4983 694 5039; x_wconf 66' lang='lat' dir='ltr'><strong>vita</strong></span> <span class='ocrx_word' id='word_1_573' title='bbox 720 4999 781 5041; x_wconf 90' lang='lat' dir='ltr'><strong>se</strong></span> <span class='ocrx_word' id='word_1_574' title='bbox 803 4986 1070 5053; x_wconf 80' lang='lat' dir='ltr'><strong>absolvat,</strong></span> <span class='ocrx_word' id='word_1_575' title='bbox 1100 4995 1155 5041; x_wconf 90' lang='lat' dir='ltr'><strong>et</strong></span> <span class='ocrx_word' id='word_1_576' title='bbox 1175 4988 1543 5043; x_wconf 86' lang='lat' dir='ltr'><strong>anterioribus</strong></span> <span class='ocrx_word' id='word_1_577' title='bbox 1573 4990 1803 5047; x_wconf 87' lang='lat' dir='ltr'><strong>vinculis</strong></span> <span class='ocrx_word' id='word_1_578' title='bbox 1848 5007 2016 5063; x_wconf 78' lang='lat' dir='ltr'><strong>expe-</strong></span> 
     </span>
    </p>
   </div>
   <div class='ocr_carea' id='block_1_81' title="bbox 442 5078 2021 5159">
    <p class='ocr_par' dir='ltr' id='par_1_81' title="bbox 442 5078 2021 5159">
     <span class='ocr_line' id='line_1_81' title="bbox 442 5078 2021 5159; baseline 0.008 -27"><span class='ocrx_word' id='word_1_579' title='bbox 442 5078 587 5133; x_wconf 89' lang='lat' dir='ltr'><strong>ditus</strong></span> <span class='ocrx_word' id='word_1_580' title='bbox 610 5080 846 5147; x_wconf 89' lang='lat' dir='ltr'><strong>incedat,</strong></span> <span class='ocrx_word' id='word_1_581' title='bbox 871 5096 938 5136; x_wconf 90' lang='lat' dir='ltr'><strong>ne</strong></span> <span class='ocrx_word' id='word_1_582' title='bbox 965 5081 1143 5137; x_wconf 87' lang='lat' dir='ltr'><strong>locum</strong></span> <span class='ocrx_word' id='word_1_583' title='bbox 1174 5084 1396 5151; x_wconf 85' lang='lat' dir='ltr'><strong>polluat.</strong></span> <span class='ocrx_word' id='word_1_584' title='bbox 1422 5084 1498 5138; x_wconf 91' lang='lat' dir='ltr'><strong>lbi</strong></span> <span class='ocrx_word' id='word_1_585' title='bbox 1536 5085 1766 5155; x_wconf 90' lang='lat' dir='ltr'><strong>primum</strong></span> <span class='ocrx_word' id='word_1_586' title='bbox 1810 5088 2021 5159; x_wconf 79' lang='lat' dir='ltr'><strong>Moyses</strong></span> 
     </span>
    </p>
   </div>
   <div class='ocr_carea' id='block_1_82' title="bbox 442 5170 2022 5246">
    <p class='ocr_par' dir='ltr' id='par_1_82' title="bbox 442 5170 2022 5246">
     <span class='ocr_line' id='line_1_82' title="bbox 442 5170 2022 5246; baseline 0.009 -24"><span class='ocrx_word' id='word_1_587' title='bbox 442 5170 611 5227; x_wconf 83' lang='lat' dir='ltr'><strong>divini</strong></span> <span class='ocrx_word' id='word_1_588' title='bbox 660 5173 916 5242; x_wconf 88' lang='lat' dir='ltr'><strong>colloquii</strong></span> <span class='ocrx_word' id='word_1_589' title='bbox 948 5172 1226 5230; x_wconf 85' lang='lat' dir='ltr'><strong>familiaris</strong></span> <span class='ocrx_word' id='word_1_590' title='bbox 1256 5177 1545 5232; x_wconf 86' lang='lat' dir='ltr'><strong>adhibetur</strong></span> <span class='ocrx_word' id='word_1_591' title='bbox 1582 5179 1881 5246; x_wconf 86' lang='lat' dir='ltr'><strong>interpres;</strong></span> <span class='ocrx_word' id='word_1_592' title='bbox 1933 5198 2022 5237; x_wconf 88' lang='lat' dir='ltr'><strong>ac-</strong></span> 
     </span>
    </p>
   </div>
   <div class='ocr_carea' id='block_1_83' title="bbox 442 5261 2022 5339">
    <p class='ocr_par' dir='ltr' id='par_1_83' title="bbox 442 5261 2022 5339">
     <span class='ocr_line' id='line_1_83' title="bbox 442 5261 2022 5339; baseline 0.008 -24"><span class='ocrx_word' id='word_1_593' title='bbox 442 5261 572 5333; x_wconf 90' lang='lat' dir='ltr'><strong>cipit</strong></span> <span class='ocrx_word' id='word_1_594' title='bbox 602 5265 783 5330; x_wconf 86' lang='lat' dir='ltr'><strong>verba,</strong></span> <span class='ocrx_word' id='word_1_595' title='bbox 817 5280 882 5319; x_wconf 92' lang='lat' dir='ltr'><strong>ac</strong></span> <span class='ocrx_word' id='word_1_596' title='bbox 913 5266 1150 5321; x_wconf 88' lang='lat' dir='ltr'><strong>vicissim</strong></span> <span class='ocrx_word' id='word_1_597' title='bbox 1185 5266 1381 5333; x_wconf 90' lang='lat' dir='ltr'><strong>refert;</strong></span> <span class='ocrx_word' id='word_1_598' title='bbox 1410 5269 1633 5325; x_wconf 83' lang='lat' dir='ltr'><strong>dicenda</strong></span> <span class='ocrx_word' id='word_1_599' title='bbox 1666 5272 1942 5339; x_wconf 87' lang='lat' dir='ltr'><strong>agendave</strong></span> <span class='ocrx_word' id='word_1_600' title='bbox 1967 5281 2022 5327; x_wconf 89' lang='lat' dir='ltr'><strong>et</strong></span> 
     </span>
    </p>
   </div>
   <div class='ocr_carea' id='block_1_84' title="bbox 445 5358 2024 5425">
    <p class='ocr_par' dir='ltr' id='par_1_84' title="bbox 445 5358 2024 5425">
     <span class='ocr_line' id='line_1_84' title="bbox 445 5358 2024 5425; baseline 0.006 -17"><span class='ocrx_word' id='word_1_601' title='bbox 445 5366 822 5420; x_wconf 84' lang='lat' dir='ltr'><strong>percunctatur</strong></span> <span class='ocrx_word' id='word_1_602' title='bbox 848 5358 1047 5425; x_wconf 88' lang='lat' dir='ltr'><strong>pariter</strong></span> <span class='ocrx_word' id='word_1_603' title='bbox 1076 5366 1132 5412; x_wconf 85' lang='lat' dir='ltr'><strong>et</strong></span> <span class='ocrx_word' id='word_1_604' title='bbox 1152 5358 1398 5423; x_wconf 87' lang='lat' dir='ltr'><strong>docetur,</strong></span> <span class='ocrx_word' id='word_1_605' title='bbox 1439 5374 1502 5413; x_wconf 90' lang='lat' dir='ltr'><strong>ac</strong></span> <span class='ocrx_word' id='word_1_606' title='bbox 1536 5371 1721 5416; x_wconf 89' lang='lat' dir='ltr'><strong>mutuo</strong></span> <span class='ocrx_word' id='word_1_607' title='bbox 1763 5361 2024 5418; x_wconf 89' lang='lat' dir='ltr'><strong>confabu—</strong></span> 
     </span>
    </p>
   </div>
   <div class='ocr_carea' id='block_1_85' title="bbox 448 5444 2022 5517">
    <p class='ocr_par' dir='ltr' id='par_1_85' title="bbox 448 5444 2022 5517">
     <span class='ocr_line' id='line_1_85' title="bbox 448 5444 2022 5517; baseline 0.009 -22"><span class='ocrx_word' id='word_1_608' title='bbox 448 5444 661 5499; x_wconf 90' lang='lat' dir='ltr'><strong>lationis</strong></span> <span class='ocrx_word' id='word_1_609' title='bbox 708 5448 1014 5517; x_wconf 87' lang='lat' dir='ltr'><strong>usitatoque</strong></span> <span class='ocrx_word' id='word_1_610' title='bbox 1067 5449 1395 5504; x_wconf 89' lang='lat' dir='ltr'><strong>commercio</strong></span> <span class='ocrx_word' id='word_1_611' title='bbox 1450 5465 1570 5503; x_wconf 92' lang='lat' dir='ltr'><strong>cum</strong></span> <span class='ocrx_word' id='word_1_612' title='bbox 1619 5452 1741 5506; x_wconf 75' lang='lat' dir='ltr'><strong>cmli</strong></span> <span class='ocrx_word' id='word_1_613' title='bbox 1794 5453 2022 5509; x_wconf 86' lang='lat' dir='ltr'><strong>Domino</strong></span> 
     </span>
    </p>
   </div>
   <div class='ocr_carea' id='block_1_86' title="bbox 447 5538 2021 5614">
    <p class='ocr_par' dir='ltr' id='par_1_86' title="bbox 447 5538 2021 5614">
     <span class='ocr_line' id='line_1_86' title="bbox 447 5538 2021 5614; baseline 0.01 -30"><span class='ocrx_word' id='word_1_614' title='bbox 447 5538 858 5593; x_wconf 82' lang='lat' dir='ltr'><strong>sermocinatur.</strong></span> <span class='ocrx_word' id='word_1_615' title='bbox 888 5539 965 5594; x_wconf 87' lang='lat' dir='ltr'><strong>lbi</strong></span> <span class='ocrx_word' id='word_1_616' title='bbox 992 5542 1196 5610; x_wconf 78' lang='lat' dir='ltr'><strong>virgam</strong></span> <span class='ocrx_word' id='word_1_617' title='bbox 1230 5541 1454 5595; x_wconf 88' lang='lat' dir='ltr'><strong>resumit</strong></span> <span class='ocrx_word' id='word_1_618' title='bbox 1482 5542 1534 5596; x_wconf 89' lang='lat' dir='ltr'><strong>in</strong></span> <span class='ocrx_word' id='word_1_619' title='bbox 1558 5558 1719 5612; x_wconf 88' lang='lat' dir='ltr'><strong>opera</strong></span> <span class='ocrx_word' id='word_1_620' title='bbox 1746 5546 2021 5614; x_wconf 86' lang='lat' dir='ltr'><strong>signorum</strong></span> 
     </span>
    </p>
   </div>
   <div class='ocr_carea' id='block_1_87' title="bbox 450 5631 2024 5706">
    <p class='ocr_par' dir='ltr' id='par_1_87' title="bbox 450 5631 2024 5706">
     <span class='ocr_line' id='line_1_87' title="bbox 450 5631 2024 5706; baseline 0.01 -31"><span class='ocrx_word' id='word_1_621' title='bbox 450 5635 737 5694; x_wconf 88' lang='lat' dir='ltr'><strong>potentem,</strong></span> <span class='ocrx_word' id='word_1_622' title='bbox 755 5631 1135 5700; x_wconf 86' lang='lat' dir='ltr'><strong>ingressusque</strong></span> <span class='ocrx_word' id='word_1_623' title='bbox 1156 5647 1400 5687; x_wconf 88' lang='lat' dir='ltr'><strong>eremum</strong></span> <span class='ocrx_word' id='word_1_624' title='bbox 1421 5643 1603 5701; x_wconf 78' lang='lat' dir='ltr'><strong>pastor</strong></span> <span class='ocrx_word' id='word_1_625' title='bbox 1617 5636 1821 5703; x_wconf 89' lang='lat' dir='ltr'><strong>ovium,</strong></span> <span class='ocrx_word' id='word_1_626' title='bbox 1840 5644 2024 5706; x_wconf 72' lang='lat' dir='ltr'><strong>pastor</strong></span> 
     </span>
    </p>
   </div>
   <div class='ocr_carea' id='block_1_88' title="bbox 447 5715 1417 5790">
    <p class='ocr_par' dir='ltr' id='par_1_88' title="bbox 447 5715 1417 5790">
     <span class='ocr_line' id='line_1_88' title="bbox 447 5715 1417 5790; baseline 0.008 -22"><span class='ocrx_word' id='word_1_627' title='bbox 447 5715 515 5768; x_wconf 79' lang='lat' dir='ltr'><strong>ab</strong></span> <span class='ocrx_word' id='word_1_628' title='bbox 541 5730 721 5769; x_wconf 89' lang='lat' dir='ltr'><strong>eremo</strong></span> <span class='ocrx_word' id='word_1_629' title='bbox 760 5721 1048 5775; x_wconf 87' lang='lat' dir='ltr'><strong>revertitur</strong></span> <span class='ocrx_word' id='word_1_630' title='bbox 1080 5724 1417 5790; x_wconf 89' lang='lat' dir='ltr'><strong>populorum.</strong></span> 
     </span>
    </p>
   </div>
   <div class='ocr_carea' id='block_1_89' title="bbox 516 5805 2019 5887">
    <p class='ocr_par' dir='ltr' id='par_1_89' title="bbox 516 5805 2019 5887">
     <span class='ocr_line' id='line_1_89' title="bbox 516 5805 2019 5887; baseline 0.011 -28"><span class='ocrx_word' id='word_1_631' title='bbox 516 5806 567 5859; x_wconf 76' lang='lat'><strong>8.</strong></span> <span class='ocrx_word' id='word_1_632' title='bbox 600 5805 737 5872; x_wconf 83' lang='lat' dir='ltr'><strong>Quid</strong></span> <span class='ocrx_word' id='word_1_633' title='bbox 776 5807 970 5865; x_wconf 89' lang='lat' dir='ltr'><strong>deinde</strong></span> <span class='ocrx_word' id='word_1_634' title='bbox 1008 5813 1160 5880; x_wconf 87' lang='lat' dir='ltr'><strong>plebs</strong></span> <span class='ocrx_word' id='word_1_635' title='bbox 1202 5813 1292 5869; x_wconf 87' lang='lat' dir='ltr'><strong>Dei</strong></span> <span class='ocrx_word' id='word_1_636' title='bbox 1333 5816 1402 5870; x_wconf 86' lang='lat' dir='ltr'><strong>ab</strong></span> <span class='ocrx_word' id='word_1_637' title='bbox 1443 5814 1675 5886; x_wconf 66' lang='lat' dir='ltr'><strong>Egypto</strong></span> <span class='ocrx_word' id='word_1_638' title='bbox 1714 5817 2019 5887; x_wconf 83' lang='lat' dir='ltr'><strong>liberanda,</strong></span> 
     </span>
    </p>
   </div>
   <div class='ocr_carea' id='block_1_90' title="bbox 2186 3261 3709 3334">
    <p class='ocr_par' dir='ltr' id='par_1_90' title="bbox 2186 3261 3709 3334">
     <span class='ocr_line' id='line_1_90' title="bbox 2186 3261 3709 3334; baseline -0.004 -14"><span class='ocrx_word' id='word_1_639' title='bbox 2186 3264 2279 3320; x_wconf 77' lang='grc'><strong>11.</strong></span> <span class='ocrx_word' id='word_1_640' title='bbox 2313 3263 2428 3319; x_wconf 81' lang='lat' dir='ltr'><strong>Hac</strong></span> <span class='ocrx_word' id='word_1_641' title='bbox 2454 3278 2582 3334; x_wconf 89' lang='lat' dir='ltr'><strong>ergo</strong></span> <span class='ocrx_word' id='word_1_642' title='bbox 2609 3264 2796 3334; x_wconf 71' lang='lat' dir='ltr'><strong>gratia:</strong></span> <span class='ocrx_word' id='word_1_643' title='bbox 2821 3265 3017 3317; x_wconf 80' lang='lat' dir='ltr'><strong>virtute</strong></span> <span class='ocrx_word' id='word_1_644' title='bbox 3045 3262 3240 3316; x_wconf 86' lang='lat' dir='ltr'><strong>donata</strong></span> <span class='ocrx_word' id='word_1_645' title='bbox 3267 3276 3397 3332; x_wconf 86' lang='lat' dir='ltr'><strong>gens</strong></span> <span class='ocrx_word' id='word_1_646' title='bbox 3426 3261 3516 3315; x_wconf 78' lang='lat' dir='ltr'><strong>illa</strong></span> <span class='ocrx_word' id='word_1_647' title='bbox 3535 3303 3549 3320; x_wconf 92' lang='lat'><strong>.</strong></span> <span class='ocrx_word' id='word_1_648' title='bbox 3578 3277 3709 3316; x_wconf 87' lang='lat' dir='ltr'><strong>cum</strong></span> 
     </span>
    </p>
   </div>
   <div class='ocr_carea' id='block_1_91' title="bbox 2117 3353 3714 3421">
    <p class='ocr_par' dir='ltr' id='par_1_91' title="bbox 2117 3353 3714 3421">
     <span class='ocr_line' id='line_1_91' title="bbox 2117 3353 3714 3421; baseline -0.005 -9"><span class='ocrx_word' id='word_1_649' title='bbox 2117 3357 2184 3412; x_wconf 87' lang='lat' dir='ltr'><strong>ad</strong></span> <span class='ocrx_word' id='word_1_650' title='bbox 2213 3357 2555 3412; x_wconf 87' lang='lat' dir='ltr'><strong>solitudinem</strong></span> <span class='ocrx_word' id='word_1_651' title='bbox 2585 3354 2849 3419; x_wconf 87' lang='lat' dir='ltr'><strong>tenderet,</strong></span> <span class='ocrx_word' id='word_1_652' title='bbox 2882 3355 3033 3421; x_wconf 90' lang='lat' dir='ltr'><strong>plura</strong></span> <span class='ocrx_word' id='word_1_653' title='bbox 3062 3366 3236 3408; x_wconf 85' lang='lat' dir='ltr'><strong>tamen</strong></span> <span class='ocrx_word' id='word_1_654' title='bbox 3258 3353 3714 3421; x_wconf 85' lang='lat' dir='ltr'><strong>promeruitcum&#39;</strong></span> 
     </span>
    </p>
   </div>
   <div class='ocr_carea' id='block_1_92' title="bbox 2117 3444 3710 3519">
    <p class='ocr_par' dir='ltr' id='par_1_92' title="bbox 2117 3444 3710 3519">
     <span class='ocr_line' id='line_1_92' title="bbox 2117 3444 3710 3519; baseline -0.002 -19"><span class='ocrx_word' id='word_1_655' title='bbox 2117 3448 2443 3519; x_wconf 85' lang='lat' dir='ltr'><strong>possideret.</strong></span> <span class='ocrx_word' id='word_1_656' title='bbox 2476 3447 2588 3501; x_wconf 89' lang='lat' dir='ltr'><strong>lllie</strong></span> <span class='ocrx_word' id='word_1_657' title='bbox 2608 3461 2839 3515; x_wconf 89' lang='lat' dir='ltr'><strong>namque</strong></span> <span class='ocrx_word' id='word_1_658' title='bbox 2862 3445 3110 3499; x_wconf 88' lang='lat' dir='ltr'><strong>eamdem</strong></span> <span class='ocrx_word' id='word_1_659' title='bbox 3141 3445 3416 3511; x_wconf 86' lang='lat' dir='ltr'><strong>insperato</strong></span> <span class='ocrx_word' id='word_1_660' title='bbox 3447 3444 3710 3497; x_wconf 82' lang='lat' dir='ltr'><strong>Dominus</strong></span> 
     </span>
    </p>
   </div>
   <div class='ocr_carea' id='block_1_93' title="bbox 2120 3535 3710 3604">
    <p class='ocr_par' dir='ltr' id='par_1_93' title="bbox 2120 3535 3710 3604">
     <span class='ocr_line' id='line_1_93' title="bbox 2120 3535 3710 3604; baseline -0.003 -12"><span class='ocrx_word' id='word_1_661' title='bbox 2120 3538 2383 3592; x_wconf 89' lang='lat' dir='ltr'><strong>miraculo</strong></span> <span class='ocrx_word' id='word_1_662' title='bbox 2435 3535 2660 3600; x_wconf 86' lang='lat' dir='ltr'><strong>refecit,</strong></span> <span class='ocrx_word' id='word_1_663' title='bbox 2717 3551 2837 3590; x_wconf 90' lang='lat' dir='ltr'><strong>cum</strong></span> <span class='ocrx_word' id='word_1_664' title='bbox 2880 3551 3133 3604; x_wconf 88' lang='lat' dir='ltr'><strong>percussa</strong></span> <span class='ocrx_word' id='word_1_665' title='bbox 3164 3535 3317 3589; x_wconf 71' lang='lat' dir='ltr'><strong>silice</strong></span> <span class='ocrx_word' id='word_1_666' title='bbox 3364 3535 3710 3588; x_wconf 77' lang='lat' dir='ltr'><strong>exundantes</strong></span> 
     </span>
    </p>
   </div>
   <div class='ocr_carea' id='block_1_94' title="bbox 2118 3625 3711 3697">
    <p class='ocr_par' dir='ltr' id='par_1_94' title="bbox 2118 3625 3711 3697">
     <span class='ocr_line' id='line_1_94' title="bbox 2118 3625 3711 3697; baseline -0.002 -16"><span class='ocrx_word' id='word_1_667' title='bbox 2118 3644 2287 3697; x_wconf 85' lang='lat' dir='ltr'><strong>aquas</strong></span> <span class='ocrx_word' id='word_1_668' title='bbox 2329 3627 2634 3683; x_wconf 89' lang='lat' dir='ltr'><strong>sitientibus</strong></span> <span class='ocrx_word' id='word_1_669' title='bbox 2666 3628 2887 3695; x_wconf 68' lang='lat' dir='ltr'><strong>prtebnit</strong></span> <span class='ocrx_word' id='word_1_670' title='bbox 2916 3668 2931 3691; x_wconf 92' lang='lat'><strong>,</strong></span> <span class='ocrx_word' id='word_1_671' title='bbox 2986 3636 3043 3681; x_wconf 90' lang='lat' dir='ltr'><strong>et</strong></span> <span class='ocrx_word' id='word_1_672' title='bbox 3086 3625 3506 3680; x_wconf 66' lang='lat' dir='ltr'><strong>abhorrentibus</strong></span> <span class='ocrx_word' id='word_1_673' title='bbox 3560 3628 3711 3680; x_wconf 67' lang='lat' dir='ltr'><strong>saxis</strong></span> 
     </span>
    </p>
   </div>
   <div class='ocr_carea' id='block_1_95' title="bbox 2120 3716 3704 3787">
    <p class='ocr_par' dir='ltr' id='par_1_95' title="bbox 2120 3716 3704 3787">
     <span class='ocr_line' id='line_1_95' title="bbox 2120 3716 3704 3787; baseline -0.004 -13"><span class='ocrx_word' id='word_1_674' title='bbox 2120 3721 2266 3774; x_wconf 91' lang='lat' dir='ltr'><strong>rivos</strong></span> <span class='ocrx_word' id='word_1_675' title='bbox 2291 3720 2470 3773; x_wconf 86' lang='lat' dir='ltr'><strong>nativo</strong></span> <span class='ocrx_word' id='word_1_676' title='bbox 2503 3717 2651 3772; x_wconf 89' lang='lat' dir='ltr'><strong>fonte</strong></span> <span class='ocrx_word' id='word_1_677' title='bbox 2679 3717 3024 3787; x_wconf 88' lang='lat' dir='ltr'><strong>depromens,</strong></span> <span class='ocrx_word' id='word_1_678' title='bbox 3057 3717 3263 3771; x_wconf 90' lang='lat' dir='ltr'><strong>occulta</strong></span> <span class='ocrx_word' id='word_1_679' title='bbox 3298 3731 3491 3769; x_wconf 90' lang='lat' dir='ltr'><strong>manus</strong></span> <span class='ocrx_word' id='word_1_680' title='bbox 3523 3716 3704 3783; x_wconf 84' lang='lat' dir='ltr'><strong>impo-</strong></span> 
     </span>
    </p>
   </div>
   <div class='ocr_carea' id='block_1_96' title="bbox 2118 3806 3704 3877">
    <p class='ocr_par' dir='ltr' id='par_1_96' title="bbox 2118 3806 3704 3877">
     <span class='ocr_line' id='line_1_96' title="bbox 2118 3806 3704 3877; baseline -0.006 -12"><span class='ocrx_word' id='word_1_681' title='bbox 2118 3809 2228 3865; x_wconf 90' lang='lat' dir='ltr'><strong>suit</strong></span> <span class='ocrx_word' id='word_1_682' title='bbox 2248 3809 2479 3864; x_wconf 87' lang='lat' dir='ltr'><strong>subitam</strong></span> <span class='ocrx_word' id='word_1_683' title='bbox 2498 3809 2789 3863; x_wconf 83' lang='lat' dir='ltr'><strong>latentibus</strong></span> <span class='ocrx_word' id='word_1_684' title='bbox 2808 3809 2956 3862; x_wconf 86' lang='lat' dir='ltr'><strong>venis</strong></span> <span class='ocrx_word' id='word_1_685' title='bbox 2980 3817 3221 3862; x_wconf 82' lang='lat' dir='ltr'><strong>naturam</strong></span> <span class='ocrx_word' id='word_1_686' title='bbox 3245 3806 3442 3876; x_wconf 68' lang='lat' dir='ltr'><strong>(Exod.</strong></span> <span class='ocrx_word' id='word_1_687' title='bbox 3465 3823 3600 3873; x_wconf 80' lang='lat' dir='ltr'><strong>xvii,</strong></span> <span class='ocrx_word' id='word_1_688' title='bbox 3624 3807 3704 3877; x_wconf 75' lang='lat' dir='ltr'><strong>ti).</strong></span> 
     </span>
    </p>
   </div>
   <div class='ocr_carea' id='block_1_97' title="bbox 2119 3900 3711 3971">
    <p class='ocr_par' dir='ltr' id='par_1_97' title="bbox 2119 3900 3711 3971">
     <span class='ocr_line' id='line_1_97' title="bbox 2119 3900 3711 3971; baseline -0.003 -14"><span class='ocrx_word' id='word_1_689' title='bbox 2119 3903 2228 3957; x_wconf 86' lang='lat' dir='ltr'><strong>Nec</strong></span> <span class='ocrx_word' id='word_1_690' title='bbox 2256 3902 2431 3956; x_wconf 89' lang='lat' dir='ltr'><strong>solum</strong></span> <span class='ocrx_word' id='word_1_691' title='bbox 2462 3901 2571 3956; x_wconf 91' lang='lat' dir='ltr'><strong>illic</strong></span> <span class='ocrx_word' id='word_1_692' title='bbox 2604 3903 2815 3971; x_wconf 90' lang='lat' dir='ltr'><strong>ingesto</strong></span> <span class='ocrx_word' id='word_1_693' title='bbox 2838 3901 3063 3956; x_wconf 81' lang='lat' dir='ltr'><strong>flumine</strong></span> <span class='ocrx_word' id='word_1_694' title='bbox 3103 3902 3312 3955; x_wconf 85' lang='lat' dir='ltr'><strong>viscera</strong></span> <span class='ocrx_word' id='word_1_695' title='bbox 3349 3900 3511 3955; x_wconf 71' lang='lat' dir='ltr'><strong>sicete</strong></span> <span class='ocrx_word' id='word_1_696' title='bbox 3556 3902 3711 3967; x_wconf 72' lang='lat' dir='ltr'><strong>rapis</strong></span> 
     </span>
    </p>
   </div>
   <div class='ocr_carea' id='block_1_98' title="bbox 2119 3990 3706 4059">
    <p class='ocr_par' dir='ltr' id='par_1_98' title="bbox 2119 3990 3706 4059">
     <span class='ocr_line' id='line_1_98' title="bbox 2119 3990 3706 4059; baseline -0.001 -14"><span class='ocrx_word' id='word_1_697' title='bbox 2119 3990 2343 4058; x_wconf 90' lang='lat' dir='ltr'><strong>infudit,</strong></span> <span class='ocrx_word' id='word_1_698' title='bbox 2393 4006 2579 4045; x_wconf 88' lang='lat' dir='ltr'><strong>verum</strong></span> <span class='ocrx_word' id='word_1_699' title='bbox 2612 3992 2774 4045; x_wconf 91' lang='lat' dir='ltr'><strong>etiam</strong></span> <span class='ocrx_word' id='word_1_700' title='bbox 2803 3990 3096 4045; x_wconf 84' lang='lat' dir='ltr'><strong>dulcedine</strong></span> <span class='ocrx_word' id='word_1_701' title='bbox 3127 3991 3462 4059; x_wconf 85' lang='lat' dir='ltr'><strong>superindita</strong></span> <span class='ocrx_word' id='word_1_702' title='bbox 3489 4006 3706 4044; x_wconf 86' lang='lat' dir='ltr'><strong>amaros</strong></span> 
     </span>
    </p>
   </div>
   <div class='ocr_carea' id='block_1_99' title="bbox 2121 4079 3704 4153">
    <p class='ocr_par' dir='ltr' id='par_1_99' title="bbox 2121 4079 3704 4153">
     <span class='ocr_line' id='line_1_99' title="bbox 2121 4079 3704 4153; baseline -0.001 -17"><span class='ocrx_word' id='word_1_703' title='bbox 2121 4082 2365 4136; x_wconf 90' lang='lat' dir='ltr'><strong>tristibus</strong></span> <span class='ocrx_word' id='word_1_704' title='bbox 2389 4082 2542 4153; x_wconf 88' lang='lat' dir='ltr'><strong>aquis</strong></span> <span class='ocrx_word' id='word_1_705' title='bbox 2562 4082 2781 4135; x_wconf 83' lang='lat' dir='ltr'><strong>haustus</strong></span> <span class='ocrx_word' id='word_1_706' title='bbox 2810 4081 3068 4149; x_wconf 85' lang='lat' dir='ltr'><strong>repressit</strong></span> <span class='ocrx_word' id='word_1_707' title='bbox 3098 4079 3291 4153; x_wconf 70' lang='lat' dir='ltr'><strong>(Exod.</strong></span> <span class='ocrx_word' id='word_1_708' title='bbox 3319 4096 3408 4145; x_wconf 69' lang='grc' dir='ltr'><strong>ιν,</strong></span> <span class='ocrx_word' id='word_1_709' title='bbox 3428 4082 3550 4152; x_wconf 74' lang='lat'><strong>25).</strong></span> <span class='ocrx_word' id='word_1_710' title='bbox 3584 4081 3704 4136; x_wconf 57' lang='lat' dir='ltr'><strong>Illas</strong></span> 
     </span>
    </p>
   </div>
   <div class='ocr_carea' id='block_1_100' title="bbox 2120 4172 3705 4242">
    <p class='ocr_par' dir='ltr' id='par_1_100' title="bbox 2120 4172 3705 4242">
     <span class='ocr_line' id='line_1_100' title="bbox 2120 4172 3705 4242; baseline -0.004 -13"><span class='ocrx_word' id='word_1_711' title='bbox 2120 4174 2304 4229; x_wconf 89' lang='lat' dir='ltr'><strong>elicuit</strong></span> <span class='ocrx_word' id='word_1_712' title='bbox 2331 4216 2346 4239; x_wconf 94' lang='lat'><strong>,</strong></span> <span class='ocrx_word' id='word_1_713' title='bbox 2381 4175 2477 4227; x_wconf 86' lang='lat' dir='ltr'><strong>bas</strong></span> <span class='ocrx_word' id='word_1_714' title='bbox 2507 4174 2741 4242; x_wconf 85' lang='lat' dir='ltr'><strong>placavit</strong></span> <span class='ocrx_word' id='word_1_715' title='bbox 2773 4188 2788 4227; x_wconf 88' lang='lat'><strong>:</strong></span> <span class='ocrx_word' id='word_1_716' title='bbox 2821 4187 2922 4227; x_wconf 88' lang='lat' dir='ltr'><strong>nec</strong></span> <span class='ocrx_word' id='word_1_717' title='bbox 2964 4173 3172 4239; x_wconf 87' lang='lat' dir='ltr'><strong>majore</strong></span> <span class='ocrx_word' id='word_1_718' title='bbox 3198 4172 3462 4227; x_wconf 88' lang='lat' dir='ltr'><strong>miraculo</strong></span> <span class='ocrx_word' id='word_1_719' title='bbox 3488 4189 3522 4227; x_wconf 89' lang='lat' dir='ltr'><strong>e</strong></span> <span class='ocrx_word' id='word_1_720' title='bbox 3561 4174 3705 4228; x_wconf 76' lang='lat' dir='ltr'><strong>saxis</strong></span> 
     </span>
    </p>
   </div>
   <div class='ocr_carea' id='block_1_101' title="bbox 2119 4262 3704 4333">
    <p class='ocr_par' dir='ltr' id='par_1_101' title="bbox 2119 4262 3704 4333">
     <span class='ocr_line' id='line_1_101' title="bbox 2119 4262 3704 4333; baseline -0.002 -15"><span class='ocrx_word' id='word_1_721' title='bbox 2119 4279 2287 4332; x_wconf 86' lang='lat' dir='ltr'><strong>aquas</strong></span> <span class='ocrx_word' id='word_1_722' title='bbox 2312 4279 2472 4333; x_wconf 88' lang='lat' dir='ltr'><strong>quam</strong></span> <span class='ocrx_word' id='word_1_723' title='bbox 2503 4279 2574 4319; x_wconf 80' lang='lat' dir='ltr'><strong>ex</strong></span> <span class='ocrx_word' id='word_1_724' title='bbox 2606 4266 2760 4331; x_wconf 86' lang='lat' dir='ltr'><strong>aquis</strong></span> <span class='ocrx_word' id='word_1_725' title='bbox 2790 4265 2923 4317; x_wconf 85' lang='lat' dir='ltr'><strong>alias</strong></span> <span class='ocrx_word' id='word_1_726' title='bbox 2949 4278 3115 4332; x_wconf 88' lang='lat' dir='ltr'><strong>aquas</strong></span> <span class='ocrx_word' id='word_1_727' title='bbox 3136 4262 3392 4317; x_wconf 87' lang='lat' dir='ltr'><strong>reddidit.</strong></span> <span class='ocrx_word' id='word_1_728' title='bbox 3419 4262 3704 4331; x_wconf 87' lang='lat' dir='ltr'><strong>Obstupuit</strong></span> 
     </span>
    </p>
   </div>
   <div class='ocr_carea' id='block_1_102' title="bbox 2122 4352 3697 4424">
    <p class='ocr_par' dir='ltr' id='par_1_102' title="bbox 2122 4352 3697 4424">
     <span class='ocr_line' id='line_1_102' title="bbox 2122 4352 3697 4424; baseline -0.002 -15"><span class='ocrx_word' id='word_1_729' title='bbox 2122 4357 2273 4424; x_wconf 87' lang='lat' dir='ltr'><strong>plebs</strong></span> <span class='ocrx_word' id='word_1_730' title='bbox 2326 4367 2518 4411; x_wconf 86' lang='lat' dir='ltr'><strong>cuncta</strong></span> <span class='ocrx_word' id='word_1_731' title='bbox 2543 4401 2557 4421; x_wconf 90' lang='lat'><strong>,</strong></span> <span class='ocrx_word' id='word_1_732' title='bbox 2611 4355 2854 4411; x_wconf 58' lang='lat' dir='ltr'><strong>caelestis</strong></span> <span class='ocrx_word' id='word_1_733' title='bbox 2886 4354 2996 4408; x_wconf 87' lang='lat' dir='ltr'><strong>illic</strong></span> <span class='ocrx_word' id='word_1_734' title='bbox 3035 4352 3221 4409; x_wconf 80' lang='lat' dir='ltr'><strong>auxilii</strong></span> <span class='ocrx_word' id='word_1_735' title='bbox 3250 4368 3409 4424; x_wconf 89' lang='lat' dir='ltr'><strong>opem</strong></span> <span class='ocrx_word' id='word_1_736' title='bbox 3434 4355 3697 4419; x_wconf 85' lang='lat' dir='ltr'><strong>sentiens,</strong></span> 
     </span>
    </p>
   </div>
   <div class='ocr_carea' id='block_1_103' title="bbox 2121 4444 3701 4518">
    <p class='ocr_par' dir='ltr' id='par_1_103' title="bbox 2121 4444 3701 4518">
     <span class='ocr_line' id='line_1_103' title="bbox 2121 4444 3701 4518; baseline -0.003 -15"><span class='ocrx_word' id='word_1_737' title='bbox 2121 4464 2227 4503; x_wconf 89' lang='lat' dir='ltr'><strong>non</strong></span> <span class='ocrx_word' id='word_1_738' title='bbox 2261 4449 2435 4503; x_wconf 90' lang='lat' dir='ltr'><strong>minus</strong></span> <span class='ocrx_word' id='word_1_739' title='bbox 2462 4447 2513 4502; x_wconf 93' lang='lat' dir='ltr'><strong>in</strong></span> <span class='ocrx_word' id='word_1_740' title='bbox 2544 4447 2630 4503; x_wconf 84' lang='lat' dir='ltr'><strong>bis</strong></span> <span class='ocrx_word' id='word_1_741' title='bbox 2656 4449 2812 4518; x_wconf 88' lang='lat' dir='ltr'><strong>aquis</strong></span> <span class='ocrx_word' id='word_1_742' title='bbox 2840 4462 2959 4518; x_wconf 76' lang='lat' dir='ltr'><strong>quze</strong></span> <span class='ocrx_word' id='word_1_743' title='bbox 2988 4456 3141 4502; x_wconf 90' lang='lat' dir='ltr'><strong>erant</strong></span> <span class='ocrx_word' id='word_1_744' title='bbox 3168 4460 3329 4516; x_wconf 88' lang='lat' dir='ltr'><strong>quam</strong></span> <span class='ocrx_word' id='word_1_745' title='bbox 3361 4447 3415 4501; x_wconf 90' lang='lat' dir='ltr'><strong>in</strong></span> <span class='ocrx_word' id='word_1_746' title='bbox 3448 4444 3560 4501; x_wconf 87' lang='lat' dir='ltr'><strong>illis</strong></span> <span class='ocrx_word' id='word_1_747' title='bbox 3587 4461 3701 4515; x_wconf 82' lang='lat' dir='ltr'><strong>qua:</strong></span> 
     </span>
    </p>
   </div>
   <div class='ocr_carea' id='block_1_104' title="bbox 2125 4540 2630 4596">
    <p class='ocr_par' dir='ltr' id='par_1_104' title="bbox 2125 4540 2630 4596">
     <span class='ocr_line' id='line_1_104' title="bbox 2125 4540 2630 4596; baseline -0.002 -1"><span class='ocrx_word' id='word_1_748' title='bbox 2125 4540 2365 4596; x_wconf 89' lang='lat' dir='ltr'><strong>nondum</strong></span> <span class='ocrx_word' id='word_1_749' title='bbox 2395 4540 2630 4595; x_wconf 89' lang='lat' dir='ltr'><strong>fuerant.</strong></span> 
     </span>
    </p>
   </div>
   <div class='ocr_carea' id='block_1_105' title="bbox 2197 4629 3695 4701">
    <p class='ocr_par' dir='ltr' id='par_1_105' title="bbox 2197 4629 3695 4701">
     <span class='ocr_line' id='line_1_105' title="bbox 2197 4629 3695 4701; baseline -0.003 -16"><span class='ocrx_word' id='word_1_750' title='bbox 2197 4632 2284 4686; x_wconf 66' lang='grc' dir='ltr'><strong>η.</strong></span> <span class='ocrx_word' id='word_1_751' title='bbox 2322 4632 2438 4687; x_wconf 64' lang='lat' dir='ltr'><strong>Illic</strong></span> <span class='ocrx_word' id='word_1_752' title='bbox 2479 4633 2643 4687; x_wconf 89' lang='lat' dir='ltr'><strong>etiam</strong></span> <span class='ocrx_word' id='word_1_753' title='bbox 2693 4630 2835 4687; x_wconf 91' lang='lat' dir='ltr'><strong>idem</strong></span> <span class='ocrx_word' id='word_1_754' title='bbox 2880 4632 3109 4701; x_wconf 85' lang='lat' dir='ltr'><strong>pepulus</strong></span> <span class='ocrx_word' id='word_1_755' title='bbox 3148 4630 3445 4685; x_wconf 86' lang='lat' dir='ltr'><strong>demissum</strong></span> <span class='ocrx_word' id='word_1_756' title='bbox 3490 4629 3695 4686; x_wconf 62' lang='lat' dir='ltr'><strong>caelitus</strong></span> 
     </span>
    </p>
   </div>
   <div class='ocr_carea' id='block_1_106' title="bbox 2121 4721 3699 4793">
    <p class='ocr_par' dir='ltr' id='par_1_106' title="bbox 2121 4721 3699 4793">
     <span class='ocr_line' id='line_1_106' title="bbox 2121 4721 3699 4793; baseline -0.004 -14"><span class='ocrx_word' id='word_1_757' title='bbox 2121 4724 2301 4779; x_wconf 90' lang='lat' dir='ltr'><strong>cibum</strong></span> <span class='ocrx_word' id='word_1_758' title='bbox 2344 4723 2546 4778; x_wconf 88' lang='lat' dir='ltr'><strong>albenti</strong></span> <span class='ocrx_word' id='word_1_759' title='bbox 2592 4723 2710 4777; x_wconf 91' lang='lat' dir='ltr'><strong>solo</strong></span> <span class='ocrx_word' id='word_1_760' title='bbox 2742 4722 2904 4793; x_wconf 85' lang='lat' dir='ltr'><strong>legit,</strong></span> <span class='ocrx_word' id='word_1_761' title='bbox 2938 4738 3059 4776; x_wconf 90' lang='lat' dir='ltr'><strong>cum</strong></span> <span class='ocrx_word' id='word_1_762' title='bbox 3090 4738 3122 4776; x_wconf 90' lang='lat' dir='ltr'><strong>e</strong></span> <span class='ocrx_word' id='word_1_763' title='bbox 3171 4722 3401 4777; x_wconf 87' lang='lat' dir='ltr'><strong>nubibus</strong></span> <span class='ocrx_word' id='word_1_764' title='bbox 3446 4721 3699 4776; x_wconf 90' lang='lat' dir='ltr'><strong>Dominus</strong></span> 
     </span>
    </p>
   </div>
   <div class='ocr_carea' id='block_1_107' title="bbox 2121 4810 3691 4884">
    <p class='ocr_par' dir='ltr' id='par_1_107' title="bbox 2121 4810 3691 4884">
     <span class='ocr_line' id='line_1_107' title="bbox 2121 4810 3691 4884; baseline -0.004 -16"><span class='ocrx_word' id='word_1_765' title='bbox 2121 4828 2310 4881; x_wconf 89' lang='lat' dir='ltr'><strong>panem</strong></span> <span class='ocrx_word' id='word_1_766' title='bbox 2341 4814 2575 4884; x_wconf 89' lang='lat' dir='ltr'><strong>pluvium</strong></span> <span class='ocrx_word' id='word_1_767' title='bbox 2606 4814 2751 4868; x_wconf 89' lang='lat' dir='ltr'><strong>sicco</strong></span> <span class='ocrx_word' id='word_1_768' title='bbox 2782 4813 2955 4869; x_wconf 90' lang='lat' dir='ltr'><strong>imbre</strong></span> <span class='ocrx_word' id='word_1_769' title='bbox 2980 4813 3182 4882; x_wconf 76' lang='lat' dir='ltr'><strong>deiecit</strong></span> <span class='ocrx_word' id='word_1_770' title='bbox 3210 4812 3409 4883; x_wconf 71' lang='lat' dir='ltr'><strong>(Exod.</strong></span> <span class='ocrx_word' id='word_1_771' title='bbox 3441 4829 3548 4877; x_wconf 78' lang='lat' dir='ltr'><strong>svi,</strong></span> <span class='ocrx_word' id='word_1_772' title='bbox 3587 4810 3691 4873; x_wconf 71' lang='lat' dir='ltr'><strong>ll).</strong></span> 
     </span>
    </p>
   </div>
   <div class='ocr_carea' id='block_1_108' title="bbox 2124 4903 3694 4972">
    <p class='ocr_par' dir='ltr' id='par_1_108' title="bbox 2124 4903 3694 4972">
     <span class='ocr_line' id='line_1_108' title="bbox 2124 4903 3694 4972; baseline -0.003 -16"><span class='ocrx_word' id='word_1_773' title='bbox 2124 4903 2181 4957; x_wconf 88' lang='lat' dir='ltr'><strong>in</strong></span> <span class='ocrx_word' id='word_1_774' title='bbox 2235 4903 2578 4958; x_wconf 85' lang='lat' dir='ltr'><strong>tabernacula</strong></span> <span class='ocrx_word' id='word_1_775' title='bbox 2610 4912 2665 4958; x_wconf 92' lang='lat' dir='ltr'><strong>et</strong></span> <span class='ocrx_word' id='word_1_776' title='bbox 2706 4904 2759 4957; x_wconf 91' lang='lat' dir='ltr'><strong>in</strong></span> <span class='ocrx_word' id='word_1_777' title='bbox 2788 4904 3133 4972; x_wconf 76' lang='lat' dir='ltr'><strong>circumiecta</strong></span> <span class='ocrx_word' id='word_1_778' title='bbox 3182 4916 3478 4957; x_wconf 83' lang='lat' dir='ltr'><strong>castrorum</strong></span> <span class='ocrx_word' id='word_1_779' title='bbox 3510 4917 3694 4957; x_wconf 85' lang='lat' dir='ltr'><strong>manna</strong></span> 
     </span>
    </p>
   </div>
   <div class='ocr_carea' id='block_1_109' title="bbox 2126 4996 3692 5066">
    <p class='ocr_par' dir='ltr' id='par_1_109' title="bbox 2126 4996 3692 5066">
     <span class='ocr_line' id='line_1_109' title="bbox 2126 4996 3692 5066; baseline -0.002 -18"><span class='ocrx_word' id='word_1_780' title='bbox 2126 4997 2381 5064; x_wconf 77' lang='lat' dir='ltr'><strong>ninguida</strong></span> <span class='ocrx_word' id='word_1_781' title='bbox 2406 5011 2535 5050; x_wconf 88' lang='lat' dir='ltr'><strong>aere</strong></span> <span class='ocrx_word' id='word_1_782' title='bbox 2558 4996 2804 5066; x_wconf 89' lang='lat' dir='ltr'><strong>illapsum</strong></span> <span class='ocrx_word' id='word_1_783' title='bbox 2822 4996 3037 5061; x_wconf 87' lang='lat' dir='ltr'><strong>cecidit,</strong></span> <span class='ocrx_word' id='word_1_784' title='bbox 3066 4996 3157 5050; x_wconf 89' lang='lat' dir='ltr'><strong>ubi</strong></span> <span class='ocrx_word' id='word_1_785' title='bbox 3178 5011 3366 5064; x_wconf 87' lang='lat' dir='ltr'><strong>panem</strong></span> <span class='ocrx_word' id='word_1_786' title='bbox 3390 4997 3692 5065; x_wconf 85' lang='lat' dir='ltr'><strong>angelorum</strong></span> 
     </span>
    </p>
   </div>
   <div class='ocr_carea' id='block_1_110' title="bbox 2130 5085 3688 5168">
    <p class='ocr_par' dir='ltr' id='par_1_110' title="bbox 2130 5085 3688 5168">
     <span class='ocr_line' id='line_1_110' title="bbox 2130 5085 3688 5168; baseline -0.002 -29"><span class='ocrx_word' id='word_1_787' title='bbox 2130 5087 2470 5141; x_wconf 79' lang='lat' dir='ltr'><strong>manducavit</strong></span> <span class='ocrx_word' id='word_1_788' title='bbox 2514 5087 2696 5141; x_wconf 90' lang='lat' dir='ltr'><strong>homo.</strong></span> <span class='ocrx_word' id='word_1_789' title='bbox 2730 5086 2796 5141; x_wconf 83' lang='lat' dir='ltr'><strong>Et</strong></span> <span class='ocrx_word' id='word_1_790' title='bbox 2828 5087 2950 5155; x_wconf 88' lang='lat' dir='ltr'><strong>quia</strong></span> <span class='ocrx_word' id='word_1_791' title='bbox 2981 5085 3178 5140; x_wconf 85' lang='lat' dir='ltr'><strong>sufficit</strong></span> <span class='ocrx_word' id='word_1_792' title='bbox 3208 5086 3313 5141; x_wconf 90' lang='lat' dir='ltr'><strong>diei</strong></span> <span class='ocrx_word' id='word_1_793' title='bbox 3348 5087 3543 5168; x_wconf 61' lang='lat' dir='ltr'><strong>mqlitia</strong></span> <span class='ocrx_word' id='word_1_794' title='bbox 3566 5098 3688 5147; x_wconf 86' lang='lat' dir='ltr'><strong>sua,</strong></span> 
     </span>
    </p>
   </div>
   <div class='ocr_carea' id='block_1_111' title="bbox 2126 5175 3689 5247">
    <p class='ocr_par' dir='ltr' id='par_1_111' title="bbox 2126 5175 3689 5247">
     <span class='ocr_line' id='line_1_111' title="bbox 2126 5175 3689 5247; baseline -0.001 -17"><span class='ocrx_word' id='word_1_795' title='bbox 2126 5177 2501 5247; x_wconf 88' lang='lat' dir='ltr'><strong>quotidianum</strong></span> <span class='ocrx_word' id='word_1_796' title='bbox 2533 5177 2715 5232; x_wconf 88' lang='lat' dir='ltr'><strong>divina</strong></span> <span class='ocrx_word' id='word_1_797' title='bbox 2741 5177 3069 5247; x_wconf 74' lang='lat' dir='ltr'><strong>indulgentia</strong></span> <span class='ocrx_word' id='word_1_798' title='bbox 3100 5177 3297 5232; x_wconf 81' lang='lat' dir='ltr'><strong>vietum</strong></span> <span class='ocrx_word' id='word_1_799' title='bbox 3322 5177 3558 5239; x_wconf 87' lang='lat' dir='ltr'><strong>contulit,</strong></span> <span class='ocrx_word' id='word_1_800' title='bbox 3581 5175 3689 5241; x_wconf 85' lang='lat' dir='ltr'><strong>jam</strong></span> 
     </span>
    </p>
   </div>
   <div class='ocr_carea' id='block_1_112' title="bbox 2127 5261 3687 5337">
    <p class='ocr_par' dir='ltr' id='par_1_112' title="bbox 2127 5261 3687 5337">
     <span class='ocr_line' id='line_1_112' title="bbox 2127 5261 3687 5337; baseline -0.005 -16"><span class='ocrx_word' id='word_1_801' title='bbox 2127 5279 2255 5321; x_wconf 88' lang='lat' dir='ltr'><strong>tunc</strong></span> <span class='ocrx_word' id='word_1_802' title='bbox 2284 5268 2402 5337; x_wconf 86' lang='lat' dir='ltr'><strong>lege</strong></span> <span class='ocrx_word' id='word_1_803' title='bbox 2432 5268 2743 5335; x_wconf 68' lang='lat' dir='ltr'><strong>prmmissa,</strong></span> <span class='ocrx_word' id='word_1_804' title='bbox 2772 5281 2838 5320; x_wconf 93' lang='lat' dir='ltr'><strong>ne</strong></span> <span class='ocrx_word' id='word_1_805' title='bbox 2861 5268 2913 5320; x_wconf 92' lang='lat' dir='ltr'><strong>in</strong></span> <span class='ocrx_word' id='word_1_806' title='bbox 2953 5266 3251 5321; x_wconf 88' lang='lat' dir='ltr'><strong>crastinum</strong></span> <span class='ocrx_word' id='word_1_807' title='bbox 3291 5267 3559 5335; x_wconf 82' lang='lat' dir='ltr'><strong>cogitaret.</strong></span> <span class='ocrx_word' id='word_1_808' title='bbox 3600 5261 3687 5315; x_wconf 86' lang='lat' dir='ltr'><strong>Sic.</strong></span> 
     </span>
    </p>
   </div>
   <div class='ocr_carea' id='block_1_113' title="bbox 2125 5354 3685 5427">
    <p class='ocr_par' dir='ltr' id='par_1_113' title="bbox 2125 5354 3685 5427">
     <span class='ocr_line' id='line_1_113' title="bbox 2125 5354 3685 5427; baseline -0.005 -14"><span class='ocrx_word' id='word_1_809' title='bbox 2125 5358 2399 5427; x_wconf 89' lang='lat' dir='ltr'><strong>quondam</strong></span> <span class='ocrx_word' id='word_1_810' title='bbox 2432 5359 2487 5413; x_wconf 91' lang='lat' dir='ltr'><strong>in</strong></span> <span class='ocrx_word' id='word_1_811' title='bbox 2510 5373 2693 5413; x_wconf 86' lang='lat' dir='ltr'><strong>eremo</strong></span> <span class='ocrx_word' id='word_1_812' title='bbox 2715 5358 3047 5423; x_wconf 86' lang='lat' dir='ltr'><strong>constitutis,</strong></span> <span class='ocrx_word' id='word_1_813' title='bbox 3073 5357 3198 5427; x_wconf 88' lang='lat' dir='ltr'><strong>quia</strong></span> <span class='ocrx_word' id='word_1_814' title='bbox 3223 5367 3478 5426; x_wconf 63' lang='lat' dir='ltr'><strong>priestare</strong></span> <span class='ocrx_word' id='word_1_815' title='bbox 3502 5354 3685 5409; x_wconf 86' lang='lat' dir='ltr'><strong>victum</strong></span> 
     </span>
    </p>
   </div>
   <div class='ocr_carea' id='block_1_114' title="bbox 2130 5451 3742 5530">
    <p class='ocr_par' dir='ltr' id='par_1_114' title="bbox 2130 5451 3742 5530">
     <span class='ocr_line' id='line_1_114' title="bbox 2130 5451 3742 5530; baseline -0.002 -23"><span class='ocrx_word' id='word_1_816' title='bbox 2130 5462 2337 5508; x_wconf 88' lang='lat' dir='ltr'><strong>terrena</strong></span> <span class='ocrx_word' id='word_1_817' title='bbox 2369 5468 2473 5507; x_wconf 90' lang='lat' dir='ltr'><strong>non</strong></span> <span class='ocrx_word' id='word_1_818' title='bbox 2507 5460 2752 5523; x_wconf 88' lang='lat' dir='ltr'><strong>poterat,</strong></span> <span class='ocrx_word' id='word_1_819' title='bbox 2791 5451 2991 5507; x_wconf 75' lang='lat' dir='ltr'><strong>etelum</strong></span> <span class='ocrx_word' id='word_1_820' title='bbox 3020 5451 3379 5506; x_wconf 86' lang='lat' dir='ltr'><strong>ministrabat.</strong></span> <span class='ocrx_word' id='word_1_821' title='bbox 3732 5520 3742 5530; x_wconf 37' lang='lat'><em>.</em></span> 
     </span>
    </p>
   </div>
   <div class='ocr_carea' id='block_1_115' title="bbox 2199 5536 3680 5613">
    <p class='ocr_par' dir='ltr' id='par_1_115' title="bbox 2199 5536 3680 5613">
     <span class='ocr_line' id='line_1_115' title="bbox 2199 5536 3680 5613; baseline -0.007 -14"><span class='ocrx_word' id='word_1_822' title='bbox 2199 5546 2285 5599; x_wconf 76' lang='lat' dir='ltr'><strong>l3.</strong></span> <span class='ocrx_word' id='word_1_823' title='bbox 2319 5545 2513 5613; x_wconf 85' lang='lat' dir='ltr'><strong>Legem</strong></span> <span class='ocrx_word' id='word_1_824' title='bbox 2543 5543 2704 5599; x_wconf 90' lang='lat' dir='ltr'><strong>etiam</strong></span> <span class='ocrx_word' id='word_1_825' title='bbox 2734 5553 2789 5599; x_wconf 90' lang='lat' dir='ltr'><strong>et</strong></span> <span class='ocrx_word' id='word_1_826' title='bbox 2816 5544 3057 5599; x_wconf 63' lang='lat' dir='ltr'><strong>caelestia</strong></span> <span class='ocrx_word' id='word_1_827' title='bbox 3083 5543 3253 5597; x_wconf 88' lang='lat' dir='ltr'><strong>edicta</strong></span> <span class='ocrx_word' id='word_1_828' title='bbox 3278 5542 3528 5598; x_wconf 67' lang='lat' dir='ltr'><strong>Hebre-us</strong></span> <span class='ocrx_word' id='word_1_829' title='bbox 3551 5536 3680 5591; x_wconf 87' lang='lat' dir='ltr'><strong>idem</strong></span> 
     </span>
    </p>
   </div>
   <div class='ocr_carea' id='block_1_116' title="bbox 2126 5634 3679 5705">
    <p class='ocr_par' dir='ltr' id='par_1_116' title="bbox 2126 5634 3679 5705">
     <span class='ocr_line' id='line_1_116' title="bbox 2126 5634 3679 5705; baseline -0.008 -14"><span class='ocrx_word' id='word_1_830' title='bbox 2126 5637 2382 5705; x_wconf 89' lang='lat' dir='ltr'><strong>numquid</strong></span> <span class='ocrx_word' id='word_1_831' title='bbox 2432 5652 2541 5690; x_wconf 91' lang='lat' dir='ltr'><strong>non</strong></span> <span class='ocrx_word' id='word_1_832' title='bbox 2584 5637 2753 5690; x_wconf 88' lang='lat' dir='ltr'><strong>eremi</strong></span> <span class='ocrx_word' id='word_1_833' title='bbox 2813 5634 3135 5689; x_wconf 87' lang='lat' dir='ltr'><strong>inhabltalor</strong></span> <span class='ocrx_word' id='word_1_834' title='bbox 3176 5634 3408 5703; x_wconf 85' lang='lat' dir='ltr'><strong>accepit,</strong></span> <span class='ocrx_word' id='word_1_835' title='bbox 3439 5643 3679 5686; x_wconf 86' lang='lat' dir='ltr'><strong>tumcum</strong></span> 
     </span>
    </p>
   </div>
   <div class='ocr_carea' id='block_1_117' title="bbox 2128 5726 3680 5800">
    <p class='ocr_par' dir='ltr' id='par_1_117' title="bbox 2128 5726 3680 5800">
     <span class='ocr_line' id='line_1_117' title="bbox 2128 5726 3680 5800; baseline -0.004 -17"><span class='ocrx_word' id='word_1_836' title='bbox 2128 5732 2348 5800; x_wconf 78' lang='lat' dir='ltr'><strong>propius</strong></span> <span class='ocrx_word' id='word_1_837' title='bbox 2407 5729 2653 5783; x_wconf 82' lang='lat' dir='ltr'><strong>admutus</strong></span> <span class='ocrx_word' id='word_1_838' title='bbox 2679 5769 2695 5793; x_wconf 93' lang='lat'><strong>,</strong></span> <span class='ocrx_word' id='word_1_839' title='bbox 2730 5729 2996 5793; x_wconf 71' lang='lat' dir='ltr'><strong>insiticere</strong></span> <span class='ocrx_word' id='word_1_840' title='bbox 3039 5728 3219 5782; x_wconf 85' lang='lat' dir='ltr'><strong>divino</strong></span> <span class='ocrx_word' id='word_1_841' title='bbox 3246 5726 3411 5796; x_wconf 86' lang='lat' dir='ltr'><strong>digito</strong></span> <span class='ocrx_word' id='word_1_842' title='bbox 3438 5726 3680 5793; x_wconf 70' lang='lat' dir='ltr'><strong>impressa</strong></span> 
     </span>
    </p>
   </div>
   <div class='ocr_carea' id='block_1_118' title="bbox 2127 5817 3675 5892">
    <p class='ocr_par' dir='ltr' id='par_1_118' title="bbox 2127 5817 3675 5892">
     <span class='ocr_line' id='line_1_118' title="bbox 2127 5817 3675 5892; baseline -0.009 -17"><span class='ocrx_word' id='word_1_843' title='bbox 2127 5822 2323 5878; x_wconf 84' lang='lat' dir='ltr'><strong>tabulis</strong></span> <span class='ocrx_word' id='word_1_844' title='bbox 2346 5824 2498 5892; x_wconf 59' lang='lat' dir='ltr'><strong>signa</strong></span> <span class='ocrx_word' id='word_1_845' title='bbox 2526 5824 2722 5879; x_wconf 80' lang='lat' dir='ltr'><strong>meruit</strong></span> <span class='ocrx_word' id='word_1_846' title='bbox 2760 5820 2957 5892; x_wconf 66' lang='lat' dir='ltr'><strong>(Ea-od.</strong></span> <span class='ocrx_word' id='word_1_847' title='bbox 2994 5820 3123 5889; x_wconf 74' lang='lat' dir='ltr'><strong>sx)?</strong></span> <span class='ocrx_word' id='word_1_848' title='bbox 3163 5820 3386 5876; x_wconf 85' lang='lat' dir='ltr'><strong>eductus</strong></span> <span class='ocrx_word' id='word_1_849' title='bbox 3408 5817 3581 5874; x_wconf 83' lang='lat' dir='ltr'><strong>castris</strong></span> <span class='ocrx_word' id='word_1_850' title='bbox 3616 5825 3675 5863; x_wconf 81' lang='grc' dir='ltr'><strong>ιιι</strong></span> 
     </span>
    </p>
   </div>
  </div>
