3932 6170
263 204 361 257 105

1398 196 1727 265 EPISTOLA
1773 196 1860 249 DE
1898 195 2128 252 LAUDE
2171 199 2398 254 EREMI.

3414 202 3517 257 706

250 332 538 373 occursum
567 315 798 380 Domini,
823 315 887 367 ad
913 313 1146 367 radicem
1178 314 1374 367 montis
1395 312 1582 367 obvius
1608 310 1837 366 institit?
1865 314 1916 370 Α
1943 327 2103 375 opere
2127 313 2393 380 inclaruit,
2419 329 2575 382 quem
2603 316 2862 384 insignem
2889 331 3029 370 nunc
3052 320 3252 372 scissus
3275 330 3513 388 torrens,

257 410 402 462 Vidit
431 405 678 477 equidem
693 420 892 473 pavore
907 404 1182 472 perculsus
1204 403 1352 458 illum
1365 403 1515 458 Sinai
1545 403 1833 469 verticem,

251 517 414 571 quem
469 511 675 554 terrore
704 499 872 552 multo
908 498 1198 567 conspicua
1244 499 1501 567 majestas
1540 497 1835 551 insederat.

251 591 484 660 Aspexit
527 590 786 644 attonitus
815 597 1050 642 montem
1096 589 1280 658 procul
1335 588 1667 644 interfluenti
1720 590 1844 658 igne

259 683 585 746 fumantem;
633 695 792 750 quem
833 680 1029 733 deinde
1060 689 1226 732 totum
1269 680 1373 732 late
1411 680 1580 732 nubes
1631 679 1843 734 densis-

256 779 395 830 sima
417 777 686 830 obtectum
716 773 1013 843 Oper-iebat.
1053 773 1274 842 Expavit
1306 773 1430 826 hinc
1472 773 1719 826 micantia
1747 788 1843 827 ex-

261 869 468 939 pressis
492 867 704 936 ignibus
724 867 951 936 fulgura,
978 874 1033 920 et
1059 867 1292 920 tonitrua
1311 865 1518 919 crebris
1541 865 1844 934 fragoribus

260 962 434 1014 mixto
464 959 810 1012 buccinarum
833 957 1086 1025 clangore
1114 957 1425 1022 reboantia;
1461 956 1530 1009 ita
1558 957 1650 1010 lilii
1679 957 1840 1012 lsrael

256 1050 384 1102 dum
417 1050 470 1101 in
502 1047 888 1102 solitudinibus
940 1047 1236 1117 degerent,
1292 1046 1384 1101 Dei
1413 1045 1594 1102 sedem
1627 1047 1838 1115 videre,

259 1154 447 1194 vocem
478 1140 666 1193 audire
697 1149 1032 1192 meruerunt.

333 1237 422 1290 14.
458 1235 679 1289 Talibus
695 1236 822 1288 olim
845 1233 1217 1302 similibusque
1241 1246 1335 1286 usa
1357 1240 1438 1287 est
1456 1247 1520 1287 ac
1540 1240 1840 1287 sustentata

259 1330 544 1384 miraculis
571 1327 719 1382 natio
751 1328 842 1382 illa
868 1325 1049 1397 (Deut.
1083 1342 1232 1393 xxix,
1262 1327 1342 1395 5),
1376 1341 1495 1381 cum
1527 1325 1726 1380 deserti
1762 1325 1843 1379 in-

254 1422 374 1475 cola
400 1419 530 1485 fuit,
549 1434 668 1472 cum
693 1433 812 1473 eam
842 1418 1129 1472 inusitatus
1147 1415 1634 1487 cibus,repentinus
1660 1425 1836 1484 potus,

259 1508 869 1577 inconsummabilisqne
899 1508 1124 1562 vestitus
1170 1507 1372 1573 aleret,
1398 1522 1520 1560 cum
1552 1507 1714 1559 etiam
1749 1506 1839 1560 illa

255 1619 377 1670 qua:
400 1603 740 1658 extrinsecus
758 1615 952 1672 corpus
969 1599 1301 1664 ambiebant,
1322 1598 1634 1667 infatigabili
1656 1597 1838 1652 habitu

1946 421 2087 458 nunc
2117 408 2364 460 innatans
2395 407 2618 474 ferrum,
2653 425 2791 462 nunc
2822 409 3043 464 redivivi
3063 452 3076 474 ,
3104 427 3246 466 nunc
3296 413 3398 469 olei
3431 416 3515 470 iu-

1945 505 2216 550 cremeuta
2243 496 2513 563 fecerunt;
2546 514 2741 568 qunque
2762 509 3034 568 postremo
3054 513 3176 572 post
3208 506 3307 560 alia
3335 521 3519 576 quam-

1945 586 2173 653 plurima
2192 587 2518 655 duplicatam
2551 589 2682 642 inse
2709 590 2960 644 virtutem
2990 596 3224 662 magistri
3243 595 3517 654 hocetiam

1944 680 2332 746 comprobavit,
2363 681 2502 748 quod
2529 681 2620 734 ille
2648 692 2923 748 superstes
2953 684 3285 753 defuncmm,
3321 690 3406 742 hic
3427 693 3519 743 dn-

1944 767 2179 821 functum
2211 771 2682 840 exsuscitavitjam
2702 773 2878 827 defunt
2901 778 3088 847 tus(lV
3117 778 3241 848 Reg.
3275 796 3328 844 ιι,
3357 782 3412 848 4,
3437 783 3514 854 6).

2012 861 2104 914 9.0.
2136 861 2255 914 Filii
2287 878 2498 932 quoque
2531 865 2910 933 prophetarum
2940 869 3145 923 reliCtis
3175 873 3396 927 urbibus
3425 889 3518 928 ex-

1945 953 2191 1020 petebant
2207 955 2758 1023 geminodeﬂuentem
2777 957 2921 1013 fonte
2942 959 3255 1028 Jordanem,
3274 977 3515 1020 exstrue.

1942 1041 2176 1112 bantque
2197 1044 2249 1097 in
2267 1045 2460 1099 abditis
2485 1050 2824 1104 tabernacula
2841 1062 3046 1106 remoto
3064 1053 3244 1121 juncta
3269 1056 3513 1112 torrenti.

1945 1132 2258 1189 Excubabat
2278 1137 2473 1192 cohors
2497 1150 2678 1194 sancta
2709 1144 2902 1197 secreti
2931 1144 3168 1200 ﬂuminis
3198 1148 3348 1213 ripis,
3372 1153 3518 1203 velut

1943 1226 2261 1295 quibusdam
2289 1243 2477 1296 sparsa
2527 1233 2772 1287 tentoriis
2797 1273 2814 1297 ,
2855 1243 2908 1289 et
2937 1233 3354 1293 habitationibus
3391 1255 3518 1294 cou-

1941 1317 2086 1386 gruis
2106 1320 2318 1388 egregia
2347 1321 2552 1378 indoles
2578 1323 2823 1392 spiritum
2875 1329 3208 1384 custodiebat
3237 1340 3517 1398 paternum

1942 1409 2033 1478 (tv
2069 1409 2326 1482 1389.“).
3426 1415 3430 1421 '

2013 1501 2104 1557 21.
2126 1504 2262 1569 Quid
2288 1506 2378 1560 ille
2404 1521 2513 1575 quo
2545 1509 2715 1577 major
2745 1511 2883 1566 inter
2910 1523 3063 1567 natos
3095 1515 3376 1570 mulierum
3413 1533 3516 1571 non

1944 1598 2181 1651 surrexit
2219 1598 2396 1668 (Matt.
2443 1601 2555 1670 xl);
2611 1619 2788 1658 nonne
2820 1606 2868 1658 in
2918 1605 3133 1659 deScrto
3161 1609 3431 1675 clamans,
3466 1612 3518 1663 in

259 1701 666 1765 permanerent.
717 1691 986 1760 Quidquid
1015 1681 1220 1746 eorum'
1242 1689 1551 1744 necessitati
1599 1691 1838 1744 locorum
1875 1688 1916 1747 Β
1944 1688 2157 1742 deserto
2181 1691 2428 1746 vivebat?
2456 1693 2513 1746 ln
2562 1693 2775 1748 deserto
2803 1699 2869 1748 ab
2897 1696 2997 1751 hoc
3027 1697 3325 1767 baptismus
3357 1702 3520 1755 tradi-

260 1787 538 1854 ingenium
564 1800 671 1839 non
697 1785 973 1852 attulerat,
1004 1785 1283 1838 manifesta
1311 1782 1404 1837 Dei
1446 1781 1842 1848 magnificentia

257 1877 603 1945 suggerebat.
631 1875 731 1930 Vix
768 1875 826 1929 in
857 1875 971 1929 haec
997 1875 1235 1928 caelestis
1268 1873 1456 1942 gratia:
1484 1873 1622 1925 dona
1653 1886 1845 1941 perve-

259 1971 339 2020 nit
378 1975 694 2021 sanctorum
726 1980 900 2032 unus,
930 1965 1019 2034 qui
1050 1966 1118 2019 de
1158 1965 1260 2019 hoc
1302 1964 1496 2032 populo
1539 1964 1615 2018 ait
1662 1981 1674 2015 :
1719 1962 1844 2017 Non

255 2059 378 2127 [erit
427 2057 600 2110 taliter
646 2057 782 2109 omni
812 2057 1011 2109 nationi
1042 2055 1160 2126 (Ps.
1189 2070 1386 2121 CXLvu,
1415 2055 1531 2126 20).
1580 2055 1841 2123 Specialia

254 2146 511 2211 contulit,
556 2145 792 2199 inaudita
825 2148 1126 2212 concessit,
1155 2162 1279 2201 cum
1305 2147 1502 2202 divinis
1531 2147 1842 2202 muneribus

256 2238 518 2306 pepulum
553 2237 736 2291 refecit
767 2237 817 2290 in
851 2252 1059 2292 eremo.

327 2329 420 2383 15.
469 2329 536 2382 Et
578 2330 692 2382 hac
720 2330 967 2399 quamvis
998 2334 1050 2383 iu
1084 2330 1310 2400 figuram
1350 2331 1516 2382 nostri
1557 2328 1692 2383 facta
1735 2339 1845 2382 tra-

256 2421 480 2486 dantur,
505 2431 560 2475 et
581 2420 744 2475 facies
768 2422 855 2474 illa
875 2436 1054 2476 rerum
1081 2422 1350 2492 mysteriis
1371 2418 1564 2474 floreat
1588 2421 1810 2476 occultis
1825 2460 1842 2488 ,

257 2529 558 2583 omnesque
591 2515 644 2568 in
695 2515 879 2585 Moyse
909 2514 1198 2584 baptizati,
1232 2516 1284 2568 in
1315 2514 1492 2580 nube,
1522 2523 1577 2570 et
1617 2515 1670 2568 in
1711 2516 1840 2568 mari

256 2624 440 2662 escam
474 2611 775 2677 spiritalem
807 2610 1183 2674 manducasse,
1215 2620 1398 2679 potum
1430 2609 1726 2678 spiritalem
1765 2607 1840 2661 bi-

260 2703 409 2756 bisse
438 2702 748 2757 referantur
774 2703 818 2766 (l
845 2703 962 2756 Cor.
994 2719 1026 2756 x
1053 2743 1068 2769 ,
1094 2703 1151 2772 Ξ)
1179 2719 1193 2767 ;
1222 2709 1398 2755 tamen
1426 2700 1603 2756 omnia
1638 2699 1750 2755 hac
1771 2699 1842 2753 ita

259 2793 563 2848 futurorum
606 2795 886 2849 continent
918 2795 1111 2863 fidem,
1148 2805 1204 2848 ut
1233 2805 1507 2864 gestorum
1539 2792 1846 2848 custodiant

260 2885 568 2939 veritatem.
623 2885 958 2956 Quamquam
990 2902 1088 2940 nec
1115 2886 1192 2941 sic
1218 2886 1430 2956 quidem
1461 2885 1625 2940 eremi
1670 2883 1845 2938 minor

261 2977 382 3031 laus
433 2987 516 3033 est
541 3019 557 3044 ,
609 2978 820 3032 etiamsi
847 2993 907 3032 ea
933 2993 1054 3048 quae
1083 2979 1189 3031 illic
1210 2988 1360 3046 gesta
1399 2988 1556 3043 sunt,
1591 2978 1642 3030 in
1667 2989 1844 3030 sacra-

1947 1787 2053 1844 tur,
2097 1780 2150 1834 in
2180 1780 2396 1837 deserto
2434 1787 2742 1852 pmnitentia
2797 1788 3114 1855 przcdicatur
3139 1831 3153 1854 ,
3212 1792 3262 1844 in
3303 1792 3521 1848 deserto

1945 1872 2174 1941 primum
2218 1877 2417 1930 mentio
2468 1880 2615 1947 regni
2645 1881 2881 1934 cmlestis
2911 1881 3155 1936 infertur.
3179 1883 3253 1938 lbi
3287 1885 3398 1940 haec
3433 1888 3520 1942 ille

1943 1963 2284 2018 audientibus
2319 1967 2519 2035 primus
2553 1970 2792 2036 ingessit,
2823 1973 2906 2024 ubi
2939 1972 3051 2026 haec
3071 1974 3230 2027 citius
3275 1977 3520 2031 ambiens

1943 2055 2171 2121 quisque
2195 2060 2506 2123 promeruit.
2532 2061 2641 2115 Nec
2673 2065 2940 2118 immerito
2969 2065 3176 2120 futurus
3206 2066 3292 2121 hic
3319 2069 3519 2124 arduus

1944 2144 2138 2200 deserti
2175 2147 2459 2212 habitator,
2506 2162 2631 2207 ante
2662 2154 2852 2209 faciem
2884 2156 3097 2212 Domini
3135 2162 3357 2230 angelus
3397 2163 3517 2216 mit-

1943 2235 2092 2301 titur,
2129 2240 2266 2292 viam
2299 2251 2504 2297 reserat
2534 2244 2585 2297 in
2619 2247 2839 2301 cmleste
2869 2263 3114 2317 regnum,
3142 2264 3192 2306 et
3219 2269 3519 2322 pra-cursor

1943 2337 1996 2382 et
2027 2331 2181 2385 testis
2204 2332 2396 2402 dignus
2421 2335 2509 2404 qui
2539 2334 2751 2390 Patrem
2785 2354 2814 2392 e
2851 2340 2990 2394 coelo
3020 2342 3325 2412 loquentem
3365 2348 3519 2401 audi-

1944 2429 2053 2485 ret,
2098 2423 2288 2477 Filium
2335 2425 2656 2494 baptizando
2700 2430 3063 2501 contingeret,
3097 2435 3353 2504 Spiritum
3395 2453 3520 2494 san-

1943 2521 2086 2567 ctum
2118 2515 2536 2572 descendentem
2569 2520 2794 2576 videret.

2015 2604 2103 2659 22.
2135 2606 2254 2676 Ipse
2285 2624 2497 2679 quoque
2531 2610 2787 2666 Dominus
2811 2629 2873 2669 ac
2901 2614 3156 2672 Salvator
3186 2629 3373 2675 noster
3395 2621 3522 2692 bap-

1946 2697 2142 2752 tizatus
2170 2699 2454 2756 confestim
2487 2703 2569 2775 (ut
2603 2706 2876 2774 Scriptura
2908 2708 2982 2762 ait
3031 2708 3209 2779 [Matt
3241 2727 3313 2778 tv,
3361 2713 3445 2784 1])
3491 2730 3519 2769 a

1945 2789 2145 2858 Spiritu
2170 2792 2219 2844 in
2247 2792 2515 2848 desertum
2539 2795 2771 2850 ducitur.
2803 2798 2934 2864 Quis
2967 2799 3052 2854 hic
3082 2801 3242 2872 igitur
3277 2814 3361 2859 est
3403 2806 3522 2876 Spi-

1946 2882 2115 2935 ritus?
2148 2883 2427 2938 Cunctatio
2456 2887 2601 2940 nulla
2643 2889 2828 2943 subest
2856 2931 2870 2955 ,
2917 2893 3046 2962 quin
3073 2893 3320 2949 Sanctus.
3368 2896 3522 2964 Quod

1947 2971 2142 3028 deinde
2171 2975 2404 3043 Spiritus
2444 2986 2662 3033 sanctus
2704 2983 2968 3049 pertrahit
2995 2984 3047 3038 in
3094 2986 3364 3042 desertum
3386 3030 3403 3057 ,
3434 2992 3522 3046 nio

264 3078 576 3123 mentorum
635 3070 746 3124 sint
779 3069 1124 3123 altitudinem
1175 3067 1478 3123 referenda.
1530 3069 1673 3123 Nihil
1716 3081 1845 3136 ergo
1873 3057 1917 3120 C
1949 3063 2146 3116 mirum
2177 3065 2316 3120 istud
2347 3067 2441 3122 ille
2468 3069 2673 3138 dictat,
2717 3072 2858 3128 istud
2904 3073 2996 3129 ille
3046 3079 3236 3132 tacitus
3265 3079 3522 3150 inspirat,

268 3161 460 3230 gratia:
499 3161 810 3229 derogatur,
842 3161 1052 3215 etiamsi
1086 3160 1177 3216 ille
1227 3173 1350 3214 tunc
1373 3169 1545 3214 status
1568 3158 1843 3226 corporis,

265 3264 321 3308 et
347 3254 799 3306 vestimentorum
825 3267 929 3305 non
959 3261 1249 3306 consecuta
1272 3251 1545 3321 corruptio
1565 3290 1580 3317 ,
1609 3259 1846 3305 ventura:

264 3345 392 3397 vita
423 3345 701 3410 specimen
741 3343 1075 3399 detulerunt.
1105 3344 1293 3415 Magna
1323 3359 1555 3413 namque
1590 3344 1692 3399 loci
1723 3359 1846 3415 gra-

266 3438 339 3489 tia
369 3449 482 3503 est,
532 3437 576 3489 si
601 3436 786 3505 quales
814 3436 936 3491 illos
965 3436 1262 3491 beatissimi
1291 3437 1472 3491 seculi
1503 3437 1730 3492 felicitas
1757 3439 1851 3491 ba-

265 3529 446 3594 bebit,
482 3529 616 3582 tales
646 3529 699 3582 in
733 3527 834 3582 hoc
859 3525 969 3596 jam
1001 3529 1135 3584 istos
1160 3543 1374 3584 eremus
1413 3529 1625 3586 habeat.

340 3621 430 3675 16.
459 3620 598 3688 Quid
621 3663 635 3689 ,
668 3619 808 3690 quod
837 3620 934 3674 filii
965 3619 1130 3674 Israel
1161 3619 1225 3673 ad
1257 3619 1404 3675 illam
1434 3620 1850 3675 desiderabilem

271 3720 470 3766 terram
499 3726 604 3766 non
635 3712 735 3765 nisi
765 3709 1100 3765 habitatione
1139 3709 1310 3765 eremi
1341 3712 1744 3779 pervenerunt?
1787 3712 1852 3765 Et

267 3811 328 3855 ut
345 3817 482 3871 gens
511 3802 705 3857 eadem
731 3801 1032 3871 possideret
1062 3809 1244 3870 postea
1275 3801 1416 3855 illam
1447 3803 1584 3856 lacte
1605 3811 1660 3856 et
1689 3802 1851 3856 melle

271 3897 600 3954 manantem,
627 3888 771 3955 prius
800 3886 938 3940 hanc
962 3885 1167 3940 aridam
1192 3885 1561 3956 incultamque
1588 3886 1848 3956 possedit.

272 3978 467 4032 Totum
490 3993 707 4048 semper
732 3977 797 4032 ad
821 3992 1002 4033 veram
1028 3977 1253 4046 patriam
1282 3978 1448 4032 eremi
1484 3978 1851 4032 mansionibus

272 4071 373 4125 iter
399 4069 674 4140 panditur.
706 4069 920 4124 Habitet
945 4068 1352 4124 inhabitabilem
1383 4078 1602 4136 terram,
1626 4069 1855 4139 quivult

271 4165 456 4218 videre
494 4163 633 4218 bona
664 4163 878 4217 Domini
908 4164 960 4216 in
994 4172 1133 4218 terra
1163 4161 1492 4229 viventium;
1538 4163 1608 4218 sit
1656 4157 1851 4232 hospes

275 4257 460 4326 hujus,
489 4256 578 4325 qui
609 4255 741 4310 civis
770 4270 891 4310 esse
919 4253 1197 4309 contendit
1225 4253 1388 4308 illius.

343 4350 432 4402 17.
467 4348 572 4402 Sed
605 4358 662 4402 ut
703 4348 820 4403 haec
867 4347 1166 4417 relinquam
1192 4388 1209 4414 ,
1258 4346 1425 4402 David
1470 4348 1583 4416 ipse
1632 4346 1850 4402 insidias

1949 3155 2111 3224 ﬁtque
2137 3171 2353 3212 oremus
2376 3158 2597 3227 Spiritui
2638 3172 2826 3215 sancto
2873 3168 3180 3234 suggerenti
3210 3169 3368 3239 digna
3400 3187 3524 3242 sng-

1945 3248 2137 3316 gestio.
2163 3248 2388 3317 Mystico
2418 3267 2545 3322 ergo
2566 3252 2790 3308 flumine
2817 3256 3045 3324 infusus,
3083 3259 3212 3314 nihil
3241 3262 3344 3316 sibi
3377 3265 3526 3332 prius

1947 3339 2216 3407 agendum
2253 3353 2420 3410 putat,
2473 3359 2630 3414 quam
2680 3355 2738 3398 ut
2767 3347 2832 3400 ad
2865 3357 3075 3403 secreta
3103 3352 3411 3407 contendat.
3461 3352 3528 3408 Et

1949 3437 2124 3485 tamen
2155 3432 2244 3487 ille
2273 3435 2672 3490 sanctificantes
2701 3452 2916 3506 semper
2942 3453 3112 3508 aquas
3137 3449 3265 3497 tunc
3291 3443 3528 3498 sanctiﬁ-

1947 3531 2193 3588 caverat,
2222 3539 2322 3580 nec
2365 3527 2569 3594 peccati
2613 3526 2884 3583 hominem
2931 3539 3190 3600 purgatus
3232 3533 3524 3600 abluerat;

1951 3623 2226 3682 peccatum
2249 3617 2393 3670 enim
2423 3618 2512 3671 ille
2544 3633 2718 3686 neque
2758 3618 2987 3686 fecerat,
3021 3636 3198 3691 neque
3222 3625 3522 3685 metuebat;

1948 3713 2004 3758 et
2027 3707 2191 3760 eremi
2224 3715 2399 3761 tamen
2431 3723 2614 3762 amore
2647 3708 2936 3779 flagrabat,
2982 3720 3146 3781 atque
3180 3713 3234 3768 in
3277 3716 3529 3774 omnibus

1949 3794 2203 3850 salutaris
2243 3807 2434 3852 auctor
2475 3799 2748 3866 exempli,
2801 3799 2939 3854 hanc
2974 3817 3079 3856 non
3110 3803 3326 3872 dignam
3375 3809 3528 3864 nobis

1951 3884 2316 3940 desiderabat.
2349 3887 2480 3954 Quae
2508 3889 2556 3943 si
2585 3891 2763 3944 vetiva
2791 3890 2900 3945 Deo
2925 3891 2993 3946 ab
3016 3894 3292 3949 erroribus
3323 3896 3490 3952 libero
3512 3942 3526 3962 ,

1951 3985 2153 4044 quanto
2180 3979 2350 4047 magis
2394 3982 2694 4034 necessaria
2726 3980 2929 4037 homini
2956 3985 3232 4040 erroribus
3262 3987 3530 4044 obnoxio!

1950 4063 2006 4121 Si
2038 4067 2202 4135 petita
2250 4085 2362 4124 non
2387 4069 2754 4143 delinquenti,
2779 4083 2982 4145 quanto
3011 4077 3182 4147 magis
3224 4085 3528 4152 exoptanda

1953 4159 2218 4226 peccanti.

2022 4251 2112 4305 25.
2140 4251 2214 4307 lbi
2256 4253 2416 4308 etiam
2463 4255 2514 4309 in
2547 4254 2860 4312 famulatum
2891 4258 3128 4325 Domini,
3175 4263 3400 4319 remotis
3429 4265 3532 4320 cir-

1954 4347 2449 4414 cumstrepentibus
2476 4347 2668 4416 turbis,
2694 4351 2852 4404 tacita
2883 4349 3052 4405 divini
3072 4350 3274 4420 vigoris
3293 4354 3533 4411 ministe-

275 4442 418 4509 rrgis
449 4438 628 4494 infesti
658 4455 763 4493 non
794 4439 894 4492 nisi
921 4453 1042 4493 cum
1070 4439 1344 4494 desertum
1370 4447 1654 4507 expeteret
1679 4439 1853 4494 evasit
1880 4418 1928 4479 Ῐ)
1957 4437 2033 4491 ria
2082 4438 2415 4506 succedunt,
2456 4448 2509 4494 et
2554 4440 2606 4494 in
2645 4454 2833 4494 eremo
2870 4418 3230 4512 constitutus,
3265 4455 3532 4516 tamquam

276 4531 320 4602 (l
351 4532 484 4603 Reg.
517 4532 673 4602 xxtu)
717 4547 732 4585 :
763 4533 855 4601 qui
885 4533 939 4585 in
980 4531 1224 4586 Idumaeas
1249 4531 1584 4588 ariditatibus
1610 4546 1852 4587 commo-

277 4632 424 4675 ratus
446 4661 465 4688 ,
519 4628 630 4676 toto
659 4621 944 4676 Dominum
970 4621 1136 4676 corde
1177 4620 1393 4676 sitiebat
1418 4661 1434 4686 ,
1475 4632 1532 4676 ut
1570 4621 1762 4676 sitiens
1798 4622 1852 4676 in

277 4715 494 4770 deserto
522 4723 579 4770 et
605 4715 659 4770 in
690 4713 837 4770 invio
871 4723 927 4769 et
961 4714 1220 4784 inaquoso
1247 4756 1262 4781 ,
1292 4721 1406 4770 tum
1432 4714 1646 4770 demum
1685 4729 1854 4785 appa-

280 4817 422 4862 reret
445 4808 558 4862 Deo
579 4808 629 4861 in
652 4816 860 4874 sancto,
888 4821 951 4861 ac
975 4805 1232 4875 deinceps
1254 4805 1348 4862 Dei
1370 4807 1624 4863 virtutem
1653 4808 1855 4876 pariter

280 4906 333 4952 et
360 4899 587 4967 gloriam
618 4906 836 4953 sanctus
866 4897 1095 4952 videret.

349 4992 437 5047 18.
495 4991 641 5045 Elias
692 5007 860 5062 vero,
892 4991 1165 5046 maximus
1216 5003 1548 5049 secretorum
1603 4993 1857 5060 colonus,

282 5082 468 5139 omium
497 5084 760 5162 imbribus
785 5085 1000 5150 clausit,
1037 5085 1248 5154 ignibus
1290 5086 1582 5155 reseravit,
1613 5087 1857 5144 ministra

285 5175 405 5229 alite
459 5175 642 5230 cibum
694 5176 964 5244 sumpsit,
1013 5175 1120 5230 lixa
1161 5177 1492 5247 mortisjura
1541 5180 1856 5245 revocavit,

285 5263 571 5321 Iordanem
597 5266 878 5322 dividuum
899 5267 1196 5336 interrupto
1219 5283 1375 5322 amne
1398 5268 1856 5331 transivit,ctelum

284 5360 488 5413 ardenti
545 5375 707 5414 curru
756 5370 943 5430 raptus
992 5360 1232 5416 ascendit
1272 5360 1360 5434 (lli
1391 5360 1518 5433 Reg.
1549 5378 1698 5427 xvtt,
1755 5364 1860 5430 t8;

286 5450 350 5505 ιν
383 5452 512 5521 Reg.
553 5452 633 5520 tt).

351 5541 435 5596 19.
482 5541 619 5609 Quid
649 5544 841 5599 deinde
871 5544 1125 5610 Lliszeus,
1155 5555 1496 5600 consectatur
1545 5548 1668 5602 vita:
1699 5546 1857 5613 hujus

287 5645 434 5702 atque
473 5633 720 5690 virtutis?
751 5653 928 5692 nonne
981 5635 1205 5707 perinde
1245 5637 1424 5692 divino
1469 5638 1846 5695 miraculorum

1950 4528 2060 4599 jam
2092 4528 2148 4584 in
2174 4530 2368 4584 coelum
2395 4539 2663 4601 revectus,
2691 4535 3088 4589 occurrentium
3115 4537 3382 4606 excipitur
3410 4538 3530 4592 offi.

1955 4626 2054 4681 ciis
2099 4627 2412 4696 angelorum
2447 4627 2623 4698 (Matt.
2681 4646 2753 4692 tv,
2797 4632 2908 4701 11).
2951 4632 3027 4687 lbi
3071 4642 3197 4690 tunc
3242 4643 3534 4692 tentantem

1956 4728 2100 4773 notae
2145 4718 2280 4773 artis
2329 4719 2538 4774 insidiis
2575 4720 2784 4777 hostem
2828 4724 2974 4778 illum
3019 4725 3225 4798 antiqui
3276 4731 3537 4799 tempOris

1957 4807 2289 4874 confutavit,
2337 4812 2909 4884 supplantatoremque
2938 4818 3140 4872 veteris
3168 4819 3340 4874 Adam
3371 4835 3537 4876 novus

1960 4900 2128 4954 Adam
2153 4901 2371 4967 repulit.
2400 4902 2445 4956 Ο
2474 4902 2593 4956 laus
2617 4918 2807 4974 magna
2835 4905 3070 4972 deserti,
3095 4917 3152 4963 ut
3175 4909 3424 4965 diabolus
3447 4912 3536 4980 qui

1959 4993 2163 5048 vicerat
2185 4994 2240 5047 in
2265 4996 2533 5063 paradiso,
2563 4995 2615 5049 in
2644 5013 2830 5052 eremo
2849 5000 3180 5056 vinceretur!

2031 5083 2120 5139 24.
2155 5085 2411 5141 Desertus
2440 5087 2600 5142 etiam
2626 5087 2778 5142 locus
2809 5088 2899 5143 ille
2927 5102 3042 5144 erat
3073 5091 3127 5144 in
3167 5106 3274 5160 quo
3293 5089 3539 5145 Salvator

1962 5184 2146 5232 noster
2182 5175 2421 5247 quinque
2467 5178 2710 5233 virorum
2742 5179 2909 5235 millia
2955 5181 3180 5252 panibus
3220 5180 3458 5252 quinque
3485 5191 3540 5239 et

1962 5269 2196 5339 piscibus
2251 5280 2458 5324 tantum
2507 5271 2721 5326 duobus
2771 5273 2957 5339 pavit,
3006 5272 3262 5339 satiavit,
3307 5273 3540 5343 explevit

1961 5360 2180 5423 (Matth.
2206 5361 2342 5432 xiv).
2390 5361 2618 5428 Semper
2660 5363 2713 5418 in
2757 5363 3013 5432 deserto,
3047 5377 3186 5434 pane
3221 5363 3381 5420 Jesus
3414 5381 3541 5420 suos

1961 5453 2152 5520 pascit.
2191 5451 2314 5508 Suis
2343 5454 2654 5521 praetulerat
2693 5455 2822 5510 olim
2854 5469 3047 5509 manna
3093 5455 3258 5511 divini
3304 5459 3541 5512 muneris

1963 5550 2143 5614 fidem,
2185 5565 2329 5604 nunc
2360 5548 2620 5618 fragmina
2650 5549 2952 5605 retulerunt
2988 5568 3002 5605 :
3053 5550 3350 5621 eodemque
3379 5553 3544 5607 mita-

1959 5642 2083 5696 culo
2134 5643 2306 5696 victus
2360 5651 2412 5696 ut
2447 5650 2571 5696 tune
2611 5641 2978 5698 esurientibus
3007 5642 3245 5703 decidit.
3291 5644 3359 5699 ita
3402 5659 3540 5698 nunc
