3932 6170
469 182 569 238 707

1443 173 1497 231 S.
1546 168 1864 231 EUCIIERII
1908 162 2214 224 EPISCOPI
2258 163 2733 224 LUGDUNENSIS
3584 175 3667 229 708

469 293 806 347 VL‘eCClllibllS
827 293 1013 348 erevit.
1043 288 1261 347 Cunctis
1287 288 1434 342 dono
1464 302 1562 340 suo
1591 289 1765 353 cpula'.
1796 279 2047 335 auctiori-
2078 280 2123 337 Α
2153 276 2276 332 dam
2300 321 2315 346 ,
2368 278 2463 334 sed
2489 288 2549 332 et
2573 293 2713 332 utine
2739 279 2865 340 alit;
2897 286 2952 331 et
2986 278 3103 332 illos
3154 279 3483 351 quadraginta
3509 300 3667 351 anuis,

471 384 568 437 bus
597 384 826 452 majores
858 366 1067 435 fuerunt
1099 378 1256 441 cibis,
1289 392 1451 445 quam
1485 375 1695 429 fuerant
1726 373 1887 427 illata:
1912 386 2045 425 ceu-

470 476 644 529 viviis.
681 474 939 536 Deserlis,
973 472 1218 537 inquam,
1249 468 1478 521 desertis
1503 474 1773 521 tantorum
1805 479 1945 517 nunc
1974 461 2051 515 si-

470 580 695 630 gnorum
743 576 930 615 causas
955 560 1174 619 denuis,
1205 574 1306 613 nec
1334 557 1505 610 virtus
1537 554 1834 626 potentiam
1867 552 2052 606 decla-

473 663 642 708 rasset
668 653 711 707 si
743 653 1014 705 habuisset
1043 652 1191 703 locus
1219 650 1450 717 capiam.

538 745 627 798 9.5.
684 745 749 799 Et
795 752 923 797 tunc
980 744 1233 796 Dominus
1283 742 1439 794 Jesus
1484 739 1549 793 ad
1599 736 1795 792 excelsi
1849 734 2051 789 montis

474 839 759 891 remotiora
787 837 1030 901 secessit,
1057 851 1175 885 cum
1215 835 1381 886 tribus
1410 840 1615 885 tantum
1652 830 1753 883 sibi
1797 827 2051 879 adhibitis

473 931 656 983 electis
686 929 897 980 insolita
923 928 1162 979 claritate
1194 927 1369 978 vultus
1400 924 1634 987 eﬁ‘ulsit;
1663 922 1753 990 qui
1796 934 1919 973 cum
1964 932 2052 970 as—

472 1030 737 1088 sumptum
760 1021 930 1087 palam
962 1019 1228 1071 hominem
1256 1017 1553 1085 praeferret,
1582 1013 1915 1067 declaranda:
1939 1025 2052 1063 ma-

472 1112 553 1181 jes
578 1113 677 1165 alis
700 1111 950 1163 iudicium
966 1112 1190 1163 secretis
1206 1108 1454 1162 credidit.
1484 1106 1554 1159 lbi
1580 1116 1703 1159 tunc
1722 1105 1810 1157 ille
1837 1111 2054 1170 aposto-

476 1204 644 1254 lul‘utn
678 1202 941 1254 llMXilDUS
971 1217 985 1251 :
1015 1199 1215 1252 Bonum
1247 1209 1353 1250 erat
1376 1238 1390 1262 ,
1421 1199 1631 1265 inquit,
1679 1212 1772 1248 nos
1820 1192 1906 1246 hic
1948 1209 2055 1246 esse

408 1328 411 1333 -
478 1290 655 1357 (Matt.
686 1306 825 1355 xm,
866 1292 921 1358 4)
951 1306 966 1354 ;
1014 1290 1268 1342 adamans
1298 1288 1507 1341 scilicet
1529 1285 1950 1356 magnitudinem
1983 1283 2055 1337 si-

475 1384 586 1452 gni,
620 1384 669 1435 in
700 1386 997 1436 remotione
1028 1381 1251 1435 deserti.

548 1472 639 1527 26.
670 1474 809 1529 Idem
857 1488 1068 1541 quoque
1099 1471 1354 1525 Dominus
1383 1469 1539 1525 Jesns
1568 1469 1649 1537 (ut
1679 1466 1953 1535 scribitur)
2003 1467 2054 1519 in

478 1566 749 1617 desertum
803 1565 975 1617 locum
1030 1565 1177 1626 ibat,
1229 1561 1407 1630 ibique
1432 1562 1621 1614 orabat
1655 1558 1807 1633 (an.
1844 1575 1893 1621 v,
1934 1556 2054 1622 16)?

479 1658 649 1710 Locus
677 1672 806 1724 ergo
836 1655 924 1709 ille
969 1656 1078 1723 jam
1132 1668 1354 1707 vocetur
1381 1652 1641 1705 orationis
1668 1652 1813 1704 locus
1836 1691 1851 1714 ,

477 1748 750 1802 exorando
779 1748 944 1801 Deum
964 1789 977 1810 ,
1004 1747 1251 1799 idoneum
1286 1747 1422 1798 Deus
1450 1754 1635 1796 auctor
1665 1744 1921 1806 ostendit,
1952 1741 2049 1793 do-

479 1848 697 1906 cuitque
753 1837 894 1891 unde
942 1836 1147 1890 facilius
1203 1836 1369 1889 nubes
1400 1833 1727 1887 humiliantis
1771 1847 1832 1886 se
1880 1832 2052 1885 oratio

481 1936 806 1995 penetraret,
830 1927 1010 1994 adjuta
1037 1928 1178 1991 loco,
1199 1932 1320 1995 quia
1346 1927 1602 1978 honorata
1626 1933 1834 1978 secreto
1860 1940 1873 1975 :
1895 1935 2054 1992 atque

480 2022 595 2088 ipse
622 2020 729 2074 illic
754 2020 956 2072 orando
978 2034 1099 2072 cum
1129 2027 1354 2086 peteret,
1378 2016 1769 2071 denioiistravit
1790 2015 1881 2070 ubi
1900 2029 2054 2070 orare

478 2126 577 2163 nos
596 2110 775 2176 vellet,
800 2124 918 2163 cum
951 2116 1245 2176 peteretur.

546 2201 635 2255 27.
665 2202 801 2268 Quid
831 2217 975 2255 nunc
1004 2218 1133 2267 ergo
1162 2200 1420 2255 Joannem
1439 2240 1455 2264 ,
1485 2198 1875 2268 Macariumque
1906 2212 2055 2253 com-

480 2311 636 2348 metu.
660 2310 796 2357 rem,
824 2294 1066 2362 aliosque
1089 2292 1391 2360 complures
1416 2332 1430 2355 ,
1458 2307 1685 2360 quorum
1716 2291 2055 2345 conversatio

481 2390 605 2441 dum
652 2390 704 2441 iu
757 2386 988 2442 desertis
1018 2395 1121 2450 est,
1151 2386 1204 2439 in
1233 2386 1390 2441 caelis
1418 2384 1556 2440 [acta
1586 2384 1703 2439 est?
1749 2385 2054 2453 ApprOpin.

481 2484 780 2541 quaret-unt
822 2479 901 2532 illi
949 2487 1154 2531 tantum
1201 2476 1429 2531 Domino
1464 2488 1721 2545 quantum
1765 2475 2057 2545 apprOpin-

479 2586 645 2640 quare
694 2571 804 2625 Deo
848 2570 1115 2623 hominem
1143 2568 1225 2623 l'as
1255 2569 1500 2631 sinebat,
1543 2566 1871 2636 admissique
1929 2575 2056 2621 sunt

480 2666 532 2717 in
562 2664 864 2718 divinarum
911 2676 1073 2732 opera
1118 2677 1296 2716 rerum
1338 2669 1595 2731 quantum
1636 2674 1798 2715 carne
1826 2659 2055 2714 circum-

478 2759 631 2812 datos
662 2758 855 2813 licebat
881 2756 1114 2810 admitti.
1143 2754 1329 2810 Fixam
1355 2755 1406 2808 in
1434 2769 1664 2821 superna
1690 2761 1921 2807 mentem
1943 2767 2053 2807 cm-

480 2848 701 2902 Iestibus
725 2847 1068 2902 inseruerunt
1084 2845 1329 2912 secretis,
1352 2844 1439 2899 hic
1464 2845 1808 2899 Cotttitatttem
1829 2846 2051 2913 gratiam

478 2949 570 2993 aut
625 2938 1041 2994 revelatiunibus
1089 2940 1295 3004 tacitis,
1348 2946 1441 2992 aut
1492 2936 1847 2991 clamantibus
1886 2938 2052 3005 signis

482 3034 820 3100 protulerunt
838 3070 858 3097 ,
889 3041 945 3085 et
979 3030 1305 3101 suﬂragante
1327 3040 1537 3105 secreto
1562 3044 1731 3099 usque
1761 3030 1814 3083 iu
1842 3028 1893 3084 id
1932 3045 2055 3097 pro-
2081 3006 2126 3068 Ο

482 3123 621 3177 vecti
648 3135 802 3189 sunt,
852 3132 912 3175 ut
939 3133 1135 3176 terram
1168 3132 1293 3175 tunc
1327 3122 1544 3190 quidem
1574 3134 1802 3188 corpore
1845 3121 2057 3175 contine

479 3226 663 3283 gerent
687 3254 701 3277 ,
732 3216 925 3269 ctelum
952 3228 1078 3267 vero
1103 3214 1291 3281 spiritu
1318 3213 1426 3281 jam
1460 3212 1817 3281 possiderent.

549 3308 643 3360 ‘28.
670 3307 781 3359 lloc
816 3308 977 3373 igitur
1000 3307 1169 3358 eremi
1203 3303 1561 3358 habitaculum
1609 3303 1785 3357 dicam
1816 3318 1922 3356 non
1954 3302 2055 3356 im-

482 3400 675 3452 merito
707 3397 993 3467 quamdam
1022 3395 1146 3450 tidei
1170 3396 1355 3450 sedem
1374 3438 1389 3463 ,
1416 3395 1627 3449 virtutis
1652 3408 1852 3460 arcam,
1880 3394 2031 3449 chari

483 3491 606 3544 tatis
634 3490 951 3554 sacrarium,
986 3489 1199 3558 pictatis
1242 3488 1587 3552 thesaurum,
1622 3487 1846 3557 justitiae
1877 3500 2056 3556 prom-

482 3587 770 3651 ptuarium.
802 3580 933 3636 Nam
962 3586 1103 3636 sicut
1142 3580 1196 3635 iu
1229 3596 1420 3651 magna
1448 3581 1610 3635 domo
1640 3580 1875 3649 pretiosa
1905 3593 2051 3649 quas-

478 3680 587 3745 que
612 3676 859 3729 claustris
888 3673 1169 3742 obsignata
1194 3674 1247 3726 in
1277 3674 1500 3726 remotis
1531 3671 1817 3735 habentur,
1845 3668 1917 3724 ita
1946 3686 2058 3723 ma-

479 3769 786 3836 gniﬁcentia
838 3768 924 3822 illa
962 3776 1271 3823 sanctorum
1303 3768 1606 3821 abditorum
1645 3780 1830 3821 eremo
1852 3805 1866 3831 ,
1894 3779 2053 3835 quam

482 3858 888 3913 dilﬁcultatihus
919 3861 1031 3913 suis
1062 3868 1249 3912 natura
1270 3857 1572 3922 obseravit,
1603 3856 1890 3925 deponitur
1917 3853 2055 3908 intra

481 3952 749 4018 quoddam
775 3951 1034 4006 conclave
1059 3950 1256 4004 deserti
1280 3990 1294 4013 ,
1327 3964 1393 4003 ne
1416 3946 1845 4002 conversationis
1870 3945 2060 4000 huma-

483 4060 565 4098 nae
612 4058 711 4097 usu
760 4044 1050 4097 abolescet.
1097 4044 1342 4110 Apteque
1390 4056 1421 4095 a
1452 4041 1634 4095 mundi
1686 4039 1913 4094 Domino
1942 4040 2059 4094 haec

482 4135 711 4203 pretiosa
739 4135 1040 4189 divitiarum
1062 4135 1327 4201 supellex,
1355 4137 1408 4186 in
1437 4134 1525 4187 illa
1550 4132 1835 4187 mundana:
1865 4133 2058 4186 domus

481 4235 633 4294 parte
663 4242 767 4279 non
806 4227 978 4281 solum
1006 4225 1273 4287 conditur,
1325 4240 1510 4279 verum
1538 4226 1700 4281 etiam
1721 4218 1886 4293 ,cum
1930 4240 2057 4280 usus

480 4326 585 4383 est,
618 4333 685 4372 ex
714 4319 1004 4373 reconditis
1035 4318 1317 4387 promitur.

549 4409 642 4466 29.
673 4408 794 4464 Fuit
813 4410 940 4463 olim
967 4424 1090 4480 erga
1118 4423 1357 4464 eremum
1383 4422 1512 4464 cura
1538 4408 1733 4464 divina:
1763 4407 2053 4462 Providen-

482 4504 571 4557 tia:
615 4516 822 4557 summa
846 4511 900 4556 et
928 4502 1165 4555 maxima
1186 4541 1201 4563 ,
1242 4500 1336 4555 sed
1368 4516 1433 4555 ne
1465 4515 1606 4553 nunc
1641 4499 1854 4569 quidem
1894 4513 2053 4567 parva

481 4605 586 4649 est.
614 4593 746 4647 Nam
771 4601 826 4646 et
866 4607 1006 4647 iiunc
1025 4608 1147 4646 cum
1183 4594 1348 4645 eremi
1380 4592 1568 4646 incolis
1595 4592 1771 4645 victus
1800 4590 2054 4645 divinitus

481 4688 751 4753 insperata
800 4683 1111 4752 supervenit
1157 4684 1433 4751 largitate,
1474 4681 1602 4748 quid
1646 4682 1792 4735 aliud
1824 4698 1982 4750 quam
2022 4696 2054 4737 e

475 4776 617 4831 emta
655 4774 833 4843 lapsus
882 4773 1106 4828 deﬁnit?
1146 4772 1354 4827 Habent
1392 4786 1441 4827 et
1482 4774 1566 4827 isti
1596 4774 1648 4827 itt
1699 4777 1798 4828 bac
1842 4776 2057 4829 ntuniﬁ-

476 4868 656 4923 eentia
687 4882 840 4922 suum
869 4882 1082 4930 manna,
1108 4880 1206 4920 nec
1234 4866 1409 4919 minus
1439 4867 1521 4921 his
1549 4866 1805 4923 Dominus
1850 4868 2052 4922 brachii

478 4966 557 5017 sui
600 4977 769 5032 opere
795 4970 1005 5015 secreto
1040 4959 1348 5015 alimoniam
1396 4961 1601 5031 spargit
1643 4974 1709 5015 ex
1736 4960 1938 5014 abdito.
1987 4959 2055 5014 Et

474 5072 598 5110 cum
638 5055 876 5110 silicibus
917 5052 1173 5123 perfossis
1220 5053 1437 5108 tandem
1478 5053 1664 5107 divino
1704 5067 1937 5107 munere
1968 5068 2054 5106 re-

478 5150 810 5220 spondentes
839 5162 870 5202 e
898 5146 1040 5201 saxis
1069 5162 1220 5217 aqua:
1248 5148 1541 5217 proﬂuunt,
1569 5147 1694 5218 quid
1719 5146 1861 5202 aliud
1891 5162 2050 5215 quam

478 5246 623 5298 vehit
666 5245 833 5315 Moysi
881 5242 1047 5310 νει-επ
1094 5242 1201 5296 ictu
1257 5256 1505 5309 percussa
1551 5252 1688 5308 rupe
1731 5238 2051 5308 emergunt?

480 5334 927 5390 Vestimentorum
953 5331 1178 5404 perinde
1205 5331 1416 5385 habitus
1441 5332 1495 5386 in
1512 5331 1678 5387 eremi
1699 5333 1946 5385 vastitate
1959 5329 2055 5385 de-

478 5429 747 5495 gentibus,
772 5443 915 5481 nunc
935 5439 1144 5495 quoque
1166 5438 1293 5480 ecce
1324 5438 1430 5478 non
1460 5422 1661 5489 deﬁcit,
1696 5421 1786 5491 qui
1817 5422 1941 5477 dum
1966 5422 2054 5493 ju-

479 5524 614 5589 giter
638 5523 869 5589 gratuito
890 5520 1068 5575 divina
1093 5517 1403 5588 provisione
1425 5515 1686 5578 succedit,
1722 5516 1907 5583 utique
1932 5528 2055 5570 suc-

474 5613 714 5668 cedendo
741 5621 937 5667 mauet.
963 5610 1109 5666 Aluit
1135 5610 1387 5667 Dominus
1405 5611 1458 5666 in
1487 5609 1699 5665 deserto
1726 5621 1851 5662 suos
1877 5622 2042 5678 quou-

2152 368 2252 424 hos
2281 384 2410 425 vero
2439 385 2717 438 quousque
2746 354 2869 423 anni
2911 379 3081 422 erunt.

2219 460 2309 516 50.
2340 462 2531 515 Merito
2564 462 2701 514 hanc
2729 460 2960 515 Sanctus
2989 460 3173 514 divino
3221 462 3341 527 igne
3378 480 3637 522 succensus
3657 511 3669 533 ,

2151 552 2335 606 relicta
2368 552 2499 605 sede
2551 553 2787 620 propria,
2836 552 3021 605 sedem
3054 552 3191 621 legat
3220 571 3232 606 :
3277 555 3456 609 merito
3491 564 3673 627 propin-

2150 642 2294 710 quis,
2321 642 2444 695 liliis
2468 641 2890 710 parentibusque
2923 652 3219 709 przeponat,
3245 660 3550 715 suorumque
3574 664 3665 703 oin-

2151 737 2299 787 nium
2322 734 2655 788 commercio
2685 746 2849 787 emat.
2884 733 3072 788 Merito
3107 732 3218 787 haec
3257 735 3522 802 genitalem
3545 740 3675 796 dese-

2151 824 2395 877 rentibus
2422 825 2652 891 patriam
2675 824 3021 891 temporaria:
3044 825 3227 891 patriae
3244 841 3428 879 nomen
3448 827 3670 897 obtineat,

2151 931 2180 970 a
2209 931 2315 985 qua
2346 930 2453 970 non
2485 926 2687 978 metus,
2721 930 2827 969 non
2856 914 3185 969 desiderium
3208 954 3222 979 ,
3267 930 3369 969 non
3420 918 3636 985 gaudium
3656 962 3670 983 ,

2152 1024 2259 1062 non
2286 1021 2493 1061 mceror
2525 1016 2761 1060 revocet.
2793 1005 2988 1061 Merito
3016 1005 3175 1075 plane
3198 1007 3549 1062 universorum
3567 1010 3671 1064 alie-

2150 1107 2332 1151 ctuum
2366 1096 2481 1149 sola
2510 1096 2581 1150 sit
2622 1095 2872 1165 pretium.

2224 1190 2314 1244 51.
2354 1188 2487 1255 Ouis
2517 1189 2660 1244 enim
2690 1203 3017 1244 enumerare
3060 1188 3319 1243 beneﬁcia
3363 1190 3516 1245 eremi
3542 1191 3674 1259 digne

2153 1289 2335 1349 queat,
2373 1281 2699 1349 virtutisque
2745 1280 3036 1334 commoda
3068 1279 3419 1334 habitantium
3448 1281 3493 1335 iu
3516 1283 3606 1336 ea?
3632 1285 3673 1337 lu

2155 1374 2358 1428 UlUlidO
2406 1372 2594 1440 positi,
2627 1371 2863 1441 quodam
2892 1373 3055 1427 modo
3095 1382 3249 1427 extra
3292 1374 3533 1428 mundum
3555 1389 3676 1429 rece-

2153 1469 2309 1531 dunt,
2334 1468 2386 1519 in
2418 1466 2786 1519 solitudinibus
2818 1466 2902 1538 (ut
2922 1466 3002 1519 ait
3043 1465 3360 1536 Apostolus)
3400 1476 3611 1532 errantes,
3635 1468 3674 1520 in

2157 1560 2413 1613 montibus
2437 1600 2453 1622 ,
2484 1567 2531 1612 at
2556 1558 2842 1629 speluncis,
2894 1568 2941 1613 et
2990 1558 3043 1611 in
3091 1560 3317 1612 cavernis
3358 1559 3674 1630 terrwwebr.

1893 1665 2049 1718 quem
2087 1641 2129 1701 Β
2159 1665 2248 1717 at,
2280 1650 2393 1719 58).
2445 1648 2557 1703 Nec
2610 1648 2885 1703 immerito
2924 1648 3155 1718 dignum
3205 1649 3392 1703 talibus
3430 1650 3677 1717 APOSlOIUs

2157 1755 2314 1811 negat
2342 1757 2463 1797 esse
2489 1740 2745 1795 mundum
2765 1781 2781 1806 ,
2813 1741 2905 1810 qui
2932 1740 3098 1795 alieni
3142 1750 3271 1796 sunt
3313 1741 3378 1794 ab
3421 1740 3507 1796 illo
3528 1741 3676 1809 reipu-

2159 1836 2311 1889 itllCil’.
2343 1835 2593 1887 humanae
2644 1834 2904 1899 tumultu,
2958 1833 3206 1902 sepositi,
3237 1834 3416 1901 quieti,
3462 1834 3676 1895 silentes;

2157 1940 2259 1979 nec
2287 1928 2459 1994 magis
2506 1924 2705 1979 absunt
2735 1939 2766 1979 a
2800 1924 3083 1979 voluntate
3115 1924 3370 1994 peccandi
3409 1939 3550 1993 quam
3573 1939 3598 1978 a
3622 1922 3679 1978 ia-

2156 2019 2383 2073 cultate.

2232 2111 2321 2167 32.
2352 2109 2497 2165 Clari
2544 2110 2686 2180 apud
2712 2120 2927 2166 veteres
2952 2111 3143 2166 saeculi
3174 2110 3331 2180 hujus
3355 2110 3479 2173 viri,
3520 2107 3679 2162 delati-

2157 2204 2264 2271 gati
2302 2202 2583 2256 laboribus
2610 2204 2950 2271 negotiorum
2974 2217 3227 2266 suorum,
3260 2205 3309 2257 in
3338 2201 3678 2271 philosoj-bizun

2157 2308 2218 2347 se
2257 2303 2537 2362 tamquam
2570 2294 2624 2347 in
2664 2292 2883 2347 domum
2925 2310 3081 2349 suam
3126 2294 3468 2363 recipiebant.
3511 2295 3681 2361 Quanto

2158 2386 2441 2456 pulchrius
2468 2385 2534 2441 ad
2568 2386 2681 2440 hzec
2729 2387 3195 2442 manifestissima:
3241 2388 3506 2457 sapientia:
3539 2388 3680 2441 studia

2158 2477 2458 2547 divertunt,
2492 2479 3039 2550 magniﬁcentiusque
3080 2482 3149 2535 ad
3200 2480 3529 2536 solitudinum
3554 2480 3683 2535 liber-

2160 2577 2328 2624 tatem
2358 2579 2414 2625 et
2440 2569 2783 2625 desertorum
2824 2580 3039 2626 secreta
3089 2572 3379 2638 secedunt,
3406 2582 3461 2627 ut
3483 2571 3681 2641 philoso-

2157 2663 2300 2732 pbia:
2331 2671 2538 2717 tantum
2573 2673 2848 2731 vacantes,
2876 2664 2931 2719 in
2964 2663 3118 2719 illius
3148 2666 3318 2721 eremi
3340 2663 3681 2721 deambulacris

2160 2754 2344 2826 [ναις.
2377 2753 2674 2826 vastitate],
2700 2765 2973 2824 tamquam
3006 2755 3064 2811 in
3100 2758 3211 2811 suis
3236 2757 3530 2827 gymnasiis.
3553 2769 3683 2808 exer-

2158 2847 2787 2918 ceautur?Ubi,quaaso.
2805 2849 3057 2918 liberius,
3088 2866 3248 2921 quam
3281 2852 3331 2905 in
3359 2849 3541 2905 deserti
3563 2848 3683 2901 babi-

2160 2940 2364 2993 tatione
2380 2950 2628 2994 servetur
2645 2938 2894 2995 Pascha?
2920 2940 3029 2996 Sed
3062 2943 3349 2997 virtutibus
3371 2952 3422 2996 et
3448 2942 3683 2995 continen-

2160 3032 2265 3085 tia:
2298 3031 2655 3097 continentia,
2681 3034 2922 3102 inquam,
2946 3048 3073 3103 quae
3095 3035 3241 3089 velut
3258 3034 3357 3089 alia
3381 3030 3598 3104 quasdam
3620 3037 3684 3083 est

2159 3124 2341 3180 cordis
2379 3140 2616 3179 eremus.
2644 3124 2779 3180 Nam
2812 3136 2867 3180 et
2915 3127 3140 3198 Moyses
3169 3128 3505 3199 quadraginta
3548 3125 3685 3179 comi-

2160 3228 2297 3268 nuos
2320 3228 2380 3268 se
2411 3214 2463 3269 in
2486 3230 2673 3269 eremo
2702 3214 2817 3270 dies
2841 3214 3042 3283 (Exod.
3074 3233 3226 3285 xxtv,
3258 3218 3368 3286 18),
3407 3214 3685 3277 totidemtjue

2162 3316 2282 3375 post
2302 3320 2360 3359 se
2388 3306 2502 3360 illic
2547 3305 2696 3360 Elias
2727 3305 2816 3378 (ΙΙΙ
2842 3307 2971 3377 Reg.
3004 3323 3125 3375 ιιι,
3164 3308 3223 3378 8)
3249 3308 3447 3378 jejunio
3465 3304 3687 3362 dedit:et

2160 3408 2391 3468 uterque
2423 3398 2497 3453 ibi
2524 3399 2758 3453 inediam
2790 3399 2929 3454 ultra
2956 3399 3186 3456 humani
3215 3400 3429 3456 eﬁ'ectus
3457 3400 3581 3452 vires
3611 3409 3685 3449 ex-

2162 3491 2352 3547 tendit.
2387 3491 2590 3547 Deinde
2614 3502 2673 3547 et
2710 3491 2970 3548 Dominus
2993 3531 3009 3555 ,
3062 3494 3241 3560 idem,
3292 3492 3384 3547 sed
3426 3493 3473 3545 in
3508 3489 3685 3543 deserto

2160 3584 2507 3639 abstinentia:
2538 3595 2757 3651 tempus
2783 3583 2967 3654 exegit
2998 3582 3221 3655 (Matth.
3245 3600 3318 3647 tv,
3345 3583 3420 3651 9).
3450 3581 3547 3636 Ner.
3578 3592 3686 3645 pra!-

2161 3687 2306 3731 terea
2336 3692 2559 3744 usquam
2594 3675 2825 3745 legimus
2849 3676 3023 3744 spatia
3049 3677 3247 3731 eadem
3277 3683 3462 3730 exacta
3486 3670 3683 3740 jejunio:

2164 3776 2221 3822 ut
2248 3768 2543 3837 putandum
2572 3768 2662 3831 sit,
2692 3768 2925 3838 aliquem
2954 3767 3121 3823 tribui
3152 3784 3248 3837 per
3274 3766 3542 3821 Dominum
3582 3758 3682 3814 locit

2161 3859 2272 3914 illis
2300 3860 2463 3914 etiam
2491 3860 2752 3926 vigerent.

2231 3950 2320 4004 55.
2357 3949 2482 4014 Ubi,
2514 3965 2719 4017 quasso,
2745 3949 2918 4019 magis
2946 3963 3169 4017 vacare,
3201 3958 3257 4005 et
3294 3963 3444 4018 quam
3465 3943 3613 4001 dulcis
3634 3942 3689 3994 sit

2164 4041 2443 4107 Dominus,
2491 4040 2680 4095 videre
2700 4042 3008 4110 contingit?
3040 4043 3141 4097 Ubi
3187 4041 3480 4111 promptior
3508 4034 3566 4089 ad
3594 4046 3691 4101 prr-

2160 4133 2449 4189 fectionem
2479 4132 2825 4189 tendentibus
2862 4136 2951 4189 via
2985 4136 3272 4203 panditur?
3314 4135 3412 4191 Ubi
3435 4132 3588 4200 major
3608 4126 3689 4179 vir-

2162 4228 2361 4281 tutibus
2409 4241 2631 4297 campus
2674 4228 2959 4297 aperitur?
2991 4226 3091 4281 Ubi
3150 4227 3362 4281 facilius
3414 4220 3692 4282 mentis,ttt

2162 4321 2332 4389 possit
2361 4321 2811 4390 circumspicere,
2844 4320 3088 4374 custodia
3106 4320 3132 4372 τ
3163 4320 3259 4377 Ubi
3296 4318 3503 4373 liberior
3525 4306 3690 4367 cordis.

2164 4424 2222 4467 ut
2253 4414 2362 4468 Deo
2389 4413 2664 4467 inhaerere
2688 4422 2880 4475 certet,
2915 4411 3171 4475 intentio,
3220 4426 3377 4481 quam
3417 4407 3518 4463 illis
3542 4408 3693 4469 utique

2159 4507 2413 4573 secretis,
2441 4507 2493 4559 in
2523 4505 2718 4575 quibus
2748 4507 2912 4559 Deum
2942 4520 3050 4559 non
3078 4507 3259 4559 solum
3283 4502 3515 4558 invenire
3542 4508 3693 4567 protll-

2163 4610 2308 4668 ptum
2337 4611 2438 4665 est,
2467 4613 2655 4653 verum
2688 4598 2850 4653 etiam
2880 4598 3206 4653 custodire?

2228 4690 2320 4743 54.
2355 4689 2419 4743 Ει
2441 4690 2688 4758 quamvis
2718 4703 2866 4758 saepe
2891 4690 2942 4743 in
2974 4704 3171 4743 eremo
3218 4689 3393 4744 tenuis
3424 4685 3518 4741 soli
3547 4677 3694 4751 pulvis

2161 4790 2433 4845 occurrat,
2465 4793 2728 4849 nusquam
2762 4790 2937 4833 tamen
2970 4779 3181 4834 ﬁrmius
3225 4777 3547 4848 Evangeliee
3574 4770 3693 4823 illiu~

2161 4873 2358 4926 domus
2388 4870 2730 4925 fundamenta
2751 4870 3262 4942 jaciuntur(iilatth.
3296 4886 3388 4936 vn,
3409 4867 3516 4935 Ἃ).
3549 4858 3693 4915 ΙοῙΙΙὶθ

2161 4965 2283 5020 licet
2311 4965 2507 5035 aliquis
2538 4964 2842 5019 consistere
2874 4965 3053 5017 arenis
3096 4965 3266 5031 velit,
3301 4969 3611 5031 nequaquam
3634 4962 3693 5001 Ia-

2161 5072 2285 5111 meu
2314 5072 2479 5126 super
2507 5069 2703 5110 arenas
2744 5054 2965 5109 domum
2992 5057 3262 5109 construit
3286 5072 3302 5108 :
3335 5062 3577 5120 nusquam
3605 5054 3693 5095 ml-

2138 5152 2240 5220 .gis
2266 5165 2429 5220 quam
2461 5150 2575 5204 illic
2598 5162 2771 5215 supra
2790 5158 2998 5217 petram
3048 5148 3364 5217 praedictum
3406 5142 3524 5199 illud
3549 5133 3691 5193 adil-

2158 5245 2301 5297 eiutn
2322 5242 2641 5306 collocatur,
2661 5236 2807 5310 quo’d
2831 5239 3091 5295 immobili
3109 5238 3404 5295 stabilitate
3426 5231 3687 5289 fundatum.

2158 5333 2479 5389 inconcussa
2511 5332 2651 5386 mole
2699 5331 2954 5385 durabit:
2987 5340 3044 5384 ut
3082 5338 3332 5399 tempore
3369 5318 3688 5394 ingruentium

2158 5426 2545 5498 procellarum,
2576 5439 2683 5479 non
2712 5422 2967 5478 ﬁantibus
2993 5422 3191 5487 ventis,
3216 5435 3319 5475 non
3346 5412 3579 5471 immissis
3598 5418 3689 5498 tor-

2159 5494 2407 5573 rentibus
2425 5516 2735 5571 subruatur.
2774 5514 2959 5580 Itaque
3004 5512 3335 5569 habitatores
3365 5504 3548 5562 deserti
3585 5494 3689 5553 talia

2158 5612 2257 5668 sibi
2281 5609 2528 5676 aediﬁcia,
2558 5607 2653 5663 sed
2678 5607 2729 5661 itt
2760 5605 3015 5663 cordibus
3039 5604 3330 5662 fabricant:
3362 5599 3435 5657 illi
3460 5594 3542 5668 qui
3568 5602 3689 5648 sutu-
