3932 6170
293 222 392 280 709

1425 215 1755 272 EPISTULA
1797 212 1885 266 DE
1925 211 2155 267 LlliDE
2201 213 2429 267 ΙΞΒΞΜΙ.

3444 224 3543 277 ’ῖὶο

289 354 368 393 nia
400 339 518 391 imis
539 346 814 407 appetunt,
840 335 927 407 qui
960 333 1173 390 excelsa
1218 330 1526 386 humilitate
1559 337 1860 389 sectantur,
1898 330 1937 384 Λ
1971 326 2186 387 chorus.
2214 340 2261 381 et
2291 343 2385 396 per
2415 330 2555 382 illam
2580 330 2745 383 Jacob
2774 331 2971 385 scalam
3000 346 3387 400 commeantes,
3420 354 3540 392 ere-

290 432 499 485 desides
524 439 685 498 atque
714 429 1061 482 immemores
1089 435 1455 491 terrenarum,
1494 423 1565 477 ob
1596 438 1742 492 spem
1770 436 1863 474 vo-

288 504 506 592 tumque
530 522 851 579 (teleStiutu.
879 521 976 589 Qui
1002 518 1420 590 abjiciunt,dum
1445 530 1602 585 egere
1632 514 1859 574 malunt.

286 614 539 679 divitias,
570 628 730 682 egere
760 613 1011 665 festinant
1036 650 1050 673 ,
1084 610 1211 663 dum
1251 622 1371 662 esse
1422 606 1614 660 divites
1659 619 1864 659 concu-

286 707 502 775 piscunt
527 723 542 769 ;
572 703 657 757 die
684 718 747 758 ac
780 708 937 756 nocte
964 700 1162 754 labore
1202 696 1506 767 vigiliisque
1550 695 1856 757 decertant,

286 811 343 852 ut
391 797 803 866 appreliemlant
836 794 956 847 vita:
994 791 1137 845 illius
1171 790 1528 859 principium,
1572 786 1722 856 cujus
1754 802 1859 839 nun

284 891 562 943 invenient
589 896 913 938 extremum.
948 883 1037 936 Sic
1066 892 1316 935 materno
1339 894 1549 933 oremus
1581 879 1700 931 sinu
1728 892 1861 931 con-

285 988 419 1033 tinet
464 978 586 1031 illos
631 972 950 1027 aeternitatis
988 971 1291 1026 rectissime
1322 982 1545 1035 avaros,
1579 967 1713 1021 bene
1742 982 1861 1035 pro-

282 1071 442 1139 digos
465 1066 743 1123 brevitatis
761 1082 777 1130 ;
793 1064 1094 1119 incuriosos
1115 1060 1393 1131 pra-sentis
1411 1057 1669 1127 temporis
1684 1042 1863 1111 certos

283 1162 448 1215 futuri
493 1179 505 1214 :
549 1169 599 1214 et
634 1175 731 1228 per
763 1158 863 1211 huc
906 1163 1269 1223 assequuntur
1303 1160 1361 1205 ut
1403 1152 1455 1204 in
1508 1164 1645 1220 quos
1685 1164 1861 1204 siccu-

281 1252 459 1306 lorum
495 1252 625 1303 fines
670 1244 1050 1309 decurrerunt,
1097 1241 1177 1296 bis
1218 1240 1412 1295 smcula
1445 1239 1567 1294 sine
1594 1237 1700 1292 fine
1732 1251 1863 1292 con-

280 1346 485 1397 littEMil
502 1382 513 1393 .

399 1359 513 1395 ant.

475 1433 702 1487 Fervent
732 1429 801 1483 ibi
824 1426 1139 1494 conscripta:
1167 1420 1442 1477 interioris
1462 1419 1700 1474 hominis
1715 1418 1861 1472 salu-

281 1527 459 1579 briter
481 1528 648 1593 leges,
675 1534 725 1574 et
748 1518 939 1574 aeterni
964 1516 1141 1570 saeculi
1164 1515 1285 1584 jura
1311 1512 1584 1575 subtilius.
1611 1510 1726 1565 Non
1750 1511 1865 1563 illic
1908 1554 1911 1557 .

279 1622 521 1671 humana
571 1614 856 1669 criminum
919 1609 1325 1673 facinorumque
1383 1605 1700 1672 praescripta
1757 1601 1861 1655 vim

1964 435 2108 471 mum
2144 420 2444 488 frequentia
2494 420 2689 476 abdita
2734 423 3058 479 visitationis
3087 426 3354 481 illustrant
3386 427 3540 497 (Gen.

1964 526 2148 575 xm",
2182 511 2305 581 12);
2336 525 2400 567 ac
2434 528 2499 567 ne
2526 513 2577 566 in
2610 529 2802 566 vanum
2834 516 3056 584 vigilent
3098 518 3189 585 qui
3232 522 3542 574 custodiunt

1962 603 2259 669 civitatem,
2309 604 2630 672 peculiarius
2664 604 2886 659 Christo
2913 620 3315 692 propugnatore
3370 614 3541 664 muni-

1966 704 2071 759 tur,
2096 696 2185 764 qui
2218 705 2486 765 tamquam
2538 712 2807 750 murorum
2857 698 3095 766 objecta,
3131 700 3200 753 ita
3233 703 3399 755 eremi
3428 718 3539 756 am-

1964 788 2075 841 bitu
2126 790 2309 842 hostes
2351 801 2480 842 suos
2520 792 2824 852 submovet,
2857 799 2914 844 ut
2958 792 3204 859 adoptiva
3257 792 3363 847 Deo
3406 810 3542 864 gens

1962 892 2223 950 quantum
2254 884 2445 937 secreti
2496 883 2685 951 spatiis
2712 885 2953 951 exposita
2982 924 2998 949 ,
3046 891 3254 939 tantum
3300 885 3542 940 hostibus

1963 973 2076 1026 suis
2124 974 2301 1027 clausa
2342 973 2432 1027 sit.
2467 973 2523 1026 ln
2552 974 2643 1027 illo
2670 990 2879 1043 quoque
2906 977 3129 1029 meridie
3178 994 3408 1045 sponsus
3456 996 3539 1033 re-

1964 1066 2125 1119 Cuhat
2166 1082 2179 1117 :
2233 1065 2676 1133 liahitatoresqne
2708 1066 2924 1132 deserti,
2970 1070 3232 1123 charitate
3279 1072 3537 1124 vulnerati

1964 1157 2398 1222 contemplantnr
2415 1171 2535 1210 eum
2557 1156 2835 1211 dicentes:
2870 1157 3165 1211 Invenimus
3195 1178 3340 1230 quem
3373 1162 3540 1234 diligit

1965 1248 2139 1300 anima
2162 1258 2371 1300 nostra:
2397 1246 2677 1301 tenebimus
2702 1264 2818 1301 eum
2840 1259 2884 1302 et
2907 1267 3007 1302 non
3027 1251 3337 1304 dimittenms
3365 1252 3537 1323 (Cant.

1967 1354 2045 1405 ιιι,
2078 1338 2155 1410 ι).

2037 1430 2126 1485 59.
2181 1429 2296 1484 Non
2338 1439 2420 1483 est
2466 1430 2855 1485 infructuosum
2889 1431 2964 1498 (ut
3008 1432 3289 1503 Cl'Cdllllf').
3322 1450 3426 1486 non
3460 1446 3543 1489 est

1968 1519 2099 1574 illud
2130 1520 2314 1574 sterile
2339 1520 2505 1575 eremi
2529 1522 2725 1583 solum,
2756 1536 2856 1574 nec
2882 1522 3161 1575 infecunda
3191 1524 3389 1578 arentis
3416 1541 3542 1577 saxa

1969 1611 2190 1665 deserti.
2234 1610 2347 1665 Illic
2378 1610 2655 1679 multiplex
2704 1626 2950 1680 germen,
2982 1621 3033 1665 et
3062 1623 3318 1667 centrnos
3362 1615 3539 1669 accola

276 1727 439 1764 suam
466 1717 739 1771 resonant,
772 1715 870 1757 nec
896 1717 954 1756 se
977 1699 1185 1755 ultricia
1210 1697 1517 1767 capitalium
1541 1695 1859 1749 delictorum
1898 1683 1939 1741 Β
1972 1702 2178 1757 [melus
2199 1702 2464 1756 τοροηάίι,
2494 1702 2606 1755 Non
2648 1701 2802 1756 facile
2845 1702 2953 1756 ίιιίο
2978 1704 3119 1770 jac“,
3152 1706 3357 1758 semina
3387 1719 3543 1759 secus

276 1805 401 1867 jura
431 1807 679 1855 exerunt.
720 1796 826 1849 Cor
878 1791 980 1846 nisi
1028 1790 1373 1859 purissimum
1424 1786 1687 1855 indigenae
1720 1785 1863 1853 leges

278 1894 490 1947 faciunt
519 1905 699 1953 reum;
730 1896 889 1954 atque
920 1885 1033 1954 ipse
1056 1882 1200 1938 omni
1230 1880 1429 1942 studio,
1463 1879 1654 1931 mentis
1685 1888 1865 1930 motus

279 1985 536 2044 interior,
572 1982 710 2034 intra
739 1976 965 2047 justitia:
1007 1974 1267 2028 terminos
1301 1980 1614 2025 coercetur:
1644 1968 1861 2022 eodem-

276 2092 392 2147 que
431 2090 490 2130 se
524 2072 707 2141 judice
754 2068 839 2123 vel
895 2068 1094 2122 levium
1152 2063 1544 2134 cogitationum
1602 2058 1860 2129 principia

281 2170 616 2231 plectuntur.
651 2161 802 2232 Apud
834 2159 966 2212 alios
1022 2157 1217 2212 malum
1264 2156 1335 2208 sit
1380 2154 1577 2207 malum
1633 2150 1862 2213 fecisse,

278 2259 430 2328 apud
458 2258 556 2310 hos
586 2271 715 2310 vero
747 2255 941 2306 ma'uni
971 2261 1050 2304 est
1077 2252 1274 2302 bonum
1304 2262 1411 2301 non
1445 2245 1657 2300 fecisse.

361 2350 448 2404 36.
500 2349 602 2404 Sed
635 2348 903 2418 quomodo
953 2361 1052 2413 ego
1101 2344 1298 2413 possim
1351 2337 1865 2417 commemoratione

278 2442 449 2511 digna
478 2441 728 2494 interiora
759 2436 929 2493 eremi
970 2437 1211 2489 instituta
1244 2430 1532 2487 venerari?
1563 2428 1713 2497 Nunc
1736 2442 1866 2481 vero

282 2533 423 2585 illud
459 2532 649 2586 tacitus
680 2529 957 2598 prmterire
995 2541 1099 2580 non
1132 2538 1369 2594 possum,
1398 2520 1540 2591 quod
1572 2522 1626 2573 in
1659 2520 1868 2571 habita-

284 2625 500 2676 lul’iblls
524 2622 642 2690 ejus
665 2621 742 2675 vis
771 2620 856 2673 illa
886 2618 1100 2671 virtutis
1122 2631 1281 2685 quam
1302 2612 1612 2668 abscondita
1636 2610 1861 2673 cunctis,

282 2729 432 2782 pene
474 2724 577 2765 tam
610 2721 731 2765 nota
764 2718 861 2765 est.
918 2708 1049 2763 Nam
1097 2722 1218 2761 cum
1266 2720 1327 2760 se
1371 2707 1556 2773 utique
1582 2704 1633 2756 in
1662 2710 1865 2756 remota

283 2806 539 2872 abigunt,
572 2802 851 2867 mundum,
887 2799 1281 2867 humanumque
1330 2794 1659 2849 consortium
1712 2806 1866 2859 repu-

284 2897 528 2959 diantes,
560 2894 729 2948 occuli
760 2892 973 2962 quidem
1002 2890 1261 2960 gestiunt,
1295 2885 1542 2941 meritum
1573 2892 1748 2937 tamen
1778 2896 1868 2936 oc-

285 2986 481 3041 culere
528 3000 632 3038 non
665 2989 905 3053 possunt.
963 2981 1230 3047 Quantum
1275 2992 1334 3031 se
1379 2990 1567 3030 eorum
1603 2973 1869 3027 introrsus

287 3079 405 3147 agit
453 3078 588 3140 vita,
641 3046 846 3128 tantum
877 3086 936 3126 se
967 3046 1109 3125 foras
1141 3068 1364 3137 proripit
1407 3067 1606 3136 gloria;
1650 3065 1759 3118 Deo
1789 3064 1869 3135 (ut
1894 3046 1939 3109 C

288 3169 556 3238 arbitror)
600 3170 668 3221 ita
702 3169 841 3221 inter
870 3175 1155 3233 utrumque
1205 3162 1551 3224 moderante,
1600 3167 1659 3211 ιιι
1699 3158 1869 3211 incola

290 3262 468 3316 eremi
515 3274 629 3313 sute
676 3258 841 3312 lateat
890 3256 1108 3322 szeculo,
1157 3260 1211 3308 et
1264 3268 1367 3306 non
1412 3252 1574 3304 lateat
1601 3248 1869 3319 exemplo.

294 3356 427 3407 “me
457 3352 670 3405 luCcrna
700 3359 804 3412 est,
833 3364 950 3417 qua:
980 3346 1285 3398 universum
1324 3342 1631 3411 resplendet
1661 3341 1873 3402 orbem,

291 3458 463 3509 supra
504 3441 669 3495 eremi
721 3437 1103 3493 candelabrum
1149 3438 1317 3490 locata
1350 3452 1362 3486 :
1398 3434 1534 3499 hinc
1559 3447 1618 3488 se
1647 3430 1878 3501 flagran-

296 3534 568 3593 tissimum
593 3532 771 3586 lumen
799 3544 896 3600 per
918 3529 1199 3583 tenebrosa
1223 3526 1404 3579 mundi
1430 3526 1666 3579 membra
1683 3522 1878 3577 dill‘un-

295 3628 399 3680 dit.
436 3626 563 3679 Haec
586 3634 670 3679 est
691 3622 887 3679 civitas
918 3637 1040 3692 qua:
1067 3617 1317 3699 abscondi
1348 3633 1450 3675 non
1494 3628 1669 3687 potest
1694 3618 1747 3672 in
1777 3619 1875 3671 de-

296 3717 431 3771 serti
463 3728 640 3770 monte
666 3710 1007 3775 constructa,
1048 3726 1169 3781 quae
1208 3700 1435 3779 imagine
1462 3725 1555 3763 sua
1599 3710 1877 3764 etelcStem

297 3806 605 3861 Jerusalem
645 3804 809 3859 terris
836 3803 1001 3858 dedit.
1054 3802 1286 3857 Proinde
1314 3802 1358 3856 si
1386 3801 1503 3872 quis
1544 3803 1594 3855 in
1641 3802 1881 3859 tenebris

300 3907 407 3964 est,
437 3897 565 3951 huic
583 3895 768 3949 lumini
798 3894 1211 3964 apprepinquet,
1244 3902 1299 3945 ut
1326 3891 1530 3946 videat:
1556 3893 1599 3945 si
1630 3893 1748 3961 quis
1772 3892 1878 3946 dis-

300 3990 521 4044 crimini
550 3998 714 4058 patet,
741 3988 808 4043 ad
832 3988 969 4043 hanc
992 3988 1262 4043 civitatem
1288 3987 1504 4061 tendat,
1534 3997 1589 4039 ut
1613 3996 1758 4051 tutus
1784 3989 1876 4042 sit.

378 4081 470 4135 '57.
503 4079 548 4133 0
578 4094 733 4147 quam
752 4077 1005 4148 jocundas
1029 4087 1151 4131 sunt
1173 4077 1479 4131 sitientibus
1503 4076 1690 4144 Deum,
1716 4076 1878 4131 etiam

302 4172 479 4226 devia:
508 4170 613 4224 illis
643 4170 865 4224 saltibus
912 4168 1255 4223 solitudines!
1304 4183 1462 4235 quam
1504 4180 1714 4220 amoena
1756 4173 1881 4219 sunt

301 4262 670 4335 qnmreutibus
700 4262 970 4317 Christum
1004 4261 1093 4315 illa
1126 4269 1355 4324 secreta,
1400 4275 1517 4329 qua:
1565 4258 1722 4328 longe
1749 4258 1881 4312 late-

302 4373 410 4427 que
440 4365 634 4409 natura
660 4356 958 4408 excubante
986 4362 1229 4422 porrecta
1275 4352 1435 4406 sunt!
1476 4349 1644 4406 Sileni
1676 4352 1876 4404 omnia.

1965 1793 2106 1847 viam
2134 1794 2406 1857 decidunt,
2456 1809 2575 1862 quas
2601 1794 2847 1848 volucres
2895 1796 3214 1851 absumant:
3246 1813 3343 1851 nec
3367 1799 3417 1851 in
3452 1814 3537 1867 pc-

1966 1892 2109 1939 trosa
2157 1883 2317 1938 facile
2347 1885 2677 1951 dilabuntur,
2729 1900 2849 1953 qua:
2880 1900 2983 1939 non
3010 1886 3257 1940 habentia
3306 1889 3539 1942 altitudi-

1969 1992 2091 2030 nem
2125 1987 2306 2039 terrm,
2352 1984 2602 2041 aestuent,
2635 1984 2689 2030 ct
2713 1988 2959 2031 arescant
2987 1996 3000 2032 :
3043 1994 3214 2047 neque
3246 1980 3296 2032 in
3337 1983 3541 2046 spineta

1966 2067 2122 2121 facile
2154 2066 2383 2136 fugiunt,
2410 2082 2529 2136 quas
2554 2068 2664 2136 jam
2711 2067 2905 2122 adultis
2937 2070 3182 2123 sentibus
3226 2070 3540 2125 obruantur.

1966 2158 2131 2214 Uberi
2160 2158 2268 2213 illic
2304 2174 2534 2213 messem
2560 2169 2820 2228 proventu
2852 2162 3077 2216 colonus
3108 2173 3271 2219 metet
3298 2181 3310 2217 :
3346 2165 3542 2233 produ-

1967 2249 2110 2303 citur
2138 2250 2189 2303 in
2212 2249 2293 2303 bis
2315 2250 2457 2303 saxis
2481 2265 2633 2320 seges
2658 2250 2765 2316 illa,
2788 2266 2881 2319 per
2909 2269 3066 2321 quam
3091 2254 3248 2307 etiam
3279 2270 3398 2309 Ossa
3430 2259 3541 2323 piu-

1967 2348 2250 2411 guescuut.
2281 2341 2552 2395 invenitur
2585 2343 2747 2397 etiam
2782 2344 2894 2397 illic
2932 2346 3084 2413 panis
3136 2347 3305 2411 vivus,
3346 2350 3434 2415 qui
3477 2350 3542 2401 do

1967 2433 2107 2486 coelo
2128 2432 2425 2487 descendit.
2457 2433 2756 2502 Erumpunt
2786 2435 2835 2487 in
2862 2435 2967 2489 illis
2998 2437 3218 2503 rupibus
3265 2437 3436 2493 fontes
3466 2439 3542 2492 ir-

1968 2524 2129 2593 rigui,
2153 2531 2207 2578 et
2232 2538 2383 2592 aquae
2410 2524 2562 2585 viva),
2588 2540 2705 2590 qua:
2727 2539 2830 2577 non
2853 2526 3110 2579 satiandis
3138 2527 3331 2589 aulum,
3356 2544 3540 2582 verum

1969 2615 2130 2669 etiam
2160 2623 2383 2683 possunt
2408 2614 2659 2669 sufficere
2688 2616 2979 2669 salvandis.
3027 2617 3120 2669 Hic
3153 2616 3421 2671 interioris
3445 2621 3542 2672 ho.

1971 2705 2131 2760 minis
2180 2714 2389 2774 pratum
2421 2702 2604 2777 [Vulg.
2641 2703 2844 2775 pastus]
2874 2717 2924 2758 et
2958 2706 3223 2773 voluptas,
3252 2708 3336 2762 hic
3375 2708 3541 2762 incul-

1972 2805 2082 2851 tum
2115 2794 2413 2858 desertum,
2458 2794 2567 2848 illic
2595 2795 2727 2847 mira
2755 2795 3067 2849 amoenitate
3100 2797 3398 2863 jucundum
3431 2808 3541 2862 est;

1970 2888 2266 2957 eademque
2290 2889 2533 2956 corporis
2563 2896 2644 2941 est
2673 2901 2907 2953 eremus,
2938 2888 3132 2942 anima:
3171 2889 3469 2957 paradisus.

2045 2979 2131 3033 40.
2165 2978 2319 3033 Nulla
2336 2977 2445 3047 jam
2468 2980 2711 3047 quamvis
2742 2976 2930 3033 fertilis
2962 2979 3141 3042 tellus,
3192 2991 3349 3034 terras
3374 2985 3540 3037 eremi

1972 3085 2033 3124 se
2053 3071 2463 3137 comparatione
2484 3068 2788 3137 jactaverit.
2815 3069 2911 3123 Est
2936 3077 3078 3124 terra
3100 3070 3277 3139 aliqua
3308 3072 3545 3139 frugibus

1973 3162 2142 3216 ditis?
2174 3163 2224 3216 in
2278 3161 2380 3217 bac
2428 3160 2658 3213 maxime
2699 3160 2932 3215 nascitur
2981 3161 3305 3215 frumentum
3369 3163 3544 3225 illud.

1973 3252 2114 3322 quod
2143 3252 2443 3306 esurientes
2484 3252 2641 3321 adipe
2672 3266 2771 3305 suo
2812 3252 2986 3304 satiat.
3034 3251 3127 3305 Est
3161 3252 3263 3305 alia
3308 3253 3546 3322 gravidis

1975 3349 2093 3402 lata
2122 3347 2361 3400 vinetis?
2393 3346 2443 3398 in
2476 3347 2573 3398 hac
2604 3345 2830 3398 maxime
2877 3344 3147 3413 profertur
3173 3336 3357 3398 vinum
3391 3345 3542 3409 illud,

1973 3439 2116 3510 quod
2148 3439 2284 3493 bene
2337 3438 2571 3491 laetificat
2614 3452 2709 3490 cor
2760 3436 3010 3490 hominis.
3047 3436 3142 3489 Est
3191 3438 3294 3491 alia
3336 3441 3546 3505 pascuis

1977 3531 2269 3601 prtestans‘l
2304 3530 2354 3583 in
2387 3530 2489 3585 hac
2533 3529 2883 3583 saluberrime
2912 3536 3137 3596 pascunt
3162 3542 3292 3582 oves
3324 3528 3449 3591 illae,
3482 3531 3549 3581 de

1976 3625 2168 3695 quibus
2198 3622 2417 3687 dicitur,
2457 3620 2617 3675 Pasce
2645 3636 2759 3673 om
2788 3633 2924 3672 meas
2948 3618 3127 3688 (Joau.
3161 3634 3271 3683 xxi,
3310 3617 3418 3686 17).
3453 3618 3549 3672 Est

1976 3715 2079 3768 alia
2110 3714 2328 3769 floribus
2358 3715 2495 3781 picta
2529 3712 2919 3765 vernantibus?
2969 3714 3019 3764 in
3067 3712 3167 3764 hac
3194 3712 3427 3765 maxime
3457 3728 3549 3765 ve-

1977 3824 2070 3863 rus
2114 3808 2207 3862 ille
2251 3806 2351 3860 flos
2400 3804 2575 3873 campi
2625 3813 2679 3858 et
2733 3804 2901 3858 lilium
2941 3803 3267 3857 convallium
3297 3804 3547 3873 refu‘get.

1980 3901 2260 3955 Postremo
2282 3897 2384 3951 alia
2412 3906 2495 3952 est
2516 3894 2815 3965 speciosius
2844 3894 3123 3949 exsultans
3158 3895 3409 3951 metallis.
3444 3896 3550 3947 alia

1980 4006 2110 4049 vero
2129 4005 2259 4045 auro
2286 4004 2381 4045 suo
2411 3988 2696 4053 fulvaest?
2719 3987 2771 4040 in
2798 3987 2898 4041 hac
2923 3986 3057 4041 varii
3086 3985 3318 4055 lapidum
3348 3986 3547 4041 micant
3596 4034 3603 4041 .

1981 4085 2224 4140 vibrante
2257 4083 2371 4136 luce
2400 4080 2661 4149 fulgores.
2697 4079 2770 4133 lta
2818 4088 2957 4134 terra
3001 4080 3115 4133 haec
3141 4079 3365 4147 singulis
3395 4078 3553 4132 terris

1982 4176 2153 4244 major
2192 4174 2256 4228 ad
2287 4173 2513 4242 singula,
2543 4186 2730 4226 omnes
2773 4170 2929 4240 longe
2962 4171 3213 4239 praecedit
3246 4170 3400 4225 bonis
3437 4184 3553 4223 om-

1980 4269 2163 4323 nibus.

2054 4358 2141 4412 Η.
2176 4356 2338 4412 Recte
2385 4370 2515 4425 ergo
2544 4354 2856 4423 tu,verenda
2904 4353 3314 4417 tellus,Sanetis
3366 4361 3459 4407 aut
3502 4354 3555 4406 in

304 4415 460 4501 'i‘uuc
490 4448 543 4499 in
577 4446 741 4499 Deum
773 4460 926 4499 suum
967 4444 1086 4498 lteta
1138 4459 1288 4497 mens
1321 4443 1637 4513 quibusdam
1683 4440 1881 4496 silentii
1910 4415 1959 4477 θ
1987 4457 2037 4504 ιε
2060 4448 2270 4518 positis,
2314 4458 2409 4502 αυι
2448 4415 2563 4500 non
2594 4415 2783 4515 procul
2814 4458 2843 4498 a
2875 4450 2926 4497 te
2948 4415 3194 4507 remotis,
3227 4451 3317 4495 aut
3346 4443 3557 4495 habita-

300 4536 543 4592 stimulis
564 4539 848 4602 excitatur,
878 4538 889 4555 ⁷
907 4545 1032 4590 tunc
1084 4533 1442 4591 iueffabilibns
1482 4540 1759 4603 vegetatur
1787 4548 1885 4587 ex-

304 4630 574 4685 cessibus.
602 4628 792 4683 Nullus
814 4629 1200 4695 interstrepens
1228 4626 1341 4681 illic
1372 4640 1535 4680 sonus
1556 4669 1570 4692 ,
1600 4626 1745 4678 nulla
1778 4625 1883 4679 nisi

305 4722 451 4777 forte
471 4736 594 4775 cum
621 4719 733 4775 Deo
759 4735 859 4773 vox
901 4726 1006 4775 est.
1040 4717 1203 4774 Solus
1234 4718 1322 4772 ille
1366 4716 1651 4771 admodum
1697 4716 1883 4771 suavis

305 4816 518 4867 sonitus
548 4811 819 4865 silentiam
851 4818 1075 4864 secreta:
1104 4809 1350 4863 stationis
1372 4809 1681 4871 intervenit,
1712 4808 1880 4861 inter-

309 4906 581 4975 pellatque
629 4903 777 4958 illum
830 4902 1052 4972 placida:
1113 4902 1307 4970 quietis
1361 4910 1557 4955 statum
1625 4901 1883 4970 Strepitus

310 5000 491 5068 quiete
532 4998 771 5061 dulcior,
813 5004 868 5051 et
893 5006 1108 5051 sanctus
1151 4994 1558 5049 modestissimae
1594 5008 1887 5048 conversa-

312 5088 472 5144 tionis
518 5087 798 5143 tumultus.
854 5087 1001 5142 Tunc
1040 5085 1255 5157 hymnis
1299 5099 1462 5138 suave
1506 5085 1886 5140 resonantibus

311 5182 523 5236 excelsa
553 5179 667 5250 ipsa
691 5179 956 5233 ferventes
983 5178 1132 5232 chori
1166 5175 1396 5246 pulsant,
1422 5184 1585 5244 atque
1617 5174 1668 5229 in
1690 5177 1883 5230 caelum

312 5286 419 5325 non
467 5271 647 5327 minus
686 5284 825 5340 pene
862 5269 1084 5325 vocibus
1124 5283 1281 5339 quam
1322 5267 1653 5322 orationibus
1696 5282 1886 5337 perve-

282 5358 287 5361 ’
314 5362 481 5419 nitur.

387 5452 475 5512 58.
523 5452 729 5511 Fremit
766 5453 957 5509 frustra
1005 5462 1131 5508 tunc
1177 5452 1605 5507 circumveniens
1634 5452 1890 5507 adversa.

318 5546 446 5611 rius,
478 5557 746 5617 tamquam
775 5545 912 5599 intra
944 5544 1124 5599 caulas
1167 5546 1353 5599 ovibus
1395 5546 1558 5615 septis
1590 5547 1765 5615 lupus.
1794 5547 1888 5599 ln-

324 5638 441 5693 visit
490 5654 620 5694 sane
676 5638 911 5709 Spatio-a
971 5638 1168 5694 deserti
1222 5639 1514 5693 lauantium
1571 5640 1881 5708 angelorum

1986 4542 2109 4597 bilis
2149 4541 2368 4605 dudum,
2414 4548 2504 4594 aut
2544 4536 2914 4593 desiderabilis
2951 4534 3202 4590 exstitisti
3238 4551 3252 4589 :
3283 4535 3404 4605 quia
3460 4549 3557 4603 pro

1986 4634 2253 4689 universis
2282 4632 2440 4687 benis
2468 4631 2605 4685 illius
2636 4645 2694 4684 es
2723 4627 2911 4681 fertilis
2943 4627 2993 4680 in
3023 4640 3125 4696 qua
3153 4625 3418 4679 habentur
3445 4625 3557 4677 uni-

1985 4740 2159 4779 versa.
2190 4722 2270 4777 Tu
2300 4722 2562 4777 cul'orem
2593 4720 2757 4783 hunc,
2801 4718 2891 4788 qui
2925 4731 3074 4770 suam
3105 4725 3302 4769 terram
3335 4731 3438 4769 non
3466 4716 3555 4784 qui

1989 4826 2133 4871 tuam
2192 4814 2426 4879 excolat,
2479 4811 2730 4881 requiris.
2762 4809 2838 4864 Tu
2870 4808 3281 4862 inhabitantium
3332 4816 3384 4861 te
3417 4807 3561 4859 vitiis

1990 4906 2228 4971 sterilis,
2282 4914 2335 4958 tu
2377 4903 2597 4958 fecunda
2654 4900 2961 4956 virtutibus.
3022 4898 3187 4952 Tuam
3241 4898 3559 4967 quicumque

1991 5005 2299 5051 sanctorum
2346 4993 2761 5048 familiaritatem
2804 4988 3069 5060 quaesivit,
3117 4987 3283 5042 Deum
3330 4985 3557 5054 reperit:

1990 5088 2265 5143 Christum
2296 5086 2347 5139 in
2379 5094 2449 5148 te,
2482 5084 2724 5153 quisquis
2747 5091 2796 5136 te
2825 5082 3014 5149 coluit,
3061 5077 3282 5132 invenit.
3325 5076 3441 5146 Ipse
3471 5078 3560 5145 qui

1992 5177 2218 5240 habitat,
2254 5177 2480 5232 Domino
2528 5176 2827 5229 habitatore
2858 5174 3088 5226 laetatur.
3121 5169 3264 5224 ldem
3298 5169 3411 5237 ipse
3455 5177 3558 5233 est,

1994 5280 2049 5326 et
2076 5284 2354 5340 possessor
2397 5278 2538 5327 tuus.
2575 5273 2631 5321 et
2659 5264 2837 5319 divina
2892 5262 3181 5330 possessio.
3240 5260 3412 5314 Tuum
3469 5262 3560 5329 qui

1995 5378 2102 5417 non
2135 5360 2325 5430 refugit
2360 5357 2748 5422 habitaculum,
2780 5357 2948 5409 factus
2996 5364 3079 5407 eat
3126 5352 3239 5421 ipse
3280 5349 3373 5404 Dei
3430 5362 3561 5403 tem-

1996 5456 2163 5527 plum.

2066 5548 2155 5601 ΑΞ.
2189 5543 2449 5615 Equidem
2473 5540 2682 5596 cunctis
2705 5538 2870 5595 eremi
2899 5535 3034 5593 locis
3061 5550 3179 5606 qua:
3203 5534 3411 5605 piorum
3441 5533 3560 5588 illu-

1996 5642 2261 5696 minantur
2292 5650 2535 5706 secessu,
2582 5633 2937 5690 reverentiam
2970 5628 3162 5693 debeo,
3194 5624 3464 5698 praecipuo
3489 5634 3575 5679 ta-
