3932 6170
447 138 542 191 7H

1435 130 1494 187 S.
1538 127 1862 186 EUCIIERII
1904 126 2206 184 EPISCOPI
2245 126 2730 185 LUCDUNENSIS
3575 129 3665 186 71³2.

448 272 567 313 men
607 251 844 310 Lirinum
892 250 1078 324 [Vulg].
1121 246 1393 319 Lerinatn]
1426 262 1600 301 meam
1635 247 1845 302 honore
1870 261 2020 302 como
2048 256 2098 313 Α
2128 266 2248 304 cum
2302 258 2694 316 tantum,qnem
2715 245 2888 301 solum
2914 244 3284 299 desiderantes
3297 245 3664 312 concupiscunt.

448 349 707 417 plectens,
732 358 850 413 quae
887 340 1168 411 procellosi
1220 338 1514 407 naufragiis
1567 338 1754 391 mundi
1792 336 2025 401 ell'usos,

450 437 706 505 piissimis
761 434 900 490 ulnis
946 439 1185 500 receptat
1219 430 1500 483 venientes
1534 446 1546 481 :
1599 429 1667 481 ah
1708 427 1805 481 illo
1844 427 2027 481 sa'culi

451 530 735 599 ﬂagrantes
766 534 923 587 testu,
953 523 1147 577 blande
1174 522 1468 576 introducit
1506 520 1610 575 sub
1634 520 1851 574 umbras
1881 534 2029 583 suas,

453 631 507 675 ut
556 622 661 674 illic
705 618 951 686 spiritum
1000 616 1101 669 sub
1150 615 1239 668 illa
1282 614 1543 669 interiore
1586 614 1793 668 Domini
1844 614 2031 666 umbra

452 712 631 766 anheli
660 718 954 763 resumant.
986 709 1153 776 Aquis
1184 716 1419 773 scatens,
1474 707 1659 761 herbis
1685 707 1891 770 virens,
1912 704 2034 759 viti-

454 804 553 856 lius
579 802 839 865 renitens,
885 800 1087 854 visibus
1118 798 1480 865 odoribusquc
1512 796 1769 865 jucunda,
1823 794 2033 864 paradi-

454 911 570 946 sum
604 891 1008 962 possidentibus
1039 906 1098 943 se
1126 889 1367 943 exhibet.
1392 889 1554 956 Digna
1579 903 1697 959 quae
1721 885 2036 943 cwlestibus

455 984 754 1052 disciplinis
784 984 1057 1036 Ilonorato
1085 990 1304 1034 auctore
1338 979 1555 1033 fundata
1589 981 1680 1043 sit,
1725 995 1844 1046 qua:
1876 978 2037 1031 tantis

457 1079 719 1133 institutis
740 1088 945 1131 tantum
972 1083 1127 1129 nacta
1155 1074 1224 1127 sit
1248 1074 1482 1135 Patrem,
1509 1071 1787 1140 apostolici
1818 1071 2038 1139 spiritus

459 1182 643 1237 vigore
667 1177 722 1221 et
754 1167 932 1219 vultus
963 1166 1167 1218 honore
1206 1164 1524 1217 radiantem.
1559 1163 1723 1231 Digna
1742 1178 1859 1231 qum
1890 1162 2038 1214 illum

460 1261 780 1328 suscipiens,
814 1259 888 1311 ita
917 1258 1192 1311 emitteret
1220 1254 1394 1327 [Ρονι.
1418 1255 1535 1308 cod.
1567 1253 1847 1324 eniteret]:
1881 1254 2038 1323 digna

461 1369 579 1422 qu:e
624 1351 1102 1420 prmstantissimos
1140 1350 1248 1403 alat
1296 1348 1607 1413 monachos,
1636 1358 1692 1402 et
1728 1348 2041 1401 ambiendos

464 1442 701 1511 proferat
727 1440 1058 1495 sacerdotes.
1093 1440 1218 1493 Ilmc
1242 1454 1383 1492 nunc
1408 1453 1783 1494 successorem
1816 1437 1930 1507 ejus
1961 1446 2042 1491 te-

465 1540 594 1599 net,
637 1533 921 1585 Maximum
955 1532 1203 1594 nomine;
1236 1530 1474 1594 clarum,
1529 1530 1649 1599 quia
1692 1540 1811 1598 post
1866 1530 2039 1597 ipsum

2133 341 2265 395 Dum
2292 338 2501 394 beatam
2530 346 2778 402 quaerunt
2798 335 2986 397 vitam,
3020 333 3227 389 beatam
3252 345 3437 403 agunt;
3466 350 3667 404 eamque

2131 441 2186 485 ct
2213 431 2338 485 dum
2370 430 2547 483 adhuc
2577 428 2841 493 ambiunt,
2888 426 2999 495 jam
3053 438 3471 495 consequuntur.
3514 427 3671 495 Itaque

2132 531 2323 592 cptant
2346 537 2374 574 a
2408 520 2780 591 peccatoribus
2805 516 3233 588 segregariijam
3260 522 3509 587 segregati
3541 529 3671 574 sunt.

2132 617 2345 671 Castam
2368 612 2651 686 possidere
2678 614 2844 665 vitam
2874 610 3104 663 volunt?
3128 609 3424 679 possident.
3454 611 3606 663 Omne
3628 610 3671 663 in

2138 709 2232 765 Dei
2266 706 2511 761 laudibus
2541 715 2757 774 tempus
2778 704 2976 759 habere
2998 703 3278 757 ambiunt?
3307 703 3515 757 habent.
3549 703 3676 758 Desi-

2136 800 2325 854 derant
2353 798 2586 868 gaudere
2615 806 2927 851 sanctorum
2957 792 3228 850 cmtihus?
3275 794 3518 862 gaudent.
3544 794 3677 847 Chri-

2137 903 2221 946 sto
2251 895 2351 945 trni
2382 890 2638 959 cupiunt?
2663 886 2880 943 Christo
2911 888 3181 942 fruuntur.
3212 885 3380 939 Vitam
3404 886 3556 939 eri-nti
3584 886 3677 938 adi-

2138 982 2272 1053 pisci
2297 981 2567 1051 gestiunt?
2590 980 2755 1035 corde
2786 978 3187 1047 adipiscuntur.
3240 975 3315 1029 Ita
3350 992 3440 1045 per
3477 975 3680 1045 largissi-

2140 1089 2280 1130 tnam
2323 1073 2554 1142 gratiam
2583 1069 2803 1132 Clll'iali,
2849 1070 3013 1123 multa
3042 1085 3107 1123 ex
3139 1067 3225 1122 his
3251 1084 3371 1138 qua:
3399 1071 3448 1120 in
3480 1071 3677 1121 futurum

2139 1176 2418 1237 exoptant,
2465 1164 2515 1217 in
2566 1162 2978 1231 praesentiarum
3037 1170 3334 1214 merentur.
3382 1159 3505 1212 Rem
3543 1173 3681 1227 porro

2135 1260 2245 1328 jam
2277 1256 2517 1324 capiunt,
2542 1254 2671 1308 dum
2701 1268 2852 1321 spem
2883 1260 3206 1319 sequuntur.
3232 1250 3438 1303 ﬂubcnt
3465 1265 3558 1302 non
3582 1263 3682 1316 par-

2142 1368 2292 1418 vum,
2324 1349 2486 1404 etiam
2516 1348 2699 1401 labore
2738 1345 2857 1413 ipso
2891 1344 3158 1413 premium
3180 1340 3397 1406 laboris,
3427 1341 3541 1409 quia
3566 1354 3682 1409 pene

2140 1444 2252 1513 jam
2286 1444 2339 1495 in
2371 1455 2536 1509 opere
2555 1446 2663 1503 est,
2686 1436 2826 1507 quod
2856 1449 3065 1489 merces
3088 1434 3210 1487 erit.

2213 1534 2305 1587 44.
2336 1532 2539 1586 IIorum
2573 1538 2651 1593 tu,
2683 1528 2755 1582 mi
2797 1526 2965 1582 IIiIari
3007 1524 3348 1586 charissime,
3377 1520 3597 1576 redditus
3619 1519 3681 1573 in-

469 1624 664 1676 meruit
687 1622 903 1675 adsciri.
940 1622 1062 1673 Hzec
1100 1620 1379 1674 reverendi
1428 1620 1664 1673 nominis
1695 1623 1925 1687 Lupum,
1952 1620 2040 1692 qui
2074 1625 2119 1683 Β
2147 1635 2431 1694 sertusque
2461 1621 2758 1685 consertio,
2783 1618 3073 1690 plurimum
3096 1616 3218 1681 tibi,
3246 1614 3522 1685 plurimum
3546 1613 3681 1667 etiam

465 1715 624 1768 nobis
654 1714 798 1766 illum
835 1729 899 1767 ex
931 1714 1074 1766 tribu
1119 1712 1395 1780 Benjamin
1436 1713 1618 1777 lupum
1668 1711 1869 1765 retulit.
1915 1710 2041 1764 Haec

465 1807 653 1861 habuit
679 1821 995 1876 germanum
1018 1804 1137 1872 ejus
1158 1803 1519 1868 Vincentium,
1542 1804 1754 1857 interno
1775 1816 2040 1871 gemmam

461 1896 752 1965 splendore
801 1894 1162 1963 perspicuam.
1215 1894 1339 1947 Haec
1390 1893 1629 1961 possidet
1675 1891 2041 1945 venerabilem

463 1990 726 2057 gravitate
756 1985 1099 2054 Capi-asiam,
1129 1985 1403 2039 veteribus
1433 1985 1635 2038 Sanctis
1678 1998 1881 2053 parem.
1917 1983 2043 2037 Ilaec

467 2093 608 2131 nunc
651 2078 812 2131 habet
849 2086 1066 2130 sanctos
1097 2090 1256 2131 senes
1291 2076 1431 2141 illos,
1485 2082 1573 2143 qui
1620 2075 1809 2129 divisis
1835 2074 2045 2130 cellulis

468 2170 746 2239 [Egyptios
776 2168 964 2222 Patres
995 2168 1165 2222 Gallis
1194 2170 1394 2221 nostris
1425 2167 1745 2221 intulerunt.

535 2261 629 2316 45.
662 2260 808 2327 Quos
847 2275 946 2329 ego
986 2259 1113 2323 illic,
1150 2258 1280 2313 Jesu
1314 2259 1474 2323 bone,
1506 2272 1816 2313 sanctorum
1839 2268 2045 2323 coetus,

468 2360 878 2420 Conventusque
899 2351 1004 2403 vidi
1030 2352 1044 2405 ι
1094 2350 1334 2405 Pretiosa
1369 2351 1421 2404 in
1450 2351 1531 2405 his
1562 2352 1711 2409 suavi
1744 2350 2046 2419 unguedine

468 2443 797 2496 alabastrum
830 2440 1141 2510 l'ragrabant
1169 2457 1182 2493 :
1228 2440 1473 2509 spirabat
1503 2442 1701 2509 passim
1738 2440 1873 2495 odor
1901 2441 2044 2497 vitae.

470 2533 750 2588 lnterioris
782 2532 1013 2585 hominis
1043 2531 1261 2596 faciem,
1294 2532 1579 2586 exterioris
1618 2530 1801 2586 habitu
1845 2530 2045 2601 praefe-

470 2624 694 2678 rebant:
725 2622 1005 2677 conStricti
1025 2622 1314 2691 charitate,
1348 2622 1649 2677 humilitate
1666 2622 1882 2692 dejecti,
1912 2623 2049 2677 mol-

470 2715 659 2769 lissimi
703 2714 927 2783 pietate,
981 2713 1276 2767 ﬁrmissimi
1303 2713 1354 2767 in
1385 2728 1503 2782 spe,
1535 2714 1751 2768 incessu
1792 2713 2047 2779 modesti,

468 2807 772 2862 obedientia
798 2807 915 2873 citi,
944 2820 1176 2862 occursu
1207 2805 1377 2871 taciti,
1410 2806 1559 2861 vultu
1585 2807 1793 2872 sereni;
1827 2821 2049 2877 prorsus

469 2899 580 2966 ipsa
606 2900 848 2968 protinus
877 2898 1333 2967 contemplatione
1354 2898 1610 2968 angelica:
1632 2900 1834 2969 quietis
1854 2914 2046 2971 agmen

2147 1720 2254 1774 illis
2281 1715 2585 1781 contulisti,
2621 1715 2715 1783 qui
2741 1728 2880 1768 nunc
2912 1727 3006 1780 pro
3028 1711 3205 1767 reditu
3230 1720 3321 1763 tuo
3360 1707 3513 1761 alacri
3534 1704 3683 1760 exsul-

2147 1809 2347 1862 tatione
2391 1809 2661 1861 Iactantur.
2721 1805 2858 1859 Cum
2912 1803 3022 1875 his,
3073 1802 3335 1864 obsecro,
3385 1808 3681 1869 peccatorum

2147 1915 2416 1963 nieorum,
2449 1896 2965 1965 intercessionisque
2998 1894 3316 1949 memoriam
3359 1907 3423 1947 ne
3447 1891 3684 1944 oblittera-

2147 1992 2321 2056 veris;
2353 2004 2475 2045 cum
2504 1988 2608 2050 his,
2635 1987 2874 2056 inquam,
2900 1984 3101 2053 quibus
3150 1982 3333 2038 nescio
3360 1998 3425 2036 an
3450 1981 3553 2050 ipse
3578 1994 3682 2049 gau-

2147 2084 2222 2141 dii
2251 2085 2373 2153 plus
2401 2082 2667 2148 attuleris,
2707 2098 2776 2135 an
2807 2080 2981 2147 majus
3028 2077 3327 2133 inveneris.
3355 2076 3436 2130 Tu
3463 2088 3587 2129 nunc
3609 2088 3682 2126 ve-

2148 2177 2263 2231 rior
2288 2174 2474 2237 Israel,
2503 2174 2593 2242 qui
2624 2172 2787 2227 corde
2812 2170 2979 2225 Deum
3010 2163 3684 2239 conspicaris,ab£gyptiis

2150 2266 2335 2321 saeculi
2366 2263 2604 2321 tenebris
2633 2263 2836 2317 dudum
2879 2259 3194 2330 expeditus,
3232 2254 3523 2313 salutiferas
3547 2266 3685 2323 aquas

2149 2355 2439 2409 submerso
2461 2354 2617 2407 hoste
2642 2364 3034 2422 transgressus,
3082 2350 3140 2405 in
3187 2349 3401 2404 deserto
3434 2358 3681 2399 accensum

2152 2448 2276 2502 lidei
2326 2448 2503 2516 ignem
2533 2454 2790 2513 secutus,
2822 2457 3002 2498 amara
3045 2442 3345 2511 quondam,
3390 2454 3480 2510 per
3518 2437 3685 2505 lignum

2150 2538 2330 2595 crucis
2384 2537 2560 2592 dulcia
2603 2551 2731 2590 nunt
2792 2534 3105 2604 experiris:
3165 2532 3415 2589 salientes
3460 2529 3509 2583 in
3552 2528 3684 2581 vitam

2151 2638 2409 2686 aeternam
2437 2641 2605 2698 aquas
2627 2642 2655 2680 a
2682 2626 2904 2680 Christo
2931 2624 3127 2691 trahis,
3161 2625 3425 2678 internum
3454 2618 3685 2674 hominem

2153 2734 2391 2791 superno
2420 2732 2558 2788 pane
2588 2717 2802 2787 pascis;
2847 2714 2900 2770 in
2932 2714 3233 2783 Evangelia
3274 2710 3446 2767 throni
3473 2710 3542 2765 tui
3576 2705 3686 2761 divi—

2152 2829 2277 2868 nam
2301 2811 2505 2882 accipis
2523 2824 2711 2866 vocem
2734 2808 2950 2880 (Matth.
2974 2822 3089 2875 xix,
3121 2806 3244 2879 28).
3272 2805 3372 2873 Qui
3399 2819 3509 2860 cum
3550 2797 3686 2855 Israel

2153 2905 2208 2960 in
2238 2916 2424 2959 eremo
2451 2900 2826 2966 commoraris,
2853 2913 2976 2952 cum
3020 2896 3153 2952 Jesu
3201 2906 3398 2951 terram
3439 2888 3686 2961 repromis-

468 2990 777 3045 ostendunt.
809 2989 948 3043 Nihil
972 2990 1385 3060 concupiscunt,
1419 2991 1552 3046 nihil
1598 2991 1908 3049 desiderant
1939 2993 2044 3049 nisi
2070 2988 2118 3051 C
2150 2996 2321 3053 sionis
2351 2992 2605 3051 intrabis.
2636 2992 2768 3047 Vale
2791 2991 2843 3046 in
2874 2990 3093 3045 Christo
3114 2988 3247 3046 Jesu
3270 2986 3489 3044 Domino
3515 2988 3687 3037 nostro.

1293 3181 1956 3297 SANGTI
2029 3182 2911 3299 EUGEEBII

1628 3373 2174 3438 LUGDUNENSIS
2213 3371 2569 3438 EPISCOPI

915 3528 1879 3681 EPISTULA
1970 3533 2363 3680 PAR
2383 3524 3291 3678 XENETICA

1209 3767 1369 3850 AD
1440 3767 2227 3856 VALERIANUM
2300 3766 2975 3853 COGNATUM

474 3944 621 4015 DE
696 3940 1372 4014 CONTEMPTU
1444 3943 1802 4018 MUNDI
1879 3947 2029 4017 ET

2147 3939 2711 4017 iJECULABIS
2782 3938 3570 4016 PHl-LOSOPHUE.

539 4181 685 4237 Bene
737 4180 1027 4251 alligantur
1081 4178 1293 4234 vinculo
1342 4180 1637 4251 sanguinis,
1686 4181 1779 4252 qui
1829 4180 2045 4236 vinculo

466 4270 844 4326 consociantur
874 4270 1094 4325 amoris.
1124 4270 1214 4326 Sic
1238 4278 1293 4324 et
1322 4269 1476 4325 nobis
1498 4285 1709 4341 quoque
1756 4270 2043 4326 admodum

469 4362 712 4432 gloriari,
761 4376 859 4433 pro
906 4360 1009 4418 hoc
1060 4362 1178 4431 ipso
1207 4360 1302 4417 Dei
1339 4377 1563 4419 munere
1591 4363 1738 4429 licet,
1766 4378 1902 4434 quos
1923 4378 2044 4433 per-

469 4452 593 4508 inde
621 4452 854 4508 charitas
876 4460 932 4507 ut
962 4452 1334 4524 propinquitas
1364 4453 1553 4523 nectit,
1584 4463 1967 4525 coarctantque
1991 4455 2043 4510 in

471 4560 631 4598 unum
654 4543 904 4598 allectum
943 4543 1061 4598 dua:
1085 4544 1532 4611 necessitudines,
1562 4560 1785 4617 quarum
1818 4547 2043 4601 alteram

2526 3097 3661 3126 ,_________________...__

2152 4179 2385 4236 tutioncs
2436 4180 2634 4237 docent
2686 4181 2998 4252 praevenisti
3056 4183 3109 4238 in
3162 4181 3411 4254 plurimis
3444 4186 3691 4250 prmcoq“

2155 4286 2362 4326 morum
2392 4270 2665 4337 felicitate,
2699 4281 2755 4327 ut
2779 4271 2909 4327 mihi
2930 4272 3165 4329 videaris
3190 4273 3433 4344 quadam
3455 4264 3694 4337 religionis

2153 4359 2329 4415 ofﬁcia
2358 4362 2507 4431 quasi
2539 4377 2636 4432 per
2676 4361 2951 4432 providam
2979 4377 3278 4434 occupasse
3310 4371 3561 4421 naturam.
3607 4354 3694 4408 ου’

2153 4452 2282 4506 mini
2308 4466 2370 4507 ac
2392 4451 2485 4507 Dei
2516 4452 2683 4507 nostri
2720 4454 2830 4521 jam
2881 4454 2935 4509 in
2981 4454 3083 4510 hoc
3112 4469 3241 4525 erga
3277 4461 3329 4510 te
3370 4445 3690 4518 indulgentia:

2155 4543 2310 4613 cujus
2328 4546 2498 4614 gratia
2529 4555 2613 4601 est
2639 4546 2782 4615 quod
2816 4547 2993 4601 divina
3020 4547 3071 4601 in
3099 4556 3153 4602 te
3182 4547 3423 4603 doctrina
3463 4546 3588 4599 bona
3610 4548 3689 4593 sua

468 4651 496 4687 a
528 4635 834 4703 parentibus
863 4635 1042 4688 carnis
1065 4642 1265 4688 nostra:
1287 4608 1613 4704 accepimus,
1639 4636 1866 4692 alteram
1899 4653 1927 4691 a
1951 4652 2048 4692 no—
2076 4608 2126 4667 D
2155 4608 2250 4703 pro
2281 4608 2431 4703 parte
2454 4608 2692 4691 invenire
2713 4647 2908 4704 potest,
2941 4652 3037 4706 pro
3066 4649 3221 4707 parte
3238 4636 3499 4693 conterre.
3525 4633 3692 4699 Quam-

472 4727 553 4781 bis
578 4727 922 4795 sumpsimus.
953 4724 1235 4781 Geminum
1269 4726 1371 4781 hoc
1419 4728 1709 4797 vinculum,
1741 4743 1849 4799 quo
1896 4728 2050 4801 (con-

472 4815 868 4873 l'tederantibus
896 4830 993 4869 nos
1020 4816 1146 4870 hinc
1168 4831 1390 4884 genere,
1426 4817 1552 4872 hinc
1579 4818 1891 4889 dilectione)
1922 4835 2052 4875 con-

472 4910 760 4974 nectimur,
794 4906 909 4963 haac
941 4922 1026 4962 me
1063 4908 1222 4976 paulo
1253 4907 1411 4963 latius
1461 4909 1535 4965 ad
1576 4921 1626 4966 te
1652 4926 1879 4967 exarare
1899 4926 2049 4969 com-

473 5000 625 5069 pulit,
678 5007 737 5053 ιιι
777 4998 1211 5055 commendarem
1244 5000 1424 5055 animo
1464 5015 1556 5056 tuo
1603 5017 1819 5058 causam
1856 5005 2050 5059 anima:

474 5102 596 5161 tuae,
629 5106 920 5161 veramque
962 5090 1109 5144 illam
1156 5090 1574 5159 beatitudinem,
1626 5102 1679 5149 et
1726 5104 2047 5167 aeternaruni

474 5200 657 5239 rerum
697 5198 971 5253 capacem,
1019 5197 1153 5252 opus
1198 5193 1398 5239 nostra:
1438 5185 1787 5253 professionis
1833 5201 2047 5242 assere-

476 5288 611 5328 rem.
640 5273 771 5328 Nam
795 5287 918 5330 cum
962 5280 1013 5329 te
1043 5287 1196 5343 atque
1222 5289 1286 5328 ac
1316 5291 1401 5330 me
1428 5276 1668 5344 diligam,
1721 5293 1945 5334 necesse
1970 5288 2053 5332 est

477 5376 533 5419 ut
558 5382 827 5422 summum
851 5369 1050 5422 bonum
1068 5368 1278 5437 assequi
1307 5377 1379 5430 te,
1402 5378 1668 5438 tamquam
1694 5386 1777 5424 me
1797 5371 2048 5438 alterum,

478 5458 705 5523 cupiam.
737 5455 806 5511 Et
833 5458 1049 5529 quidem
1095 5473 1122 5510 a
1164 5459 1496 5527 proiessione
1526 5460 1647 5514 vita:
1690 5474 1910 5530 sanctm,
1966 5465 2053 5531 pio

478 5547 637 5600 etiam
665 5561 770 5602 non
796 5549 1054 5605 abhorrcs
1084 5547 1321 5618 ingenio,
1353 5550 1442 5621 qui
1474 5565 1533 5606 ea
1564 5566 1682 5623 qua:
1708 5566 1880 5607 sacrae
1904 5553 2055 5608 insti-

2152 4726 2231 4780 vis
2261 4734 2440 4781 autem
2468 4726 2521 4780 in
2548 4726 2813 4784 maximos
2836 4729 3023 4783 saeculi
3048 4728 3229 4799 apices
3257 4738 3408 4800 patre
3433 4728 3694 4786 εθεετοιιιιο

2152 4819 2349 4885 elatus,
2381 4819 2681 4876 illustribus
2722 4836 2787 4877 ex
2827 4831 3053 4893 utroque
3094 4822 3261 4877 titulis
3292 4817 3562 4878 ambiaris;
3608 4822 3693 4877 eeo

2154 4922 2334 4968 tamen
2367 4913 2525 4983 l0nge
2555 4914 2853 4984 superioris
2881 4916 2933 4970 in
2962 4924 3016 4971 te
3039 4915 3259 4971 honoris
3296 4908 3496 4981 fastigia
3519 4915 3693 4961 concu-

2154 5004 2338 5073 pisco;
2366 5013 2525 5073 teque
2564 5005 2757 5075 nonad
2785 5014 3145 5074 terrenarum,
3176 5006 3270 5061 sed
3299 5004 3367 5059 ad
3395 4996 3691 5058 ctelestium;

2156 5111 2255 5151 nec
2282 5095 2349 5151 ad
2381 5097 2585 5166 saeculi,
2634 5098 2727 5152 sed
2761 5097 2828 5153 ad
2860 5099 3181 5153 saeculorum
3212 5096 3537 5167 dignitatem,
3561 5096 3690 5139 voco-

2154 5186 2318 5242 Certa
2345 5187 2543 5258 quippe
2569 5198 2621 5243 et
2643 5187 3078 5245 inoblitterabilis
3106 5189 3222 5249 hac
3246 5189 3410 5259 gloria
3437 5192 3534 5250 est,
3560 5183 3694 5234 aster.

2158 5278 2325 5333 nitate
2347 5278 2588 5349 gloriari.
2619 5279 2833 5350 Loquar
2861 5295 2991 5351 ergo
3018 5280 3158 5351 apud
3195 5290 3245 5334 te
3275 5294 3379 5334 non
3408 5267 3691 5344 sapiean

2158 5371 2319 5441 h“luti
2345 5373 2555 5439 saaculi,
2577 5373 2673 5430 sed
2697 5373 2843 5428 illam
2869 5374 3185 5444 sapientiam
3204 5383 3471 5435 arcanam,
3497 5364 3693 5419 abscon-

2158 5464 2349 5530 ditam,
2381 5480 2541 5535 quam
2574 5466 2979 5536 prtedestinavit
3009 5469 3145 5523 Dens
3171 5474 3294 5521 ante
3314 5460 3498 5519 swcula
3528 5458 3574 5510 in
3598 5451 3692 5522 310'

2161 5557 2295 5611 riam
2324 5568 2561 5613 nostram
2594 5557 2639 5628 (ι
2671 5558 2786 5613 Car.
2817 5558 2897 5630 ιι).
2925 5559 3136 5628 Loquar
3164 5570 3332 5615 tecum
3365 5552 3521 5608 multo
3545 5540 3692 5601 studio
