3932 6170
252 263 351 322 713

925 259 1260 316 EPISTOLA
1297 254 1761 312 PARENETICA
1805 255 1898 309 AD
1938 253 2392 312 VALERIANUM
2433 255 2829 312 COGNATUM.

3390 267 3499 319 ’714

254 377 342 441 lui,
376 373 480 428 mei
507 372 796 426 admodum
845 384 1031 438 parum
1078 368 1357 438 providus,
1390 367 1480 435 qui
1520 366 1638 435 plus
1678 366 1730 418 in
1775 374 1827 418 te
1853 373 1904 426 Α
1931 364 2092 418 modo
2121 366 2383 422 interesse
2430 377 2584 436 putet
2613 369 2952 436 beatitudini,
3005 386 3128 426 cum
3179 370 3312 426 desit
3350 371 3514 422 etiam

253 468 372 536 quid
403 467 585 531 velim,
617 479 774 532 quam
806 463 858 516 in
883 477 967 515 me
989 462 1116 529 quid
1146 462 1370 528 possim,
1398 459 1756 513 consideravi.

321 558 557 612 Primum
590 555 817 609 instituti
849 564 1008 622 atque
1038 553 1093 606 in
1124 554 1298 607 lucem
1327 551 1456 606 editi
1487 550 1717 604 hominis
1755 550 1834 602 of-

251 649 429 702 ficium
453 656 564 703 εει,
591 646 661 698 mi
708 643 992 698 Valeriane
1040 641 1380 706 cbarissime,
1431 640 1702 709 proprium
1736 654 1832 694 co-

250 752 510 807 gnoscere
536 746 832 798 auctorem,
863 731 1245 802 cognitumque
1289 730 1603 798 suscipere;
1645 731 1834 783 vitam-

251 846 378 900 que,
410 829 461 883 id
493 836 595 892 est,
628 827 868 880 divinum
920 826 1151 890 donum,
1211 823 1263 877 in
1313 823 1552 878 divinum
1597 821 1833 876 oflicium

250 925 567 991 cultumque
588 921 852 975 conferre.
875 919 940 974 Ut
971 919 1105 988 quod
1129 916 1222 971 Dei
1245 933 1451 970 munere
1480 917 1716 983 sumpsit,
1743 915 1838 967 Dei

252 1016 518 1070 ductione
542 1022 952 1075 consummatur,
984 1022 1144 1078 atque
1173 1010 1224 1062 id
1253 1009 1393 1076 quod
1435 1008 1502 1062 ab
1532 1007 1722 1062 eodem
1757 1007 1837 1060 in-

251 1109 449 1177 dignus
470 1107 632 1174 cepit,
662 1105 836 1158 eidem
859 1103 1130 1172 subjectus
1152 1101 1450 1170 impendat.
1478 1099 1618 1154 Sana
1643 1097 1838 1166 quippe

251 1199 508 1265 Opinione
541 1198 770 1266 agitnur,
805 1203 862 1247 ut
908 1193 1130 1247 eductos
1180 1207 1277 1245 nos
1319 1191 1457 1244 sicut
1485 1191 1554 1243 ab
1583 1189 1722 1257 ipso,
1766 1189 1836 1242 ita

253 1288 358 1356 ipsi
383 1287 730 1340 arbitremur.
765 1283 918 1340 Unde
961 1284 1050 1338 ille
1081 1283 1239 1351 plane
1280 1282 1672 1350 magniﬁceque
1719 1295 1840 1348 per-

253 1380 409 1448 spicit
434 1377 704 1432 Creatoris
735 1376 902 1429 nostri
945 1376 994 1428 in
1043 1373 1347 1443 efﬁngendo
1380 1372 1598 1426 homine
1624 1380 1841 1424 senten-

255 1473 407 1535 tiam,
441 1469 686 1537 quisquis
716 1469 786 1520 ita
816 1467 1086 1534 intelligit,
1118 1465 1260 1534 quod
1293 1478 1389 1518 nos
1419 1474 1471 1518 et
1501 1463 1616 1531 ipse
1641 1472 1695 1517 et
1739 1462 1840 1516 sibi

254 1560 402 1615 fecit.
430 1559 706 1625 Optimum
739 1558 933 1612 deinde
954 1568 1035 1611 est
1065 1571 1245 1609 curant
1277 1554 1624 1624 principalem
1649 1552 1840 1606 animm

256 1652 574 1720 impendere
599 1658 654 1704 ut
679 1665 797 1718 qua:
821 1649 1053 1702 utilitate
1076 1649 1224 1718 prior
1243 1659 1346 1712 est,
1373 1662 1480 1701 non
1506 1646 1572 1700 sit
1595 1646 1839 1701 conside-
1927 1643 1934 1648 ’

1936 456 2135 510 saluti?
2164 456 2418 526 indigens
2447 460 2593 520 vitae.
2627 459 2766 515 unde
2796 460 3070 515 abundare
3119 462 3259 517 felici
3288 473 3395 518 vita
3427 480 3519 532 po-

1935 549 2084 601 test?
2114 550 2220 602 Aut
2248 549 2374 618 quid
2399 550 2639 618 prodest,
2671 553 2714 604 si
2747 552 2966 621 adjiciat
2988 554 3144 619 cibis,
3178 569 3283 609 non
3318 556 3519 612 habens

1935 637 2080 692 unde
2107 640 2497 694 consulendum
2535 652 2619 695 est
2648 642 2874 697 animae?
2915 644 2991 697 De
3029 659 3132 712 qua
3164 655 3221 699 et
3266 646 3521 702 Dominus

1937 737 2122 782 noster
2141 728 2297 784 Jesus
2318 729 2564 785 Christus
2602 733 2707 785 ait:
2733 734 2871 796 Quid
2909 737 3042 787 enim
3074 737 3278 804 prodest
3302 737 3518 803 homini,

1937 823 1982 876 si
2008 825 2257 876 mundum
2282 827 2571 879 universum
2603 827 2846 894 lucretur,
2878 830 3064 885 animae
3088 847 3204 886 vero
3225 849 3332 886 sum
3361 834 3521 888 detri-

1937 923 2160 966 mentum
2183 917 2409 983 patiatur
2433 916 2647 989 (Matth.
2675 919 2812 988 rivi)?
2835 920 3065 975 Proinde
3082 936 3189 976 non
3222 934 3396 992 potest
3416 925 3519 979 ulla

1937 1006 2241 1076 compendii
2270 1023 2430 1062 causa
2474 1012 2793 1079 consistere,
2824 1013 2868 1066 si
2899 1023 3109 1069 constet
3136 1017 3328 1070 animm
3359 1020 3524 1072 inter~

1938 1098 2124 1154 venire
2149 1098 2510 1167 dispendium.
2530 1101 2630 1156 Ubi
2663 1103 2851 1158 salutis
2871 1105 3123 1160 damnum
3149 1119 3252 1174 est,
3287 1109 3395 1164 illic
3422 1111 3524 1164 uti-

1939 1189 2172 1257 quejam
2205 1189 2408 1244 lucrum
2430 1192 2638 1246 nullum
2671 1204 2783 1260 est;
2816 1211 2921 1264 quo
2949 1198 3089 1251 enim
3113 1199 3323 1252 lucrum
3349 1201 3525 1268 capia-

1941 1284 2050 1343 tur,
2084 1279 2184 1332 nisi
2207 1281 2453 1348 capiendi
2481 1283 2640 1337 sedes
2672 1283 2992 1340 inconcussa
3019 1288 3305 1342 servetur?
3349 1291 3528 1357 Atque

1941 1369 2139 1424 idcirco
2160 1371 2227 1424 ad
2256 1373 2388 1426 illud
2418 1375 2620 1427 lucrum
2667 1392 2878 1442 verum,
2908 1378 2974 1431 ad
3007 1379 3138 1432 illud
3162 1391 3408 1435 sanctum
3436 1398 3526 1436 ex-

1941 1463 2342 1533 petendumque
2387 1470 2938 1530 commercium,dum
2983 1483 3195 1543 tempus
3238 1483 3350 1538 est,
3398 1490 3528 1544 pro-

1941 1568 2194 1620 peremus
2225 1553 2370 1624 (Gal.
2405 1557 2500 1624 vi).

2013 1643 2214 1697 Parere
2237 1656 2463 1713 possunt
2488 1641 2940 1705 aeternam'vitam
2969 1655 3123 1721 pauci
3152 1654 3300 1718 dies;
3331 1656 3422 1724 qui
3455 1666 3530 1711 ta-

255 1745 471 1798 ratione
503 1741 788 1808 posterior.
807 1741 1014 1793 Primas
1031 1740 1169 1809 apud
1195 1756 1294 1795 nos
1321 1754 1499 1803 curas,
1527 1753 1646 1807 qua:
1675 1738 1845 1806 prima
1873 1730 1921 1789 B
1949 1747 2070 1786 men
2084 1733 2224 1804 dies,
2250 1736 2461 1791 etiamsi
2483 1738 2704 1793 illmsam
2727 1749 2890 1811 atque
2910 1743 3382 1801 incontaminatam
3409 1748 3532 1804 vitat

258 1831 552 1896 habentur,
582 1831 893 1895 obtineant,
943 1844 1286 1900 summasque
1315 1830 1422 1884 sibi
1469 1829 1845 1884 sollicitudinis

257 1935 440 1994 partes
464 1925 631 1988 salus,
664 1939 784 1992 quae
810 1937 1019 1976 summa
1043 1930 1146 1987 est,
1176 1922 1439 1977 vendicet.
1475 1923 1602 1976 Haec
1633 1935 1730 1975 nos
1755 1935 1847 1974 oc-

256 2022 420 2083 cupet
453 2015 504 2067 in
537 2014 843 2082 praesidium
883 2028 946 2067 ac
973 2013 1194 2066 tutelam
1224 2013 1329 2081 sui,
1383 2013 1492 2082 jam
1535 2028 1641 2066 non
1689 2012 1848 2081 plane

258 2107 457 2176 prima,
480 2107 576 2161 sed
600 2107 734 2160 sola.
765 2105 955 2160 Omnia
989 2106 1170 2162 vincat
1189 2121 1255 2160 eo
1283 2107 1482 2173 studio,
1513 2121 1617 2176 quo
1648 2120 1848 2175 praece-

257 2198 336 2252 dit
363 2199 566 2252 omnia.
621 2197 896 2252 Summam
952 2197 1211 2251 debemus
1253 2197 1650 2252 observantiam
1713 2196 1843 2264 Deo,

259 2291 458 2344 anima:
485 2289 684 2345 deinde
724 2290 1013 2344 maximam
1039 2307 1052 2343 :
1079 2299 1238 2359 atque
1266 2290 1336 2343 ita
1368 2298 1544 2344 tamen
1576 2287 1715 2343 istud
1743 2297 1844 2353 est,

259 2393 316 2436 ut
343 2399 468 2437 cum
500 2393 786 2452 utrumque
817 2383 1139 2452 praecipuum
1167 2381 1256 2443 sit,
1302 2381 1577 2435 observari
1619 2381 1846 2436 alterum

258 2475 378 2529 sine
426 2476 599 2531 altero
625 2487 961 2543 nequaquam
994 2486 1156 2540 posse
1207 2471 1473 2526 videatur.
1502 2471 1578 2525 ita
1607 2470 1850 2540 quisquis

261 2566 378 2620 Deo
408 2564 753 2633 satisfecerit,
778 2566 972 2619 anima:
1001 2578 1224 2618 necesse
1248 2572 1332 2619 est
1353 2563 1463 2632 jam
1485 2563 1847 2630 consuluerit;

260 2670 316 2713 et
345 2672 558 2722 rursus,
591 2657 680 2726 qui
731 2657 924 2710 animm
955 2655 1329 2718 consuluerit,
1362 2669 1586 2710 necesse
1615 2664 1697 2708 est
1743 2656 1852 2710 Deo

262 2751 371 2818 iam
398 2748 746 2802 satisfecerit.
776 2746 865 2801 Sic
890 2745 958 2800 de
979 2761 1190 2799 summo
1220 2746 1360 2814 apud
1392 2760 1487 2799 nos
1517 2755 1743 2816 utroque
1767 2759 1853 2800 res

263 2840 585 2908 transigitur
609 2839 724 2891 utili
749 2847 937 2892 coacta
967 2837 1320 2905 compendio;
1364 2847 1420 2890 ut
1451 2839 1495 2891 si
1542 2837 1662 2906 quis
1688 2853 1852 2892 unum

264 2933 456 2986 sedulo
475 2930 802 2998 impleverit,
821 2936 1108 2996 utrumque
1130 2927 1437 2989 contulerit,
1460 2927 1579 2996 quia
1598 2928 1854 2982 ineli'abili

264 3024 601 3093 benignitate
642 3023 843 3084 divina,
895 3022 1007 3089 ipsa
1040 3021 1242 3074 utilitas
1273 3020 1332 3074 fit
1370 3020 1462 3074 Dei
1504 3021 1850 3076 sacrificium.

1947 1822 2334 1880 beatitudinem
2363 1828 2738 1896 possiderent;
2766 1843 2964 1899 tamen,
2992 1837 3116 1903 quia
3146 1837 3300 1905 pauci
3327 1848 3528 1905 essent,

1951 1929 2117 1982 parvo
2147 1916 2450 1970 testimandi
2481 1927 2655 1974 erant.
2684 1919 2829 1976 Nihil
2857 1923 3000 1977 enim
3031 1933 3114 1979 est
3158 1941 3407 1996 magnum
3448 1944 3528 1996 re,

1949 2007 2092 2074 quod
2125 2023 2349 2075 parvum
2395 2017 2676 2080 tempore;
2708 2028 2807 2068 nec
2829 2014 3002 2085 longis
3030 2015 3284 2073 dilatatur
3300 2021 3528 2087 gaudiis,

1947 2097 2208 2168 quidquid
2239 2109 2388 2157 arcto
2416 2103 2524 2157 fine
2560 2105 2918 2162 concluditur.
2975 2109 3200 2165 Brevem
3248 2112 3531 2168 utilitatem

1949 2191 2136 2246 saeculi
2181 2193 2337 2248 istius
2367 2194 2551 2252 brevia
2591 2196 2792 2254 habent
2843 2202 3147 2257 commoda.
3203 2202 3370 2260 Rec‘te
3405 2221 3533 2275 ergo

1949 2284 2110 2338 etiam
2138 2285 2279 2341 bono
2307 2287 2488 2343 brevis
2531 2291 2655 2346 vitae
2704 2301 2974 2361 perpetuae
3011 2295 3134 2350 vita
3186 2299 3532 2352 commodum

1950 2378 2371 2445 praeponendum
2403 2381 2707 2449 videretur;
2751 2384 2872 2452 quia
2905 2385 2993 2438 illa
3025 2395 3170 2441 esset
3199 2389 3532 2456 temporalis,

1953 2466 2069 2522 haec
2097 2479 2299 2523 aeterna
2329 2470 2560 2526 felicitas
2583 2487 2598 2536 ;
2630 2474 2753 2541 quia
2783 2475 2969 2543 fragile
2997 2487 3141 2530 esset
3168 2476 3417 2532 brevibus
3445 2477 3538 2531 bo-

1947 2557 2035 2612 nis
2088 2561 2321 2628 perfrui,
2368 2569 2538 2615 tutum
2603 2562 2836 2631 gaudere
2885 2567 3179 2635 perpetuis.
3224 2567 3375 2623 Nunc
3413 2586 3542 2624 vero

1951 2658 2153 2704 aeterna
2182 2653 2289 2706 vita
2320 2652 2634 2708 beatissima
2661 2664 2764 2710 est.
2796 2656 2928 2710 Nam
2958 2658 3082 2726 quid
3101 2659 3311 2715 felicius
3338 2672 3540 2717 aeterna

1954 2739 2060 2792 vita
2092 2741 2198 2794 dici
2231 2745 2444 2810 potest?
2475 2744 2600 2798 Hmc
2631 2760 2759 2798 vero
2792 2746 2987 2815 brevis,
3022 2749 3090 2802 ita
3112 2750 3450 2818 brevissima,
3485 2765 3542 2807 ut

1954 2831 2449 2898 arumnosissima;
2481 2850 2599 2902 qua:
2627 2835 2861 2904 undique
2892 2838 3354 2895 circumstantium
3390 2843 3542 2898 dolo-

1954 2933 2074 2972 rum
2097 2929 2321 2989 urgetur
2345 2923 2734 2991 incommodis;
2778 2937 2832 2980 et
2879 2927 3254 2986 deficientibus
3291 2933 3544 3003 fatigatur

1956 3011 2137 3078 malis,
2170 3012 2297 3066 dum
2329 3015 2687 3070 accidentium
2714 3017 2948 3085 jactatur
2977 3021 3206 3090 injuriis.
3236 3023 3371 3089 Quid
3398 3029 3541 3080 enim

267 3116 467 3170 Multus
495 3113 709 3182 corpori
730 3112 1066 3167 curationum
1097 3126 1223 3164 usus
1243 3111 1600 3178 impenditur;
1631 3110 1854 3163 multum
1882 3093 1931 3157 C
1962 3109 2068 3154 tam
2103 3101 2345 3169 infidum,
2389 3111 2496 3157 tam
2541 3107 2769 3173 varium,
2824 3116 2931 3162 tatu
2962 3110 3356 3179 calamitosum,
3385 3131 3544 3182 quam

266 3207 395 3261 huic
423 3221 603 3274 opera:
634 3205 686 3257 in
715 3219 861 3272 spem
889 3202 1112 3257 medela:
1135 3200 1306 3273 [Fort.
1333 3202 1384 3254 in
1409 3202 1639 3270 speciem
1671 3200 1857 3255 mede—

268 3299 361 3371 lae]
388 3295 861 3363 datur.Numquid
897 3294 1215 3348 medicinam
1246 3294 1422 3346 anima
1455 3307 1561 3346 nou
1591 3292 1858 3347 meretur?

270 3390 342 3444 Et
373 3391 415 3442 si
459 3387 606 3440 varia
655 3386 871 3454 corpori
910 3385 1106 3437 auxilia
1147 3382 1327 3437 studio
1377 3383 1589 3437 tuenda:
1617 3381 1860 3436 sanitatis

270 3480 622 3542 adhibentur,
659 3478 736 3531 fas
764 3491 871 3530 non
900 3483 982 3530 est
1011 3485 1191 3528 tamen
1224 3474 1457 3528 animam
1500 3475 1644 3527 velut
1671 3473 1860 3528 exclu-

271 3572 618 3640 samjacere,
650 3578 700 3623 et
731 3568 884 3637 quasi
921 3568 1218 3636 neglectam
1253 3566 1455 3620 morbis
1494 3567 1606 3619 suis
1649 3565 1859 3619 intabe-

273 3677 452 3723 scere,
481 3671 642 3729 atque
669 3674 826 3713 unam
858 3672 888 3711 a
919 3657 1150 3725 propriis
1178 3657 1430 3710 remediis
1459 3657 1726 3722 exsulare,
1765 3656 1864 3708 im-

273 3771 366 3808 mo
394 3768 531 3808 vero
568 3753 718 3822 plura
762 3750 954 3805 anima:
993 3749 1317 3804 conferenda
1355 3756 1500 3813 sunt,
1549 3749 1595 3802 si
1648 3748 1863 3818 corpori

274 3855 419 3900 tanta
453 3853 798 3914 praestantur.

347 3938 504 4000 Nam,
540 3937 587 3990 si
618 3944 762 3991 recte
791 3934 1007 4005 quidam
1046 3948 1262 3988 carnem
1286 3932 1424 3987 hanc
1450 3931 1729 3997 famulam,
1752 3933 1867 3985 ani-

275 4044 421 4082 mam
451 4042 582 4083 vero
608 4026 880 4081 dominam
911 4041 1031 4080 esse
1061 4025 1350 4089 dixerunt;
1383 4039 1487 4077 non
1520 4033 1733 4092 oportet
1773 4039 1868 4093 po-

278 4122 514 4175 steriore
543 4119 666 4172 loco
693 4133 792 4172 nos
820 4118 1098 4171 dominam
1128 4131 1353 4185 ponere,
1385 4130 1448 4169 ac
1486 4114 1736 4169 famulam
1766 4115 1869 4168 ini-

277 4229 390 4282 quo
415 4213 538 4280 jure
568 4210 844 4278 praeferre.
865 4209 1057 4264 Merito
1085 4208 1258 4276 poscit
1283 4207 1457 4261 studia
1500 4208 1701 4275 majora
1743 4221 1868 4276 pars

279 4304 498 4366 melior,
526 4300 651 4368 quia
678 4299 824 4354 omni
855 4298 1010 4352 nobis
1039 4313 1166 4352 cura
1199 4298 1324 4351 illuc
1350 4297 1738 4366 respiciendum
1762 4306 1865 4362 est,

279 4397 376 4450 ubi
398 4393 712 4449 substantiae
735 4402 931 4446 nostrae
954 4392 1316 4445 abundantior
1345 4391 1577 4459 dignitas
1605 4390 1866 4445 constitit.

1962 3193 2085 3248 vitm
2106 3193 2260 3248 istius
2289 3208 2479 3249 cursus
2507 3197 2622 3250 εειῖ
2651 3198 2781 3264 Qua:
2811 3200 2966 3267 plena
3005 3201 3212 3258 laboris
3249 3213 3351 3269 est,
3385 3207 3543 3275 plena

1961 3284 2360 3352 sollicitudinis,
2394 3286 2550 3354 plena
2581 3303 2854 3356 curarum,
2883 3290 3119 3360 ipsorum
3147 3309 3359 3365 quoque
3393 3299 3546 3364 plena

1962 3373 2364 3441 discriminum;
2383 3387 2436 3431 et
2468 3394 2560 3446 per
2580 3381 2843 3449 ancipites
2866 3382 3123 3439 distracta
3146 3401 3324 3453 casus,
3346 3387 3403 3441 ﬁt
3433 3405 3548 3444 cor-

1966 3469 2110 3533 poris
2140 3471 2515 3525 vexationibus
2557 3470 2817 3541 inquieta,
2845 3475 3009 3529 animi
3048 3479 3334 3547 angoribus
3360 3483 3542 3547 anxia,

1966 3558 2329 3625 periculorum
2364 3563 2665 3617 turbinibus
2689 3565 2914 3619 incerta.
2943 3567 3072 3632 Quae
3098 3571 3282 3638 utique
3320 3573 3544 3638 utilitas,

1965 3663 2082 3714 quae
2109 3651 2268 3717 ratio,
2304 3666 2408 3703 non
2439 3653 2615 3720 expeti
2645 3654 2783 3707 bona
2823 3663 3046 3718 mterna.
3078 3659 3230 3727 sequi
3266 3669 3541 3730 tempora-

1966 3738 2054 3803 lia,
2083 3741 2243 3794 etiam
2293 3743 2464 3795 mala?
2509 3744 2697 3799 Nonne
2725 3746 2896 3813 vides,
2934 3755 2990 3800 ut
3037 3748 3198 3803 etiam
3233 3751 3288 3805 in
3317 3752 3417 3807 hac
3445 3757 3550 3811 vita

1966 3832 2192 3901 quisque
2222 3834 2500 3902 providus,
2520 3835 2696 3889 locum
2715 3845 2806 3890 aut
2829 3853 3036 3906 agrum,
3059 3840 3111 3894 in
3135 3857 3242 3910 quo
3270 3843 3466 3899 diutius
3491 3861 3551 3901 se

1967 3933 2423 3978 commoraturum
2458 3935 2628 3995 putat,
2671 3929 2903 3997 copiosis
2929 3930 2985 3984 in
3031 3948 3185 3987 usum
3216 3937 3413 3990 sarciat
3451 3941 3548 3992 im-

1971 4017 2213 4082 pendiis?
2237 4027 2291 4071 et
2319 4017 2406 4071 ubi
2436 4033 2602 4088 parvo
2627 4021 2747 4088 quis
2771 4023 2872 4076 erit
2901 4031 3164 4092 tempore,
3212 4042 3372 4096 parva
3419 4045 3549 4098 pro-

1971 4109 2155 4174 videt;
2183 4111 2270 4166 ubi
2296 4111 2531 4180 majore,
2565 4114 2768 4182 majora
2802 4117 3087 4185 procurat?
3119 4117 3281 4174 Nobis
3312 4137 3548 4190 quoque,

1971 4200 2095 4268 quia
2128 4201 2180 4253 in
2228 4202 2630 4270 praesentiarum
2679 4206 3053 4262 brevissimum
3097 4212 3356 4279 angustiis
3401 4228 3553 4268 coar-

1973 4294 2241 4349 ctantibus
2261 4304 2474 4364 tempus
2493 4305 2596 4362 est,
2622 4297 2674 4350 in
2699 4297 2879 4353 futuro
2902 4300 3101 4355 saecula
3127 4311 3309 4366 erunt,
3334 4319 3550 4372 compe-

1976 4387 2211 4442 tentibus
2236 4388 2405 4456 copiis
2435 4389 2598 4442 vitam
2628 4404 2988 4459 exaugeamus
3020 4400 3301 4463 aeternam,
3323 4409 3548 4464 compe-

280 4491 598 4559 Congruum
615 4503 717 4541 non
741 4495 843 4551 est,
860 4486 912 4539 in
930 4486 1029 4539 hoc
1048 4484 1252 4539 honore
1275 4493 1472 4538 nostrae
1494 4482 1872 4537 sollicitudinis
1899 4461 1953 4521 Ῑ)
1980 4480 2214 4534 tentibus
2236 4480 2564 4536 instruamus
2587 4483 2834 4551 exiguam
2860 4524 2875 4548 ,
2907 4499 2974 4538 ne
2997 4485 3308 4553 provisione
3339 4501 3554 4555 perver-

281 4596 408 4635 eam
441 4594 540 4633 nos
563 4575 828 4644 subjicere
859 4575 1044 4645 pejori.
1083 4574 1221 4628 Caro
1249 4573 1512 4642 siquidem
1542 4572 1795 4639 proclivis
1818 4572 1871 4626 in

281 4669 441 4733 vitia,
462 4668 528 4721 ad
558 4678 753 4721 terram
779 4679 901 4730 nos,
931 4676 1203 4732 tamquam
1227 4665 1278 4717 in
1311 4662 1570 4733 originem
1591 4678 1761 4723 suam,
1788 4677 1875 4716 re-

282 4771 453 4816 vocat
473 4759 633 4823 (Gen.
657 4760 802 4826 vm):
837 4757 952 4811 haec
971 4772 1102 4810 vero
1125 4757 1344 4810 veniens
1361 4770 1394 4808 a
1416 4764 1564 4825 patre
1588 4756 1869 4819 luminum,

281 4855 434 4910 sicut
466 4855 588 4911 ferri
613 4853 823 4922 ignibus
845 4865 960 4904 mos
985 4859 1088 4912 est,
1115 4850 1167 4903 in
1199 4849 1476 4917 superiora
1508 4849 1712 4902 nititur.
1747 4847 1875 4902 Haec

283 4947 346 4999 in
389 4945 536 4999 nobis
568 4945 745 5010 imago
773 4942 889 5005 Dei,
925 4941 1026 4995 hoc
1055 4940 1346 5009 pretiosum
1381 4949 1462 4994 est
1491 4939 1656 4993 divini
1692 4954 1881 4992 mune-

282 5038 376 5091 ris
431 5036 637 5105 pignus.
692 5033 842 5087 lianc
873 5032 1017 5085 omni
1059 5047 1182 5099 ope,
1232 5031 1370 5084 hanc
1407 5030 1632 5082 summis
1674 5028 1881 5084 viribus

285 5139 578 5195 tueamur;
611 5128 752 5182 hanc
779 5125 826 5180 si
857 5125 1115 5194 regimus,
1146 5133 1198 5178 et
1225 5136 1629 5187 conservamus,
1664 5121 1758 5175 Dei
1787 5122 1882 5176 de-

285 5223 531 5290 positum
561 5232 776 5276 tuemur
805 5217 823 5287 (
851 5216 892 5270 ll
943 5215 1079 5270 Tim.
1109 5231 1126 5269 ι
1157 5215 1197 5285 ).
1244 5215 1375 5282 Quis
1404 5214 1736 5279 exstruendi,
1780 5213 1884 5268 nisi

287 5330 425 5369 cum
453 5314 793 5368 fundamenta
821 5309 1038 5379 jeceris,
1083 5308 1233 5361 locus
1275 5307 1400 5361 est?
1439 5305 1885 5375 Supermdificare

288 5413 528 5458 cmteras
548 5404 807 5458 utilitates
833 5399 1126 5454 destinanti
1163 5398 1307 5452 salus
1333 5397 1734 5451 fundamentum
1780 5405 1882 5451 est.

287 5493 565 5550 Cmterum
594 5496 867 5566 quomodo
897 5495 1160 5563 quispiam
1193 5491 1466 5560 sequentia
1499 5491 1680 5556 addat,
1713 5493 1756 5546 si
1787 5505 1890 5546 nec

291 5585 478 5656 prima
504 5586 843 5657 possederit?
876 5585 1028 5640 Unde
1054 5582 1457 5639 succedentium
1485 5583 1768 5652 augebitur
1811 5584 1891 5635 itt-

287 5679 618 5740 crementis,
651 5677 691 5729 si
724 5676 1054 5730 anteriurum
1104 5673 1385 5729 deﬁciatur
1423 5673 1699 5728 exordiis?
1745 5672 1892 5740 Quo-

591 5769 863 5843 Ριτιιοι..
900 5766 968 5828 L.

1976 4583 2058 4635 sa,
2085 4572 2459 4640 impendamus
2487 4573 2634 4627 brevi
2664 4576 2897 4643 tempori
2927 4590 3110 4630 curam
3154 4578 3467 4645 maximam,
3503 4589 3574 4654 et.

1978 4663 2214 4715 maxime
2237 4664 2463 4730 tempori
2499 4677 2682 4718 curam
2713 4664 2954 4721 brevem.

2047 4754 2224 4822 Atque
2250 4752 2390 4806 haud
2417 4756 2528 4808 scio
2549 4755 2614 4809 ad
2648 4755 2785 4808 hanc
2815 4756 3178 4812 beatissimam
3213 4759 3373 4812 vitam
3414 4759 3556 4827 quod

1978 4843 2306 4910 compellere
2335 4859 2432 4898 nos
2454 4843 2602 4899 ocius
2632 4855 2724 4900 aut
2754 4846 3026 4903 efficacius
3049 4847 3275 4914 debeat;
3323 4864 3390 4903 an
3442 4849 3558 4918 ipsa

1984 4933 2176 4989 futurae
2206 4937 2328 4990 vita:
2355 4937 2659 5002 commoda,
2690 4953 2809 5006 qua:
2844 4939 3260 5005 promittuntur;
3312 4956 3380 4994 an
3422 4956 3560 5009 pra:-

1984 5027 2152 5081 sentis
2178 5027 2677 5094 vitaeincommoda,
2711 5043 2832 5098 quae
2879 5027 3152 5083 videntur.
3193 5029 3324 5085 inde
3351 5046 3448 5088 nos
3471 5031 3560 5088 illa

1984 5119 2334 5175 blandissime
2361 5129 2674 5189 provocant,
2697 5121 2824 5176 hinc
2847 5123 2940 5176 ista
2977 5121 3331 5178 vehementer
3380 5133 3563 5177 extur-

1984 5210 2134 5265 bant.
2167 5210 2421 5276 Proinde,
2452 5227 2572 5266 cum
2605 5212 2656 5264 in
2683 5212 2964 5266 meliorem
2998 5222 3204 5281 partem
3234 5212 3396 5266 etiam
3440 5228 3563 5282 pes-

1986 5305 2120 5358 sima
2146 5303 2529 5372 suﬂ‘ragentur,
2561 5304 2606 5358 si
2630 5305 2786 5360 bonis
2829 5320 2936 5359 non
2967 5306 3237 5371 illicimur,
3275 5305 3426 5359 malis
3465 5323 3565 5360 ex-

1989 5395 2292 5448 trudantur.
2328 5395 2405 5448 Ad
2434 5394 2833 5451 incitamentum
2862 5395 3164 5463 meliorum,
3198 5398 3397 5465 optima
3420 5397 3567 5451 dcte-

1991 5486 2225 5540 rioribus
2255 5486 2566 5551 concinunt,
2594 5496 2647 5540 et
2685 5487 2739 5540 in
2769 5487 3012 5540 eamdem
3043 5488 3323 5541 utilitatem
3357 5488 3570 5543 diversa

1995 5586 2343 5633 concurrunt.
2368 5577 2522 5644 Nam,
2548 5577 2674 5632 dum
2703 5579 2804 5632 alia
2830 5591 2927 5631 nos
2957 5578 3202 5644 invitant,
3228 5578 3330 5632 alia
3368 5579 3567 5646 fugant,

1997 5674 2052 5730 in
2080 5670 2276 5726 melius
2305 5681 2527 5742 utraque
2550 5685 2648 5727 nos
2689 5669 3006 5726 sollicitant.
3057 5669 3189 5724 Nam
3211 5672 3257 5726 si
3297 5669 3572 5738 hominum

3011 5763 3089 5825 23
