3932 6170
422 284 521 343 718

1393 274 1451 330 S.
1492 271 1815 331 EUCIlERlI
1858 269 2166 328 EPISCOPI
2203 267 2683 329 LUGDUNENSIS

3576 268 3661 326 ιιι

413 396 678 467 quispiam
702 391 881 449 clarus
907 402 969 445 ac
1013 382 1256 456 locuples
1302 382 1359 438 in
1391 382 1573 438 locum
1620 381 1917 438 liberorum
1948 390 2004 435 te
2029 380 2084 441 Δ
2106 385 2266 449 atque
2294 378 2514 434 humilia
2543 391 2732 449 parum
2761 383 2873 432 tuta
2900 384 3046 431 sunt.
3085 368 3417 434 Obteruntur
3456 377 3663 435 humili-

414 489 763 556 adoptaturus
792 483 1009 546 acciret,
1040 481 1151 534 ires
1192 492 1288 546 per
1326 475 1603 544 oppositas
1637 488 1820 529 rerum
1852 470 1995 527 dil'll-

411 583 658 648 cultates,
682 588 737 634 et
770 592 863 646 per
885 574 1130 644 quamvis
1156 570 1301 639 longi
1330 582 1575 624 recessus
1602 569 1707 621 iter
1748 572 1994 620 vectatus

412 670 767 728 accurreres?
794 668 936 722 Deus
958 661 1325 719 universitatis
1369 672 1667 724 rerumque
1710 656 1990 721 Dominus,

413 768 466 812 te
486 756 542 811 in
560 757 906 825 ad0ptionem
933 764 1087 810 vocat
1105 752 1418 822 (Rom.vm;
1444 752 1563 809 Gal.
1588 767 1661 817 tv;
1693 749 1891 818 Ephes.
1911 747 1975 818 t),

414 850 545 904 illud
576 850 641 915 (si
672 850 831 914 velis)
866 848 965 902 tibi
994 847 1253 903 blandum
1286 846 1382 901 ﬁlii
1416 860 1613 901 nomen
1637 843 1980 912 impartiens.

411 959 520 1011 quo
544 943 710 998 Deum
737 952 1009 1007 nostrum,
1033 942 1256 996 unicum
1277 955 1435 995 suum
1461 950 1764 1007 nuncupat,
1789 944 1843 990 et
1868 948 1977 988 non

405 1046 666 1088 accensos
692 1034 922 1101 raperis,
945 1044 1054 1083 non
1082 1041 1342 1095 properus
1369 1026 1598 1094 urgeris,
1632 1038 1700 1078 ne
1728 1022 1994 1078 conditio-

405 1140 527 1179 nem
560 1133 763 1177 tantam
790 1120 953 1175 celeri
993 1132 1227 1173 occursu
1259 1130 1407 1170 mors
1434 1115 1628 1169 festina
1677 1112 1994 1183 praeripiat?

405 1217 581 1284 Atque
608 1214 675 1267 ad
706 1212 845 1267 hanc
868 1210 1243 1271 obtinendam,
1273 1217 1324 1261 tu
1370 1222 1476 1260 non
1505 1205 1679 1259 invias
1710 1213 1868 1258 terre
1898 1217 1989 1257 so-

404 1307 677 1369 litudines,
731 1318 829 1358 nec
855 1299 1135 1371 longinqui
1176 1299 1340 1352 maris
1383 1296 1591 1351 incerta
1645 1294 1992 1364 penctrabisl

395 1400 533 1454 Cum
561 1398 811 1462 volueris,
850 1396 964 1449 huic
1004 1392 1223 1461 adoptio
1251 1391 1326 1444 tui
1351 1399 1527 1443 tecum
1566 1396 1669 1442 est.
1696 1386 1993 1455 Numquid-

401 1507 523 1545 nam
547 1503 739 1557 segnes
768 1502 830 1541 ac
857 1484 1076 1540 desides
1100 1497 1198 1536 nos
1234 1497 1321 1533 res
1350 1480 1453 1533 ista
1485 1476 1726 1544 habebit,
1762 1478 1989 1544 idcirco,

2098 479 2210 527 tate
2225 471 2505 541 depressa,
2536 478 2729 528 nutant
2751 469 2894 524 celsa
2936 469 3167 538 fastigio.
3204 470 3354 526 Pone
3400 486 3559 539 quem
3584 488 3665 528 vo-

2093 561 2261 616 lueris
2289 571 2514 628 statum,
2546 576 2656 616 non
2685 560 2827 628 apud
2850 558 3033 613 intima
3058 559 3200 623 istic,
3234 575 3339 615 non
3360 563 3502 630 apud
3528 577 3662 616 sum-

2095 667 2182 707 ma
2231 652 2622 722 requiescitur:
2666 638 2893 720 gravem
2935 649 3163 706 turbinis
3199 661 3407 705 sortem
3452 662 3667 722 utraque

2094 745 2333 799 conditio
2388 759 2495 798 non
2533 742 2739 813 ell‘ugit.
2783 741 3039 812 Subjacet
3074 741 3421 798 contumelia
3473 744 3662 811 minor,

2094 833 2265 903 major
2292 834 2524 888 invidias.

2164 923 2294 977 Duae
2324 939 2412 978 res
2442 925 2727 995 pmcipuae
2753 935 2899 991 sunt,
2924 934 2983 981 ut
3007 926 3264 994 arbitror,
3292 944 3416 999 quae
3441 929 3661 987 maxime

2093 1014 2342 1071 homines
2365 1015 2417 1070 in
2447 1019 2675 1087 negotiis
2701 1018 2886 1073 sazculi
2932 1020 3142 1074 vinctos
3175 1028 3381 1089 tenent,
3417 1036 3470 1077 et
3493 1022 3665 1078 eblano

2091 1105 2220 1161 ditis
2257 1105 2507 1162 sensibus
2558 1117 2767 1177 captos,
2823 1108 3145 1166 illecebroso
3174 1126 3360 1167 amore
3406 1115 3664 1168 constrin-

2092 1207 2262 1267 gunt:
2293 1213 2454 1268 opum
2481 1199 2753 1269 voluptas,
2781 1210 2833 1254 et
2859 1200 3123 1256 honorum
3155 1202 3407 1273 dignitas.
3434 1204 3662 1270 Quarum

2093 1289 2263 1357 prior,
2292 1305 2401 1344 non
2430 1290 2697 1359 voluptas,
2738 1290 2835 1347 sed
2874 1305 3127 1362 egestas:
3171 1308 3420 1364 sequens,
3458 1311 3563 1348 non
3590 1295 3664 1350 di-

2092 1382 2287 1450 gnitas,
2333 1383 2428 1437 sed
2472 1384 2680 1439 vanitas
2719 1386 3072 1455 nuncupanda
3116 1398 3220 1440 est.
3262 1387 3386 1441 Haec
3426 1397 3660 1456 utraque,

2090 1472 2317 1528 alternis
2348 1474 2505 1530 nodis
2544 1476 2789 1542 irretitis,
2821 1492 3008 1547 gressu
3049 1477 3291 1545 impedit,
3333 1462 3496 1532 fallax
3528 1493 3665 1534 com-

398 1582 519 1649 quia
539 1590 645 1633 tam
667 1587 905 1646 prompta
928 1590 1084 1643 quam
1104 1571 1495 1640 maxima?quo
1516 1570 1703 1623 durius
1725 1568 1994 1623 conditio-
2093 1565 2246 1632 plexa
2276 1565 2584 1636 collegium.
2615 1566 2741 1621 Haec
2764 1569 3017 1637 pestifere
3052 1569 3361 1638 pectoribus
3394 1568 3659 1637 humanis,

389 1687 519 1725 .ncm
545 1672 682 1725 hanc
702 1665 1131 1722 dissimulatores
1155 1655 1521 1731 experientur.
1537 1660 1710 1714 Tanto
1734 1659 1880 1714 enim
1895 1673 1990 1714 no-

2094 1653 2291 1710 blanda
2316 1656 2601 1713 desideriis
2622 1659 2747 1713 vitia
2770 1659 3062 1727 inspirant;
3082 1660 3505 1731 delatigatasque
3523 1676 3663 1716 meno

382 1741 628 1817 'lentibus
644 1759 1020 1827 perniciosior,
1045 1764 1244 1826 quanto
1264 1752 1656 1809 estvolentibus
1671 1752 1987 1821 promptior.
2020 1739 2069 1802 Β
2098 1756 2180 1813 tes
2228 1751 2555 1816 mortalium,
2594 1750 2737 1805 facili
2783 1752 3121 1822 jucunditate
3156 1752 3471 1808 sollicitant.
3513 1752 3660 1819 Nam,

454 1854 621 1910 Certe
645 1851 911 1921 cupiditas
937 1851 1062 1905 vitae
1100 1861 1181 1903 est
1214 1846 1358 1903 istud
1396 1846 1541 1916 quod
1590 1860 1690 1899 nos
1738 1844 1981 1899 delecta-

394 1946 544 2001 tione
591 1948 667 1999 rei
719 1942 1003 2013 prresentis
1042 1940 1312 1995 innexuit.
1341 1939 1489 2009 Ergo
1517 1946 1761 1993 amantes
1787 1937 1981 2003 vitam,

394 2036 673 2092 hortamur
696 2035 761 2088 ad
787 2034 971 2088 vitam.
1002 2032 1139 2087 Vera
1163 2030 1297 2085 ratio
1322 2041 1404 2085 est
1426 2028 1806 2098 persuadendi,
1856 2043 1980 2082 cum

391 2126 443 2181 id
473 2126 737 2196 poscitur,
771 2134 829 2179 ut
859 2124 1211 2192 impetremus
1238 2136 1268 2175 a
1297 2120 1450 2175 vobis
1473 2120 1615 2189 quod
1640 2119 1983 2189 concupisci-

391 2218 481 2273 lis.
518 2221 619 2273 Pro
648 2218 777 2283 vita,
810 2232 966 2286 quam
998 2216 1240 2284 diligitis,
1267 2214 1538 2284 legatione
1567 2214 1705 2280 apud
1735 2228 1830 2267 vos
1855 2211 1978 2267 fun-

383 2312 563 2379 gimur
595 2308 659 2378 (ll
688 2307 806 2362 Cor.
835 2324 885 2370 v,
914 2307 1017 2372 20;
1057 2304 1197 2373 Eph.
1229 2321 1305 2369 vt,
1356 2304 1484 2375 20);
1531 2313 1587 2360 et
1612 2303 1771 2365 hanc.
1814 2317 1976 2372 quam

387 2416 576 2456 omnes
600 2402 846 2468 exiguam
876 2398 1067 2451 amatis
1098 2397 1456 2461 insinuamus,
1488 2406 1549 2450 ut
1586 2396 1779 2450 ametis
1819 2403 1979 2449 teter—

389 2507 535 2545 nam.
563 2490 732 2557 Quam
758 2505 864 2558 quo
899 2497 1054 2556 pacto
1086 2502 1333 2540 amemus
1364 2487 1569 2549 nescio,
1602 2487 1647 2540 si
1675 2502 1780 2539 non
1812 2486 1972 2553 hanc,

387 2597 547 2653 quam
580 2596 851 2644 amamus,
876 2594 996 2633 esse
1026 2593 1185 2645 quam
1220 2578 1675 2645 speciosissimam
1703 2577 1972 2646 cupimus.

386 2672 568 2743 Itaque
590 2672 754 2733 istud,
784 2669 925 2740 quod
959 2678 1012 2724 et
1040 2683 1162 2722 cum
1193 2677 1409 2721 arctom
1432 2671 1503 2722 sit
1529 2667 1734 2736 placet,
1761 2668 1975 2735 placeat

385 2764 574 2834 magis,
608 2763 653 2818 si
686 2770 860 2831 potest
884 2775 1010 2815 esse
1040 2770 1387 2829 perpetuum;
1433 2769 1489 2814 et
1530 2759 1674 2828 quod
1704 2759 1841 2827 apud
1873 2773 1972 2816 nos

383 2856 614 2927 pretium
646 2856 827 2917 habet,
857 2867 978 2907 cum
1013 2851 1174 2905 tinem
1213 2849 1408 2903 habeat
1430 2889 1444 2913 ,
1479 2848 1552 2903 sit
1607 2848 1763 2903 nobis
1807 2862 1968 2918 supra

376 2950 635 3018 pretium,
664 2949 707 3000 si
740 2954 916 3016 potest
946 2958 1068 2999 esse
1097 2943 1215 2997 sine
1244 2941 1368 2996 ﬁne.
1394 2940 1620 2996 Rectum
1646 2941 1718 2995 sit
1741 2943 1968 3012 proinde

380 3042 642 3094 minorem
684 3038 847 3091 vitam
884 3035 1227 3105 prospexisse
1270 3034 1483 3104 majori,
1526 3041 1589 3088 ut
1633 3034 1700 3088 ad
1732 3036 1963 3089 alteram

380 3134 555 3197 nobis,
603 3130 699 3185 sed
740 3145 835 3198 per
882 3129 1044 3195 hanc,
1079 3128 1335 3181 transitus
1385 3135 1771 3185 construatur:
1804 3141 1963 3196 quam

381 3223 561 3291 utique
592 3236 697 3275 non
716 3220 978 3299 convenit
1006 3218 1172 3273 socia:
1200 3217 1504 3273 commodis
1533 3218 1768 3288 obliquis
1799 3220 1968 3273 inter»

379 3313 564 3387 venire
586 3306 847 3365 consiliis.
874 3308 993 3363 Non
1023 3324 1085 3363 se
1110 3317 1373 3379 opponat,
1401 3318 1461 3364 ut
1482 3310 1646 3377 obsit,
1672 3322 1728 3365 ut
1751 3320 1962 3366 noceat.

379 3405 682 3462 Absurdum
713 3404 910 3474 quippe
939 3410 1101 3472 atque
1137 3399 1475 3456 contrarium
1520 3412 1604 3457 est
1635 3411 1693 3458 ut
1721 3404 1842 3458 vita:
1870 3403 1966 3458 de-

374 3500 690 3553 trimentum
712 3496 904 3553 aderat
925 3510 1077 3549 amor
1098 3495 1242 3549 vitae.
1278 3493 1449 3564 lgitur
1484 3494 1602 3550 sive
1628 3498 1795 3550 vitam
1826 3496 1964 3552 hanc

375 3587 824 3645 contemnendam
856 3597 1033 3657 putas,
1068 3586 1181 3640 sive
1201 3586 1693 3655 complectendam,
1722 3587 1775 3640 in
1816 3594 1965 3642 utro-

299 3668 301 3671 ’
374 3695 479 3751 que
502 3680 673 3736 facilis
698 3678 898 3749 negotii
928 3693 1043 3733 mea
1066 3691 1227 3733 causa
1253 3686 1355 3733 est.
1387 3676 1543 3740 Nam,
1573 3678 1619 3732 si
1659 3679 1960 3748 spernitur,

371 3786 477 3827 una
506 3778 590 3826 est
613 3768 901 3840 spernendi
931 3769 1091 3835 ratio,
1127 3779 1182 3822 ut
1229 3769 1417 3824 melior
1462 3777 1766 3839 appetatur.
1813 3770 1879 3825 Et
1914 3770 1962 3827 si

366 3863 639 3933 diligitur,
666 3872 813 3916 tanto
844 3861 1015 3931 magis
1046 3869 1129 3915 est
1159 3859 1453 3929 diligenda,
1494 3877 1615 3929 qua:
1656 3862 1829 3931 major
1853 3870 1957 3917 est.

373 3956 483 4025 Ego
514 3963 688 4009 tamen
714 3952 1137 4008 desideraverim
1160 3962 1218 4005 ut
1262 3953 1398 4006 hanc
1427 3967 1525 4021 pro
1562 3955 1957 4023 experimentis

372 4048 458 4102 sui
489 4046 707 4107 habeas,
736 4055 793 4098 ut
824 4042 1258 4097 molestissimam
1290 4052 1452 4110 atque
1502 4045 1725 4098 incertis
1761 4044 1957 4115 fatiga-

372 4141 609 4197 tionibus
632 4139 923 4205 inquietam
949 4136 1130 4204 (sicuti
1157 4133 1261 4205 est)
1306 4135 1537 4202 judices,
1577 4153 1806 4213 eamque
1830 4154 1955 4193 cutn

370 4230 817 4300 occupationibus
838 4241 1062 4295 spernas
1090 4242 1152 4281 ac
1179 4241 1426 4293 respuas.

433 4323 803 4390 Abrumpatur
834 4320 924 4374 illa
968 4316 1381 4373 interminabilis
1418 4317 1753 4372 saecularium
1787 4335 1955 4390 nego-

358 4414 561 4469 'tiorutn
587 4421 800 4475 catena,
831 4420 885 4464 et
916 4408 1007 4463 ille
1032 4409 1101 4462 de
1138 4407 1560 4463 necessitatibus
1594 4410 1780 4463 multis
1815 4426 1950 4465 unus

2087 1840 2214 1909 quid
2245 1841 2362 1895 istis
2381 1844 2576 1913 opibus
2605 1845 2690 1915 (ut
2713 1844 2779 1899 de
2803 1844 2884 1898 his
2912 1846 3145 1914 primum
3165 1844 3365 1914 dicam)
3399 1846 3661 1914 pernicio-

2082 1931 2221 1999 sius,
2252 1948 2372 2003 qua
2394 1950 2541 2001 raro,
2585 1936 2690 1990 nisi
2715 1950 2840 1990 cum
2866 1936 3075 2005 justitia
3113 1938 3520 2007 congeruntur?
3550 1934 3661 1995 Tali

2082 2023 2520 2081 administratore
2562 2042 2648 2082 res
2685 2027 2787 2081 ista
2816 2028 3048 2096 capitur,
3090 2026 3181 2082 tali
3217 2029 3442 2083 custode
3478 2044 3660 2083 serva-

2084 2124 2188 2171 tur.
2223 2114 2395 2170 Radiat
2434 2118 2587 2187 enim,
2636 2118 2826 2189 inquit,
2868 2121 3097 2174 omnium
3123 2121 3377 2174 malorum
3408 2122 3659 2192 cupiditas

2084 2208 2126 2280 (Ι
2160 2209 2292 2263 Tim.
2319 2224 2391 2275 Vl,
2422 2209 2525 2276 l0).
2553 2211 2704 2267 Adeo
2724 2211 2969 2282 quaedam
2987 2214 3218 2266 societas
3238 2225 3319 2266 est
3346 2228 3482 2281 pene
3502 2216 3658 2267 etiam

2082 2302 2333 2367 nominis,
2356 2304 2562 2359 duabus
2586 2305 2667 2358 his
2689 2303 2871 2371 rebus,
2895 2305 3035 2360 vitiis
3048 2305 3339 2361 etdivitiis.
3364 2307 3659 2376 Numquid-

2080 2408 2201 2446 nam
2234 2409 2339 2447 non
2370 2410 2502 2463 opes
2532 2396 2668 2462 istaa,
2687 2397 2933 2465 quadam
2959 2397 3181 2451 materia
3211 2398 3658 2453 contumeliarum

2075 2484 2239 2539 sunt?
2271 2485 2422 2541 Unde
2452 2486 2611 2541 etiam
2644 2486 2859 2555 quidam
2885 2495 3188 2542 nostrorum
3216 2488 3293 2541 ait
3319 2504 3334 2540 :
3372 2486 3508 2554 Quid
3527 2489 3659 2542 enim

2075 2578 2220 2631 aliud
2244 2586 2363 2630 sunt
2385 2578 2596 2640 divitia,
2620 2579 2717 2631 nisi
2740 2579 2956 2649 pignora
2976 2579 3500 2651 injuriw7Ntttnquid
3527 2597 3652 2646 non,

2074 2668 2219 2723 velut
2248 2670 2498 2737 exposita
2529 2670 2787 2739 improbis
2809 2674 3053 2739 praemia,
3086 2670 3432 2726 factiosorum
3468 2674 3655 2729 oculos

2073 2760 2392 2830 animosque
2434 2771 2745 2830 provocant,
2789 2762 3329 2834 proscriptionesque
3356 2765 3501 2833 ipsas
3519 2781 3657 2835 quo-

2072 2850 2364 2905 dammodo
2411 2860 2705 2917 ostentant,
2764 2860 2820 2907 et
2858 2853 3123 2908 invitant?
3149 2852 3260 2909 Sed
3306 2855 3409 2919 fac,
3448 2864 3507 2909 ut
3551 2856 3651 2909 ista

2072 2955 2178 2995 non
2209 2942 2477 3009 accidant,
2511 2944 2770 3013 numquid
2807 2960 2914 3015 quo
2955 2954 3076 3013 post
3111 2961 3211 3001 nos
3240 2958 3504 3013 errantes,
3566 2947 3653 3002 fu-

2068 3034 2388 3104 gientesque
2425 3038 2803 3107 commigrent,
2844 3041 2978 3094 certi
3016 3055 3139 3095 esse
3167 3044 3487 3110 possumus?
3512 3039 3555 3095 Τ
3558 3040 3653 3094 he-

1990 3106 2037 3169 C
2068 3126 2312 3190 saurizat,
2330 3127 2524 3195 inquit,
2539 3136 2589 3180 et
2602 3106 2820 3198 ignorat,
2838 3131 2918 3183 cui
2930 3106 3196 3202 congrege:
3212 3147 3269 3184 ea
3285 3131 3303 3201 (
3312 3129 3401 3185 Ps.
3420 3148 3650 3198 xxxvttt,

2070 3214 2148 3286 7).
2178 3215 2285 3271 Sed
2309 3217 2390 3271 fac
2415 3230 2473 3272 ut
2508 3220 2691 3273 veniat
2739 3220 2916 3275 haeres
2949 3235 3015 3275 ex
3049 3232 3196 3286 voto,
3238 3221 3495 3291 numquid
3539 3237 3650 3276 non

2067 3320 2215 3376 srepe
2237 3322 2456 3363 censum
2476 3310 2650 3365 haeres
2678 3310 2975 3381 intercipit,
2997 3325 3233 3382 opesque
3252 3321 3536 3382 congestas
3556 3321 3651 3366 aut

2066 3396 2208 3453 ﬁlius
2233 3399 2374 3454 male
2394 3399 2677 3468 educatus,
2698 3412 2790 3456 aut
2807 3418 2975 3472 gener
2996 3404 3136 3458 male
3158 3404 3364 3458 electus
3384 3404 3651 3458 absumit!

2064 3490 2203 3559 Quid
2231 3492 2429 3548 divitia:
2455 3493 2571 3549 ista:
2611 3495 2666 3549 in
2710 3508 2769 3550 se
2808 3495 3107 3565 voluptatis
3142 3496 3362 3563 habent,
3410 3512 3647 3567 quarum

2064 3590 2150 3637 est
2174 3592 2232 3637 et
2259 3584 2461 3638 misera
2493 3585 2784 3653 possessio,
2808 3594 2863 3639 et
2890 3586 3095 3641 incerta
3125 3586 3498 3641 trausmissio?
3526 3587 3651 3654 Quo

2063 3673 2255 3729 devius
2285 3689 2349 3729 ac
2374 3689 2613 3745 preceps
2647 3675 2927 3732 hominum
2960 3691 3115 3733 amor
3142 3679 3389 3748 raperis?
3408 3677 3527 3733 Scis
3556 3694 3645 3741 ea.

2062 3781 2189 3836 quae
2209 3767 2303 3821 tibi
2329 3767 2627 3823 obveniunt
2651 3769 2898 3839 diligere,
2921 3778 2978 3825 et
3004 3771 3179 3840 ipsum
3210 3778 3263 3827 te
3295 3770 3519 3841 diligere
3548 3788 3650 3826 ne-

2061 3861 2204 3914 scis?
2237 3860 2390 3915 Foris
2418 3870 2522 3929 est,
2547 3860 2689 3931 quod
2716 3876 2866 3916 amas
2891 3880 2904 3915 :
2936 3872 3086 3918 extra
3118 3874 3176 3920 te
3202 3874 3303 3929 est,
3336 3865 3475 3935 quod
3505 3880 3649 3919 com

2060 3948 2629 4020 cupiscis.Revertere
2652 3952 2830 4021 pctius
2856 3954 2907 4007 in
2931 3961 3007 4019 te,
3032 3965 3089 4008 ut
3108 3954 3182 4008 sis
3214 3955 3305 4009 tibi
3338 3964 3392 4009 tu
3427 3954 3649 4009 charmr

2059 4058 2218 4112 quam
2252 4052 2363 4097 tua.
2411 4043 2595 4110 Certe,
2653 4045 2699 4100 si
2747 4046 2815 4100 ad
2854 4059 2906 4101 te
2950 4047 3218 4116 quispiam
3266 4064 3446 4104 rerum
3497 4050 3646 4117 haud

2058 4134 2278 4205 ignarus
2308 4136 2558 4201 accedat,
2592 4137 2746 4192 malis
2792 4140 2967 4209 ipsum
3006 4149 3059 4195 te
3098 4151 3260 4207 amet,
3309 4157 3467 4211 quam
3513 4145 3644 4209 ista,

2057 4244 2176 4298 quae
2203 4241 2373 4284 tecum
2403 4242 2526 4284 sunt
2560 4248 2572 4283 :
2625 4231 2785 4300 idque
2816 4233 3005 4302 eliges,
3035 4243 3092 4287 ut
3116 4233 3209 4288 ille
3237 4236 3359 4289 vitae
3392 4245 3501 4289 tua:
3544 4251 3649 4305 po-

2056 4320 2185 4384 tius,
2218 4336 2377 4390 quam
2404 4323 2595 4390 opibus
2634 4323 2741 4377 tuis
2771 4323 3023 4378 allectum
3053 4339 3207 4378 suum
3244 4325 3511 4380 conferat.
3544 4328 3647 4383 Vis

2056 4409 2197 4463 hunc
2228 4413 2427 4465 homini
2454 4413 2612 4467 Iidem
2636 4428 2877 4479 scrvare,
2904 4430 3007 4467 non
3032 4416 3212 4469 rebus.
3237 4417 3389 4482 Quod
3421 4419 3518 4472 tibi
3539 4421 3645 4472 tri-

368 4519 464 4573 per
492 4514 663 4558 totam
696 4474 857 4556 vitam
888 4501 1061 4555 labor.
1088 4499 1499 4569 Disrumpamus
1524 4503 1762 4556 inanium
1796 4519 1949 4557 cnra-
1976 4474 2027 4535 θ
2054 4503 2219 4557 buere
2258 4504 2395 4557 velis
2424 4504 2612 4571 alium,
2655 4507 2770 4574 ipse
2814 4507 2913 4561 hoc
2938 4507 3051 4573 tibi,
3094 4510 3183 4577 qui
3216 4523 3278 4563 es
3308 4509 3405 4562 tibi
3438 4510 3645 4565 ﬁdissi-

367 4613 484 4651 rum
516 4596 744 4659 vincula,
775 4608 1001 4663 quorum
1032 4593 1443 4648 succedentibus
1463 4594 1563 4649 sibi
1594 4595 1815 4649 nexibus
1842 4595 1948 4650 im-

368 4689 596 4759 plicatis,
625 4690 676 4741 itt
708 4687 904 4755 quibus
925 4700 1139 4752 semper
1168 4685 1452 4754 occupatio
1483 4696 1664 4741 nostra
1692 4690 1843 4754 quasi
1867 4688 1948 4741 in-

364 4780 512 4848 cipit.
545 4777 946 4833 Removeantnr
968 4776 1075 4829 illae
1103 4785 1210 4828 tam
1244 4791 1427 4830 vacuae
1458 4793 1617 4846 quain
1663 4780 1944 4834 cohaeren-

352 4882 448 4925 tes
487 4868 589 4924 sibi
617 4884 813 4934 causas,
862 4868 914 4922 itt
968 4868 1181 4938 quibus,
1225 4870 1400 4938 quoad
1443 4870 1661 4936 vivitur,
1706 4872 1943 4927 studium

351 4963 696 5028 mortalium,
741 4962 867 5016 dum
918 4961 1147 5017 subinde
1186 4963 1417 5033 negotiis
1451 4964 1754 5035 inchoatur,
1788 4984 1943 5020 num-

350 5071 523 5128 quam
575 5056 778 5111 linitur.
809 5054 1042 5121 Quarum
1092 5069 1270 5108 rerum
1319 5056 1664 5125 infatigabilis
1715 5059 1941 5113 intentio

356 5149 467 5218 jam
491 5149 707 5203 brevem
728 5154 786 5201 et
806 5155 1007 5200 arctam
1041 5160 1217 5215 perse
1236 5146 1421 5213 vitam,
1463 5149 1600 5203 hanc
1647 5151 1809 5204 etiam
1854 5166 1942 5205 ar-

362 5241 653 5294 ctissimam
680 5239 927 5293 reddidit.
955 5239 1056 5291 Per
1075 5253 1195 5307 qum
1220 5244 1378 5292 etiam
1411 5255 1551 5297 nunc
1568 5257 1698 5293 vana
1725 5243 1937 5309 gaudia,

363 5346 507 5385 nunc
527 5331 701 5386 acerbi
722 5344 1004 5392 marores,
1030 5344 1173 5382 nunc
1193 5330 1348 5382 anxia
1371 5339 1515 5397 vota,
1547 5348 1684 5385 nunc
1705 5334 1938 5401 suspecti

363 5433 538 5477 metus
595 5424 837 5476 veniunt.
896 5421 1231 5490 Abjiciantur
1271 5432 1543 5491 postremo
1592 5427 1679 5479 illa
1726 5428 1938 5493 omnia,

364 5526 482 5581 qua:
509 5525 825 5581 prmsentem
858 5512 994 5567 hanc
1033 5510 1195 5566 vitam
1225 5512 1427 5567 faciunt
1454 5515 1673 5569 brevem
1711 5532 1941 5586 occupa-

363 5602 519 5664 tioni.
551 5605 756 5671 longam
786 5605 981 5658 dolori.
1022 5605 1382 5673 llepudiemns
1411 5607 1597 5660 mundi
1631 5622 1813 5676 parum
1849 5610 1937 5664 ﬁdi

359 5696 528 5753 vitam
554 5698 834 5769 utrobique
859 5710 1183 5768 suspectam,
1212 5697 1354 5770 apud
1383 5713 1541 5769 quam
1569 5702 1793 5772 perinde
1827 5705 1935 5760 alla

2056 4609 2194 4662 mus,
2230 4596 2425 4650 tribue.
2460 4596 2566 4650 Nos
2601 4598 2777 4665 potius
2808 4615 2907 4653 nos
2945 4615 3191 4655 amemus
3222 4616 3382 4669 quam
3422 4613 3641 4659 nostra.

2055 4687 2120 4742 Et
2148 4688 2261 4741 hmc
2286 4688 2502 4757 quidem
2534 4690 2790 4745 adversus
2812 4690 3093 4746 facultates
3123 4693 3261 4761 dicta
3287 4696 3416 4747 sint.

2122 4778 2179 4832 ln
2214 4780 2505 4834 honoribus
2533 4796 2663 4835 vero
2688 4781 2846 4851 hujus
2869 4784 3075 4843 mundi,
3110 4790 3167 4837 ut
3186 4793 3378 4838 caetera
3406 4797 3641 4851 taceam,

2049 4884 2171 4939 quas
2215 4872 2465 4925 :estimari
2494 4872 2729 4940 dignitas
2779 4884 2953 4942 potest
2981 4889 3187 4937 rerum,
3224 4890 3347 4929 cum
3386 4874 3455 4930 ad
3494 4878 3643 4932 hanc

2050 4965 2360 5030 promiscue
2388 4978 2511 5017 cum
2542 4965 2697 5017 bonis
2736 4965 2861 5017 mali
2910 4964 3207 5018 ambitione
3238 4972 3637 5033 conscendant,

2049 5064 2103 5108 et
2127 5068 2231 5108 non
2255 5056 2412 5109 unius
2439 5055 2613 5109 meriti
2634 5057 2777 5110 viros
2798 5072 2933 5111 unus
2958 5058 3131 5111 honor
3160 5058 3378 5120 ambiat.
3409 5061 3646 5130 dignos-

2048 5159 2153 5213 que
2197 5154 2252 5198 et
2306 5145 2556 5213 indignos
2599 5161 2706 5199 non
2735 5148 2843 5213 jam
2872 5148 3149 5201 discernat
3210 5149 3480 5219 dignitas,
3533 5153 3640 5207 sed

2046 5236 2373 5289 confundat?
2400 5237 2494 5302 lta,
2530 5252 2648 5305 qua:
2684 5239 2936 5293 meliores
2970 5239 3335 5295 deterioribus
3370 5245 3642 5311 praeferre

2045 5330 2290 5396 debebat,
2336 5345 2549 5399 aequare
2586 5332 2793 5397 cmpit:
2840 5347 3087 5399 novoque
3137 5336 3295 5389 modo
3330 5337 3520 5405 Optimi
3563 5329 3642 5390 ac

2044 5422 2262 5488 pessimi
2315 5421 2413 5474 viri
2460 5436 2722 5489 nusquam
2784 5422 2895 5477 fere
2949 5425 3127 5478 minus
3176 5427 3465 5482 discrimen
3514 5438 3634 5492 est,

2041 5529 2199 5582 quam
2230 5514 2281 5567 in
2315 5514 2542 5569 honore.
2574 5514 2762 5569 Nonne
2786 5516 2958 5570 honor
2983 5518 3157 5585 major
3180 5528 3284 5581 est,
3315 5521 3637 5587 hujusmodi

2043 5605 2247 5661 honore
2278 5608 2595 5661 inhonorom
2626 5624 2747 5663 esse
2784 5613 2973 5674 malle;
3004 5625 3067 5666 ac
3104 5614 3216 5666 suis
3252 5620 3419 5681 magis
3459 5614 3643 5667 mori-

2042 5699 2144 5755 bus
2185 5715 2343 5770 quam
2387 5701 2710 5773 promiscuis
2765 5703 3059 5760 honoribus
3102 5706 3390 5761 aestimari?
3446 5705 3643 5778 Atque
