  <div class='ocr_page' id='page_1' title='image "/cluster/home/n/w/nwhite01/storage/ocr_20150623/50/hvd.32044096580717/408.png"; bbox 0 0 3932 6170; ppageno 0'>
   <div class='ocr_carea' id='block_1_1' title="bbox 267 297 368 353">
    <p class='ocr_par' dir='ltr' id='par_1_1' title="bbox 267 297 368 353">
     <span class='ocr_line' id='line_1_1' title="bbox 267 297 368 353; baseline 0.05 -4"><span class='ocrx_word' id='word_1_1' title='bbox 267 297 368 353; x_wconf 75' lang='grc'><strong>717</strong></span> 
     </span>
    </p>
   </div>
   <div class='ocr_carea' id='block_1_2' title="bbox 941 298 1824 365">
    <p class='ocr_par' dir='ltr' id='par_1_2' title="bbox 941 298 1824 356">
     <span class='ocr_line' id='line_1_2' title="bbox 941 298 1824 356; baseline 0.002 -2"><span class='ocrx_word' id='word_1_2' title='bbox 941 299 1268 356; x_wconf 69' lang='grc' dir='ltr'><strong>ΕΡιδτοιΑ</strong></span> <span class='ocrx_word' id='word_1_3' title='bbox 1310 298 1778 356; x_wconf 69' lang='lat' dir='ltr'><strong>PARIENETICA</strong></span> <span class='ocrx_word' id='word_1_4' title='bbox 1818 340 1824 356; x_wconf 60' lang='grc' dir='ltr'><strong><em>ι</em></strong></span> 
     </span>
    </p>
   </div>
   <div class='ocr_carea' id='block_1_3' title="bbox 1930 298 2832 365">
    <p class='ocr_par' dir='ltr' id='par_1_3' title="bbox 1947 301 2832 365">
     <span class='ocr_line' id='line_1_3' title="bbox 1947 301 2832 365; baseline 0.008 -9"><span class='ocrx_word' id='word_1_5' title='bbox 1947 301 2395 362; x_wconf 65' lang='grc' dir='ltr'><strong>νΑιΕῐιιΑΝυΜ</strong></span> <span class='ocrx_word' id='word_1_6' title='bbox 2433 306 2832 365; x_wconf 79' lang='lat' dir='ltr'><strong>COGNATUM.</strong></span> 
     </span>
    </p>
   </div>
   <div class='ocr_carea' id='block_1_4' title="bbox 3413 310 3518 366">
    <p class='ocr_par' dir='ltr' id='par_1_4' title="bbox 3413 310 3518 366">
     <span class='ocr_line' id='line_1_4' title="bbox 3413 310 3518 366; baseline 0.01 -1"><span class='ocrx_word' id='word_1_7' title='bbox 3413 310 3518 366; x_wconf 62' lang='lat' dir='ltr'><strong>7l3</strong></span> 
     </span>
    </p>
   </div>
   <div class='ocr_carea' id='block_1_5' title="bbox 267 410 3520 494">
    <p class='ocr_par' dir='ltr' id='par_1_5' title="bbox 267 410 3520 494">
     <span class='ocr_line' id='line_1_5' title="bbox 267 410 3520 494; baseline 0.006 -28"><span class='ocrx_word' id='word_1_8' title='bbox 267 413 376 466; x_wconf 64' lang='lat' dir='ltr'><strong>haec</strong></span> <span class='ocrx_word' id='word_1_9' title='bbox 405 410 519 478; x_wconf 87' lang='lat' dir='ltr'><strong>ipsa</strong></span> <span class='ocrx_word' id='word_1_10' title='bbox 550 410 866 480; x_wconf 74' lang='lat' dir='ltr'><strong>(utcumque</strong></span> <span class='ocrx_word' id='word_1_11' title='bbox 891 427 949 467; x_wconf 87' lang='lat' dir='ltr'><strong>se</strong></span> <span class='ocrx_word' id='word_1_12' title='bbox 981 412 1200 484; x_wconf 95' lang='lat' dir='ltr'><strong>habent)</strong></span> <span class='ocrx_word' id='word_1_13' title='bbox 1229 430 1389 484; x_wconf 88' lang='lat' dir='ltr'><strong>quam</strong></span> <span class='ocrx_word' id='word_1_14' title='bbox 1423 415 1834 480; x_wconf 89' lang='lat' dir='ltr'><strong>transvolantia,</strong></span> <span class='ocrx_word' id='word_1_15' title='bbox 1867 418 1919 477; x_wconf 77' lang='grc' dir='ltr'>Α</span> <span class='ocrx_word' id='word_1_16' title='bbox 1945 418 2158 486; x_wconf 86' lang='lat' dir='ltr'><strong>quando</strong></span> <span class='ocrx_word' id='word_1_17' title='bbox 2189 420 2373 476; x_wconf 84' lang='lat' dir='ltr'><strong>finiant</strong></span> <span class='ocrx_word' id='word_1_18' title='bbox 2406 425 2811 492; x_wconf 77' lang='lat' dir='ltr'><strong>temporariam,</strong></span> <span class='ocrx_word' id='word_1_19' title='bbox 2845 426 2936 494; x_wconf 86' lang='lat' dir='ltr'><strong>qui</strong></span> <span class='ocrx_word' id='word_1_20' title='bbox 2965 435 3245 484; x_wconf 87' lang='lat' dir='ltr'><strong>transeunt</strong></span> <span class='ocrx_word' id='word_1_21' title='bbox 3279 433 3333 484; x_wconf 91' lang='lat' dir='ltr'><strong>ln</strong></span> <span class='ocrx_word' id='word_1_22' title='bbox 3361 440 3520 488; x_wconf 66' lang='lat' dir='ltr'><strong>aeter-</strong></span> 
     </span>
    </p>
   </div>
   <div class='ocr_carea' id='block_1_6' title="bbox 260 502 1841 575">
    <p class='ocr_par' dir='ltr' id='par_1_6' title="bbox 260 502 1841 575">
     <span class='ocr_line' id='line_1_6' title="bbox 260 502 1841 575; baseline 0.008 -25"><span class='ocrx_word' id='word_1_23' title='bbox 260 518 418 570; x_wconf 82' lang='lat' dir='ltr'><strong>quam</strong></span> <span class='ocrx_word' id='word_1_24' title='bbox 441 502 638 557; x_wconf 81' lang='lat' dir='ltr'><strong>caduca</strong></span> <span class='ocrx_word' id='word_1_25' title='bbox 663 507 826 557; x_wconf 79' lang='lat' dir='ltr'><strong>sunt?</strong></span> <span class='ocrx_word' id='word_1_26' title='bbox 851 503 1093 559; x_wconf 86' lang='lat' dir='ltr'><strong>Vidimus</strong></span> <span class='ocrx_word' id='word_1_27' title='bbox 1120 522 1290 575; x_wconf 87' lang='lat' dir='ltr'><strong>nuper</strong></span> <span class='ocrx_word' id='word_1_28' title='bbox 1315 508 1458 560; x_wconf 91' lang='lat' dir='ltr'><strong>viros</strong></span> <span class='ocrx_word' id='word_1_29' title='bbox 1487 507 1696 563; x_wconf 85' lang='lat' dir='ltr'><strong>honore</strong></span> <span class='ocrx_word' id='word_1_30' title='bbox 1712 523 1841 563; x_wconf 86' lang='lat' dir='ltr'><strong>con-</strong></span> 
     </span>
    </p>
   </div>
   <div class='ocr_carea' id='block_1_7' title="bbox 259 593 1840 668">
    <p class='ocr_par' dir='ltr' id='par_1_7' title="bbox 259 593 1840 668">
     <span class='ocr_line' id='line_1_7' title="bbox 259 593 1840 668; baseline 0.005 -22"><span class='ocrx_word' id='word_1_31' title='bbox 259 593 496 660; x_wconf 72' lang='grc' dir='ltr'><strong>ερὶουυε,</strong></span> <span class='ocrx_word' id='word_1_32' title='bbox 527 595 801 647; x_wconf 89' lang='lat' dir='ltr'><strong>celsarum</strong></span> <span class='ocrx_word' id='word_1_33' title='bbox 846 596 1164 664; x_wconf 92' lang='lat' dir='ltr'><strong>dignitatum</strong></span> <span class='ocrx_word' id='word_1_34' title='bbox 1209 598 1471 653; x_wconf 85' lang='lat' dir='ltr'><strong>insedisse</strong></span> <span class='ocrx_word' id='word_1_35' title='bbox 1507 597 1751 668; x_wconf 76' lang='lat' dir='ltr'><strong>fastigiis,</strong></span> <span class='ocrx_word' id='word_1_36' title='bbox 1783 608 1840 654; x_wconf 88' lang='lat' dir='ltr'><strong>et</strong></span> 
     </span>
    </p>
   </div>
   <div class='ocr_carea' id='block_1_8' title="bbox 257 684 1834 760">
    <p class='ocr_par' dir='ltr' id='par_1_8' title="bbox 257 684 1834 760">
     <span class='ocr_line' id='line_1_8' title="bbox 257 684 1834 760; baseline 0.005 -24"><span class='ocrx_word' id='word_1_37' title='bbox 257 684 451 737; x_wconf 76' lang='lat' dir='ltr'><strong>diffuso</strong></span> <span class='ocrx_word' id='word_1_38' title='bbox 499 700 882 754; x_wconf 84' lang='lat' dir='ltr'><strong>usquequaque</strong></span> <span class='ocrx_word' id='word_1_39' title='bbox 927 701 1092 742; x_wconf 83' lang='lat' dir='ltr'><strong>censu</strong></span> <span class='ocrx_word' id='word_1_40' title='bbox 1141 703 1236 757; x_wconf 90' lang='lat' dir='ltr'><strong>per</strong></span> <span class='ocrx_word' id='word_1_41' title='bbox 1279 690 1468 743; x_wconf 91' lang='lat' dir='ltr'><strong>orbem</strong></span> <span class='ocrx_word' id='word_1_42' title='bbox 1513 691 1834 760; x_wconf 87' lang='lat' dir='ltr'><strong>patrimonia</strong></span> 
     </span>
    </p>
   </div>
   <div class='ocr_carea' id='block_1_9' title="bbox 256 777 1837 847">
    <p class='ocr_par' dir='ltr' id='par_1_9' title="bbox 256 777 1837 847">
     <span class='ocr_line' id='line_1_9' title="bbox 256 777 1837 847; baseline 0.004 -17"><span class='ocrx_word' id='word_1_43' title='bbox 256 777 571 842; x_wconf 77' lang='lat' dir='ltr'><strong>tetendisse.</strong></span> <span class='ocrx_word' id='word_1_44' title='bbox 603 778 938 846; x_wconf 88' lang='lat' dir='ltr'><strong>Cupiditates</strong></span> <span class='ocrx_word' id='word_1_45' title='bbox 979 781 1328 836; x_wconf 84' lang='lat' dir='ltr'><strong>successibus</strong></span> <span class='ocrx_word' id='word_1_46' title='bbox 1369 781 1629 847; x_wconf 81' lang='lat' dir='ltr'><strong>vicerant,</strong></span> <span class='ocrx_word' id='word_1_47' title='bbox 1676 782 1837 836; x_wconf 84' lang='lat' dir='ltr'><strong>rebus</strong></span> 
     </span>
    </p>
   </div>
   <div class='ocr_carea' id='block_1_10' title="bbox 253 869 1834 941">
    <p class='ocr_par' dir='ltr' id='par_1_10' title="bbox 253 869 1834 941">
     <span class='ocr_line' id='line_1_10' title="bbox 253 869 1834 941; baseline 0.004 -19"><span class='ocrx_word' id='word_1_48' title='bbox 253 881 374 924; x_wconf 85' lang='lat' dir='ltr'><strong>vota</strong></span> <span class='ocrx_word' id='word_1_49' title='bbox 407 869 878 926; x_wconf 81' lang='lat' dir='ltr'><strong>transcenderant.</strong></span> <span class='ocrx_word' id='word_1_50' title='bbox 915 871 1020 926; x_wconf 87' lang='lat' dir='ltr'><strong>Sed</strong></span> <span class='ocrx_word' id='word_1_51' title='bbox 1063 872 1294 941; x_wconf 84' lang='lat' dir='ltr'><strong>privatas</strong></span> <span class='ocrx_word' id='word_1_52' title='bbox 1317 881 1521 928; x_wconf 88' lang='lat' dir='ltr'><strong>tantum</strong></span> <span class='ocrx_word' id='word_1_53' title='bbox 1552 872 1834 928; x_wconf 79' lang='lat' dir='ltr'><strong>felicitates</strong></span> 
     </span>
    </p>
   </div>
   <div class='ocr_carea' id='block_1_11' title="bbox 252 962 1831 1034">
    <p class='ocr_par' dir='ltr' id='par_1_11' title="bbox 252 962 1831 1034">
     <span class='ocr_line' id='line_1_11' title="bbox 252 962 1831 1034; baseline 0.002 -17"><span class='ocrx_word' id='word_1_54' title='bbox 252 963 494 1017; x_wconf 81' lang='lat' dir='ltr'><strong>revolvo.</strong></span> <span class='ocrx_word' id='word_1_55' title='bbox 531 962 702 1032; x_wconf 81' lang='lat' dir='ltr'><strong>Reges</strong></span> <span class='ocrx_word' id='word_1_56' title='bbox 730 963 834 1031; x_wconf 91' lang='lat' dir='ltr'><strong>ipsi</strong></span> <span class='ocrx_word' id='word_1_57' title='bbox 859 979 1053 1033; x_wconf 86' lang='lat' dir='ltr'><strong>magno</strong></span> <span class='ocrx_word' id='word_1_58' title='bbox 1083 964 1350 1020; x_wconf 88' lang='lat' dir='ltr'><strong>sublimes</strong></span> <span class='ocrx_word' id='word_1_59' title='bbox 1387 965 1642 1034; x_wconf 90' lang='lat' dir='ltr'><strong>imperio,</strong></span> <span class='ocrx_word' id='word_1_60' title='bbox 1678 980 1831 1033; x_wconf 86' lang='lat' dir='ltr'><strong>gem-</strong></span> 
     </span>
    </p>
   </div>
   <div class='ocr_carea' id='block_1_12' title="bbox 249 1053 1828 1124">
    <p class='ocr_par' dir='ltr' id='par_1_12' title="bbox 249 1053 1828 1124">
     <span class='ocr_line' id='line_1_12' title="bbox 249 1053 1828 1124; baseline -0.001 -16"><span class='ocrx_word' id='word_1_61' title='bbox 249 1054 464 1123; x_wconf 85' lang='lat' dir='ltr'><strong>tnisque</strong></span> <span class='ocrx_word' id='word_1_62' title='bbox 524 1053 788 1108; x_wconf 78' lang='lat' dir='ltr'><strong>fulserunt</strong></span> <span class='ocrx_word' id='word_1_63' title='bbox 835 1053 1026 1109; x_wconf 87' lang='lat' dir='ltr'><strong>horum</strong></span> <span class='ocrx_word' id='word_1_64' title='bbox 1076 1056 1340 1124; x_wconf 86' lang='lat' dir='ltr'><strong>tegmina;</strong></span> <span class='ocrx_word' id='word_1_65' title='bbox 1409 1056 1602 1110; x_wconf 88' lang='lat' dir='ltr'><strong>mimm</strong></span> <span class='ocrx_word' id='word_1_66' title='bbox 1657 1057 1828 1121; x_wconf 91' lang='lat' dir='ltr'><strong>dictu,</strong></span> 
     </span>
    </p>
   </div>
   <div class='ocr_carea' id='block_1_13' title="bbox 251 1144 1834 1217">
    <p class='ocr_par' dir='ltr' id='par_1_13' title="bbox 251 1144 1834 1217">
     <span class='ocr_line' id='line_1_13' title="bbox 251 1144 1834 1217; baseline 0.001 -18"><span class='ocrx_word' id='word_1_67' title='bbox 251 1148 414 1199; x_wconf 88' lang='lat' dir='ltr'><strong>textis</strong></span> <span class='ocrx_word' id='word_1_68' title='bbox 447 1145 774 1200; x_wconf 83' lang='lat' dir='ltr'><strong>irradiabant</strong></span> <span class='ocrx_word' id='word_1_69' title='bbox 811 1146 1060 1210; x_wconf 78' lang='lat' dir='ltr'><strong>metallis,</strong></span> <span class='ocrx_word' id='word_1_70' title='bbox 1093 1146 1340 1200; x_wconf 86' lang='lat' dir='ltr'><strong>diadema</strong></span> <span class='ocrx_word' id='word_1_71' title='bbox 1384 1144 1557 1217; x_wconf 65' lang='lat' dir='ltr'><strong>[Fam</strong></span> <span class='ocrx_word' id='word_1_72' title='bbox 1606 1145 1834 1200; x_wconf 87' lang='lat' dir='ltr'><strong>irradia-</strong></span> 
     </span>
    </p>
   </div>
   <div class='ocr_carea' id='block_1_14' title="bbox 247 1234 1832 1308">
    <p class='ocr_par' dir='ltr' id='par_1_14' title="bbox 247 1234 1832 1308">
     <span class='ocr_line' id='line_1_14' title="bbox 247 1234 1832 1308; baseline -0.001 -17"><span class='ocrx_word' id='word_1_73' title='bbox 247 1236 339 1291; x_wconf 79' lang='lat' dir='ltr'><strong>bat</strong></span> <span class='ocrx_word' id='word_1_74' title='bbox 367 1238 600 1292; x_wconf 82' lang='lat' dir='ltr'><strong>metallis</strong></span> <span class='ocrx_word' id='word_1_75' title='bbox 621 1234 890 1308; x_wconf 86' lang='lat' dir='ltr'><strong>diadema]</strong></span> <span class='ocrx_word' id='word_1_76' title='bbox 922 1237 1190 1291; x_wconf 89' lang='lat' dir='ltr'><strong>distinctis</strong></span> <span class='ocrx_word' id='word_1_77' title='bbox 1220 1237 1637 1290; x_wconf 87' lang='lat' dir='ltr'><strong>intermicabant</strong></span> <span class='ocrx_word' id='word_1_78' title='bbox 1674 1237 1832 1291; x_wconf 89' lang='lat' dir='ltr'><strong>arbo-</strong></span> 
     </span>
    </p>
   </div>
   <div class='ocr_carea' id='block_1_15' title="bbox 247 1325 1829 1399">
    <p class='ocr_par' dir='ltr' id='par_1_15' title="bbox 247 1325 1829 1399">
     <span class='ocr_line' id='line_1_15' title="bbox 247 1325 1829 1399; baseline 0.001 -17"><span class='ocrx_word' id='word_1_79' title='bbox 247 1330 398 1383; x_wconf 84' lang='lat' dir='ltr'><strong>ribus</strong></span> <span class='ocrx_word' id='word_1_80' title='bbox 431 1326 604 1398; x_wconf 65' lang='grc' dir='ltr'><strong>[Γαῖα.</strong></span> <span class='ocrx_word' id='word_1_81' title='bbox 631 1329 822 1382; x_wconf 91' lang='lat' dir='ltr'><strong>domus</strong></span> <span class='ocrx_word' id='word_1_82' title='bbox 847 1325 1180 1399; x_wconf 87' lang='lat' dir='ltr'><strong>arboribus],</strong></span> <span class='ocrx_word' id='word_1_83' title='bbox 1208 1327 1531 1398; x_wconf 89' lang='lat' dir='ltr'><strong>splendebat</strong></span> <span class='ocrx_word' id='word_1_84' title='bbox 1569 1329 1829 1383; x_wconf 90' lang='lat' dir='ltr'><strong>instructa</strong></span> 
     </span>
    </p>
   </div>
   <div class='ocr_carea' id='block_1_16' title="bbox 247 1419 1831 1489">
    <p class='ocr_par' dir='ltr' id='par_1_16' title="bbox 247 1419 1831 1489">
     <span class='ocr_line' id='line_1_16' title="bbox 247 1419 1831 1489; baseline 0.003 -20"><span class='ocrx_word' id='word_1_85' title='bbox 247 1420 508 1489; x_wconf 73' lang='lat' dir='ltr'><strong>palatinis</strong></span> <span class='ocrx_word' id='word_1_86' title='bbox 531 1420 651 1474; x_wconf 88' lang='lat' dir='ltr'><strong>aula</strong></span> <span class='ocrx_word' id='word_1_87' title='bbox 672 1420 927 1484; x_wconf 89' lang='lat' dir='ltr'><strong>cultibus,</strong></span> <span class='ocrx_word' id='word_1_88' title='bbox 961 1420 1270 1488; x_wconf 86' lang='lat' dir='ltr'><strong>auratisque</strong></span> <span class='ocrx_word' id='word_1_89' title='bbox 1291 1419 1528 1473; x_wconf 87' lang='lat' dir='ltr'><strong>trabibus</strong></span> <span class='ocrx_word' id='word_1_90' title='bbox 1562 1427 1698 1474; x_wconf 87' lang='lat' dir='ltr'><strong>tecta</strong></span> <span class='ocrx_word' id='word_1_91' title='bbox 1741 1435 1831 1473; x_wconf 88' lang='lat' dir='ltr'><strong>ru-</strong></span> 
     </span>
    </p>
   </div>
   <div class='ocr_carea' id='block_1_17' title="bbox 246 1510 1827 1578">
    <p class='ocr_par' dir='ltr' id='par_1_17' title="bbox 246 1510 1827 1578">
     <span class='ocr_line' id='line_1_17' title="bbox 246 1510 1827 1578; baseline -0.002 -13"><span class='ocrx_word' id='word_1_92' title='bbox 246 1513 736 1566; x_wconf 81' lang='lat' dir='ltr'><strong>tilabantzeorum</strong></span> <span class='ocrx_word' id='word_1_93' title='bbox 788 1512 1094 1565; x_wconf 80' lang='lat' dir='ltr'><strong>voluntates</strong></span> <span class='ocrx_word' id='word_1_94' title='bbox 1139 1511 1258 1578; x_wconf 87' lang='lat' dir='ltr'><strong>jura</strong></span> <span class='ocrx_word' id='word_1_95' title='bbox 1299 1510 1595 1574; x_wconf 88' lang='lat' dir='ltr'><strong>hominum,</strong></span> <span class='ocrx_word' id='word_1_96' title='bbox 1640 1524 1827 1564; x_wconf 91' lang='lat' dir='ltr'><strong>eorum</strong></span> 
     </span>
    </p>
   </div>
   <div class='ocr_carea' id='block_1_18' title="bbox 244 1600 1828 1671">
    <p class='ocr_par' dir='ltr' id='par_1_18' title="bbox 244 1600 1828 1671">
     <span class='ocr_line' id='line_1_18' title="bbox 244 1600 1828 1671; baseline -0.001 -17"><span class='ocrx_word' id='word_1_97' title='bbox 244 1603 412 1656; x_wconf 78' lang='lat' dir='ltr'><strong>verba</strong></span> <span class='ocrx_word' id='word_1_98' title='bbox 447 1603 592 1670; x_wconf 86' lang='lat' dir='ltr'><strong>leges</strong></span> <span class='ocrx_word' id='word_1_99' title='bbox 620 1602 1048 1671; x_wconf 80' lang='lat' dir='ltr'><strong>appellabantur.</strong></span> <span class='ocrx_word' id='word_1_100' title='bbox 1071 1602 1201 1669; x_wconf 88' lang='lat' dir='ltr'><strong>Quis</strong></span> <span class='ocrx_word' id='word_1_101' title='bbox 1227 1615 1389 1669; x_wconf 87' lang='lat' dir='ltr'><strong>supra</strong></span> <span class='ocrx_word' id='word_1_102' title='bbox 1413 1600 1684 1654; x_wconf 89' lang='lat' dir='ltr'><strong>hominum</strong></span> <span class='ocrx_word' id='word_1_103' title='bbox 1709 1615 1828 1655; x_wconf 84' lang='lat' dir='ltr'><strong>ver-</strong></span> 
     </span>
    </p>
   </div>
   <div class='ocr_carea' id='block_1_19' title="bbox 247 1689 1830 1760">
    <p class='ocr_par' dir='ltr' id='par_1_19' title="bbox 247 1689 1830 1760">
     <span class='ocr_line' id='line_1_19' title="bbox 247 1689 1830 1760; baseline 0 -15"><span class='ocrx_word' id='word_1_104' title='bbox 247 1694 413 1746; x_wconf 43' lang='lat' dir='ltr'><strong>ticem</strong></span> <span class='ocrx_word' id='word_1_105' title='bbox 452 1702 632 1760; x_wconf 88' lang='lat' dir='ltr'><strong>potest</strong></span> <span class='ocrx_word' id='word_1_106' title='bbox 675 1692 999 1760; x_wconf 82' lang='lat' dir='ltr'><strong>temporaria</strong></span> <span class='ocrx_word' id='word_1_107' title='bbox 1043 1691 1296 1746; x_wconf 79' lang='lat' dir='ltr'><strong>felicitate</strong></span> <span class='ocrx_word' id='word_1_108' title='bbox 1325 1689 1659 1760; x_wconf 75' lang='lat' dir='ltr'><strong>confugere?</strong></span> <span class='ocrx_word' id='word_1_109' title='bbox 1690 1690 1830 1746; x_wconf 84' lang='lat' dir='ltr'><strong>Ecce</strong></span> 
     </span>
    </p>
   </div>
   <div class='ocr_carea' id='block_1_20' title="bbox 1942 522 2087 562">
    <p class='ocr_par' dir='ltr' id='par_1_20' title="bbox 1942 522 2087 562">
     <span class='ocr_line' id='line_1_20' title="bbox 1942 522 2087 562; baseline 0.014 -2"><span class='ocrx_word' id='word_1_110' title='bbox 1942 522 2087 562; x_wconf 90' lang='lat' dir='ltr'><strong>nam.</strong></span> 
     </span>
    </p>
   </div>
   <div class='ocr_carea' id='block_1_21' title="bbox 2009 598 3512 678">
    <p class='ocr_par' dir='ltr' id='par_1_21' title="bbox 2009 598 3512 678">
     <span class='ocr_line' id='line_1_21' title="bbox 2009 598 3512 678; baseline 0.01 -26"><span class='ocrx_word' id='word_1_111' title='bbox 2009 598 2089 652; x_wconf 84' lang='lat' dir='ltr'><strong>Ad</strong></span> <span class='ocrx_word' id='word_1_112' title='bbox 2119 601 2496 672; x_wconf 88' lang='lat' dir='ltr'><strong>negligentiam</strong></span> <span class='ocrx_word' id='word_1_113' title='bbox 2527 606 2671 670; x_wconf 67' lang='lat' dir='ltr'><strong>vita},</strong></span> <span class='ocrx_word' id='word_1_114' title='bbox 2698 621 2803 660; x_wconf 90' lang='lat' dir='ltr'><strong>non</strong></span> <span class='ocrx_word' id='word_1_115' title='bbox 2834 621 2930 660; x_wconf 90' lang='lat' dir='ltr'><strong>nos</strong></span> <span class='ocrx_word' id='word_1_116' title='bbox 2954 607 3334 678; x_wconf 84' lang='lat' dir='ltr'><strong>negligentiunt</strong></span> <span class='ocrx_word' id='word_1_117' title='bbox 3360 610 3512 669; x_wconf 77' lang='lat' dir='ltr'><strong>turba</strong></span> 
     </span>
    </p>
   </div>
   <div class='ocr_carea' id='block_1_22' title="bbox 1936 691 3512 766">
    <p class='ocr_par' dir='ltr' id='par_1_22' title="bbox 1936 691 3512 766">
     <span class='ocr_line' id='line_1_22' title="bbox 1936 691 3512 766; baseline 0.009 -24"><span class='ocrx_word' id='word_1_118' title='bbox 1936 691 2276 758; x_wconf 90' lang='lat' dir='ltr'><strong>persuadeat,</strong></span> <span class='ocrx_word' id='word_1_119' title='bbox 2311 709 2408 748; x_wconf 90' lang='lat' dir='ltr'><strong>nec</strong></span> <span class='ocrx_word' id='word_1_120' title='bbox 2439 695 2504 748; x_wconf 93' lang='lat' dir='ltr'><strong>ad</strong></span> <span class='ocrx_word' id='word_1_121' title='bbox 2534 695 2786 749; x_wconf 79' lang='lat' dir='ltr'><strong>damnum</strong></span> <span class='ocrx_word' id='word_1_122' title='bbox 2815 699 3046 766; x_wconf 64' lang='lat' dir='ltr'><strong>propria:</strong></span> <span class='ocrx_word' id='word_1_123' title='bbox 3075 701 3287 764; x_wconf 86' lang='lat' dir='ltr'><strong>salutis,</strong></span> <span class='ocrx_word' id='word_1_124' title='bbox 3318 701 3512 757; x_wconf 88' lang='lat' dir='ltr'><strong>alienis</strong></span> 
     </span>
    </p>
   </div>
   <div class='ocr_carea' id='block_1_23' title="bbox 1935 781 3511 864">
    <p class='ocr_par' dir='ltr' id='par_1_23' title="bbox 1935 781 3511 864">
     <span class='ocr_line' id='line_1_23' title="bbox 1935 781 3511 864; baseline 0.01 -29"><span class='ocrx_word' id='word_1_125' title='bbox 1935 781 2198 838; x_wconf 86' lang='lat' dir='ltr'><strong>ducamur</strong></span> <span class='ocrx_word' id='word_1_126' title='bbox 2232 787 2524 842; x_wconf 89' lang='lat' dir='ltr'><strong>erroribus.</strong></span> <span class='ocrx_word' id='word_1_127' title='bbox 2555 788 2690 854; x_wconf 87' lang='lat' dir='ltr'><strong>Quid</strong></span> <span class='ocrx_word' id='word_1_128' title='bbox 2742 792 2898 846; x_wconf 92' lang='lat' dir='ltr'><strong>nobis</strong></span> <span class='ocrx_word' id='word_1_129' title='bbox 2943 792 2995 846; x_wconf 91' lang='lat' dir='ltr'><strong>in</strong></span> <span class='ocrx_word' id='word_1_130' title='bbox 3037 793 3131 846; x_wconf 88' lang='lat' dir='ltr'><strong>illo</strong></span> <span class='ocrx_word' id='word_1_131' title='bbox 3163 795 3252 848; x_wconf 90' lang='lat' dir='ltr'><strong>Dei</strong></span> <span class='ocrx_word' id='word_1_132' title='bbox 3302 795 3511 864; x_wconf 90' lang='lat' dir='ltr'><strong>judicio</strong></span> 
     </span>
    </p>
   </div>
   <div class='ocr_carea' id='block_1_24' title="bbox 1935 872 3508 954">
    <p class='ocr_par' dir='ltr' id='par_1_24' title="bbox 1935 872 3508 954">
     <span class='ocr_line' id='line_1_24' title="bbox 1935 872 3508 954; baseline 0.01 -29"><span class='ocrx_word' id='word_1_133' title='bbox 1935 872 2175 940; x_wconf 89' lang='lat' dir='ltr'><strong>proderit</strong></span> <span class='ocrx_word' id='word_1_134' title='bbox 2199 876 2510 944; x_wconf 89' lang='lat' dir='ltr'><strong>multitudo;</strong></span> <span class='ocrx_word' id='word_1_135' title='bbox 2536 879 2625 934; x_wconf 88' lang='lat' dir='ltr'><strong>ubi</strong></span> <span class='ocrx_word' id='word_1_136' title='bbox 2648 881 2840 950; x_wconf 85' lang='lat' dir='ltr'><strong>singuli</strong></span> <span class='ocrx_word' id='word_1_137' title='bbox 2859 883 3260 954; x_wconf 89' lang='lat' dir='ltr'><strong>judicabuntur,</strong></span> <span class='ocrx_word' id='word_1_138' title='bbox 3286 886 3372 940; x_wconf 93' lang='lat' dir='ltr'><strong>ubi</strong></span> <span class='ocrx_word' id='word_1_139' title='bbox 3396 887 3508 941; x_wconf 91' lang='lat' dir='ltr'><strong>sola</strong></span> 
     </span>
    </p>
   </div>
   <div class='ocr_carea' id='block_1_25' title="bbox 1933 964 3509 1044">
    <p class='ocr_par' dir='ltr' id='par_1_25' title="bbox 1933 964 3509 1044">
     <span class='ocr_line' id='line_1_25' title="bbox 1933 964 3509 1044; baseline 0.01 -28"><span class='ocrx_word' id='word_1_140' title='bbox 1933 964 2258 1018; x_wconf 81' lang='lat' dir='ltr'><strong>examinatio</strong></span> <span class='ocrx_word' id='word_1_141' title='bbox 2283 968 2614 1034; x_wconf 91' lang='lat' dir='ltr'><strong>meritorum,</strong></span> <span class='ocrx_word' id='word_1_142' title='bbox 2648 979 2799 1024; x_wconf 89' lang='lat' dir='ltr'><strong>actus</strong></span> <span class='ocrx_word' id='word_1_143' title='bbox 2821 987 3109 1043; x_wconf 88' lang='lat' dir='ltr'><strong>quemque,</strong></span> <span class='ocrx_word' id='word_1_144' title='bbox 3139 990 3244 1029; x_wconf 91' lang='lat' dir='ltr'><strong>non</strong></span> <span class='ocrx_word' id='word_1_145' title='bbox 3278 977 3509 1044; x_wconf 81' lang='lat' dir='ltr'><strong>populus</strong></span> 
     </span>
    </p>
   </div>
   <div class='ocr_carea' id='block_1_26' title="bbox 1931 1055 3508 1126">
    <p class='ocr_par' dir='ltr' id='par_1_26' title="bbox 1931 1055 3508 1126">
     <span class='ocr_line' id='line_1_26' title="bbox 1931 1055 3508 1126; baseline 0.009 -19"><span class='ocrx_word' id='word_1_146' title='bbox 1931 1055 2251 1111; x_wconf 74' lang='lat' dir='ltr'><strong>absolvent?</strong></span> <span class='ocrx_word' id='word_1_147' title='bbox 2277 1058 2523 1126; x_wconf 86' lang='lat' dir='ltr'><strong>Cessent,</strong></span> <span class='ocrx_word' id='word_1_148' title='bbox 2546 1071 2758 1116; x_wconf 86' lang='lat' dir='ltr'><strong>cessent</strong></span> <span class='ocrx_word' id='word_1_149' title='bbox 2779 1064 2967 1118; x_wconf 85' lang='lat' dir='ltr'><strong>solatia</strong></span> <span class='ocrx_word' id='word_1_150' title='bbox 2985 1065 3290 1120; x_wconf 89' lang='lat' dir='ltr'><strong>malesuada</strong></span> <span class='ocrx_word' id='word_1_151' title='bbox 3321 1067 3508 1121; x_wconf 87' lang='lat' dir='ltr'><strong>discri-</strong></span> 
     </span>
    </p>
   </div>
   <div class='ocr_carea' id='block_1_27' title="bbox 1934 1145 3507 1225">
    <p class='ocr_par' dir='ltr' id='par_1_27' title="bbox 1934 1145 3507 1225">
     <span class='ocr_line' id='line_1_27' title="bbox 1934 1145 3507 1225; baseline 0.009 -27"><span class='ocrx_word' id='word_1_152' title='bbox 1934 1145 2113 1200; x_wconf 89' lang='lat' dir='ltr'><strong>minis.</strong></span> <span class='ocrx_word' id='word_1_153' title='bbox 2142 1145 2401 1203; x_wconf 85' lang='lat' dir='ltr'><strong>Nimirum</strong></span> <span class='ocrx_word' id='word_1_154' title='bbox 2436 1159 2652 1217; x_wconf 70' lang='lat' dir='ltr'><strong>praestat</strong></span> <span class='ocrx_word' id='word_1_155' title='bbox 2679 1152 2840 1206; x_wconf 89' lang='lat' dir='ltr'><strong>vitam</strong></span> <span class='ocrx_word' id='word_1_156' title='bbox 2873 1169 3196 1223; x_wconf 80' lang='lat' dir='ltr'><strong>propagasse</strong></span> <span class='ocrx_word' id='word_1_157' title='bbox 3225 1170 3348 1210; x_wconf 89' lang='lat' dir='ltr'><strong>cum</strong></span> <span class='ocrx_word' id='word_1_158' title='bbox 3381 1172 3507 1225; x_wconf 80' lang='lat' dir='ltr'><strong>pau-</strong></span> 
     </span>
    </p>
   </div>
   <div class='ocr_carea' id='block_1_28' title="bbox 1930 1239 3504 1316">
    <p class='ocr_par' dir='ltr' id='par_1_28' title="bbox 1930 1239 3504 1316">
     <span class='ocr_line' id='line_1_28' title="bbox 1930 1239 3504 1316; baseline 0.004 -24"><span class='ocrx_word' id='word_1_159' title='bbox 1930 1239 2166 1295; x_wconf 85' lang='lat' dir='ltr'><strong>cioribus</strong></span> <span class='ocrx_word' id='word_1_160' title='bbox 2189 1257 2346 1311; x_wconf 90' lang='lat' dir='ltr'><strong>quam</strong></span> <span class='ocrx_word' id='word_1_161' title='bbox 2377 1243 2675 1310; x_wconf 85' lang='lat' dir='ltr'><strong>perdidisse</strong></span> <span class='ocrx_word' id='word_1_162' title='bbox 2703 1258 2825 1299; x_wconf 92' lang='lat' dir='ltr'><strong>cum</strong></span> <span class='ocrx_word' id='word_1_163' title='bbox 2861 1246 3119 1314; x_wconf 84' lang='lat' dir='ltr'><strong>pluribus.</strong></span> <span class='ocrx_word' id='word_1_164' title='bbox 3153 1247 3325 1316; x_wconf 81' lang='lat' dir='ltr'><strong>Atque</strong></span> <span class='ocrx_word' id='word_1_165' title='bbox 3349 1249 3504 1315; x_wconf 85' lang='lat' dir='ltr'><strong>adeo,</strong></span> 
     </span>
    </p>
   </div>
   <div class='ocr_carea' id='block_1_29' title="bbox 1931 1332 3504 1405">
    <p class='ocr_par' dir='ltr' id='par_1_29' title="bbox 1931 1332 3504 1405">
     <span class='ocr_line' id='line_1_29' title="bbox 1931 1332 3504 1405; baseline 0.006 -23"><span class='ocrx_word' id='word_1_166' title='bbox 1931 1344 2038 1383; x_wconf 90' lang='lat' dir='ltr'><strong>non</strong></span> <span class='ocrx_word' id='word_1_167' title='bbox 2071 1344 2168 1384; x_wconf 92' lang='lat' dir='ltr'><strong>nos</strong></span> <span class='ocrx_word' id='word_1_168' title='bbox 2197 1332 2261 1385; x_wconf 90' lang='lat' dir='ltr'><strong>ad</strong></span> <span class='ocrx_word' id='word_1_169' title='bbox 2309 1333 2570 1387; x_wconf 92' lang='lat' dir='ltr'><strong>incuriam</strong></span> <span class='ocrx_word' id='word_1_170' title='bbox 2605 1344 2968 1402; x_wconf 88' lang='lat' dir='ltr'><strong>peccatorum,</strong></span> <span class='ocrx_word' id='word_1_171' title='bbox 3017 1337 3126 1390; x_wconf 90' lang='lat' dir='ltr'><strong>sola</strong></span> <span class='ocrx_word' id='word_1_172' title='bbox 3173 1339 3504 1405; x_wconf 67' lang='lat' dir='ltr'><strong>peccantium</strong></span> 
     </span>
    </p>
   </div>
   <div class='ocr_carea' id='block_1_30' title="bbox 1931 1420 3506 1493">
    <p class='ocr_par' dir='ltr' id='par_1_30' title="bbox 1931 1420 3506 1493">
     <span class='ocr_line' id='line_1_30' title="bbox 1931 1420 3506 1493; baseline 0.009 -24"><span class='ocrx_word' id='word_1_173' title='bbox 1931 1420 2288 1474; x_wconf 85' lang='lat' dir='ltr'><strong>numerositas</strong></span> <span class='ocrx_word' id='word_1_174' title='bbox 2335 1422 2632 1489; x_wconf 87' lang='lat' dir='ltr'><strong>pertrabat,</strong></span> <span class='ocrx_word' id='word_1_175' title='bbox 2685 1439 2859 1493; x_wconf 90' lang='lat' dir='ltr'><strong>neque</strong></span> <span class='ocrx_word' id='word_1_176' title='bbox 2899 1427 3019 1488; x_wconf 93' lang='lat' dir='ltr'><strong>hoc,</strong></span> <span class='ocrx_word' id='word_1_177' title='bbox 3079 1427 3220 1492; x_wconf 91' lang='lat' dir='ltr'><strong>quod</strong></span> <span class='ocrx_word' id='word_1_178' title='bbox 3271 1428 3372 1482; x_wconf 90' lang='lat' dir='ltr'><strong>sibi</strong></span> <span class='ocrx_word' id='word_1_179' title='bbox 3415 1427 3506 1483; x_wconf 84' lang='lat' dir='ltr'><strong>alii</strong></span> 
     </span>
    </p>
   </div>
   <div class='ocr_carea' id='block_1_31' title="bbox 1931 1513 3502 1581">
    <p class='ocr_par' dir='ltr' id='par_1_31' title="bbox 1931 1513 3502 1581">
     <span class='ocr_line' id='line_1_31' title="bbox 1931 1513 3502 1581; baseline 0.008 -20"><span class='ocrx_word' id='word_1_180' title='bbox 1931 1523 2116 1576; x_wconf 89' lang='lat' dir='ltr'><strong>parum</strong></span> <span class='ocrx_word' id='word_1_181' title='bbox 2139 1513 2448 1578; x_wconf 91' lang='lat' dir='ltr'><strong>consulunt,</strong></span> <span class='ocrx_word' id='word_1_182' title='bbox 2469 1514 2714 1581; x_wconf 77' lang='lat' dir='ltr'><strong>quzedam</strong></span> <span class='ocrx_word' id='word_1_183' title='bbox 2737 1516 2890 1570; x_wconf 89' lang='lat' dir='ltr'><strong>nobis</strong></span> <span class='ocrx_word' id='word_1_184' title='bbox 2905 1516 3170 1572; x_wconf 83' lang='lat' dir='ltr'><strong>efﬁciatur</strong></span> <span class='ocrx_word' id='word_1_185' title='bbox 3193 1521 3502 1574; x_wconf 86' lang='lat' dir='ltr'><strong>auctoritas.</strong></span> 
     </span>
    </p>
   </div>
   <div class='ocr_carea' id='block_1_32' title="bbox 1929 1603 3503 1680">
    <p class='ocr_par' dir='ltr' id='par_1_32' title="bbox 1929 1603 3503 1680">
     <span class='ocr_line' id='line_1_32' title="bbox 1929 1603 3503 1680; baseline 0.007 -24"><span class='ocrx_word' id='word_1_186' title='bbox 1929 1603 2170 1660; x_wconf 86' lang='lat' dir='ltr'><strong>Obsecro</strong></span> <span class='ocrx_word' id='word_1_187' title='bbox 2199 1613 2270 1672; x_wconf 91' lang='lat' dir='ltr'><strong>te,</strong></span> <span class='ocrx_word' id='word_1_188' title='bbox 2305 1605 2556 1662; x_wconf 89' lang='lat' dir='ltr'><strong>delictum</strong></span> <span class='ocrx_word' id='word_1_189' title='bbox 2579 1609 2812 1663; x_wconf 90' lang='lat' dir='ltr'><strong>alienum</strong></span> <span class='ocrx_word' id='word_1_190' title='bbox 2836 1625 3051 1679; x_wconf 87' lang='lat' dir='ltr'><strong>semper</strong></span> <span class='ocrx_word' id='word_1_191' title='bbox 3075 1621 3130 1664; x_wconf 84' lang='grc' dir='ltr'><strong>ιιι</strong></span> <span class='ocrx_word' id='word_1_192' title='bbox 3157 1613 3503 1680; x_wconf 88' lang='lat' dir='ltr'><strong>opprobrium</strong></span> 
     </span>
    </p>
   </div>
   <div class='ocr_carea' id='block_1_33' title="bbox 1929 1697 3502 1768">
    <p class='ocr_par' dir='ltr' id='par_1_33' title="bbox 1929 1697 3502 1768">
     <span class='ocr_line' id='line_1_33' title="bbox 1929 1697 3502 1768; baseline 0.005 -19"><span class='ocrx_word' id='word_1_193' title='bbox 1929 1697 2155 1764; x_wconf 89' lang='lat' dir='ltr'><strong>respice,</strong></span> <span class='ocrx_word' id='word_1_194' title='bbox 2191 1713 2482 1767; x_wconf 88' lang='lat' dir='ltr'><strong>numquam</strong></span> <span class='ocrx_word' id='word_1_195' title='bbox 2507 1707 2563 1753; x_wconf 92' lang='lat' dir='ltr'><strong>ut</strong></span> <span class='ocrx_word' id='word_1_196' title='bbox 2592 1701 2913 1768; x_wconf 87' lang='lat' dir='ltr'><strong>exemplum.</strong></span> <span class='ocrx_word' id='word_1_197' title='bbox 2949 1701 3103 1768; x_wconf 88' lang='lat' dir='ltr'><strong>Quod</strong></span> <span class='ocrx_word' id='word_1_198' title='bbox 3136 1702 3180 1755; x_wconf 93' lang='lat' dir='ltr'><strong>si</strong></span> <span class='ocrx_word' id='word_1_199' title='bbox 3212 1703 3343 1756; x_wconf 91' lang='lat' dir='ltr'><strong>libet</strong></span> <span class='ocrx_word' id='word_1_200' title='bbox 3371 1717 3502 1757; x_wconf 93' lang='lat' dir='ltr'><strong>ocu-</strong></span> 
     </span>
    </p>
   </div>
   <div class='ocr_carea' id='block_1_34' title="bbox 241 1781 3502 1864">
    <p class='ocr_par' dir='ltr' id='par_1_34' title="bbox 241 1781 3502 1864">
     <span class='ocr_line' id='line_1_34' title="bbox 241 1781 3502 1864; baseline 0.003 -26"><span class='ocrx_word' id='word_1_201' title='bbox 241 1799 435 1838; x_wconf 89' lang='lat' dir='ltr'><strong>eorum</strong></span> <span class='ocrx_word' id='word_1_202' title='bbox 469 1783 555 1838; x_wconf 87' lang='lat' dir='ltr'><strong>ille</strong></span> <span class='ocrx_word' id='word_1_203' title='bbox 585 1784 815 1837; x_wconf 88' lang='lat' dir='ltr'><strong>ambitus</strong></span> <span class='ocrx_word' id='word_1_204' title='bbox 843 1798 1100 1852; x_wconf 90' lang='lat' dir='ltr'><strong>nusquam</strong></span> <span class='ocrx_word' id='word_1_205' title='bbox 1124 1794 1228 1846; x_wconf 88' lang='lat' dir='ltr'><strong>est,</strong></span> <span class='ocrx_word' id='word_1_206' title='bbox 1252 1781 1673 1837; x_wconf 75' lang='lat' dir='ltr'><strong>affluentissimze</strong></span> <span class='ocrx_word' id='word_1_207' title='bbox 1695 1797 1826 1852; x_wconf 85' lang='lat' dir='ltr'><strong>quo-</strong></span> <span class='ocrx_word' id='word_1_208' title='bbox 1857 1786 1906 1847; x_wconf 82' lang='grc' dir='ltr'><strong>Β</strong></span> <span class='ocrx_word' id='word_1_209' title='bbox 1933 1786 2014 1841; x_wconf 93' lang='lat' dir='ltr'><strong>los</strong></span> <span class='ocrx_word' id='word_1_210' title='bbox 2041 1788 2105 1842; x_wconf 91' lang='lat' dir='ltr'><strong>ad</strong></span> <span class='ocrx_word' id='word_1_211' title='bbox 2135 1790 2372 1858; x_wconf 87' lang='lat' dir='ltr'><strong>exempla</strong></span> <span class='ocrx_word' id='word_1_212' title='bbox 2401 1790 2667 1856; x_wconf 86' lang='lat' dir='ltr'><strong>conferre,</strong></span> <span class='ocrx_word' id='word_1_213' title='bbox 2695 1794 2746 1846; x_wconf 91' lang='lat' dir='ltr'><strong>in</strong></span> <span class='ocrx_word' id='word_1_214' title='bbox 2773 1791 2914 1847; x_wconf 88' lang='lat' dir='ltr'><strong>illam</strong></span> <span class='ocrx_word' id='word_1_215' title='bbox 2945 1793 3122 1862; x_wconf 83' lang='lat' dir='ltr'><strong>potius</strong></span> <span class='ocrx_word' id='word_1_216' title='bbox 3146 1795 3359 1850; x_wconf 90' lang='lat' dir='ltr'><strong>intende</strong></span> <span class='ocrx_word' id='word_1_217' title='bbox 3381 1811 3502 1864; x_wconf 84' lang='lat' dir='ltr'><strong>par-</strong></span> 
     </span>
    </p>
   </div>
   <div class='ocr_carea' id='block_1_35' title="bbox 240 1874 1826 1946">
    <p class='ocr_par' dir='ltr' id='par_1_35' title="bbox 240 1874 1826 1946">
     <span class='ocr_line' id='line_1_35' title="bbox 240 1874 1826 1946; baseline -0.001 -16"><span class='ocrx_word' id='word_1_218' title='bbox 240 1892 354 1946; x_wconf 88' lang='lat' dir='ltr'><strong>que</strong></span> <span class='ocrx_word' id='word_1_219' title='bbox 385 1890 517 1944; x_wconf 88' lang='lat' dir='ltr'><strong>opes</strong></span> <span class='ocrx_word' id='word_1_220' title='bbox 546 1875 816 1941; x_wconf 91' lang='lat' dir='ltr'><strong>abierunt,</strong></span> <span class='ocrx_word' id='word_1_221' title='bbox 853 1877 1184 1930; x_wconf 89' lang='lat' dir='ltr'><strong>transierunt</strong></span> <span class='ocrx_word' id='word_1_222' title='bbox 1222 1874 1325 1945; x_wconf 91' lang='lat' dir='ltr'><strong>ipsi</strong></span> <span class='ocrx_word' id='word_1_223' title='bbox 1357 1883 1622 1929; x_wconf 91' lang='lat' dir='ltr'><strong>tantarum</strong></span> <span class='ocrx_word' id='word_1_224' title='bbox 1667 1889 1826 1944; x_wconf 92' lang='lat' dir='ltr'><strong>opum</strong></span> 
     </span>
    </p>
   </div>
   <div class='ocr_carea' id='block_1_36' title="bbox 241 1965 1037 2040">
    <p class='ocr_par' dir='ltr' id='par_1_36' title="bbox 241 1965 1037 2040">
     <span class='ocr_line' id='line_1_36' title="bbox 241 1965 1037 2040; baseline -0.001 -16"><span class='ocrx_word' id='word_1_225' title='bbox 241 1969 459 2024; x_wconf 80' lang='lat' dir='ltr'><strong>domini</strong></span> <span class='ocrx_word' id='word_1_226' title='bbox 482 1965 621 2040; x_wconf 69' lang='lat' dir='ltr'><strong>(Job.</strong></span> <span class='ocrx_word' id='word_1_227' title='bbox 651 1983 761 2031; x_wconf 73' lang='lat' dir='ltr'><strong>XIV,</strong></span> <span class='ocrx_word' id='word_1_228' title='bbox 798 1967 927 2038; x_wconf 87' lang='lat' dir='ltr'><strong>Sup.</strong></span> <span class='ocrx_word' id='word_1_229' title='bbox 960 1967 1037 2038; x_wconf 76' lang='grc' dir='ltr'><strong>ν).</strong></span> 
     </span>
    </p>
   </div>
   <div class='ocr_carea' id='block_1_37' title="bbox 323 2059 1826 2130">
    <p class='ocr_par' dir='ltr' id='par_1_37' title="bbox 323 2059 1826 2130">
     <span class='ocr_line' id='line_1_37' title="bbox 323 2059 1826 2130; baseline 0.001 -16"><span class='ocrx_word' id='word_1_230' title='bbox 323 2059 636 2114; x_wconf 79' lang='lat' dir='ltr'><strong>Recentium</strong></span> <span class='ocrx_word' id='word_1_231' title='bbox 661 2060 1092 2130; x_wconf 88' lang='lat' dir='ltr'><strong>inelytorumque</strong></span> <span class='ocrx_word' id='word_1_232' title='bbox 1121 2075 1412 2130; x_wconf 81' lang='lat' dir='ltr'><strong>regnorum</strong></span> <span class='ocrx_word' id='word_1_233' title='bbox 1436 2060 1575 2128; x_wconf 88' lang='lat' dir='ltr'><strong>apud</strong></span> <span class='ocrx_word' id='word_1_234' title='bbox 1600 2075 1696 2115; x_wconf 92' lang='lat' dir='ltr'><strong>nos</strong></span> <span class='ocrx_word' id='word_1_235' title='bbox 1713 2060 1826 2129; x_wconf 88' lang='lat' dir='ltr'><strong>jam</strong></span> 
     </span>
    </p>
   </div>
   <div class='ocr_carea' id='block_1_38' title="bbox 240 2152 1824 2224">
    <p class='ocr_par' dir='ltr' id='par_1_38' title="bbox 240 2152 1824 2224">
     <span class='ocr_line' id='line_1_38' title="bbox 240 2152 1824 2224; baseline 0.001 -19"><span class='ocrx_word' id='word_1_236' title='bbox 240 2153 494 2222; x_wconf 58' lang='lat' dir='ltr'><strong>quavdatn</strong></span> <span class='ocrx_word' id='word_1_237' title='bbox 517 2152 691 2207; x_wconf 89' lang='lat' dir='ltr'><strong>fabula</strong></span> <span class='ocrx_word' id='word_1_238' title='bbox 713 2163 818 2210; x_wconf 88' lang='lat' dir='ltr'><strong>est.</strong></span> <span class='ocrx_word' id='word_1_239' title='bbox 841 2153 1027 2207; x_wconf 81' lang='lat' dir='ltr'><strong>Omnia</strong></span> <span class='ocrx_word' id='word_1_240' title='bbox 1053 2153 1165 2219; x_wconf 91' lang='lat' dir='ltr'><strong>illa,</strong></span> <span class='ocrx_word' id='word_1_241' title='bbox 1191 2167 1310 2222; x_wconf 76' lang='lat' dir='ltr'><strong>quae</strong></span> <span class='ocrx_word' id='word_1_242' title='bbox 1335 2152 1425 2208; x_wconf 85' lang='lat' dir='ltr'><strong>hic</strong></span> <span class='ocrx_word' id='word_1_243' title='bbox 1443 2162 1597 2208; x_wconf 89' lang='lat' dir='ltr'><strong>erant</strong></span> <span class='ocrx_word' id='word_1_244' title='bbox 1614 2167 1824 2224; x_wconf 89' lang='lat' dir='ltr'><strong>magna,</strong></span> 
     </span>
    </p>
   </div>
   <div class='ocr_carea' id='block_1_39' title="bbox 241 2245 1828 2314">
    <p class='ocr_par' dir='ltr' id='par_1_39' title="bbox 241 2245 1828 2314">
     <span class='ocr_line' id='line_1_39' title="bbox 241 2245 1828 2314; baseline -0.001 -15"><span class='ocrx_word' id='word_1_245' title='bbox 241 2246 412 2300; x_wconf 88' lang='lat' dir='ltr'><strong>modo</strong></span> <span class='ocrx_word' id='word_1_246' title='bbox 436 2245 544 2314; x_wconf 89' lang='lat' dir='ltr'><strong>jam</strong></span> <span class='ocrx_word' id='word_1_247' title='bbox 576 2247 717 2300; x_wconf 88' lang='lat' dir='ltr'><strong>nulla</strong></span> <span class='ocrx_word' id='word_1_248' title='bbox 747 2255 889 2299; x_wconf 91' lang='lat' dir='ltr'><strong>sunt.</strong></span> <span class='ocrx_word' id='word_1_249' title='bbox 916 2246 1077 2308; x_wconf 81' lang='lat' dir='ltr'><strong>Nihil,</strong></span> <span class='ocrx_word' id='word_1_250' title='bbox 1104 2254 1164 2299; x_wconf 89' lang='lat' dir='ltr'><strong>ut</strong></span> <span class='ocrx_word' id='word_1_251' title='bbox 1194 2255 1344 2314; x_wconf 89' lang='lat' dir='ltr'><strong>puto,</strong></span> <span class='ocrx_word' id='word_1_252' title='bbox 1383 2245 1572 2310; x_wconf 91' lang='lat' dir='ltr'><strong>immo,</strong></span> <span class='ocrx_word' id='word_1_253' title='bbox 1597 2254 1652 2298; x_wconf 93' lang='lat' dir='ltr'><strong>ut</strong></span> <span class='ocrx_word' id='word_1_254' title='bbox 1677 2255 1828 2299; x_wconf 85' lang='lat' dir='ltr'><strong>certo</strong></span> 
     </span>
    </p>
   </div>
   <div class='ocr_carea' id='block_1_40' title="bbox 238 2337 1827 2408">
    <p class='ocr_par' dir='ltr' id='par_1_40' title="bbox 238 2337 1827 2408">
     <span class='ocr_line' id='line_1_40' title="bbox 238 2337 1827 2408; baseline -0.001 -15"><span class='ocrx_word' id='word_1_255' title='bbox 238 2340 384 2401; x_wconf 85' lang='lat' dir='ltr'><strong>scio,</strong></span> <span class='ocrx_word' id='word_1_256' title='bbox 409 2355 472 2393; x_wconf 87' lang='lat' dir='ltr'><strong>ex</strong></span> <span class='ocrx_word' id='word_1_257' title='bbox 499 2339 602 2392; x_wconf 91' lang='lat' dir='ltr'><strong>illis</strong></span> <span class='ocrx_word' id='word_1_258' title='bbox 623 2338 834 2408; x_wconf 91' lang='lat' dir='ltr'><strong>opibus,</strong></span> <span class='ocrx_word' id='word_1_259' title='bbox 864 2338 1175 2401; x_wconf 86' lang='lat' dir='ltr'><strong>honoribus,</strong></span> <span class='ocrx_word' id='word_1_260' title='bbox 1205 2338 1403 2407; x_wconf 81' lang='lat' dir='ltr'><strong>regnis,</strong></span> <span class='ocrx_word' id='word_1_261' title='bbox 1434 2351 1615 2392; x_wconf 89' lang='lat' dir='ltr'><strong>secum</strong></span> <span class='ocrx_word' id='word_1_262' title='bbox 1646 2337 1827 2391; x_wconf 72' lang='lat' dir='ltr'><strong>abstu-</strong></span> 
     </span>
    </p>
   </div>
   <div class='ocr_carea' id='block_1_41' title="bbox 241 2427 1828 2501">
    <p class='ocr_par' dir='ltr' id='par_1_41' title="bbox 241 2427 1828 2501">
     <span class='ocr_line' id='line_1_41' title="bbox 241 2427 1828 2501; baseline -0.002 -16"><span class='ocrx_word' id='word_1_263' title='bbox 241 2441 454 2491; x_wconf 78' lang='lat' dir='ltr'><strong>lerunt,</strong></span> <span class='ocrx_word' id='word_1_264' title='bbox 484 2432 583 2484; x_wconf 92' lang='lat' dir='ltr'><strong>nisi</strong></span> <span class='ocrx_word' id='word_1_265' title='bbox 620 2433 684 2501; x_wconf 91' lang='lat' dir='ltr'><strong>(si</strong></span> <span class='ocrx_word' id='word_1_266' title='bbox 713 2446 817 2498; x_wconf 91' lang='lat' dir='ltr'><strong>qua</strong></span> <span class='ocrx_word' id='word_1_267' title='bbox 841 2431 892 2484; x_wconf 92' lang='lat' dir='ltr'><strong>in</strong></span> <span class='ocrx_word' id='word_1_268' title='bbox 924 2430 1008 2484; x_wconf 90' lang='lat' dir='ltr'><strong>his</strong></span> <span class='ocrx_word' id='word_1_269' title='bbox 1035 2429 1172 2500; x_wconf 92' lang='lat' dir='ltr'><strong>fuit)</strong></span> <span class='ocrx_word' id='word_1_270' title='bbox 1205 2429 1325 2486; x_wconf 87' lang='lat' dir='ltr'><strong>fidei</strong></span> <span class='ocrx_word' id='word_1_271' title='bbox 1353 2429 1676 2499; x_wconf 87' lang='lat' dir='ltr'><strong>pietatisque</strong></span> <span class='ocrx_word' id='word_1_272' title='bbox 1703 2427 1828 2483; x_wconf 88' lang='lat' dir='ltr'><strong>sub-</strong></span> 
     </span>
    </p>
   </div>
   <div class='ocr_carea' id='block_1_42' title="bbox 237 2519 1824 2587">
    <p class='ocr_par' dir='ltr' id='par_1_42' title="bbox 237 2519 1824 2587">
     <span class='ocr_line' id='line_1_42' title="bbox 237 2519 1824 2587; baseline -0.002 -12"><span class='ocrx_word' id='word_1_273' title='bbox 237 2520 524 2575; x_wconf 78' lang='lat' dir='ltr'><strong>stantiam.</strong></span> <span class='ocrx_word' id='word_1_274' title='bbox 554 2521 677 2576; x_wconf 90' lang='lat' dir='ltr'><strong>Sola</strong></span> <span class='ocrx_word' id='word_1_275' title='bbox 710 2520 826 2574; x_wconf 75' lang='lat' dir='ltr'><strong>haec</strong></span> <span class='ocrx_word' id='word_1_276' title='bbox 852 2519 997 2586; x_wconf 92' lang='lat' dir='ltr'><strong>illos,</strong></span> <span class='ocrx_word' id='word_1_277' title='bbox 1027 2529 1350 2574; x_wconf 71' lang='lat' dir='ltr'><strong>czeterarum</strong></span> <span class='ocrx_word' id='word_1_278' title='bbox 1382 2534 1563 2572; x_wconf 89' lang='lat' dir='ltr'><strong>rerum</strong></span> <span class='ocrx_word' id='word_1_279' title='bbox 1604 2532 1824 2587; x_wconf 87' lang='lat' dir='ltr'><strong>egenos,</strong></span> 
     </span>
    </p>
   </div>
   <div class='ocr_carea' id='block_1_43' title="bbox 237 2610 1830 2680">
    <p class='ocr_par' dir='ltr' id='par_1_43' title="bbox 237 2610 1830 2680">
     <span class='ocr_line' id='line_1_43' title="bbox 237 2610 1830 2680; baseline -0.002 -13"><span class='ocrx_word' id='word_1_280' title='bbox 237 2612 366 2667; x_wconf 85' lang='lat' dir='ltr'><strong>sola</strong></span> <span class='ocrx_word' id='word_1_281' title='bbox 434 2612 772 2680; x_wconf 73' lang='lat' dir='ltr'><strong>prosequitur</strong></span> <span class='ocrx_word' id='word_1_282' title='bbox 812 2629 824 2664; x_wconf 91' lang='lat'><strong>:</strong></span> <span class='ocrx_word' id='word_1_283' title='bbox 870 2611 988 2665; x_wconf 58' lang='lat' dir='ltr'><strong>haec</strong></span> <span class='ocrx_word' id='word_1_284' title='bbox 1044 2612 1301 2666; x_wconf 86' lang='lat' dir='ltr'><strong>abeuntes</strong></span> <span class='ocrx_word' id='word_1_285' title='bbox 1353 2610 1727 2679; x_wconf 87' lang='lat' dir='ltr'><strong>inseparabilis</strong></span> <span class='ocrx_word' id='word_1_286' title='bbox 1774 2618 1830 2666; x_wconf 91' lang='lat' dir='ltr'><strong>et</strong></span> 
     </span>
    </p>
   </div>
   <div class='ocr_carea' id='block_1_44' title="bbox 238 2701 1828 2774">
    <p class='ocr_par' dir='ltr' id='par_1_44' title="bbox 238 2701 1828 2774">
     <span class='ocr_line' id='line_1_44' title="bbox 238 2701 1828 2774; baseline 0.001 -18"><span class='ocrx_word' id='word_1_287' title='bbox 238 2705 404 2774; x_wconf 90' lang='lat' dir='ltr'><strong>quasi</strong></span> <span class='ocrx_word' id='word_1_288' title='bbox 439 2703 538 2758; x_wconf 85' lang='lat' dir='ltr'><strong>lida</strong></span> <span class='ocrx_word' id='word_1_289' title='bbox 577 2705 886 2758; x_wconf 89' lang='lat' dir='ltr'><strong>comitatur.</strong></span> <span class='ocrx_word' id='word_1_290' title='bbox 925 2703 1018 2758; x_wconf 89' lang='lat' dir='ltr'><strong>llla</strong></span> <span class='ocrx_word' id='word_1_291' title='bbox 1051 2719 1190 2758; x_wconf 91' lang='lat' dir='ltr'><strong>nunc</strong></span> <span class='ocrx_word' id='word_1_292' title='bbox 1223 2720 1325 2772; x_wconf 89' lang='lat' dir='ltr'><strong>ope</strong></span> <span class='ocrx_word' id='word_1_293' title='bbox 1358 2704 1594 2767; x_wconf 87' lang='lat' dir='ltr'><strong>aluntur,</strong></span> <span class='ocrx_word' id='word_1_294' title='bbox 1639 2704 1690 2756; x_wconf 92' lang='lat' dir='ltr'><strong>in</strong></span> <span class='ocrx_word' id='word_1_295' title='bbox 1725 2701 1828 2757; x_wconf 80' lang='lat' dir='ltr'><strong>illis</strong></span> 
     </span>
    </p>
   </div>
   <div class='ocr_carea' id='block_1_45' title="bbox 240 2795 1824 2863">
    <p class='ocr_par' dir='ltr' id='par_1_45' title="bbox 240 2795 1824 2863">
     <span class='ocr_line' id='line_1_45' title="bbox 240 2795 1824 2863; baseline -0.004 -12"><span class='ocrx_word' id='word_1_296' title='bbox 240 2811 398 2851; x_wconf 91' lang='lat' dir='ltr'><strong>nunc</strong></span> <span class='ocrx_word' id='word_1_297' title='bbox 427 2796 646 2858; x_wconf 86' lang='lat' dir='ltr'><strong>divitiis.</strong></span> <span class='ocrx_word' id='word_1_298' title='bbox 681 2797 732 2850; x_wconf 93' lang='lat' dir='ltr'><strong>in</strong></span> <span class='ocrx_word' id='word_1_299' title='bbox 763 2795 870 2849; x_wconf 90' lang='lat' dir='ltr'><strong>illis</strong></span> <span class='ocrx_word' id='word_1_300' title='bbox 900 2803 1101 2849; x_wconf 91' lang='lat' dir='ltr'><strong>tantum</strong></span> <span class='ocrx_word' id='word_1_301' title='bbox 1135 2795 1427 2850; x_wconf 89' lang='lat' dir='ltr'><strong>honoribus</strong></span> <span class='ocrx_word' id='word_1_302' title='bbox 1457 2795 1824 2863; x_wconf 87' lang='lat' dir='ltr'><strong>acquiescunt.</strong></span> 
     </span>
    </p>
   </div>
   <div class='ocr_carea' id='block_1_46' title="bbox 242 2885 1826 2956">
    <p class='ocr_par' dir='ltr' id='par_1_46' title="bbox 242 2885 1826 2956">
     <span class='ocr_line' id='line_1_46' title="bbox 242 2885 1826 2956; baseline -0.002 -13"><span class='ocrx_word' id='word_1_303' title='bbox 242 2889 381 2943; x_wconf 63' lang='lat' dir='ltr'><strong>Haec</strong></span> <span class='ocrx_word' id='word_1_304' title='bbox 409 2889 543 2941; x_wconf 91' lang='lat' dir='ltr'><strong>bona</strong></span> <span class='ocrx_word' id='word_1_305' title='bbox 576 2902 717 2942; x_wconf 94' lang='lat' dir='ltr'><strong>nunc</strong></span> <span class='ocrx_word' id='word_1_306' title='bbox 748 2891 799 2942; x_wconf 89' lang='lat' dir='ltr'><strong>iu</strong></span> <span class='ocrx_word' id='word_1_307' title='bbox 831 2887 1108 2942; x_wconf 80' lang='lat' dir='ltr'><strong>beneficiis</strong></span> <span class='ocrx_word' id='word_1_308' title='bbox 1137 2886 1358 2942; x_wconf 88' lang='lat' dir='ltr'><strong>habent.</strong></span> <span class='ocrx_word' id='word_1_309' title='bbox 1394 2887 1751 2956; x_wconf 79' lang='lat' dir='ltr'><strong>Quapmpter,</strong></span> <span class='ocrx_word' id='word_1_310' title='bbox 1780 2885 1826 2940; x_wconf 89' lang='lat' dir='ltr'><strong>si</strong></span> 
     </span>
    </p>
   </div>
   <div class='ocr_carea' id='block_1_47' title="bbox 243 2975 1826 3046">
    <p class='ocr_par' dir='ltr' id='par_1_47' title="bbox 243 2975 1826 3046">
     <span class='ocr_line' id='line_1_47' title="bbox 243 2975 1826 3046; baseline -0.001 -15"><span class='ocrx_word' id='word_1_311' title='bbox 243 2977 547 3031; x_wconf 85' lang='lat' dir='ltr'><strong>honoribus</strong></span> <span class='ocrx_word' id='word_1_312' title='bbox 589 2977 886 3046; x_wconf 88' lang='lat' dir='ltr'><strong>opibusque</strong></span> <span class='ocrx_word' id='word_1_313' title='bbox 924 2978 1199 3046; x_wconf 82' lang='lat' dir='ltr'><strong>capimur,</strong></span> <span class='ocrx_word' id='word_1_314' title='bbox 1243 2978 1386 3030; x_wconf 81' lang='lat' dir='ltr'><strong>veris</strong></span> <span class='ocrx_word' id='word_1_315' title='bbox 1422 2976 1638 3044; x_wconf 85' lang='lat' dir='ltr'><strong>opibus,</strong></span> <span class='ocrx_word' id='word_1_316' title='bbox 1685 2975 1826 3030; x_wconf 85' lang='lat' dir='ltr'><strong>veris</strong></span> 
     </span>
    </p>
   </div>
   <div class='ocr_carea' id='block_1_48' title="bbox 239 3066 1823 3138">
    <p class='ocr_par' dir='ltr' id='par_1_48' title="bbox 239 3066 1823 3138">
     <span class='ocr_line' id='line_1_48' title="bbox 239 3066 1823 3138; baseline 0 -16"><span class='ocrx_word' id='word_1_317' title='bbox 239 3070 546 3123; x_wconf 90' lang='lat' dir='ltr'><strong>honoribus</strong></span> <span class='ocrx_word' id='word_1_318' title='bbox 578 3070 895 3123; x_wconf 83' lang='lat' dir='ltr'><strong>excitemur.</strong></span> <span class='ocrx_word' id='word_1_319' title='bbox 938 3069 1182 3138; x_wconf 82' lang='lat' dir='ltr'><strong>Optimus</strong></span> <span class='ocrx_word' id='word_1_320' title='bbox 1218 3066 1447 3136; x_wconf 89' lang='lat' dir='ltr'><strong>quisque</strong></span> <span class='ocrx_word' id='word_1_321' title='bbox 1477 3068 1529 3122; x_wconf 92' lang='lat' dir='ltr'><strong>in</strong></span> <span class='ocrx_word' id='word_1_322' title='bbox 1571 3067 1823 3122; x_wconf 67' lang='lat' dir='ltr'><strong>caelestes</strong></span> 
     </span>
    </p>
   </div>
   <div class='ocr_carea' id='block_1_49' title="bbox 1931 1881 3503 1956">
    <p class='ocr_par' dir='ltr' id='par_1_49' title="bbox 1931 1881 3503 1956">
     <span class='ocr_line' id='line_1_49' title="bbox 1931 1881 3503 1956; baseline 0.006 -24"><span class='ocrx_word' id='word_1_323' title='bbox 1931 1885 2039 1933; x_wconf 87' lang='lat' dir='ltr'><strong>tem</strong></span> <span class='ocrx_word' id='word_1_324' title='bbox 2067 1881 2318 1948; x_wconf 88' lang='lat' dir='ltr'><strong>qua,licet</strong></span> <span class='ocrx_word' id='word_1_325' title='bbox 2341 1883 2618 1950; x_wconf 90' lang='lat' dir='ltr'><strong>pauciores</strong></span> <span class='ocrx_word' id='word_1_326' title='bbox 2647 1883 2777 1949; x_wconf 90' lang='lat' dir='ltr'><strong>sint,</strong></span> <span class='ocrx_word' id='word_1_327' title='bbox 2798 1896 2974 1939; x_wconf 89' lang='lat' dir='ltr'><strong>tamen</strong></span> <span class='ocrx_word' id='word_1_328' title='bbox 3005 1896 3127 1938; x_wconf 91' lang='lat' dir='ltr'><strong>sunt</strong></span> <span class='ocrx_word' id='word_1_329' title='bbox 3159 1887 3209 1940; x_wconf 88' lang='lat' dir='ltr'><strong>in</strong></span> <span class='ocrx_word' id='word_1_330' title='bbox 3233 1901 3326 1940; x_wconf 89' lang='lat' dir='ltr'><strong>sua</strong></span> <span class='ocrx_word' id='word_1_331' title='bbox 3351 1896 3503 1956; x_wconf 85' lang='lat' dir='ltr'><strong>parte</strong></span> 
     </span>
    </p>
   </div>
   <div class='ocr_carea' id='block_1_50' title="bbox 1928 1970 3503 2047">
    <p class='ocr_par' dir='ltr' id='par_1_50' title="bbox 1928 1970 3503 2047">
     <span class='ocr_line' id='line_1_50' title="bbox 1928 1970 3503 2047; baseline 0.004 -23"><span class='ocrx_word' id='word_1_332' title='bbox 1928 1970 2159 2036; x_wconf 83' lang='lat' dir='ltr'><strong>copiosi.</strong></span> <span class='ocrx_word' id='word_1_333' title='bbox 2189 1971 2361 2037; x_wconf 83' lang='lat' dir='ltr'><strong>Illam,</strong></span> <span class='ocrx_word' id='word_1_334' title='bbox 2391 1973 2630 2042; x_wconf 89' lang='lat' dir='ltr'><strong>inquam,</strong></span> <span class='ocrx_word' id='word_1_335' title='bbox 2655 1976 2886 2044; x_wconf 87' lang='lat' dir='ltr'><strong>reSpice,</strong></span> <span class='ocrx_word' id='word_1_336' title='bbox 2912 1975 2964 2028; x_wconf 91' lang='lat' dir='ltr'><strong>in</strong></span> <span class='ocrx_word' id='word_1_337' title='bbox 2987 1991 3090 2046; x_wconf 91' lang='lat' dir='ltr'><strong>qua</strong></span> <span class='ocrx_word' id='word_1_338' title='bbox 3122 1985 3266 2042; x_wconf 90' lang='lat' dir='ltr'><strong>sunt,</strong></span> <span class='ocrx_word' id='word_1_339' title='bbox 3296 1977 3388 2047; x_wconf 92' lang='lat' dir='ltr'><strong>qui</strong></span> <span class='ocrx_word' id='word_1_340' title='bbox 3419 1993 3503 2031; x_wconf 88' lang='lat' dir='ltr'><strong>sa-</strong></span> 
     </span>
    </p>
   </div>
   <div class='ocr_carea' id='block_1_51' title="bbox 1931 2059 3496 2138">
    <p class='ocr_par' dir='ltr' id='par_1_51' title="bbox 1931 2059 3496 2138">
     <span class='ocr_line' id='line_1_51' title="bbox 1931 2059 3496 2138; baseline 0.006 -26"><span class='ocrx_word' id='word_1_341' title='bbox 1931 2059 2135 2128; x_wconf 89' lang='lat' dir='ltr'><strong>pienter</strong></span> <span class='ocrx_word' id='word_1_342' title='bbox 2162 2061 2482 2132; x_wconf 88' lang='lat' dir='ltr'><strong>intelligunt,</strong></span> <span class='ocrx_word' id='word_1_343' title='bbox 2525 2077 2854 2133; x_wconf 84' lang='lat' dir='ltr'><strong>quapropter</strong></span> <span class='ocrx_word' id='word_1_344' title='bbox 2881 2067 2991 2120; x_wconf 91' lang='lat' dir='ltr'><strong>nati</strong></span> <span class='ocrx_word' id='word_1_345' title='bbox 3031 2067 3165 2126; x_wconf 85' lang='lat' dir='ltr'><strong>sint,</strong></span> <span class='ocrx_word' id='word_1_346' title='bbox 3211 2077 3268 2121; x_wconf 90' lang='lat' dir='ltr'><strong>et</strong></span> <span class='ocrx_word' id='word_1_347' title='bbox 3296 2069 3496 2138; x_wconf 89' lang='lat' dir='ltr'><strong>utique,</strong></span> 
     </span>
    </p>
   </div>
   <div class='ocr_carea' id='block_1_52' title="bbox 1927 2149 3497 2228">
    <p class='ocr_par' dir='ltr' id='par_1_52' title="bbox 1927 2149 3497 2228">
     <span class='ocr_line' id='line_1_52' title="bbox 1927 2149 3497 2228; baseline 0.008 -26"><span class='ocrx_word' id='word_1_348' title='bbox 1927 2151 2052 2203; x_wconf 93' lang='lat' dir='ltr'><strong>dum</strong></span> <span class='ocrx_word' id='word_1_349' title='bbox 2080 2150 2145 2204; x_wconf 89' lang='lat' dir='ltr'><strong>ad</strong></span> <span class='ocrx_word' id='word_1_350' title='bbox 2175 2149 2305 2222; x_wconf 85' lang='lat' dir='ltr'><strong>[Pro</strong></span> <span class='ocrx_word' id='word_1_351' title='bbox 2335 2153 2532 2225; x_wconf 88' lang='lat' dir='ltr'><strong>quoad]</strong></span> <span class='ocrx_word' id='word_1_352' title='bbox 2561 2155 2765 2219; x_wconf 88' lang='lat' dir='ltr'><strong>vivunt,</strong></span> <span class='ocrx_word' id='word_1_353' title='bbox 2793 2158 2917 2210; x_wconf 69' lang='lat' dir='ltr'><strong>vitm</strong></span> <span class='ocrx_word' id='word_1_354' title='bbox 2939 2172 3048 2211; x_wconf 69' lang='lat' dir='ltr'><strong>suae</strong></span> <span class='ocrx_word' id='word_1_355' title='bbox 3078 2173 3294 2213; x_wconf 91' lang='lat' dir='ltr'><strong>causam</strong></span> <span class='ocrx_word' id='word_1_356' title='bbox 3315 2168 3497 2228; x_wconf 90' lang='lat' dir='ltr'><strong>agunt.</strong></span> 
     </span>
    </p>
   </div>
   <div class='ocr_carea' id='block_1_53' title="bbox 1927 2240 3502 2318">
    <p class='ocr_par' dir='ltr' id='par_1_53' title="bbox 1927 2240 3502 2318">
     <span class='ocr_line' id='line_1_53' title="bbox 1927 2240 3502 2318; baseline 0.006 -25"><span class='ocrx_word' id='word_1_357' title='bbox 1927 2240 2026 2307; x_wconf 87' lang='lat' dir='ltr'><strong>Qui</strong></span> <span class='ocrx_word' id='word_1_358' title='bbox 2059 2242 2171 2296; x_wconf 88' lang='lat' dir='ltr'><strong>utili</strong></span> <span class='ocrx_word' id='word_1_359' title='bbox 2199 2258 2364 2313; x_wconf 89' lang='lat' dir='ltr'><strong>opere</strong></span> <span class='ocrx_word' id='word_1_360' title='bbox 2391 2245 2648 2313; x_wconf 77' lang='lat' dir='ltr'><strong>insignes,</strong></span> <span class='ocrx_word' id='word_1_361' title='bbox 2681 2256 2840 2315; x_wconf 90' lang='lat' dir='ltr'><strong>atque</strong></span> <span class='ocrx_word' id='word_1_362' title='bbox 2875 2248 3088 2318; x_wconf 77' lang='lat' dir='ltr'><strong>egregia</strong></span> <span class='ocrx_word' id='word_1_363' title='bbox 3128 2248 3328 2304; x_wconf 77' lang='lat' dir='ltr'><strong>virtute</strong></span> <span class='ocrx_word' id='word_1_364' title='bbox 3365 2265 3502 2318; x_wconf 68' lang='lat' dir='ltr'><strong>prte-</strong></span> 
     </span>
    </p>
   </div>
   <div class='ocr_carea' id='block_1_54' title="bbox 1927 2335 3496 2403">
    <p class='ocr_par' dir='ltr' id='par_1_54' title="bbox 1927 2335 3496 2403">
     <span class='ocr_line' id='line_1_54' title="bbox 1927 2335 3496 2403; baseline 0.007 -21"><span class='ocrx_word' id='word_1_365' title='bbox 1927 2341 2151 2397; x_wconf 88' lang='lat' dir='ltr'><strong>stantes,</strong></span> <span class='ocrx_word' id='word_1_366' title='bbox 2186 2345 2504 2400; x_wconf 84' lang='lat' dir='ltr'><strong>praesentem</strong></span> <span class='ocrx_word' id='word_1_367' title='bbox 2534 2335 2694 2388; x_wconf 82' lang='lat' dir='ltr'><strong>vitam</strong></span> <span class='ocrx_word' id='word_1_368' title='bbox 2719 2338 2992 2403; x_wconf 80' lang='lat' dir='ltr'><strong>excolunt,</strong></span> <span class='ocrx_word' id='word_1_369' title='bbox 3025 2337 3252 2392; x_wconf 88' lang='lat' dir='ltr'><strong>futuram</strong></span> <span class='ocrx_word' id='word_1_370' title='bbox 3289 2349 3496 2394; x_wconf 89' lang='lat' dir='ltr'><strong>serunt.</strong></span> 
     </span>
    </p>
   </div>
   <div class='ocr_carea' id='block_1_55' title="bbox 1927 2419 3502 2496">
    <p class='ocr_par' dir='ltr' id='par_1_55' title="bbox 1927 2419 3502 2496">
     <span class='ocr_line' id='line_1_55' title="bbox 1927 2419 3502 2496; baseline 0.005 -21"><span class='ocrx_word' id='word_1_371' title='bbox 1927 2419 2041 2476; x_wconf 78' lang='lat' dir='ltr'><strong>Nec</strong></span> <span class='ocrx_word' id='word_1_372' title='bbox 2093 2424 2267 2478; x_wconf 88' lang='lat' dir='ltr'><strong>solum</strong></span> <span class='ocrx_word' id='word_1_373' title='bbox 2320 2426 2535 2492; x_wconf 90' lang='lat' dir='ltr'><strong>copiosa</strong></span> <span class='ocrx_word' id='word_1_374' title='bbox 2593 2425 2783 2480; x_wconf 77' lang='lat' dir='ltr'><strong>horum</strong></span> <span class='ocrx_word' id='word_1_375' title='bbox 2828 2429 3094 2496; x_wconf 88' lang='lat' dir='ltr'><strong>exempla,</strong></span> <span class='ocrx_word' id='word_1_376' title='bbox 3144 2430 3502 2489; x_wconf 84' lang='lat' dir='ltr'><strong>verumetiam</strong></span> 
     </span>
    </p>
   </div>
   <div class='ocr_carea' id='block_1_56' title="bbox 1929 2515 3503 2588">
    <p class='ocr_par' dir='ltr' id='par_1_56' title="bbox 1929 2515 3503 2588">
     <span class='ocr_line' id='line_1_56' title="bbox 1929 2515 3503 2588; baseline 0.006 -23"><span class='ocrx_word' id='word_1_377' title='bbox 1929 2527 2122 2580; x_wconf 87' lang='lat' dir='ltr'><strong>magna</strong></span> <span class='ocrx_word' id='word_1_378' title='bbox 2163 2530 2266 2567; x_wconf 91' lang='lat' dir='ltr'><strong>non</strong></span> <span class='ocrx_word' id='word_1_379' title='bbox 2297 2515 2513 2569; x_wconf 86' lang='lat' dir='ltr'><strong>desunt.</strong></span> <span class='ocrx_word' id='word_1_380' title='bbox 2546 2515 2678 2570; x_wconf 84' lang='lat' dir='ltr'><strong>Nam</strong></span> <span class='ocrx_word' id='word_1_381' title='bbox 2726 2532 2845 2586; x_wconf 73' lang='lat' dir='ltr'><strong>qua:</strong></span> <span class='ocrx_word' id='word_1_382' title='bbox 2873 2519 3055 2572; x_wconf 88' lang='lat' dir='ltr'><strong>mundi</strong></span> <span class='ocrx_word' id='word_1_383' title='bbox 3103 2519 3379 2584; x_wconf 89' lang='lat' dir='ltr'><strong>nobilitas,</strong></span> <span class='ocrx_word' id='word_1_384' title='bbox 3411 2521 3503 2588; x_wconf 89' lang='lat' dir='ltr'><strong>qui</strong></span> 
     </span>
    </p>
   </div>
   <div class='ocr_carea' id='block_1_57' title="bbox 1927 2602 3500 2676">
    <p class='ocr_par' dir='ltr' id='par_1_57' title="bbox 1927 2602 3500 2676">
     <span class='ocr_line' id='line_1_57' title="bbox 1927 2602 3500 2676; baseline 0.003 -19"><span class='ocrx_word' id='word_1_385' title='bbox 1927 2602 2182 2666; x_wconf 85' lang='lat' dir='ltr'><strong>honores,</strong></span> <span class='ocrx_word' id='word_1_386' title='bbox 2211 2619 2330 2674; x_wconf 64' lang='lat' dir='ltr'><strong>quae</strong></span> <span class='ocrx_word' id='word_1_387' title='bbox 2351 2604 2604 2674; x_wconf 87' lang='lat' dir='ltr'><strong>dignitas,</strong></span> <span class='ocrx_word' id='word_1_388' title='bbox 2627 2622 2747 2675; x_wconf 65' lang='lat' dir='ltr'><strong>quae</strong></span> <span class='ocrx_word' id='word_1_389' title='bbox 2777 2607 3060 2675; x_wconf 78' lang='lat' dir='ltr'><strong>sapientia,</strong></span> <span class='ocrx_word' id='word_1_390' title='bbox 3083 2623 3200 2676; x_wconf 78' lang='lat' dir='ltr'><strong>quze</strong></span> <span class='ocrx_word' id='word_1_391' title='bbox 3227 2608 3500 2676; x_wconf 84' lang='lat' dir='ltr'><strong>facundia,</strong></span> 
     </span>
    </p>
   </div>
   <div class='ocr_carea' id='block_1_58' title="bbox 1927 2694 3503 2768">
    <p class='ocr_par' dir='ltr' id='par_1_58' title="bbox 1927 2694 3503 2768">
     <span class='ocr_line' id='line_1_58' title="bbox 1927 2694 3503 2768; baseline 0.006 -23"><span class='ocrx_word' id='word_1_392' title='bbox 1927 2709 2048 2762; x_wconf 70' lang='lat' dir='ltr'><strong>quae</strong></span> <span class='ocrx_word' id='word_1_393' title='bbox 2080 2694 2271 2749; x_wconf 69' lang='lat' dir='ltr'><strong>littera:</strong></span> <span class='ocrx_word' id='word_1_394' title='bbox 2301 2711 2406 2749; x_wconf 92' lang='lat' dir='ltr'><strong>non</strong></span> <span class='ocrx_word' id='word_1_395' title='bbox 2428 2711 2488 2750; x_wconf 89' lang='lat' dir='ltr'><strong>se</strong></span> <span class='ocrx_word' id='word_1_396' title='bbox 2511 2696 2620 2764; x_wconf 88' lang='lat' dir='ltr'><strong>jam</strong></span> <span class='ocrx_word' id='word_1_397' title='bbox 2651 2696 2717 2750; x_wconf 90' lang='lat' dir='ltr'><strong>ad</strong></span> <span class='ocrx_word' id='word_1_398' title='bbox 2748 2697 2886 2752; x_wconf 88' lang='lat' dir='ltr'><strong>hanc</strong></span> <span class='ocrx_word' id='word_1_399' title='bbox 2910 2701 3144 2753; x_wconf 77' lang='lat' dir='ltr'><strong>caelestis</strong></span> <span class='ocrx_word' id='word_1_400' title='bbox 3178 2701 3326 2768; x_wconf 89' lang='lat' dir='ltr'><strong>regni</strong></span> <span class='ocrx_word' id='word_1_401' title='bbox 3359 2701 3503 2754; x_wconf 82' lang='lat' dir='ltr'><strong>mili-</strong></span> 
     </span>
    </p>
   </div>
   <div class='ocr_carea' id='block_1_59' title="bbox 1933 2783 3496 2859">
    <p class='ocr_par' dir='ltr' id='par_1_59' title="bbox 1933 2783 3496 2859">
     <span class='ocr_line' id='line_1_59' title="bbox 1933 2783 3496 2859; baseline -0.003 -17"><span class='ocrx_word' id='word_1_402' title='bbox 1933 2788 2062 2842; x_wconf 88' lang='lat' dir='ltr'><strong>tiam</strong></span> <span class='ocrx_word' id='word_1_403' title='bbox 2081 2789 2627 2854; x_wconf 58' lang='lat' dir='ltr'><strong>contuleruntiQuze</strong></span> <span class='ocrx_word' id='word_1_404' title='bbox 2669 2788 2993 2850; x_wconf 86' lang='lat' dir='ltr'><strong>sublimitas,</strong></span> <span class='ocrx_word' id='word_1_405' title='bbox 3036 2804 3141 2840; x_wconf 89' lang='lat' dir='ltr'><strong>non</strong></span> <span class='ocrx_word' id='word_1_406' title='bbox 3183 2789 3292 2859; x_wconf 87' lang='lat' dir='ltr'><strong>jam</strong></span> <span class='ocrx_word' id='word_1_407' title='bbox 3339 2801 3398 2840; x_wconf 89' lang='lat' dir='ltr'><strong>se</strong></span> <span class='ocrx_word' id='word_1_408' title='bbox 3427 2783 3496 2838; x_wconf 87' lang='lat' dir='ltr'><strong>ad</strong></span> 
     </span>
    </p>
   </div>
   <div class='ocr_carea' id='block_1_60' title="bbox 1928 2877 3496 2950">
    <p class='ocr_par' dir='ltr' id='par_1_60' title="bbox 1928 2877 3496 2950">
     <span class='ocr_line' id='line_1_60' title="bbox 1928 2877 3496 2950; baseline 0 -16"><span class='ocrx_word' id='word_1_409' title='bbox 1928 2879 2072 2934; x_wconf 88' lang='lat' dir='ltr'><strong>istud</strong></span> <span class='ocrx_word' id='word_1_410' title='bbox 2094 2880 2209 2934; x_wconf 78' lang='lat' dir='ltr'><strong>leve</strong></span> <span class='ocrx_word' id='word_1_411' title='bbox 2236 2881 2458 2934; x_wconf 85' lang='lat' dir='ltr'><strong>caeleste</strong></span> <span class='ocrx_word' id='word_1_412' title='bbox 2478 2883 2664 2950; x_wconf 83' lang='lat' dir='ltr'><strong>jugum</strong></span> <span class='ocrx_word' id='word_1_413' title='bbox 2684 2878 2898 2948; x_wconf 80' lang='lat' dir='ltr'><strong>(Matth.</strong></span> <span class='ocrx_word' id='word_1_414' title='bbox 2920 2894 2992 2945; x_wconf 88' lang='lat' dir='ltr'><strong>xt,</strong></span> <span class='ocrx_word' id='word_1_415' title='bbox 3019 2879 3108 2948; x_wconf 79' lang='grc'><strong>50)</strong></span> <span class='ocrx_word' id='word_1_416' title='bbox 3136 2920 3152 2946; x_wconf 85' lang='grc'><em>,</em></span> <span class='ocrx_word' id='word_1_417' title='bbox 3188 2895 3310 2934; x_wconf 90' lang='lat' dir='ltr'><strong>cum</strong></span> <span class='ocrx_word' id='word_1_418' title='bbox 3343 2877 3496 2934; x_wconf 85' lang='lat' dir='ltr'><strong>dedi-</strong></span> 
     </span>
    </p>
   </div>
   <div class='ocr_carea' id='block_1_61' title="bbox 1930 2968 3502 3040">
    <p class='ocr_par' dir='ltr' id='par_1_61' title="bbox 1930 2968 3502 3040">
     <span class='ocr_line' id='line_1_61' title="bbox 1930 2968 3502 3040; baseline 0.003 -19"><span class='ocrx_word' id='word_1_419' title='bbox 1930 2968 2076 3022; x_wconf 84' lang='lat' dir='ltr'><strong>tione</strong></span> <span class='ocrx_word' id='word_1_420' title='bbox 2097 2969 2394 3023; x_wconf 85' lang='lat' dir='ltr'><strong>submittit?</strong></span> <span class='ocrx_word' id='word_1_421' title='bbox 2422 2971 2485 3023; x_wconf 84' lang='lat' dir='ltr'><strong>Et</strong></span> <span class='ocrx_word' id='word_1_422' title='bbox 2508 2986 2636 3024; x_wconf 89' lang='lat' dir='ltr'><strong>sane</strong></span> <span class='ocrx_word' id='word_1_423' title='bbox 2656 2985 2822 3039; x_wconf 87' lang='lat' dir='ltr'><strong>supra</strong></span> <span class='ocrx_word' id='word_1_424' title='bbox 2843 2987 3054 3025; x_wconf 89' lang='lat' dir='ltr'><strong>omnem</strong></span> <span class='ocrx_word' id='word_1_425' title='bbox 3078 2987 3314 3027; x_wconf 87' lang='lat' dir='ltr'><strong>errorem</strong></span> <span class='ocrx_word' id='word_1_426' title='bbox 3342 2984 3502 3040; x_wconf 88' lang='lat' dir='ltr'><strong>atque</strong></span> 
     </span>
    </p>
   </div>
   <div class='ocr_carea' id='block_1_62' title="bbox 1927 3059 3500 3134">
    <p class='ocr_par' dir='ltr' id='par_1_62' title="bbox 1927 3059 3500 3134">
     <span class='ocr_line' id='line_1_62' title="bbox 1927 3059 3500 3134; baseline 0.003 -21"><span class='ocrx_word' id='word_1_427' title='bbox 1927 3059 2284 3129; x_wconf 87' lang='lat' dir='ltr'><strong>ignorantiam</strong></span> <span class='ocrx_word' id='word_1_428' title='bbox 2314 3072 2413 3126; x_wconf 89' lang='lat' dir='ltr'><strong>est,</strong></span> <span class='ocrx_word' id='word_1_429' title='bbox 2445 3061 2784 3118; x_wconf 87' lang='lat' dir='ltr'><strong>dissimulare</strong></span> <span class='ocrx_word' id='word_1_430' title='bbox 2820 3079 3086 3133; x_wconf 88' lang='lat' dir='ltr'><strong>quemque</strong></span> <span class='ocrx_word' id='word_1_431' title='bbox 3118 3063 3387 3134; x_wconf 84' lang='lat' dir='ltr'><strong>negetium</strong></span> <span class='ocrx_word' id='word_1_432' title='bbox 3415 3080 3500 3117; x_wconf 83' lang='lat' dir='ltr'><strong>sa-</strong></span> 
     </span>
    </p>
   </div>
   <div class='ocr_carea' id='block_1_63' title="bbox 239 3141 3502 3228">
    <p class='ocr_par' dir='ltr' id='par_1_63' title="bbox 239 3141 3502 3228">
     <span class='ocr_line' id='line_1_63' title="bbox 239 3141 3502 3228; baseline 0 -15"><span class='ocrx_word' id='word_1_433' title='bbox 239 3159 506 3224; x_wconf 91' lang='lat' dir='ltr'><strong>honores,</strong></span> <span class='ocrx_word' id='word_1_434' title='bbox 537 3159 588 3212; x_wconf 91' lang='lat' dir='ltr'><strong>in</strong></span> <span class='ocrx_word' id='word_1_435' title='bbox 617 3161 868 3214; x_wconf 71' lang='lat' dir='ltr'><strong>cmlestes</strong></span> <span class='ocrx_word' id='word_1_436' title='bbox 897 3173 1049 3228; x_wconf 90' lang='lat' dir='ltr'><strong>opes,</strong></span> <span class='ocrx_word' id='word_1_437' title='bbox 1083 3170 1328 3212; x_wconf 90' lang='lat' dir='ltr'><strong>terrenos</strong></span> <span class='ocrx_word' id='word_1_438' title='bbox 1359 3158 1616 3222; x_wconf 89' lang='lat' dir='ltr'><strong>honores,</strong></span> <span class='ocrx_word' id='word_1_439' title='bbox 1653 3168 1820 3212; x_wconf 82' lang='lat' dir='ltr'><strong>terre-</strong></span> <span class='ocrx_word' id='word_1_440' title='bbox 1851 3141 1897 3207; x_wconf 85' lang='lat' dir='ltr'><strong>C</strong></span> <span class='ocrx_word' id='word_1_441' title='bbox 1929 3156 2054 3210; x_wconf 89' lang='lat' dir='ltr'><strong>Iutis</strong></span> <span class='ocrx_word' id='word_1_442' title='bbox 2083 3171 2216 3209; x_wconf 64' lang='lat' dir='ltr'><strong>suae.</strong></span> <span class='ocrx_word' id='word_1_443' title='bbox 2243 3156 2461 3211; x_wconf 83' lang='lat' dir='ltr'><strong>Passetn</strong></span> <span class='ocrx_word' id='word_1_444' title='bbox 2495 3157 2677 3224; x_wconf 87' lang='lat' dir='ltr'><strong>etiam,</strong></span> <span class='ocrx_word' id='word_1_445' title='bbox 2713 3158 2814 3212; x_wconf 90' lang='lat' dir='ltr'><strong>nisi</strong></span> <span class='ocrx_word' id='word_1_446' title='bbox 2844 3159 3060 3227; x_wconf 87' lang='lat' dir='ltr'><strong>longum</strong></span> <span class='ocrx_word' id='word_1_447' title='bbox 3103 3168 3269 3224; x_wconf 88' lang='lat' dir='ltr'><strong>esset,</strong></span> <span class='ocrx_word' id='word_1_448' title='bbox 3303 3160 3502 3216; x_wconf 87' lang='lat' dir='ltr'><strong>multos</strong></span> 
     </span>
    </p>
   </div>
   <div class='ocr_carea' id='block_1_64' title="bbox 239 3247 1822 3319">
    <p class='ocr_par' dir='ltr' id='par_1_64' title="bbox 239 3247 1822 3319">
     <span class='ocr_line' id='line_1_64' title="bbox 239 3247 1822 3319; baseline -0.001 -15"><span class='ocrx_word' id='word_1_449' title='bbox 239 3265 348 3304; x_wconf 83' lang='lat' dir='ltr'><strong>nas</strong></span> <span class='ocrx_word' id='word_1_450' title='bbox 375 3266 502 3319; x_wconf 89' lang='lat' dir='ltr'><strong>opes</strong></span> <span class='ocrx_word' id='word_1_451' title='bbox 533 3250 812 3304; x_wconf 86' lang='lat' dir='ltr'><strong>transfert:</strong></span> <span class='ocrx_word' id='word_1_452' title='bbox 841 3250 964 3304; x_wconf 92' lang='lat' dir='ltr'><strong>illuc</strong></span> <span class='ocrx_word' id='word_1_453' title='bbox 993 3251 1192 3318; x_wconf 89' lang='lat' dir='ltr'><strong>utique,</strong></span> <span class='ocrx_word' id='word_1_454' title='bbox 1221 3247 1312 3301; x_wconf 90' lang='lat' dir='ltr'><strong>ubi</strong></span> <span class='ocrx_word' id='word_1_455' title='bbox 1334 3249 1597 3304; x_wconf 87' lang='lat' dir='ltr'><strong>bonorum</strong></span> <span class='ocrx_word' id='word_1_456' title='bbox 1626 3264 1688 3303; x_wconf 88' lang='lat' dir='ltr'><strong>ac</strong></span> <span class='ocrx_word' id='word_1_457' title='bbox 1711 3263 1822 3303; x_wconf 86' lang='lat' dir='ltr'><strong>ma-</strong></span> 
     </span>
    </p>
   </div>
   <div class='ocr_carea' id='block_1_65' title="bbox 239 3339 1820 3410">
    <p class='ocr_par' dir='ltr' id='par_1_65' title="bbox 239 3339 1820 3410">
     <span class='ocr_line' id='line_1_65' title="bbox 239 3339 1820 3410; baseline 0 -16"><span class='ocrx_word' id='word_1_458' title='bbox 239 3342 420 3395; x_wconf 90' lang='lat' dir='ltr'><strong>lorum</strong></span> <span class='ocrx_word' id='word_1_459' title='bbox 449 3356 657 3394; x_wconf 90' lang='lat' dir='ltr'><strong>summa</strong></span> <span class='ocrx_word' id='word_1_460' title='bbox 701 3351 754 3396; x_wconf 89' lang='lat' dir='ltr'><strong>et</strong></span> <span class='ocrx_word' id='word_1_461' title='bbox 788 3339 1065 3395; x_wconf 89' lang='lat' dir='ltr'><strong>inconfusa</strong></span> <span class='ocrx_word' id='word_1_462' title='bbox 1097 3341 1351 3395; x_wconf 89' lang='lat' dir='ltr'><strong>discretio</strong></span> <span class='ocrx_word' id='word_1_463' title='bbox 1379 3353 1495 3396; x_wconf 86' lang='lat' dir='ltr'><strong>est:</strong></span> <span class='ocrx_word' id='word_1_464' title='bbox 1532 3341 1640 3404; x_wconf 93' lang='lat' dir='ltr'><strong>ubi,</strong></span> <span class='ocrx_word' id='word_1_465' title='bbox 1677 3339 1820 3410; x_wconf 89' lang='lat' dir='ltr'><strong>quod</strong></span> 
     </span>
    </p>
   </div>
   <div class='ocr_carea' id='block_1_66' title="bbox 235 3431 1823 3499">
    <p class='ocr_par' dir='ltr' id='par_1_66' title="bbox 235 3431 1823 3499">
     <span class='ocr_line' id='line_1_66' title="bbox 235 3431 1823 3499; baseline 0.001 -13"><span class='ocrx_word' id='word_1_466' title='bbox 235 3431 416 3486; x_wconf 82' lang='lat' dir='ltr'><strong>semel</strong></span> <span class='ocrx_word' id='word_1_467' title='bbox 453 3431 821 3499; x_wconf 87' lang='lat' dir='ltr'><strong>adipiscimur,</strong></span> <span class='ocrx_word' id='word_1_468' title='bbox 867 3445 1078 3499; x_wconf 90' lang='lat' dir='ltr'><strong>semper</strong></span> <span class='ocrx_word' id='word_1_469' title='bbox 1123 3440 1400 3487; x_wconf 86' lang='lat' dir='ltr'><strong>tenemus:</strong></span> <span class='ocrx_word' id='word_1_470' title='bbox 1442 3432 1526 3486; x_wconf 91' lang='lat' dir='ltr'><strong>ubi</strong></span> <span class='ocrx_word' id='word_1_471' title='bbox 1582 3433 1626 3486; x_wconf 87' lang='lat' dir='ltr'><strong>si</strong></span> <span class='ocrx_word' id='word_1_472' title='bbox 1670 3431 1823 3487; x_wconf 88' lang='lat' dir='ltr'><strong>locus</strong></span> 
     </span>
    </p>
   </div>
   <div class='ocr_carea' id='block_1_67' title="bbox 238 3524 1566 3587">
    <p class='ocr_par' dir='ltr' id='par_1_67' title="bbox 238 3524 1566 3587">
     <span class='ocr_line' id='line_1_67' title="bbox 238 3524 1566 3587; baseline -0.001 -9"><span class='ocrx_word' id='word_1_473' title='bbox 238 3525 527 3578; x_wconf 85' lang='lat' dir='ltr'><strong>obtinendi</strong></span> <span class='ocrx_word' id='word_1_474' title='bbox 557 3524 693 3579; x_wconf 91' lang='lat' dir='ltr'><strong>ullus</strong></span> <span class='ocrx_word' id='word_1_475' title='bbox 723 3524 902 3587; x_wconf 90' lang='lat' dir='ltr'><strong>fuerit,</strong></span> <span class='ocrx_word' id='word_1_476' title='bbox 928 3524 1205 3579; x_wconf 90' lang='lat' dir='ltr'><strong>amittendi</strong></span> <span class='ocrx_word' id='word_1_477' title='bbox 1235 3526 1414 3578; x_wconf 91' lang='lat' dir='ltr'><strong>nullus</strong></span> <span class='ocrx_word' id='word_1_478' title='bbox 1445 3525 1566 3580; x_wconf 90' lang='lat' dir='ltr'><strong>erit.</strong></span> 
     </span>
    </p>
   </div>
   <div class='ocr_carea' id='block_1_68' title="bbox 314 3613 1818 3685">
    <p class='ocr_par' dir='ltr' id='par_1_68' title="bbox 314 3613 1818 3685">
     <span class='ocr_line' id='line_1_68' title="bbox 314 3613 1818 3685; baseline -0.001 -16"><span class='ocrx_word' id='word_1_479' title='bbox 314 3613 422 3669; x_wconf 88' lang='lat' dir='ltr'><strong>Sed</strong></span> <span class='ocrx_word' id='word_1_480' title='bbox 446 3615 659 3684; x_wconf 91' lang='lat' dir='ltr'><strong>quando</strong></span> <span class='ocrx_word' id='word_1_481' title='bbox 711 3615 779 3670; x_wconf 90' lang='lat' dir='ltr'><strong>de</strong></span> <span class='ocrx_word' id='word_1_482' title='bbox 805 3615 974 3685; x_wconf 87' lang='lat' dir='ltr'><strong>fragili</strong></span> <span class='ocrx_word' id='word_1_483' title='bbox 1000 3616 1370 3684; x_wconf 89' lang='lat' dir='ltr'><strong>temporalium</strong></span> <span class='ocrx_word' id='word_1_484' title='bbox 1399 3616 1660 3670; x_wconf 90' lang='lat' dir='ltr'><strong>bonorum</strong></span> <span class='ocrx_word' id='word_1_485' title='bbox 1692 3629 1818 3682; x_wconf 87' lang='lat' dir='ltr'><strong>pos-</strong></span> 
     </span>
    </p>
   </div>
   <div class='ocr_carea' id='block_1_69' title="bbox 236 3705 1820 3775">
    <p class='ocr_par' dir='ltr' id='par_1_69' title="bbox 236 3705 1820 3775">
     <span class='ocr_line' id='line_1_69' title="bbox 236 3705 1820 3775; baseline -0.002 -13"><span class='ocrx_word' id='word_1_486' title='bbox 236 3708 489 3762; x_wconf 80' lang='lat' dir='ltr'><strong>sessione</strong></span> <span class='ocrx_word' id='word_1_487' title='bbox 517 3707 770 3774; x_wconf 79' lang='lat' dir='ltr'><strong>diximus,</strong></span> <span class='ocrx_word' id='word_1_488' title='bbox 803 3706 1002 3775; x_wconf 85' lang='lat' dir='ltr'><strong>aliquid</strong></span> <span class='ocrx_word' id='word_1_489' title='bbox 1026 3706 1184 3760; x_wconf 90' lang='lat' dir='ltr'><strong>etiam</strong></span> <span class='ocrx_word' id='word_1_490' title='bbox 1217 3706 1374 3759; x_wconf 90' lang='lat' dir='ltr'><strong>nobis</strong></span> <span class='ocrx_word' id='word_1_491' title='bbox 1400 3706 1467 3760; x_wconf 90' lang='lat' dir='ltr'><strong>de</strong></span> <span class='ocrx_word' id='word_1_492' title='bbox 1500 3705 1670 3773; x_wconf 92' lang='lat' dir='ltr'><strong>ipsius</strong></span> <span class='ocrx_word' id='word_1_493' title='bbox 1699 3705 1820 3759; x_wconf 61' lang='lat' dir='ltr'><strong>brea</strong></span> 
     </span>
    </p>
   </div>
   <div class='ocr_carea' id='block_1_70' title="bbox 236 3797 1820 3866">
    <p class='ocr_par' dir='ltr' id='par_1_70' title="bbox 236 3797 1820 3866">
     <span class='ocr_line' id='line_1_70' title="bbox 236 3797 1820 3866; baseline -0.002 -13"><span class='ocrx_word' id='word_1_494' title='bbox 236 3800 329 3853; x_wconf 88' lang='lat' dir='ltr'><strong>vis</strong></span> <span class='ocrx_word' id='word_1_495' title='bbox 358 3801 474 3852; x_wconf 79' lang='lat' dir='ltr'><strong>vite</strong></span> <span class='ocrx_word' id='word_1_496' title='bbox 496 3799 804 3854; x_wconf 90' lang='lat' dir='ltr'><strong>conditione</strong></span> <span class='ocrx_word' id='word_1_497' title='bbox 833 3797 1122 3853; x_wconf 88' lang='lat' dir='ltr'><strong>dicendum</strong></span> <span class='ocrx_word' id='word_1_498' title='bbox 1154 3807 1254 3852; x_wconf 91' lang='lat' dir='ltr'><strong>est.</strong></span> <span class='ocrx_word' id='word_1_499' title='bbox 1280 3798 1416 3864; x_wconf 86' lang='lat' dir='ltr'><strong>Quid</strong></span> <span class='ocrx_word' id='word_1_500' title='bbox 1447 3797 1820 3866; x_wconf 72' lang='lat' dir='ltr'><strong>istud,qu:eso,</strong></span> 
     </span>
    </p>
   </div>
   <div class='ocr_carea' id='block_1_71' title="bbox 236 3887 1822 3959">
    <p class='ocr_par' dir='ltr' id='par_1_71' title="bbox 236 3887 1822 3959">
     <span class='ocr_line' id='line_1_71' title="bbox 236 3887 1822 3959; baseline -0.002 -16"><span class='ocrx_word' id='word_1_501' title='bbox 236 3889 372 3959; x_wconf 88' lang='lat' dir='ltr'><strong>quid</strong></span> <span class='ocrx_word' id='word_1_502' title='bbox 397 3889 538 3943; x_wconf 76' lang='lat' dir='ltr'><strong>iszud</strong></span> <span class='ocrx_word' id='word_1_503' title='bbox 564 3889 690 3943; x_wconf 85' lang='lat' dir='ltr'><strong>est?</strong></span> <span class='ocrx_word' id='word_1_504' title='bbox 721 3889 862 3943; x_wconf 79' lang='lat' dir='ltr'><strong>Nihil</strong></span> <span class='ocrx_word' id='word_1_505' title='bbox 903 3891 970 3944; x_wconf 89' lang='lat' dir='ltr'><strong>ita</strong></span> <span class='ocrx_word' id='word_1_506' title='bbox 1003 3887 1240 3957; x_wconf 89' lang='lat' dir='ltr'><strong>quotidie</strong></span> <span class='ocrx_word' id='word_1_507' title='bbox 1265 3888 1530 3955; x_wconf 88' lang='lat' dir='ltr'><strong>homines,</strong></span> <span class='ocrx_word' id='word_1_508' title='bbox 1576 3899 1634 3943; x_wconf 90' lang='lat' dir='ltr'><strong>ut</strong></span> <span class='ocrx_word' id='word_1_509' title='bbox 1675 3903 1822 3942; x_wconf 85' lang='lat' dir='ltr'><strong>mor-</strong></span> 
     </span>
    </p>
   </div>
   <div class='ocr_carea' id='block_1_72' title="bbox 238 3979 1818 4049">
    <p class='ocr_par' dir='ltr' id='par_1_72' title="bbox 238 3979 1818 4049">
     <span class='ocr_line' id='line_1_72' title="bbox 238 3979 1818 4049; baseline 0 -17"><span class='ocrx_word' id='word_1_510' title='bbox 238 3990 356 4033; x_wconf 86' lang='lat' dir='ltr'><strong>tem</strong></span> <span class='ocrx_word' id='word_1_511' title='bbox 383 3980 602 4033; x_wconf 85' lang='lat' dir='ltr'><strong>vident:</strong></span> <span class='ocrx_word' id='word_1_512' title='bbox 632 3979 764 4033; x_wconf 91' lang='lat' dir='ltr'><strong>nihil</strong></span> <span class='ocrx_word' id='word_1_513' title='bbox 797 3981 865 4034; x_wconf 91' lang='lat' dir='ltr'><strong>ita</strong></span> <span class='ocrx_word' id='word_1_514' title='bbox 895 3979 1306 4045; x_wconf 90' lang='lat' dir='ltr'><strong>obliviscuntur,</strong></span> <span class='ocrx_word' id='word_1_515' title='bbox 1331 3990 1388 4033; x_wconf 91' lang='lat' dir='ltr'><strong>ut</strong></span> <span class='ocrx_word' id='word_1_516' title='bbox 1410 3988 1657 4033; x_wconf 90' lang='lat' dir='ltr'><strong>mortem.</strong></span> <span class='ocrx_word' id='word_1_517' title='bbox 1689 3981 1818 4049; x_wconf 81' lang='lat' dir='ltr'><strong>Agi-</strong></span> 
     </span>
    </p>
   </div>
   <div class='ocr_carea' id='block_1_73' title="bbox 236 4071 1820 4142">
    <p class='ocr_par' dir='ltr' id='par_1_73' title="bbox 236 4071 1820 4142">
     <span class='ocr_line' id='line_1_73' title="bbox 236 4071 1820 4142; baseline 0 -17"><span class='ocrx_word' id='word_1_518' title='bbox 236 4083 337 4126; x_wconf 84' lang='lat' dir='ltr'><strong>tur</strong></span> <span class='ocrx_word' id='word_1_519' title='bbox 381 4071 671 4126; x_wconf 88' lang='lat' dir='ltr'><strong>humanum</strong></span> <span class='ocrx_word' id='word_1_520' title='bbox 701 4088 874 4142; x_wconf 88' lang='lat' dir='ltr'><strong>genus</strong></span> <span class='ocrx_word' id='word_1_521' title='bbox 912 4072 1099 4141; x_wconf 89' lang='lat' dir='ltr'><strong>rapida</strong></span> <span class='ocrx_word' id='word_1_522' title='bbox 1145 4073 1196 4126; x_wconf 92' lang='lat' dir='ltr'><strong>in</strong></span> <span class='ocrx_word' id='word_1_523' title='bbox 1235 4087 1429 4127; x_wconf 87' lang='lat' dir='ltr'><strong>occasu</strong></span> <span class='ocrx_word' id='word_1_524' title='bbox 1469 4072 1820 4138; x_wconf 85' lang='lat' dir='ltr'><strong>mortalitate,</strong></span> 
     </span>
    </p>
   </div>
   <div class='ocr_carea' id='block_1_74' title="bbox 234 4165 1821 4235">
    <p class='ocr_par' dir='ltr' id='par_1_74' title="bbox 234 4165 1821 4235">
     <span class='ocr_line' id='line_1_74' title="bbox 234 4165 1821 4235; baseline 0.001 -16"><span class='ocrx_word' id='word_1_525' title='bbox 234 4166 528 4234; x_wconf 85' lang='lat' dir='ltr'><strong>omnisque</strong></span> <span class='ocrx_word' id='word_1_526' title='bbox 569 4165 855 4234; x_wconf 91' lang='lat' dir='ltr'><strong>posteritas</strong></span> <span class='ocrx_word' id='word_1_527' title='bbox 899 4165 1303 4220; x_wconf 74' lang='lat' dir='ltr'><strong>succedentium</strong></span> <span class='ocrx_word' id='word_1_528' title='bbox 1347 4166 1663 4220; x_wconf 68' lang='lat' dir='ltr'><strong>saeculorum</strong></span> <span class='ocrx_word' id='word_1_529' title='bbox 1703 4165 1821 4235; x_wconf 84' lang='lat' dir='ltr'><strong>lege</strong></span> 
     </span>
    </p>
   </div>
   <div class='ocr_carea' id='block_1_75' title="bbox 235 4257 1817 4326">
    <p class='ocr_par' dir='ltr' id='par_1_75' title="bbox 235 4257 1817 4326">
     <span class='ocr_line' id='line_1_75' title="bbox 235 4257 1817 4326; baseline -0.001 -14"><span class='ocrx_word' id='word_1_530' title='bbox 235 4257 503 4312; x_wconf 82' lang='lat' dir='ltr'><strong>decurrit.</strong></span> <span class='ocrx_word' id='word_1_531' title='bbox 536 4257 724 4312; x_wconf 88' lang='lat' dir='ltr'><strong>Patres</strong></span> <span class='ocrx_word' id='word_1_532' title='bbox 754 4258 924 4318; x_wconf 85' lang='lat' dir='ltr'><strong>nostri</strong></span> <span class='ocrx_word' id='word_1_533' title='bbox 956 4258 1354 4326; x_wconf 65' lang='lat' dir='ltr'><strong>praeterierunt,</strong></span> <span class='ocrx_word' id='word_1_534' title='bbox 1401 4273 1500 4312; x_wconf 88' lang='lat' dir='ltr'><strong>nos</strong></span> <span class='ocrx_word' id='word_1_535' title='bbox 1530 4258 1817 4324; x_wconf 90' lang='lat' dir='ltr'><strong>abibimus,</strong></span> 
     </span>
    </p>
   </div>
   <div class='ocr_carea' id='block_1_76' title="bbox 235 4351 1816 4422">
    <p class='ocr_par' dir='ltr' id='par_1_76' title="bbox 235 4351 1816 4422">
     <span class='ocr_line' id='line_1_76' title="bbox 235 4351 1816 4422; baseline 0.002 -21"><span class='ocrx_word' id='word_1_536' title='bbox 235 4351 450 4420; x_wconf 76' lang='lat' dir='ltr'><strong>posteri</strong></span> <span class='ocrx_word' id='word_1_537' title='bbox 499 4361 828 4422; x_wconf 88' lang='lat' dir='ltr'><strong>sequentur:</strong></span> <span class='ocrx_word' id='word_1_538' title='bbox 875 4351 1022 4406; x_wconf 92' lang='lat' dir='ltr'><strong>velut</strong></span> <span class='ocrx_word' id='word_1_539' title='bbox 1061 4367 1127 4406; x_wconf 87' lang='lat' dir='ltr'><strong>ex</strong></span> <span class='ocrx_word' id='word_1_540' title='bbox 1169 4352 1277 4405; x_wconf 89' lang='lat' dir='ltr'><strong>alto</strong></span> <span class='ocrx_word' id='word_1_541' title='bbox 1323 4351 1584 4405; x_wconf 90' lang='lat' dir='ltr'><strong>undarum</strong></span> <span class='ocrx_word' id='word_1_542' title='bbox 1620 4352 1816 4420; x_wconf 87' lang='lat' dir='ltr'><strong>jactus,</strong></span> 
     </span>
    </p>
   </div>
   <div class='ocr_carea' id='block_1_77' title="bbox 215 4441 1814 4527">
    <p class='ocr_par' dir='ltr' id='par_1_77' title="bbox 215 4441 1814 4527">
     <span class='ocr_line' id='line_1_77' title="bbox 215 4441 1814 4527; baseline -0.001 -32"><span class='ocrx_word' id='word_1_543' title='bbox 215 4443 369 4527; x_wconf 57' lang='lat' dir='ltr'><strong>,aliis</strong></span> <span class='ocrx_word' id='word_1_544' title='bbox 395 4452 553 4511; x_wconf 91' lang='lat' dir='ltr'><strong>atque</strong></span> <span class='ocrx_word' id='word_1_545' title='bbox 583 4443 704 4498; x_wconf 90' lang='lat' dir='ltr'><strong>aliis</strong></span> <span class='ocrx_word' id='word_1_546' title='bbox 731 4441 1256 4512; x_wconf 89' lang='lat' dir='ltr'><strong>supervenientibus,</strong></span> <span class='ocrx_word' id='word_1_547' title='bbox 1276 4443 1327 4496; x_wconf 92' lang='lat' dir='ltr'><strong>in</strong></span> <span class='ocrx_word' id='word_1_548' title='bbox 1350 4443 1544 4496; x_wconf 88' lang='lat' dir='ltr'><strong>littoris</strong></span> <span class='ocrx_word' id='word_1_549' title='bbox 1573 4452 1814 4497; x_wconf 87' lang='lat' dir='ltr'><strong>extrema</strong></span> 
     </span>
    </p>
   </div>
   <div class='ocr_carea' id='block_1_78' title="bbox 1926 3249 3503 3321">
    <p class='ocr_par' dir='ltr' id='par_1_78' title="bbox 1926 3249 3503 3321">
     <span class='ocr_line' id='line_1_78' title="bbox 1926 3249 3503 3321; baseline 0.004 -18"><span class='ocrx_word' id='word_1_550' title='bbox 1926 3264 1990 3303; x_wconf 81' lang='lat' dir='ltr'><strong>ex</strong></span> <span class='ocrx_word' id='word_1_551' title='bbox 2026 3249 2322 3302; x_wconf 88' lang='lat' dir='ltr'><strong>innumeris</strong></span> <span class='ocrx_word' id='word_1_552' title='bbox 2350 3249 2668 3303; x_wconf 88' lang='lat' dir='ltr'><strong>nominatim</strong></span> <span class='ocrx_word' id='word_1_553' title='bbox 2703 3261 2964 3316; x_wconf 80' lang='lat' dir='ltr'><strong>retexere,</strong></span> <span class='ocrx_word' id='word_1_554' title='bbox 2999 3251 3182 3321; x_wconf 89' lang='lat' dir='ltr'><strong>quanti</strong></span> <span class='ocrx_word' id='word_1_555' title='bbox 3214 3254 3265 3306; x_wconf 91' lang='lat' dir='ltr'><strong>in</strong></span> <span class='ocrx_word' id='word_1_556' title='bbox 3304 3255 3503 3313; x_wconf 73' lang='lat' dir='ltr'><strong>saeculo</strong></span> 
     </span>
    </p>
   </div>
   <div class='ocr_carea' id='block_1_79' title="bbox 1923 3339 3504 3400">
    <p class='ocr_par' dir='ltr' id='par_1_79' title="bbox 1923 3339 3504 3400">
     <span class='ocr_line' id='line_1_79' title="bbox 1923 3339 3504 3400; baseline 0.004 -7"><span class='ocrx_word' id='word_1_557' title='bbox 1923 3339 2206 3395; x_wconf 89' lang='lat' dir='ltr'><strong>illustrium</strong></span> <span class='ocrx_word' id='word_1_558' title='bbox 2235 3342 2470 3394; x_wconf 90' lang='lat' dir='ltr'><strong>virorum</strong></span> <span class='ocrx_word' id='word_1_559' title='bbox 2506 3341 2640 3396; x_wconf 87' lang='lat' dir='ltr'><strong>hanc</strong></span> <span class='ocrx_word' id='word_1_560' title='bbox 2677 3345 2966 3399; x_wconf 89' lang='lat' dir='ltr'><strong>arctiorem</strong></span> <span class='ocrx_word' id='word_1_561' title='bbox 2999 3344 3164 3398; x_wconf 88' lang='lat' dir='ltr'><strong>divini</strong></span> <span class='ocrx_word' id='word_1_562' title='bbox 3201 3346 3377 3399; x_wconf 91' lang='lat' dir='ltr'><strong>cultus</strong></span> <span class='ocrx_word' id='word_1_563' title='bbox 3407 3346 3504 3400; x_wconf 89' lang='lat' dir='ltr'><strong>ob-</strong></span> 
     </span>
    </p>
   </div>
   <div class='ocr_carea' id='block_1_80' title="bbox 1923 3433 3499 3505">
    <p class='ocr_par' dir='ltr' id='par_1_80' title="bbox 1923 3433 3499 3505">
     <span class='ocr_line' id='line_1_80' title="bbox 1923 3433 3499 3505; baseline 0.003 -19"><span class='ocrx_word' id='word_1_564' title='bbox 1923 3433 2273 3500; x_wconf 86' lang='lat' dir='ltr'><strong>servantiam,</strong></span> <span class='ocrx_word' id='word_1_565' title='bbox 2309 3433 2579 3502; x_wconf 77' lang='lat' dir='ltr'><strong>vitamque</strong></span> <span class='ocrx_word' id='word_1_566' title='bbox 2621 3435 2810 3490; x_wconf 88' lang='lat' dir='ltr'><strong>sectati</strong></span> <span class='ocrx_word' id='word_1_567' title='bbox 2855 3445 3265 3505; x_wconf 81' lang='lat' dir='ltr'><strong>suntzquorum</strong></span> <span class='ocrx_word' id='word_1_568' title='bbox 3319 3446 3499 3490; x_wconf 87' lang='lat' dir='ltr'><strong>tamen</strong></span> 
     </span>
    </p>
   </div>
   <div class='ocr_carea' id='block_1_81' title="bbox 1922 3525 3500 3595">
    <p class='ocr_par' dir='ltr' id='par_1_81' title="bbox 1922 3525 3500 3595">
     <span class='ocr_line' id='line_1_81' title="bbox 1922 3525 3500 3595; baseline 0.001 -18"><span class='ocrx_word' id='word_1_569' title='bbox 1922 3525 2190 3592; x_wconf 87' lang='lat' dir='ltr'><strong>exempla,</strong></span> <span class='ocrx_word' id='word_1_570' title='bbox 2222 3537 2289 3578; x_wconf 89' lang='lat' dir='ltr'><strong>ne</strong></span> <span class='ocrx_word' id='word_1_571' title='bbox 2318 3535 2506 3578; x_wconf 90' lang='lat' dir='ltr'><strong>cuncta</strong></span> <span class='ocrx_word' id='word_1_572' title='bbox 2540 3526 2752 3592; x_wconf 89' lang='lat' dir='ltr'><strong>penitus</strong></span> <span class='ocrx_word' id='word_1_573' title='bbox 2788 3525 3053 3590; x_wconf 90' lang='lat' dir='ltr'><strong>omittam,</strong></span> <span class='ocrx_word' id='word_1_574' title='bbox 3095 3529 3291 3579; x_wconf 89' lang='lat' dir='ltr'><strong>cursim</strong></span> <span class='ocrx_word' id='word_1_575' title='bbox 3332 3541 3500 3595; x_wconf 87' lang='lat' dir='ltr'><strong>pauca</strong></span> 
     </span>
    </p>
   </div>
   <div class='ocr_carea' id='block_1_82' title="bbox 1922 3614 2256 3669">
    <p class='ocr_par' dir='ltr' id='par_1_82' title="bbox 1922 3614 2256 3669">
     <span class='ocr_line' id='line_1_82' title="bbox 1922 3614 2256 3669; baseline 0.003 -1"><span class='ocrx_word' id='word_1_576' title='bbox 1922 3614 2256 3669; x_wconf 85' lang='lat' dir='ltr'><strong>subnectam.</strong></span> 
     </span>
    </p>
   </div>
   <div class='ocr_carea' id='block_1_83' title="bbox 1995 3702 3498 3777">
    <p class='ocr_par' dir='ltr' id='par_1_83' title="bbox 1995 3702 3498 3777">
     <span class='ocr_line' id='line_1_83' title="bbox 1995 3702 3498 3777; baseline 0.005 -20"><span class='ocrx_word' id='word_1_577' title='bbox 1995 3702 2244 3759; x_wconf 90' lang='lat' dir='ltr'><strong>Clemens</strong></span> <span class='ocrx_word' id='word_1_578' title='bbox 2272 3714 2483 3760; x_wconf 83' lang='lat' dir='ltr'><strong>vetusta</strong></span> <span class='ocrx_word' id='word_1_579' title='bbox 2515 3707 2760 3774; x_wconf 87' lang='lat' dir='ltr'><strong>prosapia</strong></span> <span class='ocrx_word' id='word_1_580' title='bbox 2792 3715 3124 3773; x_wconf 87' lang='lat' dir='ltr'><strong>senatorum,</strong></span> <span class='ocrx_word' id='word_1_581' title='bbox 3160 3716 3319 3777; x_wconf 88' lang='lat' dir='ltr'><strong>atque</strong></span> <span class='ocrx_word' id='word_1_582' title='bbox 3340 3709 3498 3764; x_wconf 87' lang='lat' dir='ltr'><strong>etiam</strong></span> 
     </span>
    </p>
   </div>
   <div class='ocr_carea' id='block_1_84' title="bbox 1924 3796 3502 3864">
    <p class='ocr_par' dir='ltr' id='par_1_84' title="bbox 1924 3796 3502 3864">
     <span class='ocr_line' id='line_1_84' title="bbox 1924 3796 3502 3864; baseline 0.003 -15"><span class='ocrx_word' id='word_1_583' title='bbox 1924 3809 1990 3849; x_wconf 77' lang='lat' dir='ltr'><strong>ex</strong></span> <span class='ocrx_word' id='word_1_584' title='bbox 2012 3797 2176 3864; x_wconf 89' lang='lat' dir='ltr'><strong>stirpe</strong></span> <span class='ocrx_word' id='word_1_585' title='bbox 2207 3796 2500 3859; x_wconf 63' lang='lat' dir='ltr'><strong>Caesarum,</strong></span> <span class='ocrx_word' id='word_1_586' title='bbox 2531 3797 2675 3850; x_wconf 92' lang='lat' dir='ltr'><strong>omni</strong></span> <span class='ocrx_word' id='word_1_587' title='bbox 2709 3796 2931 3851; x_wconf 90' lang='lat' dir='ltr'><strong>scientia</strong></span> <span class='ocrx_word' id='word_1_588' title='bbox 2955 3798 3208 3863; x_wconf 79' lang='lat' dir='ltr'><strong>refertus,</strong></span> <span class='ocrx_word' id='word_1_589' title='bbox 3233 3798 3502 3854; x_wconf 87' lang='lat' dir='ltr'><strong>omnium-</strong></span> 
     </span>
    </p>
   </div>
   <div class='ocr_carea' id='block_1_85' title="bbox 1924 3886 3500 3958">
    <p class='ocr_par' dir='ltr' id='par_1_85' title="bbox 1924 3886 3500 3958">
     <span class='ocr_line' id='line_1_85' title="bbox 1924 3886 3500 3958; baseline 0.006 -23"><span class='ocrx_word' id='word_1_590' title='bbox 1924 3900 2027 3955; x_wconf 88' lang='lat' dir='ltr'><strong>que</strong></span> <span class='ocrx_word' id='word_1_591' title='bbox 2067 3886 2364 3940; x_wconf 89' lang='lat' dir='ltr'><strong>liberalium</strong></span> <span class='ocrx_word' id='word_1_592' title='bbox 2404 3886 2599 3942; x_wconf 86' lang='lat' dir='ltr'><strong>artium</strong></span> <span class='ocrx_word' id='word_1_593' title='bbox 2633 3886 3012 3956; x_wconf 88' lang='lat' dir='ltr'><strong>perilissimus,</strong></span> <span class='ocrx_word' id='word_1_594' title='bbox 3047 3889 3114 3941; x_wconf 89' lang='lat' dir='ltr'><strong>ad</strong></span> <span class='ocrx_word' id='word_1_595' title='bbox 3163 3889 3298 3942; x_wconf 89' lang='lat' dir='ltr'><strong>hanc</strong></span> <span class='ocrx_word' id='word_1_596' title='bbox 3324 3889 3500 3958; x_wconf 86' lang='lat' dir='ltr'><strong>justo-</strong></span> 
     </span>
    </p>
   </div>
   <div class='ocr_carea' id='block_1_86' title="bbox 1924 3977 3500 4048">
    <p class='ocr_par' dir='ltr' id='par_1_86' title="bbox 1924 3977 3500 4048">
     <span class='ocr_line' id='line_1_86' title="bbox 1924 3977 3500 4048; baseline 0.004 -17"><span class='ocrx_word' id='word_1_597' title='bbox 1924 3993 2041 4031; x_wconf 90' lang='lat' dir='ltr'><strong>rum</strong></span> <span class='ocrx_word' id='word_1_598' title='bbox 2077 3977 2216 4031; x_wconf 83' lang='lat' dir='ltr'><strong>viam</strong></span> <span class='ocrx_word' id='word_1_599' title='bbox 2257 3977 2496 4043; x_wconf 74' lang='lat' dir='ltr'><strong>transiit;</strong></span> <span class='ocrx_word' id='word_1_600' title='bbox 2547 3979 2728 4048; x_wconf 90' lang='lat' dir='ltr'><strong>itaque</strong></span> <span class='ocrx_word' id='word_1_601' title='bbox 2751 3979 2913 4032; x_wconf 90' lang='lat' dir='ltr'><strong>etiam</strong></span> <span class='ocrx_word' id='word_1_602' title='bbox 2960 3979 3014 4034; x_wconf 94' lang='lat' dir='ltr'><strong>in</strong></span> <span class='ocrx_word' id='word_1_603' title='bbox 3061 3994 3122 4034; x_wconf 89' lang='lat' dir='ltr'><strong>ea</strong></span> <span class='ocrx_word' id='word_1_604' title='bbox 3173 3981 3500 4038; x_wconf 85' lang='lat' dir='ltr'><strong>excellenter</strong></span> 
     </span>
    </p>
   </div>
   <div class='ocr_carea' id='block_1_87' title="bbox 1922 4066 3498 4141">
    <p class='ocr_par' dir='ltr' id='par_1_87' title="bbox 1922 4066 3498 4141">
     <span class='ocr_line' id='line_1_87' title="bbox 1922 4066 3498 4141; baseline 0.003 -17"><span class='ocrx_word' id='word_1_605' title='bbox 1922 4066 2180 4136; x_wconf 76' lang='lat' dir='ltr'><strong>effloruit,</strong></span> <span class='ocrx_word' id='word_1_606' title='bbox 2211 4077 2268 4123; x_wconf 93' lang='lat' dir='ltr'><strong>ut</strong></span> <span class='ocrx_word' id='word_1_607' title='bbox 2295 4069 2524 4138; x_wconf 90' lang='lat' dir='ltr'><strong>principi</strong></span> <span class='ocrx_word' id='word_1_608' title='bbox 2550 4084 2763 4139; x_wconf 90' lang='lat' dir='ltr'><strong>quoque</strong></span> <span class='ocrx_word' id='word_1_609' title='bbox 2810 4072 3174 4141; x_wconf 88' lang='lat' dir='ltr'><strong>apostolorum</strong></span> <span class='ocrx_word' id='word_1_610' title='bbox 3215 4089 3498 4129; x_wconf 88' lang='lat' dir='ltr'><strong>successor</strong></span> 
     </span>
    </p>
   </div>
   <div class='ocr_carea' id='block_1_88' title="bbox 1922 4163 3496 4238">
    <p class='ocr_par' dir='ltr' id='par_1_88' title="bbox 1922 4163 3496 4238">
     <span class='ocr_line' id='line_1_88' title="bbox 1922 4163 3496 4238; baseline 0.005 -20"><span class='ocrx_word' id='word_1_611' title='bbox 1922 4165 2208 4219; x_wconf 88' lang='lat' dir='ltr'><strong>exstiterit.</strong></span> <span class='ocrx_word' id='word_1_612' title='bbox 2242 4163 2529 4234; x_wconf 88' lang='lat' dir='ltr'><strong>Gregorius</strong></span> <span class='ocrx_word' id='word_1_613' title='bbox 2566 4180 2596 4219; x_wconf 92' lang='lat' dir='ltr'><strong>e</strong></span> <span class='ocrx_word' id='word_1_614' title='bbox 2640 4165 2810 4220; x_wconf 91' lang='lat' dir='ltr'><strong>Ponto</strong></span> <span class='ocrx_word' id='word_1_615' title='bbox 2839 4167 3119 4230; x_wconf 88' lang='lat' dir='ltr'><strong>sacerdos,</strong></span> <span class='ocrx_word' id='word_1_616' title='bbox 3159 4167 3496 4238; x_wconf 84' lang='lat' dir='ltr'><strong>philosophia</strong></span> 
     </span>
    </p>
   </div>
   <div class='ocr_carea' id='block_1_89' title="bbox 1923 4257 3495 4330">
    <p class='ocr_par' dir='ltr' id='par_1_89' title="bbox 1923 4257 3495 4330">
     <span class='ocr_line' id='line_1_89' title="bbox 1923 4257 3495 4330; baseline 0.002 -17"><span class='ocrx_word' id='word_1_617' title='bbox 1923 4260 2128 4330; x_wconf 88' lang='lat' dir='ltr'><strong>primus</strong></span> <span class='ocrx_word' id='word_1_618' title='bbox 2164 4258 2303 4326; x_wconf 89' lang='lat' dir='ltr'><strong>apud</strong></span> <span class='ocrx_word' id='word_1_619' title='bbox 2349 4257 2602 4313; x_wconf 86' lang='lat' dir='ltr'><strong>mundum</strong></span> <span class='ocrx_word' id='word_1_620' title='bbox 2639 4267 2694 4314; x_wconf 90' lang='lat' dir='ltr'><strong>et</strong></span> <span class='ocrx_word' id='word_1_621' title='bbox 2723 4260 3029 4329; x_wconf 89' lang='lat' dir='ltr'><strong>eloquentia</strong></span> <span class='ocrx_word' id='word_1_622' title='bbox 3071 4272 3360 4327; x_wconf 66' lang='lat' dir='ltr'><strong>praestans;</strong></span> <span class='ocrx_word' id='word_1_623' title='bbox 3401 4263 3495 4316; x_wconf 91' lang='lat' dir='ltr'><strong>sed</strong></span> 
     </span>
    </p>
   </div>
   <div class='ocr_carea' id='block_1_90' title="bbox 1924 4350 3499 4419">
    <p class='ocr_par' dir='ltr' id='par_1_90' title="bbox 1924 4350 3499 4419">
     <span class='ocr_line' id='line_1_90' title="bbox 1924 4350 3499 4419; baseline 0.002 -15"><span class='ocrx_word' id='word_1_624' title='bbox 1924 4361 2107 4419; x_wconf 87' lang='lat' dir='ltr'><strong>postea</strong></span> <span class='ocrx_word' id='word_1_625' title='bbox 2155 4350 2327 4418; x_wconf 88' lang='lat' dir='ltr'><strong>major</strong></span> <span class='ocrx_word' id='word_1_626' title='bbox 2376 4351 2821 4419; x_wconf 69' lang='lat' dir='ltr'><strong>praestantiorque</strong></span> <span class='ocrx_word' id='word_1_627' title='bbox 2874 4352 3190 4418; x_wconf 85' lang='lat' dir='ltr'><strong>virtutibus,</strong></span> <span class='ocrx_word' id='word_1_628' title='bbox 3248 4353 3383 4408; x_wconf 90' lang='lat' dir='ltr'><strong>adeo</strong></span> <span class='ocrx_word' id='word_1_629' title='bbox 3442 4365 3499 4408; x_wconf 91' lang='lat' dir='ltr'><strong>ut</strong></span> 
     </span>
    </p>
   </div>
   <div class='ocr_carea' id='block_1_91' title="bbox 1923 4440 3500 4514">
    <p class='ocr_par' dir='ltr' id='par_1_91' title="bbox 1923 4440 3500 4514">
     <span class='ocr_line' id='line_1_91' title="bbox 1923 4440 3500 4514; baseline 0.002 -19"><span class='ocrx_word' id='word_1_630' title='bbox 1923 4442 2096 4514; x_wconf 92' lang='lat' dir='ltr'><strong>(sicut</strong></span> <span class='ocrx_word' id='word_1_631' title='bbox 2127 4442 2192 4496; x_wconf 90' lang='lat' dir='ltr'><strong>de</strong></span> <span class='ocrx_word' id='word_1_632' title='bbox 2229 4442 2330 4496; x_wconf 93' lang='lat' dir='ltr'><strong>hoc</strong></span> <span class='ocrx_word' id='word_1_633' title='bbox 2361 4441 2603 4494; x_wconf 63' lang='lat' dir='ltr'><strong>historia:</strong></span> <span class='ocrx_word' id='word_1_634' title='bbox 2647 4449 2845 4493; x_wconf 73' lang='lat' dir='ltr'><strong>nostrae</strong></span> <span class='ocrx_word' id='word_1_635' title='bbox 2888 4440 3020 4494; x_wconf 86' lang='lat' dir='ltr'><strong>fides</strong></span> <span class='ocrx_word' id='word_1_636' title='bbox 3061 4441 3322 4512; x_wconf 88' lang='lat' dir='ltr'><strong>loquitur)</strong></span> <span class='ocrx_word' id='word_1_637' title='bbox 3361 4443 3500 4498; x_wconf 87' lang='lat' dir='ltr'><strong>inter</strong></span> 
     </span>
    </p>
   </div>
   <div class='ocr_carea' id='block_1_92' title="bbox 236 4509 3500 4604">
    <p class='ocr_par' dir='ltr' id='par_1_92' title="bbox 236 4509 3500 4604">
     <span class='ocr_line' id='line_1_92' title="bbox 236 4509 3500 4604; baseline 0 -18"><span class='ocrx_word' id='word_1_638' title='bbox 236 4534 592 4604; x_wconf 78' lang='lat' dir='ltr'><strong>franguntur;</strong></span> <span class='ocrx_word' id='word_1_639' title='bbox 623 4535 692 4588; x_wconf 91' lang='lat' dir='ltr'><strong>ita</strong></span> <span class='ocrx_word' id='word_1_640' title='bbox 729 4537 781 4589; x_wconf 92' lang='lat' dir='ltr'><strong>in</strong></span> <span class='ocrx_word' id='word_1_641' title='bbox 827 4538 1118 4590; x_wconf 88' lang='lat' dir='ltr'><strong>terminum</strong></span> <span class='ocrx_word' id='word_1_642' title='bbox 1168 4536 1356 4590; x_wconf 88' lang='lat' dir='ltr'><strong>mortis</strong></span> <span class='ocrx_word' id='word_1_643' title='bbox 1394 4535 1665 4590; x_wconf 70' lang='lat' dir='ltr'><strong>succidua:</strong></span> <span class='ocrx_word' id='word_1_644' title='bbox 1697 4535 1818 4588; x_wconf 90' lang='lat' dir='ltr'><strong>alli-</strong></span> <span class='ocrx_word' id='word_1_645' title='bbox 1845 4509 1902 4572; x_wconf 77' lang='grc' dir='ltr'><strong>Ῑ)</strong></span> <span class='ocrx_word' id='word_1_646' title='bbox 1925 4536 2131 4601; x_wconf 84' lang='lat' dir='ltr'><strong>reliqua</strong></span> <span class='ocrx_word' id='word_1_647' title='bbox 2161 4532 2550 4587; x_wconf 87' lang='lat' dir='ltr'><strong>admirabilium</strong></span> <span class='ocrx_word' id='word_1_648' title='bbox 2577 4532 2726 4601; x_wconf 86' lang='lat' dir='ltr'><strong>signa</strong></span> <span class='ocrx_word' id='word_1_649' title='bbox 2753 4531 3090 4598; x_wconf 89' lang='lat' dir='ltr'><strong>meritorum,</strong></span> <span class='ocrx_word' id='word_1_650' title='bbox 3130 4533 3373 4602; x_wconf 91' lang='lat' dir='ltr'><strong>precibus</strong></span> <span class='ocrx_word' id='word_1_651' title='bbox 3402 4533 3500 4588; x_wconf 87' lang='lat' dir='ltr'><strong>htt-</strong></span> 
     </span>
    </p>
   </div>
   <div class='ocr_carea' id='block_1_93' title="bbox 236 4623 3496 4696">
    <p class='ocr_par' dir='ltr' id='par_1_93' title="bbox 236 4623 3496 4696">
     <span class='ocr_line' id='line_1_93' title="bbox 236 4623 3496 4696; baseline -0 -18"><span class='ocrx_word' id='word_1_652' title='bbox 236 4625 446 4680; x_wconf 90' lang='lat' dir='ltr'><strong>duntur</strong></span> <span class='ocrx_word' id='word_1_653' title='bbox 471 4637 676 4680; x_wconf 68' lang='lat' dir='ltr'><strong>anates.</strong></span> <span class='ocrx_word' id='word_1_654' title='bbox 713 4628 838 4681; x_wconf 66' lang='lat' dir='ltr'><strong>Haec</strong></span> <span class='ocrx_word' id='word_1_655' title='bbox 867 4644 964 4681; x_wconf 90' lang='lat' dir='ltr'><strong>nos</strong></span> <span class='ocrx_word' id='word_1_656' title='bbox 1008 4627 1373 4682; x_wconf 89' lang='lat' dir='ltr'><strong>consideratio</strong></span> <span class='ocrx_word' id='word_1_657' title='bbox 1416 4628 1604 4682; x_wconf 89' lang='lat' dir='ltr'><strong>diebus</strong></span> <span class='ocrx_word' id='word_1_658' title='bbox 1634 4642 1696 4680; x_wconf 91' lang='lat' dir='ltr'><strong>ac</strong></span> <span class='ocrx_word' id='word_1_659' title='bbox 1724 4642 1821 4682; x_wconf 92' lang='lat' dir='ltr'><strong>no-</strong></span> <span class='ocrx_word' id='word_1_660' title='bbox 1916 4627 2007 4696; x_wconf 89' lang='lat' dir='ltr'><strong>jus</strong></span> <span class='ocrx_word' id='word_1_661' title='bbox 2033 4637 2191 4695; x_wconf 86' lang='lat' dir='ltr'><strong>atque</strong></span> <span class='ocrx_word' id='word_1_662' title='bbox 2219 4625 2552 4680; x_wconf 89' lang='lat' dir='ltr'><strong>orationibus</strong></span> <span class='ocrx_word' id='word_1_663' title='bbox 2574 4638 2728 4678; x_wconf 89' lang='lat' dir='ltr'><strong>mons</strong></span> <span class='ocrx_word' id='word_1_664' title='bbox 2755 4623 3021 4678; x_wconf 90' lang='lat' dir='ltr'><strong>referatur</strong></span> <span class='ocrx_word' id='word_1_665' title='bbox 3054 4625 3376 4688; x_wconf 87' lang='lat' dir='ltr'><strong>secessisse,</strong></span> <span class='ocrx_word' id='word_1_666' title='bbox 3417 4625 3496 4678; x_wconf 76' lang='lat' dir='ltr'><strong>lu-</strong></span> 
     </span>
    </p>
   </div>
   <div class='ocr_carea' id='block_1_94' title="bbox 236 4717 1822 4783">
    <p class='ocr_par' dir='ltr' id='par_1_94' title="bbox 236 4717 1822 4783">
     <span class='ocr_line' id='line_1_94' title="bbox 236 4717 1822 4783; baseline 0.003 -14"><span class='ocrx_word' id='word_1_667' title='bbox 236 4718 440 4783; x_wconf 90' lang='lat' dir='ltr'><strong>ctibus,</strong></span> <span class='ocrx_word' id='word_1_668' title='bbox 474 4719 590 4771; x_wconf 68' lang='lat' dir='ltr'><strong>haec</strong></span> <span class='ocrx_word' id='word_1_669' title='bbox 615 4733 708 4772; x_wconf 92' lang='lat' dir='ltr'><strong>nos</strong></span> <span class='ocrx_word' id='word_1_670' title='bbox 731 4717 1055 4772; x_wconf 87' lang='lat' dir='ltr'><strong>conditionis</strong></span> <span class='ocrx_word' id='word_1_671' title='bbox 1077 4727 1277 4772; x_wconf 63' lang='lat' dir='ltr'><strong>nostra;</strong></span> <span class='ocrx_word' id='word_1_672' title='bbox 1300 4720 1556 4772; x_wconf 88' lang='lat' dir='ltr'><strong>memoria</strong></span> <span class='ocrx_word' id='word_1_673' title='bbox 1583 4717 1822 4774; x_wconf 83' lang='lat' dir='ltr'><strong>circum-</strong></span> 
     </span>
    </p>
   </div>
   <div class='ocr_carea' id='block_1_95' title="bbox 237 4810 1818 4881">
    <p class='ocr_par' dir='ltr' id='par_1_95' title="bbox 237 4810 1818 4881">
     <span class='ocr_line' id='line_1_95' title="bbox 237 4810 1818 4881; baseline 0.001 -19"><span class='ocrx_word' id='word_1_674' title='bbox 237 4819 468 4878; x_wconf 86' lang='lat' dir='ltr'><strong>strepat.</strong></span> <span class='ocrx_word' id='word_1_675' title='bbox 502 4810 746 4864; x_wconf 90' lang='lat' dir='ltr'><strong>Debitum</strong></span> <span class='ocrx_word' id='word_1_676' title='bbox 778 4813 901 4864; x_wconf 64' lang='lat' dir='ltr'><strong>vita:</strong></span> <span class='ocrx_word' id='word_1_677' title='bbox 935 4811 1092 4865; x_wconf 90' lang='lat' dir='ltr'><strong>linem</strong></span> <span class='ocrx_word' id='word_1_678' title='bbox 1137 4811 1247 4880; x_wconf 89' lang='lat' dir='ltr'><strong>jam</strong></span> <span class='ocrx_word' id='word_1_679' title='bbox 1275 4812 1496 4881; x_wconf 89' lang='lat' dir='ltr'><strong>jamque</strong></span> <span class='ocrx_word' id='word_1_680' title='bbox 1525 4811 1818 4866; x_wconf 83' lang='lat' dir='ltr'><strong>affuturum</strong></span> 
     </span>
    </p>
   </div>
   <div class='ocr_carea' id='block_1_96' title="bbox 237 4901 1817 4971">
    <p class='ocr_par' dir='ltr' id='par_1_96' title="bbox 237 4901 1817 4971">
     <span class='ocr_line' id='line_1_96' title="bbox 237 4901 1817 4971; baseline 0.003 -20"><span class='ocrx_word' id='word_1_681' title='bbox 237 4912 528 4970; x_wconf 79' lang='lat' dir='ltr'><strong>putemus;</strong></span> <span class='ocrx_word' id='word_1_682' title='bbox 577 4903 665 4970; x_wconf 88' lang='lat' dir='ltr'><strong>qui</strong></span> <span class='ocrx_word' id='word_1_683' title='bbox 715 4903 872 4955; x_wconf 84' lang='lat' dir='ltr'><strong>nobis</strong></span> <span class='ocrx_word' id='word_1_684' title='bbox 926 4911 1073 4956; x_wconf 88' lang='lat' dir='ltr'><strong>tanto</strong></span> <span class='ocrx_word' id='word_1_685' title='bbox 1136 4902 1303 4971; x_wconf 86' lang='lat' dir='ltr'><strong>magis</strong></span> <span class='ocrx_word' id='word_1_686' title='bbox 1347 4901 1817 4970; x_wconf 86' lang='lat' dir='ltr'><strong>apprOpinquabit,</strong></span> 
     </span>
    </p>
   </div>
   <div class='ocr_carea' id='block_1_97' title="bbox 237 4992 1821 5065">
    <p class='ocr_par' dir='ltr' id='par_1_97' title="bbox 237 4992 1821 5065">
     <span class='ocr_line' id='line_1_97' title="bbox 237 4992 1821 5065; baseline 0.001 -19"><span class='ocrx_word' id='word_1_687' title='bbox 237 5007 442 5062; x_wconf 87' lang='lat' dir='ltr'><strong>quanto</strong></span> <span class='ocrx_word' id='word_1_688' title='bbox 469 4996 636 5065; x_wconf 86' lang='lat' dir='ltr'><strong>magis</strong></span> <span class='ocrx_word' id='word_1_689' title='bbox 657 4996 886 5051; x_wconf 87' lang='lat' dir='ltr'><strong>distulit.</strong></span> <span class='ocrx_word' id='word_1_690' title='bbox 924 4994 1164 5049; x_wconf 75' lang='lat' dir='ltr'><strong>Vicinum</strong></span> <span class='ocrx_word' id='word_1_691' title='bbox 1197 5009 1478 5063; x_wconf 88' lang='lat' dir='ltr'><strong>speremus</strong></span> <span class='ocrx_word' id='word_1_692' title='bbox 1508 4992 1678 5057; x_wconf 84' lang='lat' dir='ltr'><strong>diem,</strong></span> <span class='ocrx_word' id='word_1_693' title='bbox 1703 4993 1821 5048; x_wconf 87' lang='lat' dir='ltr'><strong>lon—</strong></span> 
     </span>
    </p>
   </div>
   <div class='ocr_carea' id='block_1_98' title="bbox 235 5084 1818 5156">
    <p class='ocr_par' dir='ltr' id='par_1_98' title="bbox 235 5084 1818 5156">
     <span class='ocr_line' id='line_1_98' title="bbox 235 5084 1818 5156; baseline 0.001 -19"><span class='ocrx_word' id='word_1_694' title='bbox 235 5087 495 5156; x_wconf 85' lang='lat' dir='ltr'><strong>ginquum</strong></span> <span class='ocrx_word' id='word_1_695' title='bbox 545 5102 666 5140; x_wconf 85' lang='lat' dir='ltr'><strong>esse</strong></span> <span class='ocrx_word' id='word_1_696' title='bbox 705 5090 991 5140; x_wconf 87' lang='lat' dir='ltr'><strong>nescimus.</strong></span> <span class='ocrx_word' id='word_1_697' title='bbox 1032 5086 1409 5152; x_wconf 75' lang='lat' dir='ltr'><strong>Prwparemus.</strong></span> <span class='ocrx_word' id='word_1_698' title='bbox 1457 5093 1514 5137; x_wconf 88' lang='lat' dir='ltr'><strong>ut</strong></span> <span class='ocrx_word' id='word_1_699' title='bbox 1560 5084 1818 5152; x_wconf 86' lang='lat' dir='ltr'><strong>scriptum</strong></span> 
     </span>
    </p>
   </div>
   <div class='ocr_carea' id='block_1_99' title="bbox 238 5173 1822 5246">
    <p class='ocr_par' dir='ltr' id='par_1_99' title="bbox 238 5173 1822 5246">
     <span class='ocr_line' id='line_1_99' title="bbox 238 5173 1822 5246; baseline -0.001 -17"><span class='ocrx_word' id='word_1_700' title='bbox 238 5188 342 5237; x_wconf 77' lang='lat' dir='ltr'><strong>est,</strong></span> <span class='ocrx_word' id='word_1_701' title='bbox 375 5180 440 5229; x_wconf 87' lang='lat' dir='ltr'><strong>ad</strong></span> <span class='ocrx_word' id='word_1_702' title='bbox 469 5179 661 5230; x_wconf 76' lang='lat' dir='ltr'><strong>exitum</strong></span> <span class='ocrx_word' id='word_1_703' title='bbox 705 5179 810 5231; x_wconf 81' lang='lat' dir='ltr'><strong>vias</strong></span> <span class='ocrx_word' id='word_1_704' title='bbox 859 5189 1056 5231; x_wconf 83' lang='lat' dir='ltr'><strong>nostras</strong></span> <span class='ocrx_word' id='word_1_705' title='bbox 1091 5175 1251 5246; x_wconf 73' lang='lat' dir='ltr'><strong>(Mal.</strong></span> <span class='ocrx_word' id='word_1_706' title='bbox 1285 5191 1364 5241; x_wconf 83' lang='grc' dir='ltr'><strong>ιη,</strong></span> <span class='ocrx_word' id='word_1_707' title='bbox 1408 5175 1484 5242; x_wconf 84' lang='grc'><strong>1).</strong></span> <span class='ocrx_word' id='word_1_708' title='bbox 1525 5173 1582 5231; x_wconf 87' lang='lat' dir='ltr'><strong>Si</strong></span> <span class='ocrx_word' id='word_1_709' title='bbox 1621 5175 1822 5244; x_wconf 86' lang='lat' dir='ltr'><strong>cogita-</strong></span> 
     </span>
    </p>
   </div>
   <div class='ocr_carea' id='block_1_100' title="bbox 239 5269 1823 5336">
    <p class='ocr_par' dir='ltr' id='par_1_100' title="bbox 239 5269 1823 5336">
     <span class='ocr_line' id='line_1_100' title="bbox 239 5269 1823 5336; baseline 0.002 -15"><span class='ocrx_word' id='word_1_710' title='bbox 239 5286 360 5322; x_wconf 84' lang='lat' dir='ltr'><strong>mus</strong></span> <span class='ocrx_word' id='word_1_711' title='bbox 400 5274 524 5333; x_wconf 87' lang='lat' dir='ltr'><strong>ista,</strong></span> <span class='ocrx_word' id='word_1_712' title='bbox 571 5273 613 5324; x_wconf 91' lang='lat' dir='ltr'><strong>si</strong></span> <span class='ocrx_word' id='word_1_713' title='bbox 655 5273 753 5324; x_wconf 87' lang='lat' dir='ltr'><strong>ista</strong></span> <span class='ocrx_word' id='word_1_714' title='bbox 800 5272 1141 5336; x_wconf 84' lang='lat' dir='ltr'><strong>meditantur,</strong></span> <span class='ocrx_word' id='word_1_715' title='bbox 1182 5287 1285 5324; x_wconf 89' lang='lat' dir='ltr'><strong>non</strong></span> <span class='ocrx_word' id='word_1_716' title='bbox 1326 5269 1635 5324; x_wconf 89' lang='lat' dir='ltr'><strong>timebimus</strong></span> <span class='ocrx_word' id='word_1_717' title='bbox 1675 5285 1823 5324; x_wconf 85' lang='lat' dir='ltr'><strong>mor-</strong></span> 
     </span>
    </p>
   </div>
   <div class='ocr_carea' id='block_1_101' title="bbox 239 5358 1820 5432">
    <p class='ocr_par' dir='ltr' id='par_1_101' title="bbox 239 5358 1820 5432">
     <span class='ocr_line' id='line_1_101' title="bbox 239 5358 1820 5432; baseline -0.001 -18"><span class='ocrx_word' id='word_1_718' title='bbox 239 5371 370 5426; x_wconf 86' lang='lat' dir='ltr'><strong>tem,</strong></span> <span class='ocrx_word' id='word_1_719' title='bbox 394 5363 652 5416; x_wconf 88' lang='lat' dir='ltr'><strong>timendo.</strong></span> <span class='ocrx_word' id='word_1_720' title='bbox 685 5364 855 5426; x_wconf 76' lang='lat' dir='ltr'><strong>Beati,</strong></span> <span class='ocrx_word' id='word_1_721' title='bbox 884 5365 971 5432; x_wconf 90' lang='lat' dir='ltr'><strong>qui</strong></span> <span class='ocrx_word' id='word_1_722' title='bbox 1000 5378 1095 5416; x_wconf 87' lang='lat' dir='ltr'><strong>vos</strong></span> <span class='ocrx_word' id='word_1_723' title='bbox 1114 5365 1220 5430; x_wconf 86' lang='lat' dir='ltr'><strong>jam</strong></span> <span class='ocrx_word' id='word_1_724' title='bbox 1246 5359 1637 5416; x_wconf 86' lang='lat' dir='ltr'><strong>reconciliastis</strong></span> <span class='ocrx_word' id='word_1_725' title='bbox 1662 5358 1820 5414; x_wconf 68' lang='lat' dir='ltr'><strong>Chrio</strong></span> 
     </span>
    </p>
   </div>
   <div class='ocr_carea' id='block_1_102' title="bbox 236 5451 1820 5522">
    <p class='ocr_par' dir='ltr' id='par_1_102' title="bbox 236 5451 1820 5522">
     <span class='ocr_line' id='line_1_102' title="bbox 236 5451 1820 5522; baseline -0.001 -16"><span class='ocrx_word' id='word_1_726' title='bbox 236 5461 348 5506; x_wconf 80' lang='lat' dir='ltr'><strong>sto.</strong></span> <span class='ocrx_word' id='word_1_727' title='bbox 379 5451 492 5506; x_wconf 82' lang='lat' dir='ltr'><strong>Non</strong></span> <span class='ocrx_word' id='word_1_728' title='bbox 528 5470 749 5521; x_wconf 79' lang='lat' dir='ltr'><strong>magnus</strong></span> <span class='ocrx_word' id='word_1_729' title='bbox 777 5455 967 5508; x_wconf 89' lang='lat' dir='ltr'><strong>mortis</strong></span> <span class='ocrx_word' id='word_1_730' title='bbox 990 5457 1125 5508; x_wconf 89' lang='lat' dir='ltr'><strong>istos</strong></span> <span class='ocrx_word' id='word_1_731' title='bbox 1156 5455 1311 5506; x_wconf 88' lang='lat' dir='ltr'><strong>timor</strong></span> <span class='ocrx_word' id='word_1_732' title='bbox 1337 5452 1574 5517; x_wconf 86' lang='lat' dir='ltr'><strong>infestat,</strong></span> <span class='ocrx_word' id='word_1_733' title='bbox 1601 5452 1820 5522; x_wconf 87' lang='lat' dir='ltr'><strong>quijam</strong></span> 
     </span>
    </p>
   </div>
   <div class='ocr_carea' id='block_1_103' title="bbox 248 5543 1820 5615">
    <p class='ocr_par' dir='ltr' id='par_1_103' title="bbox 248 5543 1820 5615">
     <span class='ocr_line' id='line_1_103' title="bbox 248 5543 1820 5615; baseline 0.001 -19"><span class='ocrx_word' id='word_1_734' title='bbox 248 5545 460 5600; x_wconf 68' lang='lat' dir='ltr'><strong>dissolvi</strong></span> <span class='ocrx_word' id='word_1_735' title='bbox 495 5557 690 5615; x_wconf 82' lang='lat' dir='ltr'><strong>optant,</strong></span> <span class='ocrx_word' id='word_1_736' title='bbox 741 5557 790 5598; x_wconf 80' lang='lat' dir='ltr'><strong>et</strong></span> <span class='ocrx_word' id='word_1_737' title='bbox 837 5563 941 5599; x_wconf 77' lang='lat' dir='ltr'><strong>esse</strong></span> <span class='ocrx_word' id='word_1_738' title='bbox 986 5563 1103 5600; x_wconf 86' lang='lat' dir='ltr'><strong>cum</strong></span> <span class='ocrx_word' id='word_1_739' title='bbox 1130 5545 1333 5597; x_wconf 79' lang='lat' dir='ltr'><strong>Christo</strong></span> <span class='ocrx_word' id='word_1_740' title='bbox 1384 5543 1579 5614; x_wconf 84' lang='lat' dir='ltr'><strong>(Phil.,</strong></span> <span class='ocrx_word' id='word_1_741' title='bbox 1616 5543 1693 5610; x_wconf 89' lang='lat' dir='ltr'><strong>t);</strong></span> <span class='ocrx_word' id='word_1_742' title='bbox 1730 5545 1820 5609; x_wconf 84' lang='lat' dir='ltr'><strong>qui</strong></span> 
     </span>
    </p>
   </div>
   <div class='ocr_carea' id='block_1_104' title="bbox 239 5635 1821 5704">
    <p class='ocr_par' dir='ltr' id='par_1_104' title="bbox 239 5635 1821 5704">
     <span class='ocr_line' id='line_1_104' title="bbox 239 5635 1821 5704; baseline -0.001 -15"><span class='ocrx_word' id='word_1_743' title='bbox 239 5647 508 5691; x_wconf 85' lang='lat' dir='ltr'><strong>summum</strong></span> <span class='ocrx_word' id='word_1_744' title='bbox 543 5638 664 5692; x_wconf 61' lang='lat' dir='ltr'><strong>vita</strong></span> <span class='ocrx_word' id='word_1_745' title='bbox 704 5640 856 5692; x_wconf 87' lang='lat' dir='ltr'><strong>istius</strong></span> <span class='ocrx_word' id='word_1_746' title='bbox 887 5639 1050 5698; x_wconf 77' lang='lat' dir='ltr'><strong>diem,</strong></span> <span class='ocrx_word' id='word_1_747' title='bbox 1079 5637 1189 5704; x_wconf 90' lang='lat' dir='ltr'><strong>jam</strong></span> <span class='ocrx_word' id='word_1_748' title='bbox 1239 5637 1426 5703; x_wconf 81' lang='lat' dir='ltr'><strong>parati,</strong></span> <span class='ocrx_word' id='word_1_749' title='bbox 1479 5636 1585 5702; x_wconf 86' lang='lat' dir='ltr'><strong>jam</strong></span> <span class='ocrx_word' id='word_1_750' title='bbox 1632 5635 1821 5701; x_wconf 85' lang='lat' dir='ltr'><strong>quieti,</strong></span> 
     </span>
    </p>
   </div>
   <div class='ocr_carea' id='block_1_105' title="bbox 237 5723 1821 5800">
    <p class='ocr_par' dir='ltr' id='par_1_105' title="bbox 237 5723 1821 5800">
     <span class='ocr_line' id='line_1_105' title="bbox 237 5723 1821 5800; baseline -0.003 -16"><span class='ocrx_word' id='word_1_751' title='bbox 237 5728 299 5784; x_wconf 79' lang='lat' dir='ltr'><strong>in</strong></span> <span class='ocrx_word' id='word_1_752' title='bbox 345 5723 565 5787; x_wconf 84' lang='lat' dir='ltr'><strong>silentio</strong></span> <span class='ocrx_word' id='word_1_753' title='bbox 608 5739 945 5800; x_wconf 77' lang='lat' dir='ltr'><strong>exspectant.</strong></span> <span class='ocrx_word' id='word_1_754' title='bbox 987 5728 1104 5782; x_wconf 84' lang='lat' dir='ltr'><strong>Non</strong></span> <span class='ocrx_word' id='word_1_755' title='bbox 1159 5727 1303 5783; x_wconf 86' lang='lat' dir='ltr'><strong>enim</strong></span> <span class='ocrx_word' id='word_1_756' title='bbox 1355 5726 1584 5780; x_wconf 88' lang='lat' dir='ltr'><strong>multum</strong></span> <span class='ocrx_word' id='word_1_757' title='bbox 1637 5728 1821 5794; x_wconf 74' lang='lat' dir='ltr'><strong>refert,</strong></span> 
     </span>
    </p>
   </div>
   <div class='ocr_carea' id='block_1_106' title="bbox 1922 4713 3498 4782">
    <p class='ocr_par' dir='ltr' id='par_1_106' title="bbox 1922 4713 3498 4782">
     <span class='ocr_line' id='line_1_106' title="bbox 1922 4713 3498 4782; baseline -0.002 -11"><span class='ocrx_word' id='word_1_758' title='bbox 1922 4731 2018 4771; x_wconf 91' lang='lat' dir='ltr'><strong>cus</strong></span> <span class='ocrx_word' id='word_1_759' title='bbox 2044 4717 2342 4770; x_wconf 84' lang='lat' dir='ltr'><strong>exaruisse.</strong></span> <span class='ocrx_word' id='word_1_760' title='bbox 2375 4715 2524 4768; x_wconf 79' lang='lat' dir='ltr'><strong>Alius</strong></span> <span class='ocrx_word' id='word_1_761' title='bbox 2548 4714 2671 4768; x_wconf 89' lang='lat' dir='ltr'><strong>item</strong></span> <span class='ocrx_word' id='word_1_762' title='bbox 2695 4723 2931 4779; x_wconf 85' lang='lat' dir='ltr'><strong>sanctus,</strong></span> <span class='ocrx_word' id='word_1_763' title='bbox 2956 4723 3113 4782; x_wconf 89' lang='lat' dir='ltr'><strong>atque</strong></span> <span class='ocrx_word' id='word_1_764' title='bbox 3135 4713 3378 4782; x_wconf 88' lang='lat' dir='ltr'><strong>ejusdem</strong></span> <span class='ocrx_word' id='word_1_765' title='bbox 3402 4729 3498 4768; x_wconf 81' lang='lat' dir='ltr'><strong>no-</strong></span> 
     </span>
    </p>
   </div>
   <div class='ocr_carea' id='block_1_107' title="bbox 1923 4809 3501 4882">
    <p class='ocr_par' dir='ltr' id='par_1_107' title="bbox 1923 4809 3501 4882">
     <span class='ocr_line' id='line_1_107' title="bbox 1923 4809 3501 4882; baseline -0.003 -15"><span class='ocrx_word' id='word_1_766' title='bbox 1923 4813 2082 4867; x_wconf 89' lang='lat' dir='ltr'><strong>minis</strong></span> <span class='ocrx_word' id='word_1_767' title='bbox 2113 4811 2429 4882; x_wconf 86' lang='lat' dir='ltr'><strong>Gregorius,</strong></span> <span class='ocrx_word' id='word_1_768' title='bbox 2458 4826 2610 4880; x_wconf 81' lang='lat' dir='ltr'><strong>aeque</strong></span> <span class='ocrx_word' id='word_1_769' title='bbox 2642 4809 2837 4864; x_wconf 88' lang='lat' dir='ltr'><strong>litteris</strong></span> <span class='ocrx_word' id='word_1_770' title='bbox 2867 4824 2930 4862; x_wconf 91' lang='lat' dir='ltr'><strong>ac</strong></span> <span class='ocrx_word' id='word_1_771' title='bbox 2961 4809 3316 4880; x_wconf 66' lang='lat' dir='ltr'><strong>philosophiae</strong></span> <span class='ocrx_word' id='word_1_772' title='bbox 3349 4809 3501 4866; x_wconf 90' lang='lat' dir='ltr'><strong>dedi-</strong></span> 
     </span>
    </p>
   </div>
   <div class='ocr_carea' id='block_1_108' title="bbox 1925 4901 3498 4975">
    <p class='ocr_par' dir='ltr' id='par_1_108' title="bbox 1925 4901 3498 4975">
     <span class='ocr_line' id='line_1_108' title="bbox 1925 4901 3498 4975; baseline -0.005 -13"><span class='ocrx_word' id='word_1_773' title='bbox 1925 4915 2032 4975; x_wconf 90' lang='lat' dir='ltr'><strong>tus,</strong></span> <span class='ocrx_word' id='word_1_774' title='bbox 2064 4906 2340 4961; x_wconf 69' lang='lat' dir='ltr'><strong>caelestem</strong></span> <span class='ocrx_word' id='word_1_775' title='bbox 2376 4903 2512 4958; x_wconf 88' lang='lat' dir='ltr'><strong>hanc</strong></span> <span class='ocrx_word' id='word_1_776' title='bbox 2543 4902 2940 4972; x_wconf 91' lang='lat' dir='ltr'><strong>philosophiam</strong></span> <span class='ocrx_word' id='word_1_777' title='bbox 2976 4902 3301 4968; x_wconf 89' lang='lat' dir='ltr'><strong>concupivit.</strong></span> <span class='ocrx_word' id='word_1_778' title='bbox 3335 4901 3498 4967; x_wconf 89' lang='lat' dir='ltr'><strong>Cujus</strong></span> 
     </span>
    </p>
   </div>
   <div class='ocr_carea' id='block_1_109' title="bbox 1925 4987 3496 5062">
    <p class='ocr_par' dir='ltr' id='par_1_109' title="bbox 1925 4987 3496 5062">
     <span class='ocr_line' id='line_1_109' title="bbox 1925 4987 3496 5062; baseline -0.004 -13"><span class='ocrx_word' id='word_1_779' title='bbox 1925 4996 2111 5060; x_wconf 89' lang='lat' dir='ltr'><strong>etiam,</strong></span> <span class='ocrx_word' id='word_1_780' title='bbox 2141 4993 2282 5062; x_wconf 87' lang='lat' dir='ltr'><strong>quod</strong></span> <span class='ocrx_word' id='word_1_781' title='bbox 2314 4992 2378 5046; x_wconf 89' lang='lat' dir='ltr'><strong>ad</strong></span> <span class='ocrx_word' id='word_1_782' title='bbox 2411 5007 2522 5046; x_wconf 89' lang='lat' dir='ltr'><strong>rem</strong></span> <span class='ocrx_word' id='word_1_783' title='bbox 2557 4992 2805 5060; x_wconf 88' lang='lat' dir='ltr'><strong>pertinet,</strong></span> <span class='ocrx_word' id='word_1_784' title='bbox 2855 5004 3192 5058; x_wconf 85' lang='lat' dir='ltr'><strong>nequaquam</strong></span> <span class='ocrx_word' id='word_1_785' title='bbox 3230 4987 3496 5042; x_wconf 87' lang='lat' dir='ltr'><strong>silendum</strong></span> 
     </span>
    </p>
   </div>
   <div class='ocr_carea' id='block_1_110' title="bbox 1926 5081 3499 5156">
    <p class='ocr_par' dir='ltr' id='par_1_110' title="bbox 1926 5081 3499 5156">
     <span class='ocr_line' id='line_1_110' title="bbox 1926 5081 3499 5156; baseline -0.004 -16"><span class='ocrx_word' id='word_1_786' title='bbox 1926 5088 2167 5151; x_wconf 82' lang='lat' dir='ltr'><strong>videtur;</strong></span> <span class='ocrx_word' id='word_1_787' title='bbox 2200 5085 2338 5156; x_wconf 88' lang='lat' dir='ltr'><strong>quod</strong></span> <span class='ocrx_word' id='word_1_788' title='bbox 2367 5083 2622 5141; x_wconf 86' lang='lat' dir='ltr'><strong>Basiliutn</strong></span> <span class='ocrx_word' id='word_1_789' title='bbox 2653 5083 2843 5138; x_wconf 90' lang='lat' dir='ltr'><strong>studiis</strong></span> <span class='ocrx_word' id='word_1_790' title='bbox 2874 5084 3018 5149; x_wconf 88' lang='lat' dir='ltr'><strong>prius</strong></span> <span class='ocrx_word' id='word_1_791' title='bbox 3049 5081 3399 5137; x_wconf 70' lang='lat' dir='ltr'><strong>saecularibus</strong></span> <span class='ocrx_word' id='word_1_792' title='bbox 3423 5081 3499 5134; x_wconf 84' lang='lat' dir='ltr'><strong>fa-</strong></span> 
     </span>
    </p>
   </div>
   <div class='ocr_carea' id='block_1_111' title="bbox 1925 5169 3507 5240">
    <p class='ocr_par' dir='ltr' id='par_1_111' title="bbox 1925 5169 3507 5240">
     <span class='ocr_line' id='line_1_111' title="bbox 1925 5169 3507 5240; baseline -0.006 -7"><span class='ocrx_word' id='word_1_793' title='bbox 1925 5178 2190 5234; x_wconf 89' lang='lat' dir='ltr'><strong>miliarem</strong></span> <span class='ocrx_word' id='word_1_794' title='bbox 2227 5175 2349 5240; x_wconf 92' lang='lat' dir='ltr'><strong>sibi,</strong></span> <span class='ocrx_word' id='word_1_795' title='bbox 2400 5183 2454 5229; x_wconf 91' lang='lat' dir='ltr'><strong>et</strong></span> <span class='ocrx_word' id='word_1_796' title='bbox 2493 5173 2790 5229; x_wconf 87' lang='lat' dir='ltr'><strong>rhetorices</strong></span> <span class='ocrx_word' id='word_1_797' title='bbox 2838 5171 3011 5226; x_wconf 86' lang='lat' dir='ltr'><strong>adhuc</strong></span> <span class='ocrx_word' id='word_1_798' title='bbox 3054 5169 3372 5240; x_wconf 84' lang='lat' dir='ltr'><strong>professioni</strong></span> <span class='ocrx_word' id='word_1_799' title='bbox 3411 5186 3507 5224; x_wconf 85' lang='lat' dir='ltr'><strong>va-</strong></span> 
     </span>
    </p>
   </div>
   <div class='ocr_carea' id='block_1_112' title="bbox 1923 5261 3500 5335">
    <p class='ocr_par' dir='ltr' id='par_1_112' title="bbox 1923 5261 3500 5335">
     <span class='ocr_line' id='line_1_112' title="bbox 1923 5261 3500 5335; baseline -0.006 -12"><span class='ocrx_word' id='word_1_800' title='bbox 1923 5279 2161 5334; x_wconf 88' lang='lat' dir='ltr'><strong>cantem,</strong></span> <span class='ocrx_word' id='word_1_801' title='bbox 2194 5266 2518 5321; x_wconf 89' lang='lat' dir='ltr'><strong>auditorium</strong></span> <span class='ocrx_word' id='word_1_802' title='bbox 2541 5265 2660 5335; x_wconf 89' lang='lat' dir='ltr'><strong>ejus</strong></span> <span class='ocrx_word' id='word_1_803' title='bbox 2689 5267 2983 5334; x_wconf 85' lang='lat' dir='ltr'><strong>ingressus,</strong></span> <span class='ocrx_word' id='word_1_804' title='bbox 3017 5277 3178 5316; x_wconf 85' lang='lat' dir='ltr'><strong>manu</strong></span> <span class='ocrx_word' id='word_1_805' title='bbox 3216 5261 3356 5318; x_wconf 91' lang='lat' dir='ltr'><strong>hunc</strong></span> <span class='ocrx_word' id='word_1_806' title='bbox 3403 5276 3500 5330; x_wconf 59' lang='lat' dir='ltr'><strong>ap.</strong></span> 
     </span>
    </p>
   </div>
   <div class='ocr_carea' id='block_1_113' title="bbox 1927 5351 3502 5431">
    <p class='ocr_par' dir='ltr' id='par_1_113' title="bbox 1927 5351 3502 5431">
     <span class='ocr_line' id='line_1_113' title="bbox 1927 5351 3502 5431; baseline -0.009 -14"><span class='ocrx_word' id='word_1_807' title='bbox 1927 5362 2252 5431; x_wconf 89' lang='lat' dir='ltr'><strong>prehensum</strong></span> <span class='ocrx_word' id='word_1_808' title='bbox 2284 5358 2466 5414; x_wconf 87' lang='lat' dir='ltr'><strong>schola</strong></span> <span class='ocrx_word' id='word_1_809' title='bbox 2499 5357 2741 5420; x_wconf 86' lang='lat' dir='ltr'><strong>abduxit,</strong></span> <span class='ocrx_word' id='word_1_810' title='bbox 2771 5356 2989 5410; x_wconf 89' lang='lat' dir='ltr'><strong>dicens:</strong></span> <span class='ocrx_word' id='word_1_811' title='bbox 3025 5352 3216 5406; x_wconf 82' lang='lat' dir='ltr'><strong>Omitte</strong></span> <span class='ocrx_word' id='word_1_812' title='bbox 3243 5353 3340 5407; x_wconf 80' lang='lat' dir='ltr'><strong>ista</strong></span> <span class='ocrx_word' id='word_1_813' title='bbox 3365 5360 3412 5406; x_wconf 83' lang='lat' dir='ltr'><strong>et</strong></span> <span class='ocrx_word' id='word_1_814' title='bbox 3435 5351 3502 5403; x_wconf 81' lang='lat' dir='ltr'><strong>da</strong></span> 
     </span>
    </p>
   </div>
   <div class='ocr_carea' id='block_1_114' title="bbox 1924 5443 3503 5518">
    <p class='ocr_par' dir='ltr' id='par_1_114' title="bbox 1924 5443 3503 5518">
     <span class='ocr_line' id='line_1_114' title="bbox 1924 5443 3503 5518; baseline -0.005 -14"><span class='ocrx_word' id='word_1_815' title='bbox 1924 5450 2081 5505; x_wconf 84' lang='lat' dir='ltr'><strong>saluti</strong></span> <span class='ocrx_word' id='word_1_816' title='bbox 2099 5465 2328 5518; x_wconf 82' lang='lat' dir='ltr'><strong>operam.</strong></span> <span class='ocrx_word' id='word_1_817' title='bbox 2361 5449 2427 5504; x_wconf 82' lang='lat' dir='ltr'><strong>Et</strong></span> <span class='ocrx_word' id='word_1_818' title='bbox 2453 5457 2636 5518; x_wconf 81' lang='lat' dir='ltr'><strong>postea</strong></span> <span class='ocrx_word' id='word_1_819' title='bbox 2669 5458 2894 5514; x_wconf 87' lang='lat' dir='ltr'><strong>uterque</strong></span> <span class='ocrx_word' id='word_1_820' title='bbox 2925 5443 3284 5498; x_wconf 88' lang='lat' dir='ltr'><strong>memorabilis</strong></span> <span class='ocrx_word' id='word_1_821' title='bbox 3322 5457 3503 5496; x_wconf 86' lang='lat' dir='ltr'><strong>sacer-</strong></span> 
     </span>
    </p>
   </div>
   <div class='ocr_carea' id='block_1_115' title="bbox 1926 5531 3504 5606">
    <p class='ocr_par' dir='ltr' id='par_1_115' title="bbox 1926 5531 3504 5606">
     <span class='ocr_line' id='line_1_115' title="bbox 1926 5531 3504 5606; baseline -0.008 -9"><span class='ocrx_word' id='word_1_822' title='bbox 1926 5543 2026 5596; x_wconf 90' lang='lat' dir='ltr'><strong>dos</strong></span> <span class='ocrx_word' id='word_1_823' title='bbox 2051 5531 2267 5606; x_wconf 85' lang='lat' dir='ltr'><strong>reliquit</strong></span> <span class='ocrx_word' id='word_1_824' title='bbox 2302 5537 2489 5606; x_wconf 90' lang='lat' dir='ltr'><strong>utique</strong></span> <span class='ocrx_word' id='word_1_825' title='bbox 2528 5538 2581 5590; x_wconf 90' lang='lat' dir='ltr'><strong>in</strong></span> <span class='ocrx_word' id='word_1_826' title='bbox 2613 5534 2866 5590; x_wconf 80' lang='lat' dir='ltr'><strong>Ecclesiae</strong></span> <span class='ocrx_word' id='word_1_827' title='bbox 2891 5544 3086 5590; x_wconf 73' lang='lat' dir='ltr'><strong>nostra:</strong></span> <span class='ocrx_word' id='word_1_828' title='bbox 3115 5531 3262 5586; x_wconf 85' lang='lat' dir='ltr'><strong>libris</strong></span> <span class='ocrx_word' id='word_1_829' title='bbox 3298 5531 3504 5602; x_wconf 85' lang='lat' dir='ltr'><strong>ingenii</strong></span> 
     </span>
    </p>
   </div>
   <div class='ocr_carea' id='block_1_116' title="bbox 1925 5622 3506 5701">
    <p class='ocr_par' dir='ltr' id='par_1_116' title="bbox 1925 5622 3506 5701">
     <span class='ocr_line' id='line_1_116' title="bbox 1925 5622 3506 5701; baseline -0.006 -15"><span class='ocrx_word' id='word_1_830' title='bbox 1925 5634 2005 5687; x_wconf 89' lang='lat' dir='ltr'><strong>sui</strong></span> <span class='ocrx_word' id='word_1_831' title='bbox 2031 5631 2288 5701; x_wconf 63' lang='lat' dir='ltr'><strong>praeclara</strong></span> <span class='ocrx_word' id='word_1_832' title='bbox 2333 5625 2970 5683; x_wconf 87' lang='lat' dir='ltr'><strong>monimenta.Paulinus</strong></span> <span class='ocrx_word' id='word_1_833' title='bbox 2998 5639 3233 5695; x_wconf 85' lang='lat' dir='ltr'><strong>quoque,</strong></span> <span class='ocrx_word' id='word_1_834' title='bbox 3267 5622 3506 5677; x_wconf 82' lang='lat' dir='ltr'><strong>Nolanus</strong></span> 
     </span>
    </p>
   </div>
   <div class='ocr_carea' id='block_1_117' title="bbox 1927 5714 3498 5794">
    <p class='ocr_par' dir='ltr' id='par_1_117' title="bbox 1927 5714 3498 5794">
     <span class='ocr_line' id='line_1_117' title="bbox 1927 5714 3498 5794; baseline -0.007 -16"><span class='ocrx_word' id='word_1_835' title='bbox 1927 5737 2234 5794; x_wconf 76' lang='lat' dir='ltr'><strong>episcopus,</strong></span> <span class='ocrx_word' id='word_1_836' title='bbox 2267 5718 2539 5792; x_wconf 86' lang='lat' dir='ltr'><strong>peculiare</strong></span> <span class='ocrx_word' id='word_1_837' title='bbox 2567 5727 2618 5774; x_wconf 88' lang='lat' dir='ltr'><strong>et</strong></span> <span class='ocrx_word' id='word_1_838' title='bbox 2634 5717 2848 5773; x_wconf 89' lang='lat' dir='ltr'><strong>beatum</strong></span> <span class='ocrx_word' id='word_1_839' title='bbox 2876 5714 3067 5774; x_wconf 77' lang='lat' dir='ltr'><strong>Gallia:</strong></span> <span class='ocrx_word' id='word_1_840' title='bbox 3099 5723 3296 5771; x_wconf 71' lang='lat' dir='ltr'><strong>nostra</strong></span> <span class='ocrx_word' id='word_1_841' title='bbox 3319 5719 3498 5772; x_wconf 77' lang='lat' dir='ltr'><strong>exem-</strong></span> 
     </span>
    </p>
   </div>
  </div>
