3932 6170
375 323 480 384 719

1367 307 1427 362 S.
1469 300 1798 363 EUCHERH
1837 294 2138 356 EPISCOPI
2178 291 2661 353 LUGDUNENSIS

3545 286 3648 344 720

377 447 545 515 plum,
579 433 778 507 ingenti
807 427 1077 500 quondam
1122 422 1436 480 divitiarum
1477 433 1644 474 censu
1694 417 1970 469 uberrimo
1995 413 2044 469 Α
2075 409 2311 515 trahunt.
2353 407 2435 462 llli
2464 405 2680 515 quidem
2710 399 2915 515 ‘all‘ectu
2958 399 3180 515 absunt,
3223 399 3322 506 sed
3347 403 3446 491 ille

373 513 690 599 eloquentiae
722 522 906 585 fonte;
939 519 1011 572 ita
1041 518 1095 570 in
1123 513 1446 569 sententiam
1491 517 1732 563 nostram
1761 517 1958 573 propo-

371 595 960 687 situmquemigravit,
1017 617 1076 662 ut
1135 605 1300 661 etiam
1373 611 1600 657 cunctas
1661 595 1958 651 admodum

373 681 568 769 mundi
586 681 1010 778 parteseloquio
1033 698 1396 769 operibusque
1433 690 1776 762 resperserit.
1809 686 1962 743 Hila-

373 807 487 861 rius
533 816 727 872 nuper,
769 806 824 853 et
869 798 922 850 in
964 793 1115 848 Italia
1174 805 1318 844 nunc
1363 788 1592 843 antistes
1649 779 1962 842 Petronius,

374 897 534 953 ambo
563 910 627 950 ex
659 893 750 947 illa
772 887 1103 961 plenissima,
1129 892 1186 938 ut
1216 885 1387 946 aiunt,
1412 877 1700 934 mundana:
1730 881 1968 943 potesta-

379 993 446 1048 tis
471 991 620 1054 sede,
649 1000 788 1041 unus
814 984 865 1037 in
890 978 1190 1049 religionis,
1211 976 1348 1030 alius
1368 973 1424 1028 in
1447 969 1736 1027 sacerdotii
1769 977 1969 1020 nomen

381 1081 646 1139 ascendit.
688 1078 753 1130 Et
797 1071 1011 1144 quando
1050 1067 1382 1124 clarissimos
1422 1060 1690 1124 facundia,
1739 1057 1972 1111 Firmia-

383 1191 534 1238 num,
566 1169 867 1231 Miuutium,
897 1161 1227 1235 Cyprianum
1250 1200 1265 1226 ,
1309 1155 1571 1213 Hilarium
1611 1151 1742 1226 [Pro
1772 1147 1976 1204 Hilario

380 1267 728 1339 reponendum
752 1261 956 1314 Erasm.
985 1264 1155 1310 censet
1185 1248 1495 1323 Evagrium]
1523 1248 1784 1303 Joannem
1812 1242 1979 1316 [Sane

390 1352 884 1433 Chrysostomum],
920 1347 1291 1411 Ambrosium,
1324 1361 1388 1400 ex
1435 1343 1529 1396 illo
1563 1339 1835 1394 volumine
1875 1351 1978 1389 nu-

392 1425 720 1508 merositatis
745 1425 1026 1501 evolvam?
1047 1440 1323 1502 Dixerant,
1345 1434 1529 1498 credo,
1548 1443 1602 1487 et
1623 1431 1674 1484 hi
1699 1430 1821 1496 sibi,
1841 1425 1980 1496 quod

391 1547 608 1614 quidam
643 1547 887 1595 nostrum
919 1537 1015 1599 ait,
1045 1548 1170 1587 cum
1203 1546 1261 1584 se
1306 1545 1332 1580 a
1367 1528 1567 1582 smculo
1599 1524 1653 1578 in
1687 1522 1825 1575 hanc
1857 1519 1984 1574 bea-

391 1611 585 1695 tiorem
627 1633 822 1693 vitam,
871 1631 974 1681 hoc
1019 1625 1163 1679 velut
1191 1620 1412 1676 stimulo
1455 1616 1794 1672 concitaret:
1827 1611 1983 1664 dixe«

404 1739 542 1792 rant,
575 1724 760 1788 credo,
785 1718 925 1785 Quid
957 1718 1059 1772 hoc
1086 1716 1200 1768 est?
1231 1713 1464 1781 Surgunt
1493 1705 1710 1768 indocti,
1737 1714 1784 1756 et
1805 1702 1986 1754 caelum

2065 515 2196 557 natu
2231 501 2423 556 adest:
2469 501 2544 554 lta
2583 497 2727 568 quod
2768 495 3129 565 improvidum
3169 503 3224 549 et
3262 489 3653 550 inconSultissi-

2068 611 2213 649 mum
2240 601 2345 659 est,
2373 599 2623 647 errantes
2648 589 2839 658 clausi,
2869 589 3056 644 vivunt
3083 597 3233 642 extra
3262 587 3654 642 consideratio-

2068 701 2190 741 nem
2219 687 2451 748 Domini,
2473 695 2528 740 et
2548 685 2688 739 intra
2725 692 3067 754 potestatem.
3101 681 3170 737 Et
3197 681 3245 737 si
3285 681 3657 752 unusquisque

2068 777 2138 833 de
2168 777 2290 846 fuga
2323 776 2578 830 famulum
2610 774 2809 830 minaci
2835 773 3087 843 indagine
3123 781 3384 837 sectatur,
3426 787 3657 842 eumque

2070 869 2434 926 declinantem
2461 883 2520 922 se
2541 867 2683 937 juris
2703 867 2786 921 sui
2809 875 3051 921 assertor
3071 863 3402 935 insequitur;
3436 879 3532 918 cur
3554 879 3658 918 non

2072 961 2140 1017 de
2169 961 2460 1030 semetipso
2489 959 2704 1016 coelein
2750 958 2980 1014 Domino
3005 958 3092 1028 jus
3129 972 3284 1012 suum
3315 957 3517 1021 reddit,
3549 971 3660 1010 ser-

2072 1053 2334 1123 vitutique
2360 1053 2756 1122 quamprimum
2783 1066 2843 1106 se
2874 1052 2928 1105 in
2963 1049 3278 1104 famulatum
3320 1049 3440 1118 ejus
3468 1049 3665 1103 volun—

2077 1146 2214 1201 taria
2243 1145 2519 1200 oblatione
2550 1143 2720 1209 dedit,
2756 1157 2942 1213 aequus
2972 1143 3158 1212 utique
3188 1151 3297 1196 tam
3334 1141 3460 1207 sibi,
3505 1156 3667 1211 quam

2078 1239 2132 1294 in
2161 1254 2220 1293 se
2251 1227 2487 1294 arbiter?
2515 1235 2626 1292 Cur
2661 1238 2715 1290 in
2753 1236 3103 1306 praesentium
3144 1249 3325 1290 rerum
3360 1233 3673 1289 oblectabili

2080 1330 2365 1401 deﬁgimur
2396 1329 2650 1401 aspectu?
2697 1330 2805 1384 Cur
2846 1330 2912 1384 iis
2968 1327 3307 1382 tantumlibet
3373 1326 3672 1390 incubare,

2082 1440 2202 1495 quas
2233 1423 2542 1478 cernimus?
2571 1420 2843 1490 Numquid
2873 1420 3167 1475 luminibus
3205 1419 3322 1474 istis
3353 1427 3559 1474 tantum
3592 1421 3676 1472 vi-

2083 1519 2280 1584 vimus,
2301 1517 2548 1570 autsolos
2559 1512 2736 1586 [Fort
2753 1513 2904 1586 solis]
2924 1515 2976 1568 in
2993 1528 3148 1568 usum
3164 1521 3438 1583 gestamus
3451 1511 3678 1566 oculos?

2157 1611 2400 1665 Vivimus
2429 1623 2645 1677 quoque
2683 1616 2738 1663 et
2765 1607 3006 1673 auribus,
3051 1614 3107 1660 ut
3151 1605 3426 1676 possimus
3465 1602 3680 1658 inhiare

2088 1701 2388 1772 promissis.
2419 1699 2593 1769 Magni
2621 1714 2742 1767 nos,
2767 1713 2865 1768 per
2888 1699 3026 1753 hanc
3051 1713 3264 1768 quoque
3288 1699 3538 1770 corporis
3554 1712 3682 1768 par-

388 1775 629 1884 rapiunt,
655 1825 700 1870 et
725 1775 830 1868 rio;
839 1828 955 1864 cum
983 1807 1230 1861 doctrinis
1257 1775 1466 1868 nostris,
1497 1815 1608 1853 ecce
1639 1796 1726 1849 ubi
1758 1795 1812 1848 in
1837 1807 1992 1845 carne
2021 1786 2065 1844 B
2096 1800 2225 1857 tem,
2256 1775 2480 1845 allectus
2513 1789 2755 1844 trahunt.
2786 1788 2918 1857 Quae
2941 1789 3294 1858 spondentur,
3325 1805 3447 1861 quin
3480 1789 3681 1860 praedi-

393 1881 684 1966 uolutamur
729 1913 778 1958 et
823 1901 1072 1972 sanguine
1098 1895 1313 1968 (Matth.
1347 1891 1462 1964 xi)?
1503 1890 1764 1943 Dixerant
1799 1881 1988 1938 istud?

396 2012 452 2058 et
481 2000 680 2055 idcirco
709 1994 810 2065 ipsi
841 2000 1026 2062 postea
1049 1989 1160 2042 vim
1186 1985 1486 2040 intulerunt
1515 1993 1704 2051 regno.

472 2089 702 2147 Prolatis
732 2103 798 2142 ex
830 2094 999 2154 parte,
1039 2095 1175 2150 quos
1205 2077 1377 2146 major
1408 2073 1530 2129 ﬁdei
1582 2079 1782 2126 nostrae
1812 2066 1992 2122 fervor

402 2183 607 2245 habuit,
638 2178 823 2235 sreculi
850 2170 1211 2246 philoSOphia,
1232 2166 1565 2237 eloquentia,
1589 2159 1993 2226 honoribusque

400 2275 732 2347 perfunctos,
768 2269 834 2324 ad
863 2270 1007 2338 ipsos
1034 2264 1142 2335 jam
1189 2274 1344 2331 reges
1371 2272 1427 2314 et
1457 2255 1592 2312 illud
1619 2261 1784 2347 caput
1808 2248 1993 2305 mundi

400 2344 640 2424 veniam.
680 2364 863 2432 Neque
913 2372 1055 2413 nunc
1099 2348 1604 2410 commemorandos
1643 2344 1841 2417 putabo
1879 2355 1997 2395 om-

401 2475 499 2517 nes
529 2455 836 2525 superiores
864 2453 988 2506 illos
1009 2444 1255 2517 religioni
1290 2443 1534 2506 devotos,
1557 2451 1610 2494 et
1633 2437 1795 2507 regia:
1820 2434 1996 2503 digni-

405 2556 532 2611 tatis
561 2555 739 2608 viros:
772 2548 942 2603 solum
976 2542 1108 2599 mihi
1139 2541 1398 2609 insignes,
1443 2533 1609 2589 David
1652 2533 1874 2602 pietate,
1905 2528 2000 2583 Jo-

401 2650 517 2704 sias
549 2645 670 2709 ﬁde,
706 2639 965 2696 Ezechias
994 2632 1320 2697 humilitate,
1353 2643 1417 2683 ex
1452 2622 1710 2680 memoria
1737 2633 1999 2675 veneran-

402 2739 599 2794 dorum
651 2736 966 2802 promentur
1024 2722 1321 2778 annalium.
1379 2715 1632 2773 Nonnulli
1681 2726 1891 2782 quoque
1933 2724 2001 2764 ex

396 2825 798 2888 recentioribus
837 2819 1182 2882 exstiterunt,
1222 2825 1384 2883 atque
1418 2810 1527 2864 hac
1562 2819 1744 2861 nosua
1789 2812 2000 2871 tempe-

403 2933 546 2980 state
571 2917 858 2991 principes,
889 2913 980 2982 qui
1012 2909 1079 2964 ad
1109 2907 1439 2976 agnitionem
1467 2899 1584 2957 veri
1614 2899 1755 2968 regis
1782 2897 2004 2966 propius

410 2988 792 3074 accesserunt,
850 3015 1227 3068 summumque
1279 2998 1429 3053 illum
1499 2991 1844 3049 dominorum
1900 2988 2006 3042 Do-

415 3108 617 3161 minum
646 3113 854 3155 summa
883 3095 1063 3151 cordis
1100 3088 1425 3146 contritione
1455 3082 1691 3141 confessi
1729 3089 1885 3146 sunt;
1919 3087 2000 3132 at-

415 3206 612 3254 tentam
639 3191 834 3247 divina:
861 3184 1130 3255 majeStati
1151 3180 1536 3241 reverentiam,
1571 3175 1738 3232 etiam
1767 3184 1998 3240 uterque
2027 3150 2074 3216 (ἶ

412 3297 576 3348 sexus
596 3301 662 3342 ex
684 3283 807 3337 aula
838 3279 1099 3334 exhibuit.
1133 3275 1197 3329 Hi
1220 3273 1398 3343 potius
1428 3269 1630 3335 idonei,
1664 3274 1724 3321 ut
1743 3263 2000 3328 arbitror,

416 3382 482 3437 ad
508 3374 867 3435 aemulandum
908 3375 1296 3440 proponantur,
1333 3376 1560 3434 quorum
1594 3355 1844 3424 exempla
1882 3367 2005 3408 cum

418 3473 650 3529 habeant
684 3467 750 3522 de
782 3462 974 3519 futuris
1014 3458 1267 3524 salutem,
1303 3454 1506 3510 habent
1550 3450 1618 3506 de
1649 3443 2006 3519 praesentibus

419 3563 813 3621 auctoritatem.

489 3653 680 3710 Cernis
710 3659 765 3705 ut
809 3648 969 3703 etiam
1000 3645 1117 3700 dies
1152 3651 1317 3712 atque
1359 3637 1511 3704 anni,
1559 3643 1617 3693 et
1652 3641 1845 3691 cuncta
1894 3631 2012 3686 haec

419 3753 733 3804 ornamenta
757 3741 899 3804 coeli,
933 3739 1026 3792 Dei
1055 3734 1276 3791 verbum
1308 3731 1729 3797 mandatumque
1760 3723 2014 3793 infatiga-

421 3838 514 3895 bili
547 3830 923 3889 observatione
963 3831 1318 3889 conservent,
1353 3829 1867 3891 praeceptorumque
1895 3814 2014 3884 ejus

422 3927 727 3987 custodiant
754 3922 1024 3978 irremissa
1059 3920 1180 3987 lege
1209 3917 1547 3971 famulatum.
1582 3910 1858 3980 Numquid
1891 3924 2013 3976 nos,

425 4033 650 4092 quorum
687 4017 786 4072 ista
817 4014 999 4069 usibus
1036 4010 1288 4066 fabricata
1331 4017 1490 4073 sunt,
1525 4019 1754 4076 quorum
1793 4001 2014 4057 lumini-

426 4109 526 4167 bus
553 4111 755 4178 ingesta
789 4113 936 4169 sunt,
961 4101 1262 4158 cmlestium
1293 4099 1668 4152 mandatorum
1691 4111 1799 4150 non
1823 4093 2015 4159 nescii,

415 4218 528 4258 nec
557 4201 750 4255 divina:
779 4194 1071 4250 voluntatis
1107 4190 1318 4261 ignari,
1352 4196 1683 4258 praeceptum
1726 4187 1822 4242 Dei
1855 4185 2017 4240 surda

425 4307 559 4348 aure
588 4285 974 4345 transibimus?
1012 4284 1078 4339 Et
1128 4283 1212 4336 his
1249 4280 1468 4352 quidem
1517 4277 1791 4348 praedictis
1834 4275 2022 4331 mundi

431 4382 794 4447 adminiculis,
828 4378 953 4450 quid
977 4377 1029 4432 in
1061 4374 1258 4431 saecula
1299 4373 1673 4436 observarent,
1703 4370 1875 4424 semel
1908 4368 2023 4438 jus-

433 4491 552 4534 sum
602 4484 723 4531 eat:
756 4472 911 4527 nobis
941 4483 1072 4524 vero
1115 4475 1196 4522 tot
1234 4465 1597 4521 voluminibus
1644 4461 1841 4516 divinae
1888 4459 2024 4528 legis

430 4572 699 4626 iterantur
729 4564 977 4635 imperia,
1011 4561 1078 4616 ad
1101 4561 1216 4614 hinc
1245 4560 1463 4622 saltem,
1491 4555 1638 4626 quod
1669 4553 1876 4610 homini
1921 4552 2023 4622 ipsi

435 4661 753 4716 attributum
793 4665 897 4720 est,
946 4652 1207 4708 voluntati
1249 4650 1484 4705 auctoris
1523 4663 1732 4717 parere,
1779 4659 2022 4716 praecep-

441 4757 615 4824 tisque
641 4753 756 4820 ejus
783 4762 974 4802 vacare
995 4745 1192 4800 discat:
1220 4744 1347 4815 quia
1365 4757 1526 4796 omne
1554 4740 1720 4805 istud,
1742 4755 1870 4795 cum
1891 4754 2028 4808 prte-

427 4849 538 4904 ‘bet
579 4841 961 4906 ministerium,
1007 4846 1230 4910 praestat
1271 4836 1602 4904 exemplum.
1643 4834 1712 4889 Et
1740 4841 1948 4898 tamen,
1981 4832 2026 4886 si

440 4939 533 5010 qui
566 4938 630 4992 ad
681 4945 955 4991 auctorem
995 4946 1152 4987 suum
1187 4929 1366 4984 redire
1397 4927 1606 4992 nolunt,
1658 4942 1782 4980 num
1827 4924 2029 4979 idcirco

431 5031 730 5087 'Dominum
753 5041 916 5081 suum
943 5021 1388 5092 vitare-possint?
1415 5021 1522 5075 Aut
1551 5035 1655 5088 quo
1680 5018 1937 5089 suppetit,
1969 5025 2030 5070 ut

440 5124 668 5193 fugiant,
717 5119 808 5191 qui
857 5133 887 5174 a
937 5118 1052 5173 Deo
1092 5132 1151 5171 se
1202 5113 1499 5171 avertunt?
1541 5112 1794 5177 Audiant,
1846 5119 2032 5165 sancte

447 5215 637 5280 David,
671 5213 894 5268 audiant
931 5218 982 5265 te
1023 5209 1331 5264 dicentem:
1361 5207 1472 5271 Quo
1499 5206 1584 5259 ibo
1615 5221 1645 5257 α
1677 5202 1878 5272 Spiritu
1916 5210 2027 5269 tuo,

445 5321 494 5361 et
515 5325 547 5360 a
576 5307 710 5378 facie
738 5313 828 5359 tua
853 5319 953 5374 quo
972 5300 1220 5371 “fugiam?
1251 5298 1312 5354 Si
1340 5297 1618 5351 ascendero
1653 5295 1709 5348 in
1731 5293 1933 5355 caelum,
1976 5300 2033 5344 tu

447 5397 556 5452 illic
574 5415 638 5452 es
660 5397 748 5450 tsi
769 5393 1076 5448 descendere
1107 5393 1160 5444 in
1189 5391 1465 5461 infernum,
1497 5386 1620 5441 ades
1645 5401 1663 5442 :
1687 5386 1730 5439 si
1768 5398 2031 5454 sumpsero

449 5505 644 5560 pennas
661 5503 799 5539 meas
820 5485 1074 5548 diluculo,
1094 5492 1138 5536 et
1161 5481 1504 5534 inhabilavero
1525 5479 1578 5531 in
1595 5475 1832 5532 extremis
1853 5475 2028 5542 maris,

451 5577 603 5633 etiam
624 5576 691 5628 ibi
709 5591 887 5628 manus
909 5583 997 5627 tua
1018 5571 1346 5634 deducetme,
1366 5569 1606 5623 ettenebit
1624 5583 1699 5620 me
1712 5569 1920 5620 dextera
1945 5574 2034 5618 tua

456 5662 578 5736 (Ps.
610 5664 888 5734 cxxxvm).
926 5663 1068 5732 Ergo
1113 5660 1190 5714 illi
1237 5659 1405 5714 velint
1451 5657 1647 5723 nolint,
1701 5670 1760 5710 se
1805 5653 2034 5708 Domino

460 5751 846 5813 universitatis.
873 5759 928 5808 et
954 5751 1001 5807 si
1029 5748 1306 5806 voluntate
1331 5748 1599 5814 auferunt,
1621 5745 1746 5814 jure
1769 5759 1877 5803 non
1906 5742 2036 5802 sub-

2089 1893 2302 1945 cantur,
2334 1880 2672 1936 ferventibus
2698 1880 2864 1945 votis,
2905 1879 3232 1935 instantibus
3269 1880 3558 1937 desideriis
3585 1895 3684 1936 ex-

2090 1982 2417 2046 spectemus.
2449 1972 2637 2028 Fidem
2673 1971 3060 2042 promissorum
3093 1971 3268 2027 lidelis
3302 1971 3415 2037 ille,
3451 1971 3542 2026 ille
3581 1987 3680 2025 au-

2089 2075 2210 2122 ctor
2233 2064 2489 2118 inculcat.
2523 2063 2840 2119 Ambiamus
2865 2063 2933 2118 ad
2969 2063 3172 2134 optima
3194 2078 3312 2134 quae
3332 2063 3684 2133 pollicentur.

2092 2157 2426 2226 Quamquam
2451 2155 2498 2210 si
2531 2155 2632 2224 ipsi
2655 2171 2869 2226 quoque
2897 2155 3092 2220 oculis,
3119 2155 3261 2211 bene
3286 2165 3342 2211 et
3370 2155 3576 2210 utiliter
3607 2156 3689 2209 uti

2095 2248 2362 2315 volumus,
2396 2262 2494 2317 per
2523 2247 2655 2302 istos
2685 2248 2846 2302 etiam
2881 2247 2936 2302 in
2967 2246 3202 2301 futurum
3226 2247 3522 2316 cupiditate
3551 2262 3693 2302 ma-

2093 2356 2200 2412 gna
2227 2356 2294 2395 ex
2327 2348 2480 2410 parte
2518 2349 2825 2410 raptamur:
2859 2340 2905 2394 si
2934 2339 3374 2407 admirationem,
3420 2355 3583 2410 quam
3620 2355 3695 2395 ex

2097 2435 2282 2492 mundi
2333 2434 2793 2505 contemplatione
2837 2434 3118 2504 capimus,
3162 2442 3580 2502 retorqueamus
3640 2433 3694 2488 iu

2098 2527 2273 2597 ipsum
2306 2535 2469 2580 tantas
2499 2525 2766 2580 machina:
2794 2534 3090 2580 auctorem.
3125 2527 3232 2578 Aut
3272 2525 3316 2578 si
3355 2524 3695 2593 cogitemus,

2099 2627 2332 2688 quantus
2371 2618 2425 2671 in
2475 2624 2746 2686 posterum
2781 2615 3227 2694 splendorducis,
3271 2616 3439 2685 possit
3468 2616 3699 2670 lumini-

2101 2714 2206 2770 bus
2235 2727 2558 2777 occurrere;
2590 2726 2712 2768 cum
2735 2727 2794 2766 se
2819 2727 2963 2767 nunc
2991 2720 3173 2767 tantus
3205 2711 3443 2767 insinuet
3467 2727 3484 2765 :
3514 2711 3698 2778 Quam

2104 2805 2387 2876 magniﬁca
2425 2803 2650 2874 fulgebit
2701 2805 2975 2874 perpetuis
3012 2803 3182 2858 forma
3226 2805 3418 2870 rebus,
3459 2818 3585 2858 cum
3629 2804 3703 2859 sit

2104 2913 2248 2953 nunc
2297 2907 2402 2953 tam
2447 2897 2692 2966 speciosa
2735 2896 3012 2967 perituris.
3042 2895 3156 2951 Non
3205 2910 3338 2966 ergo
3376 2906 3594 2966 oportet
3633 2897 3704 2971 jn

2103 2989 2431 3044 deteriorem
2475 3003 2572 3042 nos
2600 2998 2828 3056 partem,
2865 2987 3044 3042 ofﬁcia
3093 2987 3386 3043 sollicitare
3420 2987 3707 3042 membro-

2106 3096 2255 3148 rum,
2287 3080 2571 3135 commode
2600 3080 2781 3150 potius
2807 3080 2862 3134 in
2889 3088 3184 3150 utramque
3219 3089 3595 3149 temperentur
3626 3081 3708 3135 vi-

2105 3183 2243 3240 tam;
2266 3176 2451 3245 sicque
2479 3173 2784 3229 custodiant
2815 3175 3151 3244 temporaria:
3171 3189 3352 3240 usum,
3385 3183 3446 3228 ut
3474 3183 3709 3228 aeterna

2104 3283 2213 3324 non
2243 3268 2498 3338 abjiciant
2525 3267 2906 3322 ministerium.
2932 3266 3084 3335 Quod
3111 3268 3158 3321 si
3189 3281 3288 3321 nos
3311 3267 3413 3320 ista
3445 3268 3712 3322 avocatio

2106 3370 2266 3428 atque
2294 3373 2447 3413 amor
2471 3359 2639 3427 juvat,
2675 3367 2729 3414 et
2755 3360 2930 3427 ipsum
2967 3371 3188 3413 sensum
3217 3357 3510 3412 oblectatio
3548 3357 3714 3414 solli-

2106 3449 2256 3515 citat,
2293 3455 2378 3505 est
2405 3449 2563 3519 plane
2588 3448 2678 3507 hic
2702 3463 2855 3503 amor
2883 3462 3108 3503 summa:
3137 3447 3430 3519 voluptatis
3443 3453 3468 3514 ς’
3493 3457 3580 3503 est
3599 3465 3711 3503 non

2109 3539 2305 3608 solum,
2335 3539 2476 3609 quod
2515 3539 2685 3592 amari
2723 3538 3048 3593 eli‘usissime
3081 3538 3278 3608 possit,
3323 3539 3417 3593 sed
3457 3546 3515 3593 et
3556 3539 3715 3609 quod

2111 3633 2368 3698 maxime,
2419 3632 2634 3698 debeat,
2691 3630 3017 3701 jucundum,
3056 3631 3414 3701 praeclarum,
3460 3631 3715 3700 unicum,

2113 3734 2373 3781 aeternum
2407 3724 2628 3778 bonum.

2185 3816 2351 3881 Deus,
2385 3815 2628 3882 inquam,
2654 3823 2860 3881 noster,
2887 3815 2974 3870 cui
2997 3815 3174 3887 possis
3195 3824 3304 3870 tam
3332 3828 3530 3885 magno
3545 3829 3720 3885 quam

2117 3907 2205 3977 pio
2235 3908 2357 3977 igne
2390 3906 2645 3976 ﬂagrare;
2677 3906 2724 3960 si
2759 3909 2810 3961 in
2843 3907 3018 3961 locum
3063 3909 3395 3963 anteriorum
3439 3907 3722 3976 cupidita-

2117 4008 2266 4061 tum,
2304 3999 2539 4067 pretiosa
2563 4010 2777 4052 rursum
2819 3997 3088 4052 desideria
3127 3997 3446 4053 succedunt.
3477 3997 3538 4052 Si
3573 4006 3633 4053 te
3666 3998 3720 4052 in

2119 4089 2302 4159 aliquo
2325 4088 2572 4157 capiebat
2595 4098 2700 4142 tam
2728 4089 3026 4158 magniﬁca:
3056 4090 3128 4143 rei
3157 4089 3409 4158 dignitas,
3446 4089 3586 4142 nihil
3625 4090 3724 4144 illo

2121 4179 2574 4250 magniﬁcentius.
2605 4178 2661 4233 Si
2701 4188 2753 4234 te
2778 4178 2979 4245 aliquid
3008 4179 3152 4233 velut
3183 4188 3363 4248 aptum
3408 4178 3606 4247 glorim
3635 4194 3725 4234 ac-

2123 4274 2630 4342 commodatumque
2659 4271 2923 4340 rapiebat,
2959 4272 3089 4325 nihil
3118 4271 3210 4325 illo
3229 4270 3541 4340 gloriosius.
3573 4271 3637 4326 Si
3657 4271 3725 4325 ad

2126 4366 2405 4435 splendida
2437 4365 2750 4435 fulgentium
2776 4379 2954 4418 rerum
2974 4362 3260 4417 ducebaris
3282 4362 3422 4426 visu,
3446 4361 3545 4415 illo
3579 4361 3727 4417 nihil

2128 4460 2344 4515 clarius.
2375 4459 2430 4513 Si
2483 4457 2549 4512 ad
2591 4459 2832 4527 speciosa
2864 4456 3167 4511 trahebaris
3197 4457 3412 4521 intuitu,
3444 4455 3542 4509 illo
3585 4455 3730 4511 nihil

2131 4553 2426 4623 pulchrius.
2459 4550 2512 4606 Si
2547 4552 2599 4605 in
2643 4550 2821 4619 aliquo
2866 4557 2918 4604 te
2953 4549 3201 4619 amplecti
3247 4548 3475 4618 putabas
3515 4551 3729 4604 verita-

2133 4654 2265 4712 tem,
2300 4645 2388 4700 illo
2421 4644 2553 4698 nihil
2587 4643 2786 4698 verius.
2832 4641 2891 4698 Si
2921 4643 2971 4694 in
3003 4655 3271 4710 quoquam
3315 4640 3732 4708 suspiciendam

2134 4739 2430 4807 largitatem
2452 4735 2733 4799 credebas,
2761 4734 2859 4788 illo
2881 4734 3008 4788 nihil
3032 4733 3453 4788 muniﬁcentius.
3481 4733 3731 4795 Miraris.

2134 4827 2280 4898 quod
2320 4841 2511 4894 purum
2558 4834 2642 4880 est
2674 4834 2833 4892 atque
2877 4822 3138 4892 simplex?
3170 4821 3304 4875 nihil
3349 4821 3432 4876 illi
3477 4822 3734 4878 bonitate

2135 4921 2418 4977 sincerius.
2450 4919 2766 4975 Sollicitaris
2795 4917 3125 4971 afﬁnentium
3154 4931 3330 4970 rerum
3365 4915 3565 4984 copia?
3591 4915 3735 4971 nihil

2136 5012 2226 5067 illa
2259 5009 2581 5064 abundantia
2623 5008 2918 5076 copiosius.
2968 5005 3154 5076 Diligis
3195 5005 3399 5074 aliquid
3444 5014 3733 5075 tamquam

2137 5099 2336 5157 ﬁdum?
2366 5100 2500 5154 nihil
2536 5100 2692 5169 hujus
2723 5099 2930 5152 ﬁrmius
2955 5107 3038 5152 est
3072 5097 3193 5150 ﬁde.
3233 5097 3401 5151 Amas
3427 5096 3641 5164 aliquid
3676 5108 3738 5152 ut

2137 5190 2514 5249 commodum?
2532 5191 2662 5244 nihil
2686 5188 3018 5245 commodius
3040 5197 3122 5242 est
3144 5187 3302 5257 hujus
3330 5188 3500 5256 ipsius
3514 5202 3733 5242 amore.

2140 5287 2237 5341 Est
2274 5284 2493 5353 aliquid,
2527 5283 2672 5353 quod
2710 5292 2762 5336 te
2805 5283 2888 5336 vel
2920 5281 3223 5336 severitatis
3258 5280 3341 5334 vel
3367 5279 3737 5349 jucunditatis

2141 5380 2320 5447 specie
2349 5377 2556 5432 trahat?
2588 5392 2693 5430 non
2738 5383 2822 5430 est
2855 5373 3225 5442 magnitudine
3262 5371 3379 5439 illa,
3412 5371 3738 5441 dignatione

2140 5471 2256 5537 illa,
2284 5469 2573 5539 quidquam
2607 5478 2698 5521 aut
2729 5466 3023 5522 terribilius
3051 5472 3144 5520 aut
3163 5464 3436 5518 blandius.
3469 5462 3736 5529 Requiri-

2141 5568 2228 5615 tur
2262 5561 2314 5614 in
2363 5559 2604 5614 adversis
2653 5559 2971 5627 benignitas,
3024 5558 3077 5611 in
3119 5556 3397 5626 prosperis
3443 5554 3734 5608 suavitas:

2139 5652 2360 5705 unicum
2386 5659 2470 5704 est
2497 5665 2562 5705 ex
2587 5650 2698 5716 illo,
2731 5659 2822 5704 aut
2853 5650 2904 5703 in
2935 5649 3071 5704 laetis
3091 5648 3363 5719 gaudium,
3392 5646 3558 5700 autin
3590 5661 3737 5699 "NE"

2139 5741 2240 5802 stis
2294 5739 2558 5800 solamen.
2613 5739 2797 5812 Itaque
2845 5742 3057 5802 ratione
3103 5739 3478 5812 plenissimum
3514 5743 3624 5807 est,
3669 5749 3750 5817 te,
