3932 6170
207 354 301 413 72!

886 351 1216 409 EPISTOLA
1254 347 1719 408 PAR£NETICA
1762 344 1853 400 AD
1893 341 2349 402 VALERIANUM
2393 341 2792 403 COGNATUM.

3375 346 3481 408 7‘22

207 469 355 523 illum
381 465 435 520 in
460 478 567 534 quo
594 463 792 517 habeas
817 463 1018 527 omnia,
1045 477 1227 518 amare
1255 477 1366 534 prae
1396 461 1665 516 omnibus.
1695 459 1792 512 Di-
1820 456 1870 516 A
1897 455 2110 511 Caesare
2138 455 2383 525 Octavio,
2414 470 2536 512 cum
2567 458 2750 528 utique
2790 456 3031 514 Romana
3062 461 3331 529 possessio
3358 479 3484 521 ver-

209 559 372 622 vitite,
406 566 461 611 et
490 569 841 625 qumcumque
864 556 953 609 illa
984 566 1130 621 sunt,
1155 572 1274 625 quae
1302 565 1355 610 te
1385 570 1525 609 nunc
1556 553 1787 609 amoeni-

208 650 407 705 tatibus
436 649 549 703 suis
578 648 844 713 obtinent,
893 663 998 701 non
1042 649 1219 702 solum
1262 649 1399 702 intra
1450 650 1647 715 ipsum,
1696 646 1788 700 sed

205 742 367 797 etiam
396 740 463 795 ab
494 741 610 809 ipso
646 740 928 794 habentur.
968 740 1122 795 Malle
1157 742 1413 794 hactenus
1454 755 1605 793 amor
1639 754 1793 806 spar-

204 848 320 897 sus,
355 832 548 886 divinis
574 831 830 900 deinceps
858 829 1114 884 reddatur
1144 831 1409 884 excubiis.
1443 830 1585 899 Vaga
1617 822 1791 884 adhuc

202 925 485 980 adfectibus
515 924 646 988 suis,
690 924 743 977 in
788 936 971 977 sacros
1000 922 1288 976 reducatur
1330 936 1458 976 usus
1502 921 1610 989 jam
1644 929 1789 974 casta

200 1017 443 1072 Charitas
468 1033 483 1071 :
512 1014 963 1082 dilectionetnque
991 1014 1334 1083 opinionibus
1365 1014 1599 1081 deviam,
1634 1013 1789 1068 cohi-

200 1109 317 1163 bito
363 1120 571 1175 err0re,
611 1107 880 1176 castigans
920 1106 1112 1176 dirige,
1145 1116 1306 1177 atque
1337 1108 1390 1161 in
1433 1108 1599 1161 Deum
1639 1122 1789 1160 amo-

197 1215 317 1255 rem
344 1197 531 1254 confer
560 1208 742 1253 tuum:
767 1199 891 1268 quia
920 1207 973 1252 et
999 1197 1254 1267 quidquid
1278 1213 1419 1252 nunc
1440 1212 1609 1259 amas,
1633 1210 1788 1250 suum

196 1300 314 1355 est;
347 1303 528 1353 suum,
558 1287 798 1358 inquam,
832 1303 985 1342 suum
1018 1298 1118 1343 est.
1156 1288 1253 1342 Est
1285 1288 1427 1342 enim
1468 1296 1649 1341 tantus
1678 1287 1786 1352 ille,

198 1380 378 1449 utqui
411 1394 516 1433 non
556 1388 737 1432 amant
787 1394 933 1443 eum,
976 1378 1157 1447 inique
1198 1379 1437 1446 quidem,
1482 1377 1577 1432 sed
1613 1387 1789 1433 tamen

194 1486 304 1525 non
339 1470 443 1526 nisi
468 1471 588 1539 ejus
617 1470 908 1541 quidquam
932 1486 1117 1524 amare
1148 1471 1373 1539 possint.

260 1562 375 1619 Sed
391 1573 569 1617 tamen
584 1564 891 1619 consideret
903 1564 1061 1617 velim
1077 1564 1280 1619 arbiter
1289 1564 1492 1633 justus,
1508 1579 1792 1634 aequumne

191 1655 257 1710 sit
292 1654 522 1723 diligere
550 1669 706 1723 opus,
753 1655 947 1723 opiﬁce
974 1656 1221 1723 neglecto
1269 1654 1640 1725 derelictoque
1671 1672 1791 1710 om-

192 1745 341 1799 nium
391 1753 637 1798 creatore
687 1759 899 1808 rerum;
936 1745 987 1797 in
1038 1760 1151 1798 rem
1196 1744 1355 1813 hujus
1402 1746 1785 1815 cupiditatibus

1897 551 2054 604 ticcm
2085 553 2278 614 tenuit,
2308 561 2433 606 tunc
2453 565 2511 605 se
2543 552 2681 606 Deus
2703 552 2865 606 terris
2893 551 3061 607 dedit.
3090 553 3274 622 itaque
3306 564 3362 609 ut
3388 565 3475 609 tua

1891 640 2031 707 apud
2065 648 2117 695 te
2151 640 2439 708 proferam,
2473 656 2593 695 cum
2616 642 2685 695 ab
2715 653 2837 696 ortu
2868 644 3017 711 regni
3059 643 3215 712 hujtts
3246 647 3478 701 centesi-

1893 745 2011 783 mus
2037 739 2092 784 et
2114 732 2477 801 octogesimus
2516 734 2734 799 quintus
2768 733 2881 787 fere
2917 747 3077 801 supra
3131 734 3475 790 millesimum

1892 830 2133 875 vertatur
2157 836 2361 887 annus;
2395 822 2652 891 quidquid
2686 822 2775 877 vel
2825 824 2927 876 sub
2968 824 3061 877 illa
3109 825 3477 884 dominatione

1892 928 2078 981 regum
2114 922 2356 979 vetusta;
2385 915 2471 968 vel
2518 917 2617 969 sub
2646 915 2733 970 illa
2772 915 2966 971 deinde
2995 920 3204 986 gemina
3246 919 3475 974 admini-

1891 1006 2151 1059 stratione
2180 1006 2459 1059 consulum
2490 1006 2733 1061 Romano
2762 1009 2990 1062 accessit
3016 1009 3263 1079 imperio,
3295 1014 3474 1067 omnia

1891 1093 2089 1150 Christi
2120 1097 2372 1151 adventui
2409 1109 2706 1168 praeparata
2746 1110 2799 1154 et
2826 1100 3188 1157 diﬂ‘undenda:
3213 1105 3331 1159 lidei
3361 1121 3477 1175 pro-

1890 1188 2002 1242 visa
2027 1200 2225 1258 potest,
2252 1191 2296 1244 si
2327 1193 2447 1261 quis
2487 1192 2710 1246 idoneus
2750 1203 2832 1248 est
2860 1206 3132 1259 assertor,
3164 1201 3472 1254 ostendere.

1962 1279 2071 1334 No‘s
2111 1280 2176 1334 ad
2232 1281 2568 1350 propositum
2621 1294 2980 1340 revertemur.
3035 1286 3243 1353 Nolite,
3282 1291 3474 1356 inquit,

1889 1370 2108 1445 diligere
2128 1373 2375 1425 mundum
2393 1415 2406 1436 ,
2437 1389 2596 1441 neque
2617 1390 2676 1426 ea
2702 1390 2818 1440 qua:
2833 1376 2885 1429 in
2910 1378 3101 1430 mundo
3124 1389 3243 1432 sunt
3262 1380 3300 1449 (l
3317 1379 3472 1434 Joan.

1890 1464 1988 1531 tt),
2023 1464 2145 1534 quia
2196 1466 2380 1518 omnia
2436 1465 2554 1520 haec
2595 1468 2911 1536 conspectui
2960 1479 3145 1523 nostro
3196 1472 3475 1527 insidiosis

1889 1556 2167 1610 coloribus
2208 1557 2607 1611 lenocinantur.
2641 1558 2731 1611 Vis
2772 1558 2860 1612 illa
2899 1561 3176 1615 oculorum
3218 1564 3473 1617 attributa

1888 1645 2100 1712 lumini,
2135 1662 2242 1701 non
2286 1649 2595 1717 applicetur
2634 1650 2847 1703 errori:
2878 1660 2932 1705 et
2968 1666 3089 1705 cum
3122 1654 3247 1707 vita:
3287 1656 3475 1709 usibus

1892 1745 2093 1806 pateat,
2123 1752 2230 1792 non
2256 1738 2510 1793 admittat
2541 1754 2731 1795 causas
2744 1742 2955 1794 mortis.
2982 1740 3164 1797 Carnis
3193 1744 3470 1808 desideria,

189 1837 304 1892 suis
337 1836 535 1904 passim
568 1844 727 1905 atque
762 1838 1132 1893 iudimrrenter
1161 1839 1441 1894 incurrere
1527 1856 1648 1894 cum
1679 1841 1786 1894 uti-
1816 1814 1862 1873 Β
1893 1839 1950 1884 ut
1985 1832 2200 1901 egregie
2234 1832 2530 1902 Apostolus
2560 1833 2663 1897 ait,
2698 1834 2919 1888 militant
2960 1835 3208 1889 adversus
3246 1840 3473 1892 animam

187 1945 293 2000 que
331 1930 501 1983 Deum
540 1930 867 1999 oportuisset
908 1931 1113 1986 illicere
1140 1931 1210 1987 ad
1259 1947 1498 1987 amorem
1557 1932 1661 2001 sui,
1696 1934 1783 1988 vel

188 2039 286 2091 per
322 2022 467 2077 hunc
500 2023 672 2093 ipsum
706 2022 959 2078 affectum
999 2038 1219 2079 suorum
1251 2039 1495 2094 operum.
1534 2025 1598 2079 Et
1642 2040 1784 2080 nunc

189 2114 356 2167 homo
386 2113 649 2168 adversus
686 2114 738 2168 in
790 2115 1127 2181 indignorum
1158 2122 1363 2169 tantum
1408 2115 1781 2184 ﬁgmentorum

186 2206 460 2259 desideria
491 2215 652 2275 atque
674 2207 847 2271 ol‘licia
880 2205 1236 2275 convertitur,
1270 2206 1574 2276 animisque
1597 2207 1785 2261 incon-

188 2313 323 2366 grue
350 2297 744 2352 dissidentibus
775 2299 1045 2367 appetitor
1074 2298 1230 2363 artis,
1265 2298 1513 2355 desertor
1533 2301 1779 2368 artificis,

185 2389 677 2458 eomplectiturque
706 2376 970 2457 speciem,
1004 2391 1158 2458 cujus
1188 2406 1293 2445 non
1338 2391 1565 2445 miratur
1599 2401 1785 2446 aucto-

185 2495 325 2534 rem.
356 2479 428 2533 Et
458 2479 587 2550 quid
614 2479 681 2535 de
721 2480 811 2534 illa
856 2489 962 2535 tam
996 2497 1185 2551 magna
1226 2482 1566 2538 multitudine
1593 2484 1781 2540 dulce-

184 2571 329 2624 dinis
359 2585 476 2624 sua:
508 2570 789 2626 diximus?
821 2574 926 2625 Aut
948 2572 1073 2641 quid
1104 2572 1172 2628 de
1204 2583 1347 2627 tanta
1379 2582 1432 2630 et
1465 2585 1571 2629 tam
1594 2575 1780 2630 incﬂ'ao

188 2662 311 2716 bilis
348 2662 477 2717 boni
521 2662 810 2729 suavitate,
854 2671 1041 2719 sancto
1082 2672 1138 2718 et
1185 2665 1454 2734 profundo
1500 2669 1780 2723 cbaritatis

186 2754 305 2821 ejus
344 2754 626 2820 thesauro,
659 2753 855 2808 elocuti
891 2754 1112 2809 sumus?
1153 2759 1259 2811 Aut
1290 2759 1503 2825 quando
1547 2760 1621 2813 in'
1649 2776 1782 2830 quo-

184 2861 343 2914 quam
368 2843 440 2899 de
470 2843 589 2910 illo,
613 2845 897 2915 quisquam
931 2846 1073 2900 valet
1098 2847 1175 2902 rei
1201 2849 1368 2916 ipsius
1396 2849 1558 2903 fando
1589 2866 1775 2905 conse-

184 2937 271 3005 qui
306 2936 667 3005 dignitatem?
705 2938 903 2992 Amare
939 2952 1069 3007 ergo
1099 2953 1221 2994 eum
1247 2939 1356 3009 jam
1389 2957 1497 2995 non
1530 2943 1782 3011 volupta-

186 3029 320 3083 rium
353 3038 589 3095 tantum,
620 3031 714 3085 sed
742 3031 905 3085 etiam
946 3035 1313 3088 necessarium
1346 3049 1467 3091 esse
1496 3036 1773 3103 ducamus.

186 3119 419 3192 lmpium
450 3123 650 3192 quippe
681 3133 764 3177 est
791 3123 931 3178 hunc
958 3139 1066 3180 non
1092 3125 1336 3195 diligere,
1362 3129 1447 3183 cui
1477 3129 1776 3199 rependere

186 3229 289 3265 non
337 3227 511 3282 queas
544 3214 706 3268 etiam
745 3230 866 3270 cum
908 3214 1183 3273 dilexeris.
1231 3216 1648 3287 lnjustissimum
1695 3228 1780 3276 est

186 3310 243 3356 ut
270 3305 346 3371 ei,
375 3319 499 3373 qua:
546 3306 719 3373 possis
749 3306 1004 3371 tribuere,
1038 3308 1198 3375 nolis,
1231 3310 1318 3363 cui
1350 3311 1511 3365 etiam
1541 3311 1589 3366 si
1621 3313 1776 3382 velis,

185 3413 479 3467 repensare
500 3414 605 3453 non
633 3397 828 3467 possis.
859 3400 996 3465 Quid
1014 3402 1149 3455 enim
1169 3402 1507 3459 retribuemus
1524 3403 1774 3474 Domino,

186 3506 276 3556 pro
306 3491 546 3545 omnibus
566 3506 683 3561 qua:
707 3491 939 3544 retribuit
964 3492 1105 3546 nobis
1123 3491 1242 3564 (Ps.
1270 3495 1432 3563 cxv)?
1454 3496 1590 3564 Quid
1619 3499 1781 3553 retri-

184 3584 436 3647 buemus,
473 3584 556 3638 vel
590 3598 687 3652 pro
716 3582 822 3637 hoc
844 3592 1068 3651 tantum,
1094 3586 1237 3654 quod
1263 3601 1357 3654 per
1383 3588 1543 3642 [idem
1570 3588 1775 3645 homini

181 3678 419 3732 salutem
447 3676 620 3744 dedit,
649 3679 969 3747 Statuitque,
1005 3685 1061 3731 ut
1088 3692 1245 3747 quam
1287 3678 1600 3734 facillimum
1634 3680 1775 3735 factu

180 3778 352 3835 esset,
384 3770 649 3839 perquod
686 3783 839 3840 spem
875 3760 994 3826 orbi
1030 3778 1189 3826 terra:
1235 3785 1299 3827 ac
1333 3771 1496 3827 vitam
1534 3772 1779 3827 mortali-

182 3859 281 3913 bus
309 3862 673 3929 propagaret?

252 3951 320 4007 Et
352 3960 412 4005 ut
443 3951 512 4005 ad
554 3951 656 4005 ista
695 3951 1043 4015 descendam,
1084 3953 1172 4008 illa
1221 3954 1506 4024 aliquando
1548 3961 1773 4009 externa

180 4043 388 4107 omnia,
421 4041 473 4096 id
507 4049 591 4096 est
617 4044 864 4098 nationes
896 4054 950 4099 et
983 4061 1166 4115 regna,
1202 4057 1426 4115 putasne
1448 4046 1517 4101 ob
1545 4046 1689 4100 aliud
1720 4048 1774 4101 in

176 4134 444 4189 ditionem
470 4149 535 4188 ac
563 4134 649 4204 jus
679 4137 910 4192 cessisse
942 4136 1267 4203 Romanum,
1298 4150 1353 4193 et
1383 4139 1453 4193 ob
1483 4138 1627 4192 aliud
1654 4153 1784 4193 ma-z

174 4243 338 4296 gnam
391 4238 599 4297 partem
639 4230 857 4298 generis
903 4228 1148 4296 humani,
1202 4230 1255 4283 in
1301 4246 1466 4284 unum
1515 4232 1775 4287 transisse

175 4321 437 4391 populum
457 4337 472 4386 ;
492 4322 593 4377 nisi
614 4331 673 4376 ut
693 4322 904 4377 facilius
924 4332 1195 4394 tamquam
1212 4324 1659 4379 medicamentum
1679 4340 1775 4395 per

172 4428 381 4480 corpus
406 4429 595 4479 unum,
625 4413 699 4468 ita
730 4429 825 4481 per
856 4430 1014 4468 unam
1052 4425 1264 4483 gentem
1298 4416 1431 4470 ﬁdes
1475 4416 1648 4471 infusa
1682 4432 1773 4486 pe-

1890 1923 1934 1995 (l
1970 1923 2113 1978 Petr.
2143 1939 2203 1991 tt,
2238 1925 2350 1993 il);
2373 1927 2659 1996 omnisque
2687 1926 2797 1980 illis
2822 1928 2873 1980 in
2901 1931 3196 1997 perniciem
3234 1942 3472 1984 nostram

1887 2013 2206 2085 clademque
2234 2017 2543 2085 procinctus
2564 2025 2665 2083 est,
2692 2017 3011 2086 pervigilem
3037 2034 3158 2073 cum
3185 2022 3473 2090 insurgunt

1886 2106 2154 2161 adversus
2200 2124 2303 2164 nos
2342 2110 2632 2164 stationem
2679 2118 2885 2178 tenent,
2921 2121 3269 2168 externorum
3313 2114 3471 2183 plane

1888 2199 2121 2253 hostium
2153 2214 2335 2264 more;
2372 2200 2499 2254 dum
2529 2201 2631 2254 sibi
2675 2209 2883 2256 tantum
2924 2201 3121 2257 virium
3167 2207 3467 2274 acquirunt,

1885 2300 2147 2361 quantum
2181 2293 2338 2346 nobis
2369 2292 2715 2346 subtrahunt.
2746 2292 2821 2347 lta
2864 2309 2964 2362 ego
2996 2294 3254 2350 hactenus
3290 2295 3355 2351 de
3386 2297 3470 2349 in-

1885 2385 2297 2441 extricabilibus
2327 2387 2510 2441 saeculi
2544 2387 2850 2442 insidiantis
2883 2388 3178 2455 illecebris,
3211 2389 3278 2443 de
3300 2389 3468 2444 hono-

1885 2476 2037 2530 ribus
2078 2478 2382 2547 opibusque
2409 2478 2809 2533 sermocinatus
2838 2493 2978 2542 sum,
3010 2488 3279 2548 tamquam
3310 2481 3353 2535 si
3382 2481 3468 2549 ju«

1884 2568 2093 2624 cundus
2116 2569 2499 2625 blandimentis
2529 2570 2642 2625 suis
2674 2569 2906 2625 mundus
2935 2572 3160 2641 vigeret.
3193 2571 3462 2642 Quidquid

1884 2672 1970 2719 est
1996 2663 2213 2718 illarum
2248 2679 2425 2719 rerum
2452 2662 2637 2731 iacies,
2668 2663 3004 2720 adumbratis
3035 2665 3303 2734 quondam
3328 2667 3465 2720 nito-

1882 2755 2035 2810 ribus
2100 2756 2356 2825 expolita,
2398 2757 2512 2827 jam
2552 2755 2837 2822 obsolevit,
2897 2758 3179 2825 omnisque
3250 2756 3461 2811 fucatus

1883 2845 2145 2914 splendor
2174 2847 2467 2902 intercidit.
2495 2848 2593 2902 Vix
2618 2849 2728 2917 jam
2776 2846 2879 2901 hoc
2918 2847 3081 2902 habet
3119 2849 3372 2914 mundus,
3407 2858 3463 2901 ut

1884 2938 2050 2994 fallat.
2085 2939 2253 2993 Periit
2280 2940 2455 3009 imago
2494 2940 2585 2994 illa
2630 2954 2838 3006 rerum,
2868 2938 2935 2994 ad
2966 2939 3343 3010 decipiendum
3374 2956 3463 2995 us-

1881 3045 1986 3099 que
2016 3028 2236 3084 decora.
2273 3030 2428 3084 Prius
2460 3044 2557 3083 nos
2600 3030 2863 3086 seducere
2892 3044 3024 3085 vero
3062 3032 3333 3102 cogitabat
3360 3031 3460 3087 ful-

1882 3134 2034 3189 gore,
2059 3134 2164 3173 non
2206 3128 2444 3187 poterat,
2478 3135 2646 3189 prope
2682 3122 2794 3188 jam
2826 3137 2932 3174 non
2965 3121 3108 3176 valet
3136 3133 3189 3176 et
3218 3124 3332 3192 ipsa
3363 3139 3464 3179 nos

1884 3214 2018 3271 falsa
2040 3215 2404 3271 ostentatione
2425 3228 2798 3285 corrumpere.
2822 3216 3021 3271 Solidis
3044 3217 3197 3271 bonis
3226 3219 3463 3284 carebat,

1884 3323 2013 3365 ecce
2040 3308 2224 3364 deﬁcit
2252 3309 2415 3365 etiam
2444 3307 2685 3364 caducis.
2719 3307 2833 3363 Non
2866 3308 3033 3375 hunc,
3057 3318 3145 3362 aut
3168 3309 3233 3362 ad
3259 3319 3467 3379 tempus

1884 3402 2133 3472 speciosa
2179 3410 2395 3469 ornant,
2422 3410 2515 3455 aut
2558 3401 2610 3455 in
2668 3412 2942 3469 posterum
2991 3416 3243 3455 mansura
3273 3403 3462 3458 conﬁr.

1882 3507 2064 3562 mant;
2095 3496 2198 3551 nisi
2227 3494 2543 3563 nosmetipsi
2575 3494 2893 3564 decipimus,
2924 3508 3062 3562 pene
3107 3494 3348 3549 mundus
3369 3496 3467 3550 de-

1879 3588 2063 3656 cipere
2084 3600 2186 3642 nos
2218 3602 2323 3641 non
2358 3591 2557 3654 potest.

1950 3681 2057 3737 Sed
2072 3680 2199 3750 quid
2219 3679 2619 3734 dissimulamus
2643 3691 2703 3730 ea
2739 3690 3065 3746 expromere
3097 3692 3214 3745 quae
3238 3676 3467 3732 fortiora

1877 3774 2039 3828 sunt?
2062 3772 2355 3839 Dissipatas
2383 3768 2650 3836 loquimur
2674 3781 2805 3835 opes
2839 3766 3046 3833 mundi,
3066 3768 3319 3835 cum-jam
3350 3769 3467 3838 ipse

1877 3864 2107 3919 mundus
2139 3862 2192 3916 in
2226 3861 2386 3915 linem
2416 3874 2575 3913 suum
2600 3870 2829 3927 vergens
2860 3856 3266 3926 spatiisagatur
3283 3869 3467 3912 extre-

1877 3957 2001 4012 mis.
2033 3955 2250 4022 Quanto
2278 3953 2421 4007 istud
2472 3951 2647 4020 majus
2696 3959 2750 4004 et
2787 3950 3002 4020 gravius
3042 3959 3147 4017 est,
3180 3951 3322 4020 quod
3348 3951 3471 4021 jam

1876 4052 1992 4121 ipse
2033 4066 2137 4105 non
2178 4049 2229 4103 in
2262 4049 2478 4117 longum
2521 4045 2659 4100 erit?
2685 4044 2823 4113 Quid
2859 4058 3351 4099 commemoramus
3379 4053 3457 4098 ato

1875 4145 2058 4199 tritam
2086 4143 2203 4213 ejus
2230 4155 2344 4196 rem
2383 4156 2446 4195 ac
2486 4138 2916 4208 supellectilem?
2956 4137 3065 4193 Nec
3107 4137 3377 4193 immerito
3405 4139 3471 4195 irr

1874 4237 2145 4295 defectum
2180 4236 2387 4291 viribus
2429 4249 2547 4289 aevo
2582 4232 2917 4300 consumptis
2956 4238 3199 4300 ttrgetur,
3230 4231 3463 4285 admini~

1874 4330 2122 4400 cuiisque
2147 4329 2259 4383 suis
2288 4326 2618 4387 destituitur,
2642 4338 2763 4378 cum
2790 4322 2900 4390 jam
2924 4321 2976 4374 in
3009 4321 3216 4375 senium
3246 4323 3457 4378 nutanti

1876 4436 2042 4477 onere
2071 4418 2408 4476 succumbat.
2434 4417 2716 4471 Postrema
2751 4411 2939 4467 mundi
2972 4419 3106 4465 aetas
3148 4411 3348 4467 referta
3376 4421 3461 4468 est

174 4515 443 4572 netraret,
465 4515 521 4559 et
542 4518 597 4560 ut
623 4508 783 4576 capiti
813 4508 1018 4577 ingesta
1049 4509 1306 4564 velociter
1326 4524 1386 4565 se
1412 4525 1507 4580 per
1528 4513 1767 4565 membra
1800 4548 1851 4610 ο
1883 4514 2037 4569 malis
2079 4522 2349 4581 tamquam
2394 4507 2597 4563 morbis
2639 4512 2913 4560 senectus.
2948 4501 3073 4556 Visa
3101 4509 3245 4567 sunt,
3270 4503 3467 4557 viden~

170 4596 532 4652 diﬂ'underet?
551 4598 784 4667 Alioqui,
806 4616 911 4654 non
928 4600 996 4653 ita
1015 4600 1381 4657 concurrisset
1402 4602 1541 4658 inter
1554 4604 1771 4660 crebras

171 4699 225 4743 et
237 4688 617 4759 discrepantes
632 4689 822 4775 ritibus
842 4691 1139 4763 linguisque
1152 4704 1359 4762 gentes,
1376 4710 1471 4749 nec
1489 4703 1593 4749 tam
1612 4696 1771 4766 longe

171 4794 269 4844 per
312 4795 581 4834 novorum
633 4795 850 4852 semper
891 4785 1152 4852 graduum
1199 4784 1407 4852 objecta
1460 4787 1765 4843 transisset.

169 4870 421 4942 Denique
453 4873 515 4927 Β.
546 4872 768 4937 Paulus,
802 4889 899 4944 per
929 4874 1076 4929 hunc
1105 4878 1352 4931 eumdem
1400 4877 1649 4945 populum
1688 4879 1769 4933 di-

165 4968 508 5021 sterminans
540 4967 722 5032 ﬁdem,
754 4967 941 5022 scribit
988 4983 1048 5023 se
1089 4968 1152 5021 ab
1200 4968 1577 5038 Hierosolymis
1606 4986 1767 5040 usque

164 5062 238 5113 ad
268 5057 571 5130 Illyricum,
606 5060 887 5134 Evangelia
913 5060 1105 5117 Christi
1130 5074 1314 5116 cuncta
1340 5064 1560 5133 reptasse
1583 5064 1762 5132 (Rom.

162 5169 260 5219 xv,
300 5152 417 5223 l9).
442 5154 670 5227 Quando
692 5164 870 5210 autem
901 5155 1040 5209 istud
1066 5156 1204 5210 inter
1224 5157 1493 5219 nationes,
1526 5158 1766 5211 autmul-

164 5245 412 5301 tittzdine
440 5248 752 5304 innumeras
786 5246 972 5319 (Cicer.
1002 5264 1095 5315 pro
1117 5248 1195 5302 Μ.
1230 5247 1522 5320 Marcello),
1549 5259 1640 5303 aut
1664 5249 1767 5303 im-

160 5338 437 5394 manitate
472 5339 728 5394 barbaras
757 5341 1088 5397 exstitisset?
1129 5341 1259 5395 Inde
1297 5350 1399 5409 est,
1445 5343 1586 5412 quod
1624 5359 1764 5397 nunc

160 5438 346 5495 terra,
388 5445 417 5483 a
460 5432 591 5486 solis
620 5441 744 5485 ortu
770 5443 822 5485 et
855 5448 1073 5497 occasu,
1120 5433 1187 5488 ab
1231 5432 1483 5501 aquilone
1521 5443 1575 5489 et
1606 5436 1759 5502 mari,

154 5524 449 5579 Christum
492 5533 739 5590 resonat;
774 5526 914 5596 quod
959 5526 1025 5580 ad
1062 5526 1227 5582 vitam
1256 5527 1435 5582 omnia
1479 5529 1664 5582 mundi
1694 5529 1767 5582 la-

156 5623 280 5668 tera
316 5626 677 5683 concurrunt;
705 5618 831 5671 dum
861 5616 1021 5671 ﬁdem
1046 5617 1248 5681 Thrax,
1292 5620 1449 5676 ﬁdem
1483 5620 1668 5692 Libys,
1702 5620 1763 5674 li-

155 5707 292 5763 dem
336 5706 520 5776 Syrus,
554 5711 713 5764 {idem
757 5719 995 5779 receptat
1038 5710 1321 5777 Hispanus.
1359 5710 1603 5781 Magnum
1634 5726 1763 5779 ergo

149 5818 218 5855 ex
258 5798 377 5853 hoc
399 5799 590 5857 divina:
653 5803 869 5872 pietatis
911 5810 1287 5871 argumentum
1328 5811 1430 5867 est,
1471 5802 1613 5868 quod
1658 5803 1758 5858 sub

1882 4619 2075 4678 turque
2101 4603 2416 4672 jamdudum
2442 4602 2541 4654 ista
2572 4613 2709 4653 cano
2730 4595 2950 4662 steculo,
2974 4594 3165 4663 fames,
3193 4594 3455 4664 pestilen~

1874 4700 1971 4768 tia,
2000 4697 2245 4759 vastitas,
2269 4693 2432 4760 bella,
2469 4701 2725 4746 terrores.
2757 4688 2821 4743 Hi
2858 4694 2984 4742 sunt
3019 4686 3073 4741 in
3102 4685 3308 4740 ultimis
3343 4685 3467 4755 jam

1873 4792 2030 4845 annis
2076 4788 2363 4857 languores
2405 4785 2509 4839 sui.
2539 4782 2676 4838 Hinc
2704 4795 2849 4851 saepe
2882 4780 2973 4835 illa
3005 4779 3126 4835 cmli
3159 4787 3465 4834 cernuntur

1872 4883 2351 4952 signa,motusque
2379 4883 2673 4939 terrarum,
2700 4880 3021 4942 permutata:
3043 4881 3345 4941 temporum
3376 4871 3455 4922 vi-

1872 4988 1983 5041 ces,
2013 4979 2334 5025 monstrosae
2363 4964 2713 5021 animantium
2743 4962 3107 5017 fecunditates.
3143 4978 3158 5016 :
3197 4976 3317 5029 quae
3346 4975 3471 5012 om--

1872 5065 1961 5120 nia
2016 5062 2195 5118 adhuc
2236 5058 2579 5130 procedentis
2613 5055 2852 5127 prodigia
2881 5063 3009 5109 sunt
3052 5052 3328 5119 temporis,
3353 5051 3471 5105 sed

1868 5156 1977 5225 jam
2022 5152 2344 5209 deﬁcientis.
2375 5151 2550 5218 Atque
2586 5147 2689 5202 hoc
2734 5160 2839 5199 non
2879 5141 3207 5198 inﬁrmitatis
3245 5148 3449 5195 nostra:

1868 5246 2072 5311 verbis,
2095 5244 2187 5299 sed
2218 5244 2382 5299 etiam
2409 5238 2722 5309 apostolicae
2744 5234 3075 5290 auctoritatis
3099 5232 3450 5286 confirmatur

1869 5338 2119 5407 eloquiis.
2152 5330 2269 5389 lllic
2302 5332 2448 5388 enim
2490 5330 2686 5400 legitur
2720 5345 2735 5382 :
2771 5326 2836 5380 1η
2863 5341 2957 5379 nos
2986 5324 3112 5392 ﬁnes
3139 5320 3450 5375 seculorum

1865 5433 2178 5485 devenerunt
2207 5424 2254 5494 (ι
2282 5422 2401 5477 Cor.
2427 5420 2504 5492 ι).
2534 5418 2693 5487 Quod
2731 5432 2853 5472 cum
2892 5413 3205 5484 jamdudum
3245 5414 3449 5468 dictum

1866 5525 1959 5589 sit,
1990 5519 2118 5591 quid
2158 5525 2495 5580 cunctamur,
2529 5512 2656 5582 quid
2687 5507 3108 5578 exspectamus?
3141 5506 3307 5576 Urget
3347 5521 3447 5561 nos

1866 5617 1984 5671 dies
2011 5615 2123 5679 ille,
2155 5612 2263 5679 jam
2297 5624 2403 5663 non
2425 5616 2611 5662 noster
2637 5611 2863 5668 tantum,
2896 5600 2990 5656 scd
3012 5610 3065 5656 et
3094 5598 3294 5655 surculi.
3322 5599 3451 5653 Om-

1866 5710 1949 5763 uis
1988 5708 2117 5759 liora
2148 5702 2277 5757 illud
2313 5700 2511 5756 debitae
2547 5695 2897 5752 resolutionis
2937 5692 3190 5747 admonet
3230 5701 3453 5759 tempus

1870 5801 2099 5857 instare.
2129 5809 2249 5851 cum
2279 5791 2495 5860 ancipiti
2524 5786 2766 5858 periculo
2798 5784 2917 5841 linis
2960 5785 3225 5851 alternus,
3258 5790 3319 5839 et
3339 5781 3453 5839 dis:-
