3932 6170
394 304 498 360 7ὶὸ

1365 302 1426 360 S.
1467 300 1791 360 EUCIIERII
1828 302 2131 359 EPISCOPI
2171 303 2649 363 LUGDUNENSIS

3552 310 3658 367 7Ξῦ

399 404 605 479 crimen
631 421 902 492 geminum
930 432 1089 474 unam
1141 394 1394 472 omnibus
1436 426 1665 473 mortem
1715 417 1969 474 minatur.
2003 419 2050 479 Δ
2080 420 2222 474 mine
2271 419 2522 476 absolvit.
2552 419 2739 490 Itaque
2791 419 3167 477 manifestatus
3223 428 3308 479 est
3353 418 3412 478 in
3467 437 3657 491 carne,

397 512 663 569 incumbit
707 510 839 567 mihi
880 511 1078 565 misero
1104 511 1213 579 jam
1245 510 1430 564 mundi
1484 510 1804 575 mortalitas,
1836 519 1976 564 tam-

308 664 311 667 _
396 621 555 676 quam
586 605 714 660 mihi
742 620 845 658 non
875 603 1106 659 sufficiat
1132 604 1197 657 ad
1220 612 1488 657 terrorem
1520 618 1661 662 mea.
1694 604 1831 672 Quid
1861 605 1975 674 pal-

398 714 583 766 pamus
628 704 805 753 metus
864 697 1116 752 nostros?
1168 697 1456 753 Securitati
1506 697 1654 752 locus
1710 713 1818 751 non
1869 707 1973 760 est,

394 791 608 861 quando
660 789 927 845 terminus
976 790 1027 843 in
1088 795 1198 843 nos‘
1241 788 1521 855 impendet
1577 788 1971 856 indifferenter,

393 883 725 952 singulorum
775 882 907 937 hinc
952 882 1213 935 omnium.
1246 880 1365 947 Quo
1410 881 1580 951 magis
1610 889 1691 935 est
1747 882 1800 935 in
1848 881 1973 947 hoc,

392 988 497 1029 non
523 973 635 1043 jam
665 974 838 1028 dicam
873 972 1052 1027 saaculi
1101 972 1270 1036 exitu,
1301 970 1396 1025 sed
1441 972 1526 1026 vel
1566 972 1618 1024 iu
1652 971 1753 1026 hoc
1792 986 1969 1026 rerum

393 1066 510 1134 ejus
532 1066 769 1127 defectu,
804 1064 1080 1118 hominum
1115 1062 1414 1119 miseranda
1447 1061 1720 1127 conditio;
1754 1062 1844 1132 qui
1867 1062 1969 1117 sibi

394 1172 494 1211 nec
525 1155 829 1210 futurorum
862 1169 1012 1223 Spem
1043 1153 1359 1224 gaudiorum
1400 1162 1693 1223 reponunt,
1722 1168 1842 1209 cum
1882 1152 1972 1223 ju-

388 1249 667 1303 cunditate
732 1245 1079 1318 praesentium
1136 1260 1243 1299 non
1303 1243 1567 1299 fruantur.
1628 1244 1970 1314 Voluptatem

392 1338 513 1393 vitae
539 1337 804 1393 brevioris
847 1350 952 1391 non
1006 1338 1245 1403 capiunt,
1281 1346 1551 1405 perpetuae
1595 1348 1819 1406 sperare
1862 1349 1969 1390 non

391 1439 635 1500 possunt.
670 1429 836 1483 Bonis
870 1429 1257 1497 temporalibus
1287 1442 1393 1482 non
1429 1438 1677 1491 utuntur,
1700 1438 1834 1489 non,
1860 1442 1968 1483 non

376 1506 610 1575 utentur
634 1519 872 1574 teternis.
907 1518 1003 1572 Hic
1039 1518 1116 1572 rei
1147 1532 1361 1587 parum,
1392 1516 1505 1574 illic
1529 1518 1648 1586 spei
1677 1517 1831 1572 nihil.
1861 1517 1968 1571 Do-

388 1609 578 1666 lendus
609 1624 829 1679 prorsus
854 1616 1016 1677 atque
1044 1608 1383 1663 miserandus
1406 1607 1641 1663 hominis
1669 1615 1841 1662 status
1867 1608 1971 1664 iste

387 1711 500 1767 est;
526 1701 626 1755 nisi
656 1699 791 1754 forte
822 1700 981 1753 faciat
1008 1698 1077 1754 de
1116 1698 1467 1754 acerbissima
1498 1698 1810 1755 conditione
1839 1714 1969 1754 con-

2078 512 2403 583 justiiicatus
2442 524 2524 570 est
2563 514 2775 583 spiritu,
2800 514 3043 584 apparuit
3072 515 3300 585 angelis,
3334 515 3663 585 praedicatus

2080 615 2163 659 est
2195 605 2468 674 gentibus,
2494 605 2734 661 creditus
2763 615 2846 659 est
2892 606 3116 672 mundo,
3148 617 3459 676 assumptus
3488 618 3573 664 est
3602 611 3658 665 in

2078 696 2246 765 gloria
2280 710 2295 752 :
2327 707 2547 767 prepter
2575 698 2718 767 quod
2754 697 2893 751 Deus
2928 712 3052 751 eum
3081 699 3357 763 exaltavit,
3390 710 3447 753 ut
3474 703 3656 757 omnia

2078 788 2440 844 confiteantur
2468 804 2612 845 nunc
2641 790 2692 843 in
2716 792 2877 852 caelo,
2909 799 2963 844 et
2986 790 3040 844 in
3074 800 3237 856 terra,
3270 792 3321 844 in
3353 794 3489 847 mari
3517 802 3574 849 et
3601 795 3653 850 in

2077 882 2308 952 abyssis,
2340 882 2464 951 quia
2518 881 2775 937 Dominus
2820 880 2980 937 Jesus
3022 885 3073 937 in
3112 883 3283 953 gloria
3323 892 3425 950 est,
3458 885 3572 941 Rex
3602 895 3659 942 et

2078 976 2220 1030 Deus
2248 985 2372 1032 ante
2396 977 2592 1031 saecula
2623 975 2791 1048 (Phil.
2824 977 2911 1044 ιι).

2146 1065 2284 1132 Quin
2314 1075 2368 1120 tu
2401 1066 2696 1134 repudiatis
2732 1065 2841 1121 illis
2874 1064 3319 1136 philosophorum
3367 1069 3659 1138 praeceptis

2074 1172 2300 1227 quorum
2332 1156 2549 1211 lectioni
2577 1171 2798 1226 cperam
2839 1172 2903 1211 ac
2933 1158 3207 1228 ingenium
3249 1160 3654 1229 accommodas,

2071 1250 2139 1304 ad
2183 1249 2489 1305 imbibeuda
2533 1250 2824 1305 Christiani
2874 1249 3142 1319 dogmatis
3185 1250 3363 1305 studia
3412 1253 3654 1307 animum

2071 1341 2283 1411 adjicis.
2318 1342 2430 1398 illic
2459 1357 2692 1413 quoque,
2726 1357 2834 1413 quo
2870 1342 3120 1398 facundia
3164 1349 3253 1397 tua
3293 1353 3459 1413 atque
3504 1343 3655 1412 inge-

2073 1433 2221 1487 nium
2262 1442 2603 1499 exerceatur,
2639 1432 2920 1499 invenies;
2966 1432 3226 1503 brevique
3276 1433 3376 1488 tibi
3426 1432 3655 1503 liquebit

2070 1533 2276 1594 quanto
2305 1525 2421 1579 lizec
2450 1521 2652 1595 (Forte,
2686 1538 2844 1592 quam
2886 1537 2992 1578 non
3040 1522 3183 1594 haec]
3214 1534 3420 1588 nostra,
3451 1524 3503 1578 id
3546 1532 3653 1590 est,

2068 1615 2286 1684 pietatis
2327 1615 2680 1685 veritatisque
2723 1623 3013 1684 pracepta,
3053 1614 3161 1668 illis
3207 1615 3653 1684 philosophorum

2071 1704 2359 1775 praeceptis
2383 1706 2632 1761 debeant.
2658 1705 2717 1760 lu
2746 1706 2851 1760 illis
2874 1720 3106 1776 namque
3131 1720 3315 1761 eorum
3340 1708 3649 1777 praeceptis,

384 1808 570 1864 gruam
610 1792 1023 1858 necessitatem;
1056 1792 1162 1848 nisi
1192 1792 1261 1847 ob
1293 1792 1395 1846 hoc
1426 1793 1624 1862 ipsum,
1658 1791 1725 1846 ad
1754 1792 1962 1861 potiora
1995 1788 2040 1847 Β
2070 1797 2155 1852 vel
2185 1796 2503 1851 adumbrata
2534 1796 2723 1861 virtus,
2756 1795 2843 1851 vel
2870 1794 3003 1851 falsa
3026 1795 3326 1867 sapientia;
3360 1797 3414 1851 in
3448 1796 3533 1851 his
3558 1814 3661 1875 ve-q

384 1887 630 1941 utilitatis
662 1900 775 1941 suat
816 1885 1056 1941 remedia
1096 1900 1157 1941 se
1186 1884 1445 1954 corrigat,
1466 1883 1871 1954 contendatque
1900 1886 1967 1941 ad

384 1978 477 2034 illa
523 1977 843 2032 salubrioris
900 1987 1023 2031 vota
1068 1975 1315 2041 consilii;
1349 1974 1676 2046 praesertim,
1722 1989 1845 2030 cum
1896 1977 1967 2030 ita

383 2073 673 2128 dilacerata
724 2070 1009 2141 praesentis
1058 2071 1315 2140 temporis
1344 2085 1432 2126 res
1471 2070 1562 2137 sit,
1593 2079 1651 2125 ut
1680 2070 1770 2140 qui
1810 2072 1968 2126 unius

383 2161 550 2217 futuri
604 2162 791 2217 saeculi
843 2159 1186 2217 commodum
1238 2160 1432 2231 perdit,
1458 2160 1741 2233 utriusque
1781 2162 1966 2231 perdi—

383 2254 546 2310 derit.

458 2342 746 2414 Dirigenda
783 2352 866 2399 est
897 2344 1073 2399 omnis
1098 2344 1264 2398 animi
1296 2345 1522 2399 intentio
1549 2343 1603 2398 in
1635 2358 1786 2414 spem
1820 2346 1968 2402 futu-

382 2437 430 2492 ri
459 2453 475 2495 :
511 2452 672 2505 quam
704 2452 857 2505 spem
881 2445 938 2491 ut
965 2436 1176 2505 plenius
1203 2449 1265 2488 ac
1298 2435 1633 2491 manifestius
1664 2449 1968 2506 consequa-

383 2528 481 2594 ris,
512 2526 725 2597 aperire
754 2540 873 2582 eam
903 2526 1064 2582 etiam
1096 2526 1196 2580 sub
1232 2524 1458 2594 alicujus
1498 2525 1733 2594 exempli
1778 2526 1968 2581 condi-

383 2620 533 2676 tione
563 2633 670 2673 non
710 2618 967 2672 abuuam.
1000 2617 1057 2673 Si
1082 2616 1170 2672 cui
1202 2615 1397 2684 aliquis
1432 2616 1671 2686 quinque
1709 2616 1871 2672 hodie
1898 2632 1965 2672 ex

383 2727 492 2768 aere
534 2710 787 2767 denarios
843 2710 1058 2776 oiferat,
1113 2708 1434 2780 quingentos
1490 2724 1622 2765 vero
1671 2724 1865 2766 aureos
1911 2710 1963 2765 in

382 2805 679 2860 crastinum
712 2801 999 2873 spondeat,
1031 2802 1416 2872 Optionemque
1458 2801 1650 2857 oil’erat
1681 2810 1859 2858 utrum
1891 2817 1966 2858 es

380 2894 447 2949 ad
481 2911 719 2965 praesens
747 2908 986 2960 sumere,
1015 2892 1083 2946 an
1113 2908 1303 2948 aurum
1338 2892 1523 2947 mallet
1551 2892 1604 2948 in
1634 2902 1910 2963 posterum
1946 2910 1960 2949 :

384 2986 677 3042 dubiumne
701 2997 806 3054 est,
838 2987 967 3056 quin
1005 2992 1271 3056 prazoptet
1310 2984 1537 3055 grandia
1575 2985 1666 3040 illa
1713 3000 1963 3053 munera,

380 3092 499 3131 cum
532 3093 694 3146 parva
746 3078 929 3132 mora?
957 3076 1039 3132 Tu
1085 3091 1301 3147 quoque
1351 3076 1534 3132 brevis
1585 3077 1745 3147 hujus
1794 3088 1959 3148 atque

382 3178 604 3223 aeternas
631 3168 755 3223 vitta
777 3168 1087 3223 conditione
1119 3180 1425 3238 perspecta,
1447 3183 1550 3223 non
1578 3169 1746 3239 eligas
1768 3183 1964 3239 capere
1990 3152 2036 3215 C

382 3261 530 3325 vilia,
563 3275 685 3315 cum
738 3276 957 3328 sperare
997 3261 1169 3328 possis
1221 3262 1478 3331 pretiosa.
1522 3260 1639 3316 Non
1697 3271 1782 3317 est
1831 3264 1964 3318 tanti

381 3352 678 3423 sumpsisse
704 3367 886 3423 parva,
918 3353 1101 3423 quanti
1137 3362 1220 3409 est
1255 3362 1594 3423 exspectare,
1619 3368 1741 3424 qua:
1768 3370 1964 3425 magna

382 3455 527 3500 sunt.
557 3444 711 3513 Quod
741 3444 787 3499 si
812 3460 974 3499 omne
996 3445 1099 3499 hoc
1129 3443 1335 3513 fragile,
1370 3444 1510 3514 quod
1542 3445 1593 3500 in
1629 3446 1831 3500 mundo
1856 3454 1961 3515 est,

382 3548 436 3592 et
466 3537 732 3604 videmus,
758 3547 813 3591 et
838 3536 1121 3608 capimus(
1140 3538 1253 3607 spei
1290 3551 1419 3592 vero
1447 3551 1478 3591 a
1510 3538 1783 3608 sperando
1822 3540 1965 3596 indi-

384 3638 495 3685 tum
524 3643 716 3684 nomen
747 3625 879 3700 est),
918 3627 1261 3683 manifestum
1291 3638 1374 3683 est
1416 3643 1752 3699 nequaquam
1781 3630 1834 3685 in
1861 3630 1964 3686 hoc

380 3722 585 3777 saeculo
623 3736 773 3792 spem
824 3720 1111 3790 possideri,
1144 3720 1199 3775 in
1239 3735 1347 3791 quo
1394 3721 1479 3778 his
1521 3737 1642 3789 quas
1691 3722 1964 3779 intuemur

380 3813 632 3869 fruimur.
668 3813 801 3882 Spes
820 3813 957 3868 enim
997 3828 1113 3883 qua:
1164 3812 1365 3867 videtur
1408 3828 1512 3867 non
1553 3822 1629 3868 est
1657 3831 1791 3886 spes.
1820 3814 1963 3869 Nam

377 3905 494 3975 quis
538 3904 673 3976 quod
720 3904 856 3959 videt
902 3904 1027 3975 quid
1071 3913 1240 3976 sperat
1269 3904 1449 3976 (Rom.
1498 3920 1613 3974 vttt,
1644 3906 1773 3977 2i)?
1818 3908 1961 3978 Ergo

379 4010 735 4065 quiscumque
760 3995 852 4049 illa
882 4009 1006 4064 spes
1031 3995 1195 4050 rebus
1221 3994 1476 4050 miscetur
1506 3996 1780 4063 humanis,
1813 4012 1961 4067 qua-

378 4087 546 4143 renda
572 4094 656 4142 est
700 4086 752 4141 in
802 4085 1041 4141 futurum
1076 4085 1377 4156 :alioquin,
1411 4101 1510 4142 nec
1541 4102 1665 4157 spes
1695 4090 1958 4160 appellari

378 4186 576 4248 potest,
604 4175 651 4231 si
677 4191 784 4230 non
816 4187 1084 4245 speratur.

448 4269 632 4339 Itaque
662 4266 1095 4323 manifestiorem
1127 4267 1179 4322 in
1209 4265 1449 4323 futurum
1492 4283 1607 4324 rem
1637 4272 1751 4340 spei
1781 4272 1961 4342 sequi-

376 4375 692 4432 mur,quam
717 4374 865 4430 spem
890 4359 969 4414 rei
996 4360 1048 4414 in
1070 4360 1428 4429 praesentibus
1457 4360 1790 4430 experimur.
1819 4362 1960 4417 Ecce

376 4469 441 4511 ea
484 4466 606 4526 quas
635 4452 791 4508 nobis
830 4453 882 4507 in
914 4452 1058 4523 ipsos
1088 4452 1373 4508 oculorum
1411 4452 1766 4508 admoventur
1794 4453 1953 4508 obtu-

375 4556 485 4613 tus,
500 4515 623 4604 ἰιοη
651 4545 898 4601 absolute
924 4515 1077 4613 quasi
1103 4544 1383 4615 Oppressis
1403 4544 1608 4599 visibus
1631 4543 1945 4611 intuemur;
1982 4515 2037 4576 ι)

375 4642 545 4699 multo
587 4654 718 4696 vero
763 4637 966 4693 certius
1008 4637 1064 4691 in
1106 4650 1168 4691 ea
1215 4650 1334 4706 quae
1383 4636 1595 4691 eminus
1626 4634 1949 4705 offeruntur,

371 4732 522 4789 velut
550 4729 819 4800 expeditis
842 4726 1137 4782 luminibus
1164 4725 1496 4781 intendimus
1528 4742 1542 4779 :
1574 4727 1645 4780 ita
1676 4726 1791 4783 fere
1819 4742 1954 4782 eve-

372 4824 520 4879 nisse
546 4824 613 4878 de
644 4819 1002 4893 praesentibus
1041 4817 1348 4886 futurisque
1394 4833 1500 4874 non
1546 4827 1632 4874 est
1675 4820 1953 4890 ambigen-

370 4918 519 4976 dum.
550 4916 684 4973 Nam
730 4914 1016 4986 presentia
1062 4920 1335 4982 tamquam
1378 4912 1430 4967 in
1486 4913 1672 4968 oculos
1723 4914 1948 4980 ingesta,

369 5024 479 5065 non
516 5016 661 5064 recte
699 5014 1032 5069 cernuntur;
1059 5003 1238 5059 futura
1273 5012 1546 5074 tamquam
1577 5004 1644 5058 ab
1671 5004 1841 5058 oculis
1869 5019 1955 5058 re-

370 5101 552 5168 ducta,
597 5098 1039 5155 manifestissime
1100 5097 1522 5168 perspiciuntur.
1577 5096 1763 5167 Neque
1813 5098 1952 5151 hanc

371 5191 624 5247 fiduciam
653 5192 959 5247 futurorum
979 5230 993 5256 ,
1022 5190 1233 5245 incerto
1277 5198 1500 5245 auctore
1551 5189 1948 5261 praesumimus,

369 5285 464 5341 sed
497 5285 724 5340 Domino
752 5294 940 5340 nostro
959 5283 1083 5340 Jesu
1108 5280 1348 5347 Christo,
1369 5280 1653 5337 verissimo
1684 5297 1950 5350 sponsore

366 5376 637 5444 veritatis,
661 5376 755 5447 qui
780 5375 942 5445 justis
983 5372 1381 5429 interminabile
1419 5387 1643 5442 regnum
1687 5381 1744 5428 et
1772 5374 1947 5444 ampla

369 5468 695 5528 beatissima:
727 5467 1049 5525 aeternitatis
1080 5466 1299 5535 praemia
1332 5464 1643 5535 pollicetur;
1672 5466 1762 5536 qui
1785 5468 1947 5522 etiam

363 5573 462 5629 per
494 5559 765 5616 iueilabile
811 5568 1207 5616 sacramentum
1248 5567 1540 5629 assumpta:
1567 5560 1770 5625 carnis,
1803 5559 1947 5616 idem

368 5653 534 5707 homo
562 5664 617 5709 et
645 5654 811 5718 Deus,
851 5653 1219 5709 reconciliavit
1262 5650 1535 5706 hominem
1568 5652 1709 5716 Deo;
1746 5666 1809 5707 ac
1839 5668 1953 5706 ma-

367 5760 475 5819 gno
504 5743 923 5814 absconditoque
964 5743 1222 5813 mysterio
1251 5743 1525 5813 passionis
1562 5744 1821 5799 mundum
1844 5742 1946 5798 cri-

2072 1901 2137 1941 ro
2174 1894 2544 1941 consummata
2577 1885 2814 1956 justitia,
2856 1885 3029 1941 solida
3069 1886 3269 1941 veritas
3316 1886 3648 1941 continetur.

2072 1977 2226 2034 Unde
2256 1979 2383 2034 licet
2411 1978 2594 2033 dicere
2625 1977 2981 2048 philosophia:
3008 1978 3142 2033 alios
3164 1992 3362 2033 nomen
3392 1994 3653 2050 usurpas-

2069 2083 2153 2138 se,
2183 2084 2282 2123 nos
2312 2070 2497 2123 vitam.
2532 2068 2747 2123 Etenim
2787 2069 2968 2137 qualia
3012 2069 3079 2123 ab
3131 2068 3215 2125 his
3261 2069 3378 2125 dari
3426 2078 3652 2140 possunt

2071 2168 2341 2230 pracepta
2396 2159 2653 2215 vivendi?
2705 2159 2936 2215 Causam
3005 2161 3273 2215 nesciunt.
3328 2160 3649 2230 lgnorantes

2069 2254 2212 2309 enim
2235 2254 2431 2320 Deum,
2457 2263 2511 2308 et
2538 2254 2718 2309 statim
2757 2254 2824 2308 ab
2862 2253 3085 2308 exordio
3118 2253 3343 2322 justitiae
3373 2254 3650 2308 declinan-

2071 2354 2174 2409 tes,
2201 2344 2557 2413 consequenti
2585 2345 2637 2398 in
2681 2353 2877 2399 caetera
2926 2342 3173 2397 feruntur
3219 2358 3431 2398 errore.
3463 2343 3556 2398 Sic
3591 2345 3648 2397 lit

2069 2444 2257 2504 postea
2289 2442 2346 2489 ut
2387 2434 2687 2489 studiorum
2736 2435 2920 2488 talium
2956 2433 3074 2488 linis
3108 2434 3178 2488 sit
3203 2434 3428 2488 vanitas.
3462 2434 3518 2489 Si
3551 2434 3647 2503 qui

2068 2525 2207 2597 apud
2250 2525 2371 2580 illos
2414 2524 2726 2580 honestiora
2775 2524 3057 2592 deﬁniunt,
3089 2525 3214 2579 huic
3247 2524 3523 2595 jactantia:
3549 2526 3647 2581 de-

2067 2618 2333 2682 serviunt,
2363 2617 2489 2672 huic
2527 2617 2774 2671 laborant
2799 2633 2811 2670 ε
2838 2618 2909 2671 ita
2953 2616 3092 2687 apud
3107 2631 3200 2672 eos
3228 2631 3334 2671 nou
3364 2628 3449 2671 est
3478 2632 3645 2672 vacua

2067 2710 2212 2766 vitiis
2258 2710 2583 2766 abstinentia
2633 2712 2912 2765 vitiorum.
2969 2710 3030 2765 lii
3085 2710 3266 2780 itaque
3311 2720 3462 2776 sunt,
3506 2712 3645 2766 sicut

2066 2804 2327 2871 scriptum
2357 2802 2567 2873 εει,ᾳυὶ
2583 2811 2787 2856 terrena
2814 2802 3025 2872 sapiunt
3044 2801 3215 2873 (Phil.
3242 2817 3321 2870 ιιι,
3348 2802 3461 2873 19).
3494 2803 3644 2862 Unde

2066 2893 2350 2949 manifeste
2373 2893 2678 2949 ostenditur
2698 2908 2879 2949 veram
2917 2908 3013 2949 eos
3029 2894 3311 2963 justitiam,
3345 2910 3529 2950 veram
3558 2910 3641 2950 sa-

2066 2988 2322 3058 pientiam
2375 3001 2481 3042 non
2516 2986 2727 3042 videre.
2756 2987 2910 3042 Anne
2940 2987 3133 3057 aliquis
3162 3003 3228 3041 ex
3260 2987 3351 3041 illa
3380 2987 3645 3058 Aristippi

2067 3078 2254 3134 schola
2284 3079 2566 3134 veritatem
2600 3077 2823 3145 videbit,
2854 3078 2947 3147 qui
2977 3078 3191 3149 ingenio
3235 3094 3333 3133 suo
3371 3094 3402 3135 a
3450 3081 3640 3135 suibus

2067 3178 2159 3227 aut
2184 3186 2380 3241 pecore
2406 3170 2541 3229 nihil
2571 3170 2774 3240 differt,
2798 3185 2921 3225 cum
2953 3170 3342 3226 beatitudinem
3373 3173 3426 3227 in
3457 3188 3643 3241 corpo-

2065 3264 2142 3318 ris
2170 3262 2442 3332 voluptate
2463 3262 2755 3317 constituat
2774 3277 2788 3317 :
2813 3262 2898 3316 cui
2925 3261 3065 3316 Deus
3086 3262 3256 3318 venter
3281 3274 3375 3328 est,
3396 3273 3445 3317 et
3474 3263 3642 3335 gloria

2070 3352 2258 3426 (lbid.)
2292 3354 2348 3409 in
2393 3353 2656 3424 pudendis
2687 3352 2834 3423 ejus?
2863 3342 2962 3408 Hic
3008 3353 3292 3410 honestum
3325 3354 3642 3423 justumque

2066 3446 2366 3516 prascipiet,
2394 3444 2537 3515 apud
2566 3460 2725 3514 quem
2762 3445 3037 3515 prodigus,
3069 3446 3397 3514 impudicus,
3427 3446 3638 3501 adulter

2067 3537 2522 3608 phil050phatur?
2550 3536 2656 3591 Sed
2700 3536 2839 3590 alius
2880 3536 3142 3591 adversus
3171 3536 3521 3606 philosophos
3558 3538 3638 3591 di-

2063 3629 2218 3686 cendi
2251 3630 2401 3685 locus
2428 3636 2765 3694 reservetur;
2795 3643 2895 3698 ego
2920 3629 2989 3683 ad
3032 3627 3149 3684 haec
3181 3629 3392 3684 veniam
3416 3641 3638 3701 propter

2062 3737 2183 3793 quae
2213 3730 2391 3777 tecum
2420 3721 2631 3791 loquor.

2131 3813 2333 3867 Omitte
2359 3812 2468 3881 jam
2501 3811 2641 3879 illas,
2668 3810 2863 3881 quibus
2904 3810 3221 3876 oblectaris,
3269 3811 3509 3865 maxime
3546 3826 3638 3880 ge-

2062 3904 2274 3960 nerales
2304 3917 2489 3957 eorum
2517 3902 2837 3967 sententias,
2860 3902 3095 3956 breviter
3120 3917 3184 3955 ex
3216 3902 3363 3955 omni
3395 3901 3638 3970 disputa-

2063 3996 2222 4052 tionis
2241 4009 2441 4065 genere
2467 3993 2743 4058 collectas,
2771 4001 2934 4062 atque
2955 3991 3021 4047 ad
3048 3990 3224 4046 studia
3249 4001 3301 4046 te
3329 4000 3638 4048 nostrorum

2059 4096 2116 4143 et
2146 4088 2346 4155 scripta
2391 4094 2666 4140 converte.
2708 4083 2814 4149 ibi,
2845 4093 2900 4137 tu
2944 4083 3170 4153 Optime,
3215 4094 3398 4152 pectus
3456 4092 3631 4153 tuum,

2060 4179 2349 4235 multifaria
2377 4178 2734 4233 instructione
2757 4177 2997 4231 satiabis.
3028 4176 3128 4245 lbi,
3162 4178 3228 4230 ad
3261 4177 3638 4234 inculcandam

2060 4275 2244 4340 fidem,
2278 4288 2383 4328 non
2411 4273 2494 4327 his
2520 4272 2741 4343 quidem
2772 4270 2976 4338 verbis,
3001 4270 3095 4326 sed
3124 4282 3299 4327 tamen
3325 4270 3429 4326 ista
3454 4271 3641 4327 dicen-

2060 4378 2147 4423 tur
2177 4367 2270 4422 tibi
2299 4385 2311 4420 :
2346 4366 2580 4421 Verbum
2607 4364 2727 4427 Dei,
2751 4363 2842 4433 qui
2870 4378 2976 4417 non
3008 4362 3204 4429 credit,
3234 4379 3340 4417 non
3365 4364 3636 4434 intelligit.

2060 4458 2158 4523 lbi,
2191 4468 2246 4513 tu
2296 4456 2701 4512 admonebere:
2734 4454 3194 4523 Dominum,'quia
3226 4454 3507 4508 Dominum
3537 4470 3638 4508 vo-

2058 4566 2172 4614 cas.
2197 4559 2418 4614 metue;
2451 4550 2574 4618 quia
2604 4558 2834 4618 patrem,
2867 4546 3051 4617 dilige.
3085 4546 3193 4612 ibi,
3238 4556 3291 4600 tu
3337 4561 3499 4601 veras
3538 4546 3641 4601 ho-

2060 4645 2195 4698 stias
2222 4642 2423 4709 disces,
2452 4640 2718 4695 audiendo
2750 4657 2764 4692 :
2803 4637 3185 4707 Acceptissima
3216 4637 3329 4693 Deo
3368 4637 3635 4693 sacrificia

2059 4746 2207 4801 sunt,
2232 4733 2445 4803 justitia
2471 4741 2527 4789 et
2547 4730 2937 4787 misericordia.
2970 4729 3069 4795 lbi,
3103 4728 3198 4784 tibi
3226 4729 3366 4784 istud
3398 4728 3637 4785 insinua-

2058 4827 2204 4883 bitur
2234 4844 2248 4879 :
2280 4824 2336 4881 Si
2361 4839 2512 4880 amas
2535 4835 2609 4892 te,
2643 4824 2945 4893 proximum
2969 4822 3162 4892 dilige;
3187 4822 3277 4891 qui
3298 4822 3433 4876 nihil
3463 4824 3639 4891 magis

2057 4916 2359 4973 commodis
2388 4918 2495 4972 tuis
2524 4916 2698 4979 dabis,
2730 4930 2887 4987 quam
2919 4913 3062 4984 quod
3094 4912 3389 4967 contuleris
3415 4912 3628 4967 alienis.

2058 5009 2154 5076 lbi,
2188 5010 2288 5066 tibi
2324 5009 2692 5080 praecipietur,
2737 5007 2937 5062 nullam
2989 5019 3110 5063 eese
3154 5019 3367 5061 causam
3412 5012 3519 5059 tam
3551 5005 3637 5060 di-

2058 5119 2215 5173 gnam
2244 5111 2421 5172 putes,
2449 5116 2551 5172 qua
2598 5101 2690 5155 tibi
2715 5101 2855 5169 justa
2898 5098 2989 5153 flat
3019 5111 3165 5152 mors
3209 5097 3461 5152 hominis.
3491 5097 3632 5167 illic,

2057 5193 2320 5251 adversus
2360 5193 2541 5248 illicita
2573 5191 2882 5247 moneberis
2917 5208 2929 5243 :
2965 5189 3194 5244 Libidini
3237 5191 3453 5253 rediste,
3486 5199 3636 5245 tam-

2055 5301 2217 5358 quam
2247 5286 2390 5340 hosti
2438 5283 2810 5345 acerbissimo,
2835 5281 2925 5351 qui
2972 5280 3231 5358 insultare
3260 5280 3438 5341 victis,
3465 5282 3635 5337 etiam

2053 5377 2377 5433 contumelia
2406 5376 2672 5446 corporis,
2697 5374 2948 5445 gaudeat.
2986 5372 3122 5439 illic,
3153 5389 3220 5427 ne
3255 5375 3633 5442 concupiscas,

2056 5469 2199 5524 istud
2230 5466 2551 5524 edoceheris
2573 5483 2589 5523 :
2614 5465 2804 5519 Melius
2839 5474 2921 5519 est
2948 5463 3092 5518 nolle
3119 5478 3239 5533 quae
3270 5479 3374 5515 non
3402 5463 3634 5533 habeas,

2054 5574 2212 5630 quam
2245 5558 2444 5613 habere
2474 5571 2594 5626 quae
2620 5555 2775 5611 velis.
2806 5554 2940 5622 illic,
2970 5570 3039 5609 ne
3067 5553 3340 5618 irascaris,
3360 5553 3461 5609 hoc
3482 5556 3632 5628 iuge.

2073 5655 2200 5708 ritur
2236 5667 2252 5711 ;
2288 5650 2391 5719 Qui
2437 5659 2758 5721 provocatus
2816 5648 3086 5712 irascitur,
3129 5656 3259 5702 tunc
3295 5647 3473 5701 solum
3524 5663 3631 5707 non

2060 5744 2336 5809 irascitur,
2368 5757 2493 5797 cum
2517 5755 2624 5796 non
2655 5747 3002 5811 provocatur.
3035 5738 3111 5795 lbi
3138 5738 3319 5807 etiam,
3351 5737 3421 5793 de
3447 5738 3629 5795 inimi-
