3932 6170
260 283 368 340 725

941 289 1272 348 EPISTOLA
1313 292 1777 354 PABENETICA
1821 300 1913 356 AD
1957 302 2394 365 VALERIANUM
2433 311 2827 375 COGNATUM.

3425 328 3529 384 ηδ

258 400 338 450 cis
393 398 586 454 audies
619 417 633 453 :
668 401 862 457 Amato
905 419 1012 459 non
1066 416 1362 474 amantem,
1394 411 1516 478 quia
1569 420 1834 467 amantem
1865 420 1910 477 Α
1943 415 2084 472 lator
2107 428 2342 487 tuorum,
2369 425 2546 482 inania
2580 428 2920 499 fastidias,et
2941 435 3114 493 solida
3145 445 3520 514 concupiscas.

261 491 344 514 ,δη
385 490 650 514 ,,,,,,,,η
689 504 830 514 ,μη
1173 499 1184 509 .
1236 513 1242 514 ,
1291 499 1340 514 ..
1513 502 1543 514 ..
1651 504 1700 514 ..
1946 507 1961 514 -
2144 511 2154 514 -

261 491 348 542 vix
385 490 521 544 ullus
546 506 664 546 non-
685 504 855 551 amat.
887 494 1023 563 Illic,
1055 499 1254 566 saepius
1291 499 1342 554 id
1383 500 1478 554 tibi
1511 502 1794 560 iterabitur
1823 522 1836 559 :

258 581 600 635 Thesaurum
637 584 682 639 is
721 586 862 641 bene
898 589 1164 654 recondit,
1195 593 1282 658 qui
1317 591 1677 662 indigentibus
1704 597 1837 651 divi-

257 671 356 723 dit.
390 671 625 729 Perdere
659 676 802 730 enim
837 677 947 746 jam
989 695 1095 734 non
1133 682 1354 749 poterit,
1389 684 1532 751 quod
1561 684 1838 755 largiendo

254 761 575 817 collocavit.
611 766 722 821 Illic
755 768 918 822 etiam
952 770 1191 826 feliciora
1226 773 1565 843 suadeberis,
1599 791 1719 830 cum
1754 777 1837 831 di-

254 863 452 908 cetur:
487 855 750 912 Fidelium
779 861 1151 930 coniugiorum
1191 864 1397 921 fructus
1436 876 1520 920 est
1547 868 1836 923 continen-

255 947 348 1000 tia.
393 946 494 1014 lbi,
544 958 599 1003 tu
639 949 994 1008 discernenda
1053 971 1372 1024 cognosces,
1424 975 1547 1014 cum
1600 961 1832 1016 audies:

251 1038 388 1092 Mala
417 1041 598 1094 szeculi
625 1041 785 1112 hujus
806 1043 969 1110 justis
994 1047 1318 1118 injustisque
1352 1049 1659 1104 communia
1684 1063 1827 1106 sunt.

250 1129 355 1196 lbi,
390 1131 483 1187 tibi
517 1133 659 1188 istud
685 1135 1011 1192 audiendum
1035 1138 1296 1195 offeretur
1327 1159 1340 1194 :
1373 1141 1540 1210 Major
1569 1144 1832 1213 a-gritudo

246 1232 333 1276 est
363 1223 622 1291 languere
671 1227 906 1280 animam
957 1229 1120 1292 vitiis,
1154 1245 1312 1299 quam
1357 1247 1555 1300 corpus
1595 1235 1828 1289 morbis.

249 1314 350 1380 lbi,
381 1314 473 1368 tibi
505 1317 572 1368 ad
597 1319 1079 1372 commendandam
1109 1335 1296 1389 pacem
1343 1323 1482 1377 istud
1509 1325 1794 1393 pronuntia
1820 1358 1824 1363 ι

245 1405 433 1458 bitur:
468 1403 878 1472 lmpatientibus
921 1409 1217 1464 similitudo
1255 1427 1490 1475 morum,
1531 1430 1690 1468 causa
1720 1415 1830 1470 dis-

242 1494 468 1548 cordiaa.
499 1495 595 1561 lbi,
631 1511 699 1552 ne
744 1500 988 1568 sequaris
1025 1500 1216 1567 malos,
1249 1502 1392 1556 istud
1424 1505 1616 1559 audies
1651 1503 1826 1560 :Pru-

241 1587 464 1641 dentem
514 1598 569 1643 et
612 1591 830 1658 sapiens
885 1591 1161 1655 informat,
1194 1603 1246 1648 et
1291 1594 1524 1661 stultus;
1555 1595 1647 1651 ille
1698 1597 1824 1666 quid

239 1678 562 1732 imitandum
610 1680 681 1735 sit
735 1681 932 1747 docet;
973 1684 1078 1738 iste
1121 1684 1250 1754 quid
1300 1685 1600 1740 vitandum.
1624 1687 1734 1742 Illic
1772 1697 1826 1743 et

1943 507 2503 586 lmprudentissimum
2550 531 2664 589 est,
2716 538 2838 580 cum
2887 541 2986 597 pro
3039 532 3194 587 nobis
3248 507 3362 592 fere
3415 548 3522 595 tam

1943 602 2112 656 multa
2145 604 2285 660 Deus
2339 609 2546 680 fecerit,
2579 613 2711 668 nihil
2760 621 3126 689 nosmetipsos
3178 625 3368 682 fecisse
3427 647 3523 699 pro

1941 693 2126 760 nobis;
2159 711 2387 767 cumque
2420 703 2511 757 ille
2549 707 2601 758 in
2655 708 2914 776 operibus
2961 713 3072 767 suis
3125 713 3191 767 ad
3241 723 3521 777 commoda

1939 784 2167 841 humana
2199 794 2526 858 respexerit,
2562 795 2833 860 hominem
2874 801 3020 857 nolle
3058 804 3162 859 sibi
3205 811 3512 868 consulere.

1935 873 2274 933 Consulimus
2306 897 2456 946 vero,
2487 885 2531 937 si
2563 900 2660 940 nos
2699 888 2750 940 in
2781 887 2876 944 Dei
2915 893 3117 947 cultum
3159 895 3516 969 all'ectumque

1935 965 2236 1024 reddimus.
2266 970 2404 1025 Vera
2437 973 2636 1042 quippe
2677 977 2954 1036 beatitudo
2993 991 3099 1050 est,
3132 988 3312 1041 saeculi
3341 965 3511 1044 beati-

1934 1058 2172 1114 tudinem
2218 1075 2499 1130 spernere,
2535 1068 2902 1140 neglectisque
2956 1077 3192 1130 terrenis
3241 1079 3292 1130 in
3334 1080 3512 1136 divina

1931 1147 2175 1219 flagrare.
2210 1152 2600 1225 Proinde,jam
2655 1174 2800 1212 nunc
2852 1165 3028 1215 omnia
3080 1165 3225 1221 dicta
3272 1167 3513 1238 factaque

1931 1247 2020 1292 tua
2045 1241 2110 1294 ad
2139 1242 2304 1296 Deum
2332 1245 2416 1299 vel
2441 1257 2660 1315 propter
2691 1248 2859 1303 Deum
2894 1251 3086 1320 dirige.
3113 1254 3310 1310 Obtine
3334 1267 3393 1311 ut
3417 1263 3511 1315 tibi

1929 1345 2113 1387 comes
2151 1349 2367 1403 semper
2394 1339 2464 1390 sit
2493 1338 2601 1405 illa,
2632 1349 2686 1394 et
2730 1341 2825 1396 tibi
2878 1356 3059 1398 custos
3095 1352 3216 1401 erit.
3254 1349 3370 1404 lam
3404 1353 3504 1406 fida

1929 1433 2012 1477 est
2042 1425 2370 1482 innocentia.
2405 1428 2651 1500 Magnum
2681 1441 2768 1486 est
2804 1435 3055 1490 virtutem
3099 1441 3272 1507 sequi,
3305 1458 3510 1512 nosque

1927 1516 1978 1568 ei
2009 1517 2209 1587 aliquid
2240 1534 2337 1588 pro
2368 1522 2510 1576 virili
2553 1525 2803 1591 portione
2846 1527 3119 1585 conferre.
3148 1531 3259 1586 Nec
3309 1550 3510 1600 paven-

1927 1606 2056 1661 dum
2086 1618 2170 1664 est
2217 1625 2282 1666 ne
2313 1627 2372 1668 se
2403 1613 2472 1666 ab
2521 1612 2605 1668 his
2635 1631 2754 1683 qum
2787 1631 2886 1671 usu
2927 1619 3264 1676 inoleverunt
3299 1627 3510 1682 animus

1930 1715 2024 1766 per
2047 1701 2326 1758 meliorem
2359 1703 2521 1759 vitam
2556 1722 2664 1761 non
2687 1708 2860 1762 valeat
2885 1709 3190 1768 absolvere.
3223 1714 3368 1770 idem
3393 1717 3501 1786 ille,

236 1771 344 1823 ista
373 1768 722 1838 proferuntur
749 1787 765 1826 :
797 1771 958 1826 Multa
987 1786 1216 1842 prosunt
1254 1775 1665 1843 nescientibus;
1699 1779 1826 1834 ideo
1857 1782 1900 1842 Β
1929 1789 2012 1843 cui
2053 1793 2325 1849 sanandos
2365 1811 2461 1850 nos
2495 1798 2828 1868 tuendosque
2858 1801 3156 1865 offerimus,
3187 1805 3332 1859 vires
3361 1824 3504 1874 pm-

237 1874 349 1912 non
394 1861 571 1914 minor
601 1869 685 1915 est
713 1861 809 1916 Dei
841 1863 894 1916 in
923 1873 1116 1932 operto
1154 1880 1313 1934 quam
1347 1865 1399 1920 in
1447 1876 1636 1936 aperto
1674 1869 1858 1943 beni-g

234 1949 438 2018 gi'itas.
489 1950 603 2006 lllic
651 1953 1030 2009 admoneberis
1063 1973 1075 2008 :
1105 1953 1321 2010 Gratias
1366 1957 1482 2011 Deo
1515 1973 1623 2012 non
1655 1960 1852 2037 magis

234 2041 296 2093 in
316 2043 590 2110 prosperis
609 2058 740 2113 agas
763 2060 920 2112 quam
946 2046 998 2099 in
1034 2045 1308 2112 adversis;
1334 2056 1530 2102 etcum
1560 2064 1820 2119 prospera

230 2133 367 2197 sint,
403 2144 456 2188 te
485 2151 591 2189 non
617 2136 882 2192 meruisse
909 2138 1148 2194 fatearis.
1177 2139 1318 2210 lllic,
1339 2142 1432 2196 tibi
1456 2142 1618 2197 etiam
1647 2158 1827 2199 remo-

230 2223 378 2280 tiora
406 2225 682 2295 patefient,
710 2243 832 2283 cum
859 2230 961 2284 ista
992 2232 1430 2300 pradicabuntur
1455 2253 1466 2288 :
1496 2235 1686 2290 Fatum
1715 2252 1821 2292 non

227 2332 384 2385 esse,
418 2320 752 2391 interrogent
793 2335 981 2392 gentes
1009 2325 1091 2379 vel
1128 2326 1275 2396 leges
1300 2341 1426 2382 suas
1449 2343 1465 2394 ;
1489 2344 1609 2397 qua:
1639 2331 1823 2400 utique

226 2423 342 2462 non
374 2411 623 2480 puniunt,
655 2413 757 2468 nisi
799 2414 1064 2470 factorum
1106 2417 1458 2472 voluntatem.
1487 2419 1602 2475 Illic
1632 2421 1820 2476 audies

223 2501 298 2553 ad
329 2504 744 2560 custodiendam
794 2509 1082 2575 puritatem
1123 2519 1176 2564 et
1209 2511 1308 2565 ista
1339 2513 1561 2581 praecipi
1592 2531 1606 2568 :
1649 2513 1706 2570 Si
1739 2515 1820 2570 vis

223 2607 354 2648 esse
381 2609 571 2661 verax,
593 2597 842 2665 suspicax
871 2613 978 2652 non
1000 2600 1129 2654 eris.
1146 2601 1261 2656 Non
1283 2605 1430 2659 enim
1454 2607 1816 2675 suspicamur,

222 2685 330 2741 nisi
384 2685 529 2755 quod
583 2689 872 2743 nescimus.
902 2691 998 2756 lbi,
1029 2691 1098 2747 de
1147 2695 1553 2752 sublimioribus
1602 2714 1818 2769 quoque

221 2776 373 2832 Istud
398 2779 586 2833 audies
610 2795 628 2835 :
662 2780 768 2835 Deo
793 2795 973 2838 mente
995 2784 1225 2853 defixus,
1260 2803 1289 2841 a
1319 2790 1665 2858 passionibus
1689 2807 1812 2847 cum

221 2873 502 2939 titillatur,
530 2889 560 2928 a
587 2875 726 2930 cmlo
769 2877 820 2930 in
875 2889 1072 2933 terram
1122 2880 1452 2937 devolvitur.
1490 2883 1565 2939 Ibi
1611 2885 1707 2939 tibi
1757 2895 1814 2941 et

221 2963 344 3018 hare
374 2966 824 3021 memorabuntur
856 2985 869 3022 :
906 2971 1036 3024 Cum
1072 2973 1158 3026 hic
1198 2974 1321 3027 mali
1357 2975 1631 3030 interdum
1670 2977 1812 3034 bona

221 3055 469 3122 capiant,
498 3056 625 3111 boni
675 3059 834 3112 malis
878 3059 1244 3129 afﬂictentnr;
1291 3065 1382 3133 qui
1425 3066 1665 3121 futurum
1714 3069 1808 3124 Dei

1925 1890 2036 1936 stat
2055 1883 2293 1941 aﬂ’ectui.
2325 1887 2480 1942 Unde
2508 1899 2686 1943 autem
2712 1891 2735 1943 τ
2765 1899 2826 1944 ut
2855 1893 2938 1946 vel
2967 1895 3322 1950 aestimatione
3359 1912 3505 1953 com-

1925 1972 2267 2041 prehendere
2288 1977 2460 2032 valeat
2480 1980 2758 2049 quisquam
2782 1980 3084 2038 futurorum
3116 1991 3504 2045 remuneratio-

1923 2079 2046 2119 nem
2077 2064 2364 2122 bonorum.
2401 2071 2537 2125 Ecce
2562 2071 2768 2141 divina,
2795 2081 2852 2128 ut
2871 2075 3164 2144 cernimus,
3185 2079 3504 2135 munificen-

1924 2153 2034 2219 tia,
2089 2158 2299 2212 cunctis
2348 2161 2714 2228 promiscuum
2773 2178 2928 2218 usum
2979 2165 3316 2222 charissima:
3366 2169 3503 2224 lucis

1923 2245 2168 2303 indulsit.
2198 2247 2365 2304 Datur
2414 2252 2504 2320 pio
2549 2263 2604 2308 et
2651 2254 2820 2322 impio
2862 2271 3199 2312 communem
3248 2270 3500 2328 spectare

1921 2337 2122 2403 solem;
2155 2341 2405 2395 omnibus
2435 2351 2684 2398 creatura
2716 2343 3029 2400 famulatum
3061 2361 3218 2402 suum
3246 2349 3494 2418 benignis

1921 2435 2100 2481 servat
2124 2426 2340 2496 officiis,
2385 2429 2653 2487 bonorum
2686 2433 3062 2506 malorumque
3112 2439 3278 2493 tutius
3317 2440 3499 2494 mundi

1921 2516 2210 2574 indiscreta
2245 2522 2515 2589 possessio
2542 2531 2648 2577 est.

1990 2606 2122 2663 Cum
2153 2609 2238 2665 hic
2271 2610 2434 2678 igitur
2457 2623 2566 2668 tam
2591 2615 2847 2684 praeclara
2870 2615 3013 2672 Deus
3031 2617 3194 2686 justis
3225 2621 3426 2688 pariter
3447 2633 3500 2677 et

1923 2697 2133 2768 iniustis
2165 2702 2388 2768 tribuat,
2421 2706 2598 2773 qualia
2641 2715 2767 2761 sunt
2816 2707 3050 2775 putanda
3081 2724 3197 2778 quae
3222 2710 3385 2777 justis
3414 2727 3501 2766 re-

1916 2792 2136 2844 servat?
2166 2791 2608 2861 Consideremus,
2640 2796 2731 2865 qui
2776 2805 2921 2850 tanta
2961 2797 3134 2863 dedit,
3169 2809 3364 2868 quanta
3408 2817 3494 2855 re-

1915 2882 2139 2948 stituet;
2169 2883 2264 2956 qui
2287 2891 2394 2938 tam
2436 2899 2663 2954 magnus
2685 2895 2766 2941 est
2798 2886 2851 2940 in
2878 2887 3056 2953 donis,
3087 2903 3247 2957 quam
3277 2905 3502 2958 magnus

1913 2973 2019 3026 erit
2048 2975 2100 3026 in
2135 2974 2390 3042 przetnits.
2410 2975 2465 3029 Si
2495 2983 2604 3030 tam
2637 2977 3026 3032 inaestimabilis
3053 2991 3134 3033 est
3166 2984 3500 3036 munerantis

1912 3062 2236 3132 benignitas,
2277 3078 2396 3132 qua:
2440 3065 2531 3118 illa
2576 3067 3320 3123 rcmunerantisilneﬂabilia
3374 3083 3497 3125 sunt

220 3147 487 3216 iudicium
537 3164 646 3204 non
696 3152 943 3218 credunt,
974 3154 1212 3225 iniquum
1243 3156 1419 3226 (quod
1452 3159 1614 3231 absit)
1640 3160 1808 3216 Deum
1838 3143 1882 3204 C
1914 3170 2034 3224 quae
2078 3157 2398 3226 praeparavit
2441 3157 2582 3213 Deus
2625 3158 2708 3212 bis
2749 3161 2841 3229 qui
2887 3160 3113 3230 dilistlnl
3155 3176 3301 3225 cum.
3350 3171 3520 3226 τεοιον

219 3239 487 3308 iudicant.
542 3241 658 3296 lllic
707 3244 802 3298 tibi
850 3255 1166 3316 suggeretur
1200 3265 1212 3300 :
1248 3248 1420 3303 Etiam
1474 3251 1527 3304 in
1580 3253 1812 3308 secretis

221 3331 328 3386 tuis
360 3333 510 3400 quod
547 3333 684 3388 velis
717 3336 962 3392 homines
1018 3342 1228 3395 nescire
1278 3357 1343 3396 ne
1390 3342 1616 3404 feceris;
1668 3345 1810 3413 quod

222 3423 418 3488 Deum,
456 3439 522 3478 ne
551 3425 898 3495 cogitaveris.
934 3427 1013 3483 lbi
1044 3431 1144 3484 tibi
1188 3442 1376 3486 contra
1414 3449 1629 3491 omnem
1663 3435 1808 3491 frau-

218 3517 341 3570 dem
391 3517 606 3573 dicetur
634 3535 649 3576 :
679 3519 949 3576 lufelicius
1000 3531 1085 3577 est
1111 3523 1362 3589 decipere
1405 3543 1564 3593 quam
1607 3529 1806 3599 decipi.

217 3609 333 3664 lllic
365 3619 421 3664 et
451 3610 719 3666 adversus
741 3612 1054 3682 iactantiam
1105 3620 1537 3671 consummantia
1567 3619 1662 3673 tibi
1694 3621 1809 3677 haec

218 3703 651 3773 praecipientur:
678 3705 982 3762 Vanitatem
1031 3720 1178 3764 tanto
1228 3712 1398 3780 magis
1430 3713 1572 3783 fuge,
1604 3725 1808 3785 quanto

217 3797 418 3851 melior
448 3796 725 3852 elficieris.
764 3797 969 3854 Cmtera
1002 3802 1145 3855 enim
1189 3802 1314 3857 vitia
1352 3818 1606 3860 crescunt
1638 3808 1803 3878 vitiis,

217 3889 437 3942 vanitas
472 3889 788 3946 virtutibus.
821 3891 889 3946 Et
917 3895 1014 3946 ista
1051 3895 1267 3963 quidem
1296 3911 1461 3965 pauca
1492 3898 1560 3953 de
1587 3900 1802 3966 studiis,

215 3981 451 4047 carptim
486 3994 549 4034 ac
570 3981 809 4035 breviter
833 3983 1110 4051 praelibata
1143 3995 1292 4041 sunt.

283 4071 445 4137 Quod
469 4073 514 4125 si
542 4072 607 4124 ad
637 4071 812 4129 fontes
840 4074 984 4144 ipsos
1017 4077 1154 4131 sacri
1183 4079 1379 4149 eloquii
1410 4092 1678 4136 scrutator
1708 4099 1801 4137 ac-

213 4161 474 4228 cesseris,
510 4160 582 4214 ibi
619 4170 672 4214 tu
704 4177 811 4215 non
843 4164 1114 4218 exteriora
1139 4169 1310 4235 magis
1334 4184 1495 4238 quam
1537 4172 1801 4226 interiora

215 4250 516 4306 mirabere.
546 4251 618 4305 Ita
647 4252 949 4323 Scriptura,
975 4255 1099 4310 dum
1133 4257 1458 4314 intrinsecus
1487 4263 1684 4329 radiat,
1718 4280 1804 4319 ve-

217 4343 297 4397 lut
352 4343 752 4411 pretiosissima
803 4360 1030 4415 quaeque
1087 4359 1328 4416 gen'ima,
1362 4350 1416 4404 in
1472 4353 1798 4420 profundum

213 4437 483 4505 fulgorem
530 4437 988 4492 considerantium
1043 4437 1278 4495 demittit
1333 4444 1546 4499 oculos.
1577 4445 1690 4500 Hoc
1742 4456 1796 4501 tu

210 4531 538 4597 caligantem
589 4531 784 4583 mentis
833 4531 1003 4584 aciem
1055 4546 1390 4603 nequaquam
1449 4538 1668 4608 refugus
1719 4541 1802 4593 inc

211 4635 440 4685 suesce;
470 4619 576 4673 hoc
623 4620 838 4674 interno
892 4635 955 4675 ac
1003 4624 1206 4678 salubri
1239 4628 1361 4681 cibo
1401 4628 1552 4684 disce
1601 4630 1799 4686 animae

211 4707 410 4763 famem
445 4721 690 4777 pascere.
727 4710 830 4765 Per
863 4723 998 4780 opus
1023 4714 1332 4770 miserantis
1363 4717 1574 4774 Domini
1603 4719 1657 4775 id
1689 4722 1802 4776 fore

210 4816 319 4857 non
351 4800 672 4867 diffidimus,
707 4812 764 4855 ut
792 4813 1098 4859 nostrorum
1130 4816 1424 4876 appetens,
1457 4820 1512 4864 et
1536 4811 1796 4869 dissimu-

1915 3249 2071 3317 plane
2117 3259 2280 3319 atque
2319 3248 2628 3316 manifeste,
2656 3252 2780 3320 quia
2829 3267 2958 3307 vere
3011 3258 3332 3307 immensum
3387 3263 3493 3318 est,

1910 3354 2069 3410 quam
2091 3356 2284 3410 magna
2313 3341 2576 3410 rependet
2605 3343 2760 3399 bonis
2791 3347 2879 3413 qui
2911 3354 3017 3399 tam
3051 3359 3238 3414 magna
3272 3345 3495 3414 largitur

1907 3435 2154 3504 ingratis.
2187 3436 2490 3491 Circumfer
2515 3437 2725 3504 oculos,
2756 3445 2812 3491 et
2838 3437 2906 3491 de
2936 3438 3126 3506 pelago
3157 3438 3494 3506 negotiorum

1912 3536 2149 3595 tuorum,
2181 3529 2327 3582 velut
2359 3529 2410 3582 in
2441 3529 2729 3598 quemdam
2763 3528 3116 3597 professionis
3150 3537 3347 3583 nostrae
3373 3543 3493 3592 por-

1909 3627 2020 3671 tum
2055 3619 2322 3686 prospice,
2356 3631 2683 3687 proramque
2709 3626 2984 3671 converte.
3018 3617 3165 3671 Unus
3193 3617 3279 3670 hic
3305 3628 3493 3685 portus

1908 3716 2011 3770 est,
2033 3710 2084 3762 in
2109 3723 2267 3776 quem
2299 3724 2398 3762 nos
2425 3709 2493 3762 ab
2515 3708 2660 3763 omni
2691 3706 2998 3761 ﬂuctuantis
3028 3706 3208 3760 szeculi
3235 3706 3496 3774 jzictatio~

1909 3815 1975 3854 ne
2005 3798 2324 3866 referamur,
2360 3815 2518 3868 quem
2550 3800 2691 3853 inter
2721 3801 2994 3852 irruentes
3019 3798 3204 3852 mundi
3252 3798 3494 3852 turbines

1906 3896 2034 3951 fessi
2081 3905 2357 3965 petamus;
2399 3895 2502 3950 huc
2547 3896 2756 3950 cunctis
2803 3893 3219 3962 confugiendum
3266 3903 3371 3957 est,
3400 3894 3490 3963 qui

1906 3986 2184 4042 frementis
2229 3988 2412 4043 saeculi
2455 3994 2770 4055 tempestate
2801 3995 3083 4039 vexantur.
3111 3985 3209 4038 llic
3237 3983 3401 4038 statio
3435 3983 3491 4037 fi.

1903 4081 2148 4145 dissima,
2179 4088 2234 4135 et
2263 4080 2413 4149 quies
2443 4089 2609 4134 certa.
2655 4080 2750 4134 Hic
2797 4081 2901 4133 late
2943 4093 3189 4133 recessus
3241 4078 3492 4132 exclusus

1905 4171 2154 4226 fluctibus
2181 4171 2323 4226 silet.
2358 4170 2454 4224 Hic
2485 4170 2680 4224 blanda
2704 4171 3085 4239 tranquillitas,
3114 4179 3363 4225 serenum
3406 4185 3490 4224 re-

1904 4269 2072 4323 nidet.
2109 4267 2221 4322 lluc
2267 4282 2387 4321 cum
2431 4267 2596 4321 fueris
2639 4268 2868 4331 delatus,
2900 4274 3014 4320 tuto
3045 4266 3196 4320 navis
3243 4274 3330 4319 tua
3371 4275 3489 4334 post

1904 4362 2094 4416 inanes
2122 4360 2336 4415 labores
2367 4359 2453 4415 hic
2482 4361 2550 4413 ad
2577 4360 2754 4413 crucis
2785 4358 3076 4412 anchoram
3111 4357 3332 4411 fundata
3362 4358 3488 4410 reti<

1904 4451 2134 4507 nebitur.
2163 4449 2269 4504 Sed
2295 4449 2404 4518 jam
2423 4448 2686 4518 prolixior
2711 4447 3032 4517 scriptorum
3057 4446 3246 4516 pagina
3273 4445 3486 4499 modum

1906 4542 2096 4612 poscit.
2134 4541 2250 4594 Vim
2278 4540 2580 4595 caelestium
2624 4546 3018 4608 praceptorum
3046 4544 3194 4591 arcte
3223 4536 3484 4590 breviten

1901 4647 2006 4702 que
2033 4632 2319 4686 collectam
2351 4630 2403 4685 in
2431 4643 2696 4686 summam
2725 4629 2909 4698 accipe
2942 4627 3009 4682 ad
3062 4627 3153 4682 Del
3203 4627 3483 4680 honorem.

1903 4722 2030 4780 Hac
2062 4731 2188 4779 sunt
2214 4721 2464 4779 mandata
2491 4721 2692 4788 omnia,
2721 4721 2966 4794 ignosce,
2998 4734 3190 4790 meque
3229 4731 3484 4790 agnosce.

1680 5182 1944 5560 ‘i‘
