3932 6170
364 310 467 368 7‘s?

1319 310 1377 367 S.
1419 307 1741 365 EUCIIERII
1782 305 2087 363 EPISCOPI
2130 304 2607 364 LUGDI'NENSIS

3494 291 3606 347 718

3503 421 3601 447 ι’.-

1168 526 1537 639 εΔΝ
1541 526 1845 640 GT1
1916 524 2793 637 EUGEERII

1514 713 2054 777 LUGDUNENSIS
2095 710 2445 775 EPISCOPI

707 862 1484 1019 NRMULARUM
1588 860 2245 1016 SPIRITALIS
2348 861 3250 1015 INTELLIGENTUE

1499 1096 1677 1177 AD
1778 1094 2476 1178 URANIUM.

1632 1270 1957 1342 LIBER
2026 1269 2305 1341 UNUS

1816 1406 2177 1424 —

1646 1464 2321 1660 apruistis.

430 1700 707 1757 Formulas
744 1702 999 1771 spiritalis
1048 1700 1415 1772 intelligentiae
1462 1699 1781 1755 Latinorum
1826 1712 1927 1751 no-
1955 1703 2001 1760 Α
2033 1701 2308 1770 mysteria,
2332 1700 2704 1771 aanigmatibus
2742 1704 2983 1759 retectis.
3031 1703 3239 1774 Corpus
3296 1719 3429 1776 ergo
3470 1706 3617 1762 Scri-

361 1795 564 1848 minum
594 1794 1022 1865 componendas,
1056 1796 1258 1864 tibique
1293 1794 1579 1849 mittendas
1614 1807 1715 1861 pro
1753 1790 1932 1845 studio

358 1893 595 1954 paternae
651 1900 779 1956 erga
827 1894 883 1942 te
929 1886 1307 1942 sollicitudinis
1359 1885 1679 1949 existimavi,
1737 1884 1931 1953 quibus

357 1980 647 2052 perceptis,
678 1979 733 2033 in
763 1979 944 2033 omnia
972 1980 1171 2047 scripta
1194 1979 1373 2033 divina
1404 1977 1659 2033 facillime
1672 1989 1748 2029 .ac
1770 1974 1932 2028 intel-

357 2073 556 2127 lectum
594 2071 924 2140 reliquorum
964 2084 1156 2125 sensus
1203 2069 1595 2124 intenderetur.
1636 2066 1767 2121 Nam
1808 2080 1929 2121 cum

356 2160 534 2215 littera
554 2158 785 2225 occidat,
814 2159 1039 2228 Spiritus
1057 2168 1235 2213 autem
1252 2158 1486 2213 viviﬁcet
1504 2156 1568 2223 {ll
1598 2157 1714 2211 Cor.
1743 2172 1823 2221 ιιι,
1851 2155 1928 2225 6),

356 2263 580 2304 necesse
614 2257 698 2304 est
732 2246 799 2303 ad
829 2248 927 2317 .illa
966 2249 1290 2317 spiritalium
1331 2248 1587 2303 interiora
1623 2260 1930 2302 sermonum

356 2339 552 2407 spiritu
584 2338 891 2393 viviﬁcante
918 2340 1213 2407 penetrari.
1247 2336 1559 2395 Universam
1601 2352 1763 2407 porro
1788 2337 1935 2393 Sert-

359 2438 568 2498 pturam
592 2438 702 2483 tam
726 2429 929 2484 veteris
950 2429 1293 2484 lnstrumenti
1324 2446 1481 2501 quam
1514 2430 1656 2498 novi,
1689 2430 1755 2483 ad
1778 2431 1928 2485 intel-

357 2520 557 2575 lectum
579 2519 924 2590 allegoricum
948 2534 1069 2575 esse
1090 2520 1432 2584 sumendum,
1455 2519 1710 2575 admonet
1733 2536 1830 2574 nos
1848 2520 1933 2575 vel

355 2608 486 2665 illud
516 2609 656 2679 quod
695 2610 748 2664 in
784 2611 955 2664 veteri
987 2610 1332 2666 Testamento
1364 2610 1593 2680 legimus
1638 2627 1652 2663 :
1694 2606 1933 2681 Aperiunt

356 2702 413 2756 in
449 2700 709 2772 parabolis
750 2717 808 2756 os
850 2716 1049 2767 meum,
1101 2702 1283 2773 loquar
1331 2703 1385 2755 in
1427 2704 1695 2773 wnigmate
1725 2702 1933 2770 antiqua

356 2792 473 2862 (Ps.
506 2808 705 2861 uxvn,
743 2792 824 2864 2).
858 2792 955 2849 Vel
984 2794 1116 2848 illud
1152 2794 1295 2864 quod
1342 2795 1468 2850 item
1503 2796 1554 2850 iu
1584 2810 1723 2850 novo
1748 2795 1935 2850 Testa-

355 2894 540 2940 mento
565 2885 820 2941 scribitur
850 2902 865 2939 :
896 2884 1025 2939 Haec
1055 2887 1225 2940 omnia
1249 2888 1449 2942 locutus
1475 2895 1548 2941 est
1572 2886 1725 2942 Iesus
1753 2889 1805 2940 in
1835 2904 1934 2957 pa-

353 2974 543 3029 rabolis
588 2976 658 3028 ad
706 2975 900 3038 turbas,
947 2984 995 3027 et
1037 2976 1146 3029 sine
1189 2976 1451 3044 parabolis
1494 2992 1596 3030 non
1639 2977 1935 3044 loquebatur

2033 1798 2204 1859 plura:
2232 1804 2427 1858 sacrae,
2458 1792 2598 1847 sicut
2626 1794 2879 1858 traditur,
2912 1795 2964 1848 in
2995 1794 3176 1850 littera
3206 1796 3321 1851 sive
3349 1797 3574 1852 historia
3599 1816 3614 1852 :

2032 1889 2116 1937 est
2140 1883 2314 1937 anima
2354 1884 2407 1937 in
2438 1884 2626 1938 morali
2658 1900 2841 1951 sensu,
2868 1886 2961 1955 qui
2987 1888 3222 1956 tropicus
3247 1888 3475 1952 dicitur;
3506 1891 3617 1959 spi-

2031 1975 2167 2029 ritus
2194 1975 2245 2029 in
2274 1976 2551 2044 superiore
2580 1978 2876 2043 intellectu,
2906 1979 2996 2047 qui
3026 1994 3265 2049 anagoge
3291 1982 3613 2049 appellatur.

2031 2065 2200 2132 Quam
2229 2066 2494 2135 triplicem
2525 2066 2924 2136 Scripturarum
2953 2070 3191 2139 regulam
3224 2073 3609 2127 convenienter

2032 2155 2283 2209 observat
2310 2155 2583 2211 confessio
2613 2168 2818 2212 sanctm
2846 2158 3147 2225 Trinitatis,
3173 2162 3503 2230 sanctiﬁcans
3525 2180 3616 2217 nos

2031 2260 2122 2315 per
2150 2247 2343 2311 omnia,
2377 2255 2433 2299 ut
2461 2248 2652 2316 integer
2686 2250 2897 2317 spiritus
2924 2258 3115 2316 noster,
3146 2259 3196 2304 et
3222 2254 3397 2305 anima
3423 2263 3467 2307 et
3498 2270 3617 2307 cor-

2032 2351 2130 2403 pus
2182 2336 2293 2390 sine
2345 2337 2551 2403 querela
2595 2338 2651 2391 in
2695 2338 2968 2391 adventura
3014 2338 3222 2393 Domini
3274 2344 3436 2394 nostri
3491 2341 3617 2395 Iesu

2032 2424 2225 2481 Christi
2249 2426 2612 2497 iudiciumque
2641 2436 2869 2482 servetur
2888 2429 2929 2499 (1
2955 2428 3138 2483 Thess.
3164 2447 3217 2497 v,
3249 2430 3365 2501 2'5).
3390 2431 3619 2501 Sapien-

2034 2516 2103 2571 tia
2144 2526 2327 2571 autem
2369 2518 2553 2571 mundi
2588 2517 2749 2587 hujus
2774 2518 3177 2589 philosOpbiam
3216 2535 3371 2575 suam
3415 2522 3469 2575 in
3509 2534 3617 2575 tres

2035 2617 2213 2676 partes
2238 2607 2439 2674 divisit,
2480 2608 2777 2679 physicam,
2820 2611 3077 2676 ethicam,
3118 2610 3367 2680 logieam,
3419 2612 3473 2665 id
3508 2624 3614 2677 est,

2034 2698 2364 2767 naturalem,
2419 2700 2714 2767 moralem,
2766 2700 3107 2755 rationalem.
3160 2701 3265 2757 Sed
3315 2704 3613 2758 naturalem

2033 2787 2177 2843 illam
2210 2789 2565 2857 pertinentem
2601 2789 2668 2843 ad
2710 2804 2902 2865 causas
2932 2802 3157 2858 natum,
3199 2807 3321 2862 qua
3360 2793 3613 2848 universa

2035 2880 2304 2945 continet;
2338 2879 2619 2946 moralem,
2649 2896 2770 2950 quas
2808 2882 3064 2952 reSpiciat
3098 2881 3165 2936 ad
3204 2898 3415 2948 mores;
3453 2886 3616 2939 ratim

2037 2971 2214 3026 nalem
2255 2986 2388 3027 vero
2427 2987 2547 3042 quae
2572 2972 2642 3028 de
2672 2973 3075 3028 sublimioribus
3113 2975 3413 3043 disputans,
3446 2977 3615 3032 Deum

344 3057 1031 3131 cis(MattIt.xut,54).Nec
1062 3064 1365 3120 mirandum
1396 3066 1537 3135 quod
1578 3082 1758 3122 sermo
1796 3066 1934 3123 divi~
1960 3061 2009 3122 B
2035 3063 2272 3117 omnium
2307 3071 2515 3132 patrem
2564 3079 2686 3119 esse
2731 3063 3035 3120 confirmet.
3072 3067 3241 3133 Quam
3292 3068 3615 3136 tripartitam

354 3164 477 3216 nus,
516 3151 901 3219 prophetarum
931 3154 1409 3225 apostolorumque
1436 3171 1533 3211 ore
1568 3158 1830 3225 prolatus,
1867 3159 1936 3214 ab

354 3240 552 3296 usitato
576 3241 671 3296 illo
694 3241 1004 3298 hominibus
1026 3245 1295 3300 scribendi
1325 3246 1486 3301 modo
1510 3250 1733 3302 multum
1758 3264 1937 3303 reces-

352 3334 504 3401 serit,
547 3333 727 3390 facilia
770 3335 823 3389 in
867 3344 1114 3405 promptu
1145 3336 1368 3405 habens,
1407 3354 1595 3409 magna
1626 3343 1678 3394 in
1711 3342 1935 3396 interio-

353 3424 504 3480 ribus
532 3424 644 3481 suis
687 3426 998 3493 continens;
1030 3426 1154 3497 quia
1188 3437 1247 3485 et
1284 3444 1470 3485 revera
1503 3431 1603 3485 fuit
1637 3445 1933 3500 congruum

352 3526 410 3572 ut
433 3531 587 3572 sacra
610 3518 721 3573 Deo
744 3518 884 3573 dicta
912 3534 944 3573 a
969 3520 1180 3575 ueteris
1212 3521 1521 3591 scripturis.
1555 3524 1694 3578 sicut
1716 3525 1930 3591 merito,

351 3609 422 3664 ita
458 3617 516 3666 et
552 3610 756 3679 specie,
800 3610 1255 3678 discernerentur,
1294 3630 1362 3669 ne
1400 3616 1486 3669 illa
1520 3616 1819 3672 cmlestium
1847 3631 1935 3671 ar-

348 3715 606 3757 canorum
652 3702 885 3773 dignitas
932 3704 1133 3773 passim
1178 3716 1340 3776 atque
1386 3707 1677 3763 indiscrete
1722 3708 1931 3763 cunctis

348 3799 668 3861 patesceret,
710 3801 1060 3864 sanctumque
1092 3795 1338 3860 canibus,
1378 3806 1433 3851 et
1459 3807 1776 3867 margaritas
1803 3814 1932 3868 por-

352 3881 435 3937 cis
451 3882 976 3953 exponeretUllatth.
994 3899 1092 3949 vit,
1114 3884 1203 3956 6);
1228 3896 1285 3939 et
1308 3896 1628 3941 consecrata
1649 3904 1775 3943 vasa
1799 3899 1935 3945 tem-

348 3973 424 4043 pli
472 3974 702 4029 inuoluta
745 3976 1082 4043 promiscuus
1128 3978 1357 4046 populus
1402 3979 1557 4048 ferret
1602 3995 1693 4033 nec
1738 3979 1931 4034 rideret

346 4062 535 4134 (Num.
559 4079 636 4129 tv,
666 4065 755 4129 i5,
783 4064 903 4135 20),
932 4074 987 4120 et
1014 4073 1073 4119 ut
1094 4082 1219 4121 vere
1239 4067 1302 4120 ad
1332 4067 1477 4122 illius
1500 4069 1746 4123 columba:
1771 4070 1927 4124 dear-

345 4160 568 4222 gentaue
597 4150 717 4221 (Ps.
748 4167 912 4219 uvu,
949 4152 1038 4223 14)
1068 4155 1283 4209 modum
1311 4195 1327 4219 ,
1368 4158 1518 4223 cujus
1546 4160 1841 4225 posteriora
1872 4160 1925 4214 in

345 4240 529 4308 specie
564 4241 679 4294 auri
722 4241 1061 4309 splendentis
1102 4242 1387 4310 irradiant,
1426 4245 1705 4313 scripturae
1734 4246 1926 4302 divina:

347 4332 519 4401 prima
545 4347 770 4402 quisque
797 4341 1018 4402 argento
1048 4332 1338 4403 fulgerent,
1378 4344 1433 4389 et
1472 4350 1604 4389 auro
1630 4336 1921 4391 occultiora

2035 3151 2294 3207 doctrinae
2334 3153 2750 3222 disputationem
2790 3169 2898 3210 non
2944 3155 3080 3211 adeo
3112 3156 3368 3212 abhorret
3398 3159 3485 3213 illa
3518 3174 3617 3214 no-

2034 3252 2267 3299 strorum
2301 3260 2351 3298 tn
2383 3245 2746 3314 disputatione
2767 3247 3063 3315 distinctio,
3097 3264 3201 3318 qua
3240 3250 3384 3304 docti
3414 3252 3617 3319 quiquo

2036 3334 2175 3388 hanc
2212 3335 2487 3390 caelestem
2532 3337 2931 3405 Scripturarum
2980 3338 3371 3410 philosophiam
3422 3357 3618 3397 secuno

2035 3422 2160 3479 dum
2207 3423 2513 3491 historiam,
2546 3427 2836 3482 secundum
2882 3430 3268 3498 tropologiam,
3314 3434 3612 3488 secundum

2033 3529 2308 3584 anagogen
2337 3516 2708 3574 diaserendam
2732 3528 3003 3587 putarunt.
3025 3521 3363 3591 Quapmpter
3390 3524 3615 3581 historia

2033 3606 2312 3662 veritatem
2349 3607 2507 3662 nobis
2539 3606 2800 3663 factorum
2845 3624 2910 3663 ac
2940 3609 3099 3666 fidem
3131 3611 3417 3667 relationis
3446 3616 3615 3669 incul-

2031 3705 2136 3751 cat.
2166 3697 2487 3768 Tropologia
2519 3699 2585 3753 ad
2621 3699 2743 3754 vitae
2775 3702 3206 3757 emendationem
3237 3706 3499 3775 mysticos
3531 3709 3616 3761 in-

2032 3786 2278 3841 tellectus
2317 3787 2501 3842 refert.
2550 3788 2805 3859 Anagoge
2851 3790 2918 3844 ad
2966 3794 3261 3848 sacratiora
3304 3796 3611 3851 antestium

2030 3878 2319 3947 ﬁgurarum
2340 3890 2544 3935 secreta
2568 3882 2833 3950 perducit.
2854 3883 2988 3939 Sunt
3004 3886 3167 3939 etiam
3187 3885 3276 3955 qui
3297 3888 3611 3957 allegoriam

2030 3972 2083 4025 in
2115 3973 2218 4027 hoc
2245 3974 2487 4029 scientiae
2531 3989 2732 4044 genere
2768 3987 2957 4043 quarto
2998 3979 3054 4032 in
3092 3978 3213 4034 loco
3252 3980 3607 4049 adjirjendam

2029 4070 2237 4129 putent,
2266 4078 2425 4131 quam
2451 4072 2724 4133 gestorum
2752 4067 3137 4136 narrationem,
3161 4068 3463 4125 futurorum
3491 4087 3610 4125 um-

2027 4154 2176 4209 bram
2218 4157 2524 4224 praatulisse
2552 4160 2893 4213 confirment.
2936 4160 3064 4214 limc
3095 4176 3227 4216 vero
3256 4161 3372 4230 ipsa
3403 4173 3460 4217 ut
3480 4164 3611 4218 sub-

2024 4243 2182 4311 jectis
2228 4245 2443 4314 plenius
2499 4248 2913 4304 manifestentur
2951 4251 3244 4317 exemplis,
3286 4254 3484 4308 cretum
3527 4265 3611 4309 est

2028 4337 2322 4393 secundum
2351 4340 2627 4396 historiam
2660 4341 2765 4396 hoe
2803 4342 2947 4412 quod
2987 4344 3273 4408 intuemur,
3310 4346 3606 4401 secundum

346 4425 649 4481 rutilarent.
685 4425 849 4481 Recte
881 4426 1062 4495 itaque
1090 4436 1433 4495 procuratum
1477 4436 1560 4481 est
1598 4436 1656 4481 ut
1682 4427 1925 4498 eloquio-
1952 4411 1996 4473 C
2030 4430 2385 4499 tropologiam
2418 4433 2527 4486 vita
2565 4432 2830 4499 caelestis;
2873 4447 3025 4503 aqua
3059 4434 3358 4490 secundum
3406 4438 3611 4507 allego-

346 4532 466 4572 runt
508 4518 595 4572 illa
636 4518 852 4573 castitas
880 4532 909 4571 a
937 4518 1258 4587 promiscuis
1295 4527 1611 4573 cunctorum
1638 4518 1804 4573 oculis
1833 4519 1928 4575 ab-

344 4606 456 4664 dito
502 4624 600 4664 suo
641 4610 794 4679 quasi
824 4609 1053 4679 quodam
1080 4609 1348 4665 velamine
1381 4610 1648 4681 pudicitiae
1674 4620 1924 4681 contege-

343 4708 529 4766 retur;
568 4713 634 4753 ac
670 4700 851 4755 divina
880 4699 1081 4770 optime
1109 4700 1512 4769 dispensatione
1540 4703 1811 4769 provisum
1842 4711 1927 4758 est

343 4796 406 4844 ut
433 4789 632 4858 scripta
674 4790 788 4859 ipsa
820 4789 893 4844 ita
930 4799 1366 4859 contegerentur,
1398 4793 1708 4848 cmlestibus
1734 4793 1926 4848 obum-

342 4880 493 4935 hrata
524 4880 817 4951 mysteriis,
847 4881 984 4935 sicut
1020 4887 1229 4935 secreto
1268 4882 1382 4950 ipsa
1414 4896 1512 4936 sua
1546 4896 1642 4936 suo
1669 4882 1923 4937 divinitas

340 4972 709 5043 operiebatur.
743 4972 909 5042 igitur
950 4987 1073 5026 eum
1117 4972 1169 5026 in
1209 4971 1359 5026 libris
1392 4974 1596 5027 sanctis
1633 4973 1766 5027 oculi
1814 4973 1922 5027 Do-

342 5064 486 5129 mini,
518 5079 575 5117 os
617 5063 847 5128 Domini,
893 5071 1066 5116 uterus
1104 5060 1337 5131 Domini,
1379 5078 1583 5128 manus,
1624 5062 1777 5133 pedes
1814 5061 1924 5115 Do-

341 5155 491 5222 mini,
522 5171 667 5209 arrna
695 5156 845 5209 etiam
884 5155 1090 5208 Domini
1120 5155 1317 5224 scripta
1345 5157 1706 5224 reperiantur,
1738 5154 1925 5225 longe-

340 5260 447 5315 que
474 5246 616 5301 absit
641 5262 671 5300 a
701 5245 966 5301 catholica
994 5246 1356 5301 Ecclesiarum
1380 5246 1484 5301 ﬁde
1506 5247 1673 5301 Deum
1693 5261 1923 5315 corpore

342 5336 712 5405 determinari,
751 5337 843 5409 qui
879 5336 945 5392 sit
991 5337 1299 5406 invisibilis,
1339 5336 1919 5405 incomprehensibilis,

344 5428 794 5484 incommutabilis
824 5439 879 5485 et
914 5429 1175 5496 inﬁnitus,
1214 5430 1595 5498 requirendum
1635 5439 1716 5483 est
1753 5429 1922 5493 quali-

343 5523 427 5570 ter
465 5519 567 5572 ista
603 5534 699 5587 per
737 5520 993 5589 Spiritum
1034 5529 1282 5574 sanctum
1336 5520 1543 5589 iigurali
1588 5519 1921 5587 expositione

343 5617 675 5664 reserantur.
709 5609 805 5664 llic
826 5610 968 5665 enim
1000 5611 1348 5665 inveniuntur
1377 5612 1466 5663 illa
1502 5610 1760 5664 Dominici
1788 5612 1916 5663 inte-

342 5697 480 5754 riora
515 5700 685 5769 tempti
726 5697 935 5767 (Exerit.
968 5702 1082 5770 XL);
1116 5702 1202 5758 hic
1243 5702 1331 5758 illa
1381 5713 1566 5759 sancta
1610 5711 1915 5759 sanctorum

2028 4522 2161 4576 riam
2207 4523 2528 4593 baptismus,
2567 4527 2864 4583 secundum
2914 4543 3186 4599 anagogen
3221 4531 3420 4598 angeli.
3458 4531 3608 4587 unde

2026 4622 2109 4668 est
2134 4613 2261 4667 illttd
2296 4632 2313 4671 :
2343 4616 2408 4669 Et
2429 4633 2578 4686 aqua:
2602 4634 2715 4685 qua
2745 4635 2899 4686 super
2932 4620 3084 4674 caelos
3120 4631 3240 4675 sunt
3268 4620 3480 4675 laudent
3510 4639 3607 4676 no-

2026 4720 2139 4757 men
2165 4704 2373 4759 Domini
2400 4706 2517 4777 (Ps.
2550 4723 2766 4773 cxtvut,
2796 4709 2875 4779 ι).
2900 4709 3086 4765 Omnis
3112 4721 3290 4766 autem
3319 4713 3602 4780 disciplina

2027 4804 2224 4849 nostra:
2255 4796 2531 4866 religionis
2559 4814 2627 4853 ex
2656 4800 2749 4853 illo
2776 4800 3004 4869 duplicis
3038 4803 3279 4857 scientias
3312 4803 3457 4858 fonte
3487 4819 3609 4857 tna-

2027 4886 2172 4939 navit
2203 4902 2217 4939 :
2248 4887 2399 4954 cujus
2428 4888 2656 4955 primam
2686 4892 2979 4959 practicen,
3004 4892 3293 4946 secundam
3326 4893 3602 4948 theoriceu

2024 4986 2373 5043 vocaverunt,
2418 4978 2469 5032 id
2516 4987 2600 5033 est
2649 4982 2941 5045 actualem,
2999 4990 3054 5035 et
3102 4983 3603 5052 contemplativam.

2025 5065 2237 5131 Unam,
2281 5083 2400 5136 quae
2443 5070 2706 5124 actualem
2755 5071 2917 5125 vitam
2966 5088 3172 5127 morum
3222 5075 3606 5132 emendatione

2023 5168 2393 5222 consummet;
2440 5160 2621 5225 aliam,
2664 5177 2783 5230 quae
2830 5163 2881 5215 in
2928 5164 3386 5233 contemplatione
3437 5169 3605 5221 caele-

2020 5248 2182 5301 stium
2210 5258 2260 5301 et
2281 5248 2578 5303 divinarum
2604 5250 3001 5320 Scripturarutn
3030 5254 3387 5321 diSputatione
3420 5272 3609 5312 verse-

2023 5346 2127 5391 tur.
2160 5339 2299 5407 Ergo
2324 5341 2549 5393 actualis
2577 5342 2800 5396 scientia
2833 5344 2886 5397 in
2922 5344 3135 5398 diversa
3173 5345 3347 5400 studia
3390 5346 3603 5400 diffun-

2021 5429 2185 5495 ditur,
2215 5431 2632 5499 contemplativa
2660 5432 2712 5486 in
2736 5434 2867 5488 duas
2894 5435 3169 5489 derivatur
3196 5444 3400 5505 partes,
3438 5438 3490 5491 id
3519 5447 3605 5493 est

2020 5519 2075 5573 in
2125 5520 2379 5575 historica
2415 5522 2796 5591 disputatione,
2840 5536 2897 5579 et
2942 5527 3197 5595 spiritalis
3235 5528 3602 5597 intelligentia:

2020 5611 2468 5682 interpretatione
2492 5616 2757 5670 consistit.
2790 5616 2896 5672 Sed
2927 5618 3008 5671 his
3039 5633 3183 5673 nunc
3214 5620 3458 5683 remotis,
3490 5620 3602 5673 for-

2024 5702 2197 5758 mulas
2229 5703 2596 5775 intelligentize
2625 5707 2882 5777 spiritalis
2903 5722 3032 5779 quas
3058 5710 3444 5779 spopondimus
3469 5724 3599 5781 pto-
