  <div class='ocr_page' id='page_1' title='image "/cluster/home/n/w/nwhite01/storage/ocr_20150623/50/hvd.32044096580717/414.png"; bbox 0 0 3932 6170; ppageno 0'>
   <div class='ocr_carea' id='block_1_1' title="bbox 275 289 380 345">
    <p class='ocr_par' dir='ltr' id='par_1_1' title="bbox 275 289 380 345">
     <span class='ocr_line' id='line_1_1' title="bbox 275 289 380 345; baseline -0.01 0"><span class='ocrx_word' id='word_1_1' title='bbox 275 289 380 345; x_wconf 75' lang='grc'><strong>’129</strong></span> 
     </span>
    </p>
   </div>
   <div class='ocr_carea' id='block_1_2' title="bbox 1026 281 2792 343">
    <p class='ocr_par' dir='ltr' id='par_1_2' title="bbox 1026 281 2792 343">
     <span class='ocr_line' id='line_1_2' title="bbox 1026 281 2792 343; baseline -0.002 0"><span class='ocrx_word' id='word_1_2' title='bbox 1026 286 1233 343; x_wconf 76' lang='lat' dir='ltr'><strong>LIBER</strong></span> <span class='ocrx_word' id='word_1_3' title='bbox 1274 282 1756 343; x_wconf 77' lang='lat' dir='ltr'><strong>FORMULARUM</strong></span> <span class='ocrx_word' id='word_1_4' title='bbox 1797 281 2176 340; x_wconf 79' lang='lat' dir='ltr'><strong>SPIRITALIS</strong></span> <span class='ocrx_word' id='word_1_5' title='bbox 2215 282 2792 341; x_wconf 56' lang='lat' dir='ltr'><strong>INTEILIGENTIE.</strong></span> 
     </span>
    </p>
   </div>
   <div class='ocr_carea' id='block_1_3' title="bbox 3451 287 3555 343">
    <p class='ocr_par' dir='ltr' id='par_1_3' title="bbox 3451 287 3555 343">
     <span class='ocr_line' id='line_1_3' title="bbox 3451 287 3555 343; baseline 0.01 -1"><span class='ocrx_word' id='word_1_6' title='bbox 3451 287 3555 343; x_wconf 77' lang='lat'><strong>730</strong></span> 
     </span>
    </p>
   </div>
   <div class='ocr_carea' id='block_1_4' title="bbox 234 396 3556 477">
    <p class='ocr_par' dir='ltr' id='par_1_4' title="bbox 234 396 3556 477">
     <span class='ocr_line' id='line_1_4' title="bbox 234 396 3556 477; baseline 0.001 -20"><span class='ocrx_word' id='word_1_7' title='bbox 234 436 249 443; x_wconf 64' lang='grc' dir='ltr'><strong>ι</strong></span> <span class='ocrx_word' id='word_1_8' title='bbox 274 417 560 477; x_wconf 78' lang='lat' dir='ltr'><strong>ponamus,</strong></span> <span class='ocrx_word' id='word_1_9' title='bbox 595 410 876 459; x_wconf 86' lang='lat' dir='ltr'><strong>currentes</strong></span> <span class='ocrx_word' id='word_1_10' title='bbox 904 416 1001 472; x_wconf 89' lang='lat' dir='ltr'><strong>per</strong></span> <span class='ocrx_word' id='word_1_11' title='bbox 1029 403 1368 473; x_wconf 86' lang='lat' dir='ltr'><strong>singulorum</strong></span> <span class='ocrx_word' id='word_1_12' title='bbox 1408 402 1684 456; x_wconf 82' lang='lat' dir='ltr'><strong>nominum</strong></span> <span class='ocrx_word' id='word_1_13' title='bbox 1730 400 1865 469; x_wconf 80' lang='lat' dir='ltr'><strong>ligu-</strong></span> <span class='ocrx_word' id='word_1_14' title='bbox 1892 404 1935 460; x_wconf 82' lang='grc' dir='ltr'><strong>Α</strong></span> <span class='ocrx_word' id='word_1_15' title='bbox 1969 396 2239 454; x_wconf 76' lang='lat' dir='ltr'><strong>Excelsior</strong></span> <span class='ocrx_word' id='word_1_16' title='bbox 2267 401 2394 455; x_wconf 77' lang='lat' dir='ltr'><strong>carlo</strong></span> <span class='ocrx_word' id='word_1_17' title='bbox 2419 411 2492 455; x_wconf 87' lang='lat' dir='ltr'><strong>est</strong></span> <span class='ocrx_word' id='word_1_18' title='bbox 2511 442 2526 468; x_wconf 93' lang='lat'><strong>,</strong></span> <span class='ocrx_word' id='word_1_19' title='bbox 2565 411 2613 455; x_wconf 82' lang='lat' dir='ltr'><strong>et</strong></span> <span class='ocrx_word' id='word_1_20' title='bbox 2642 403 2767 468; x_wconf 82' lang='lat' dir='ltr'><strong>quid</strong></span> <span class='ocrx_word' id='word_1_21' title='bbox 2794 400 2989 472; x_wconf 76' lang='lat' dir='ltr'><strong>facies?</strong></span> <span class='ocrx_word' id='word_1_22' title='bbox 3012 402 3320 474; x_wconf 81' lang='lat' dir='ltr'><strong>profundior</strong></span> <span class='ocrx_word' id='word_1_23' title='bbox 3348 404 3556 475; x_wconf 70' lang='lat' dir='ltr'><strong>abysso.</strong></span> 
     </span>
    </p>
   </div>
   <div class='ocr_carea' id='block_1_5' title="bbox 278 493 1866 566">
    <p class='ocr_par' dir='ltr' id='par_1_5' title="bbox 278 493 1866 566">
     <span class='ocr_line' id='line_1_5' title="bbox 278 493 1866 566; baseline -0.003 -15"><span class='ocrx_word' id='word_1_24' title='bbox 278 511 387 561; x_wconf 86' lang='lat' dir='ltr'><strong>ras,</strong></span> <span class='ocrx_word' id='word_1_25' title='bbox 420 496 620 566; x_wconf 83' lang='lat' dir='ltr'><strong>quibus</strong></span> <span class='ocrx_word' id='word_1_26' title='bbox 649 495 750 549; x_wconf 89' lang='lat' dir='ltr'><strong>ista</strong></span> <span class='ocrx_word' id='word_1_27' title='bbox 774 496 825 547; x_wconf 90' lang='lat' dir='ltr'><strong>in</strong></span> <span class='ocrx_word' id='word_1_28' title='bbox 858 494 953 547; x_wconf 91' lang='lat' dir='ltr'><strong>illo</strong></span> <span class='ocrx_word' id='word_1_29' title='bbox 982 494 1176 549; x_wconf 69' lang='lat' dir='ltr'><strong>divinae</strong></span> <span class='ocrx_word' id='word_1_30' title='bbox 1205 493 1455 550; x_wconf 74' lang='lat' dir='ltr'><strong>lectionis</strong></span> <span class='ocrx_word' id='word_1_31' title='bbox 1486 494 1690 548; x_wconf 86' lang='lat' dir='ltr'><strong>inserta</strong></span> <span class='ocrx_word' id='word_1_32' title='bbox 1718 500 1866 547; x_wconf 86' lang='lat' dir='ltr'><strong>textu</strong></span> 
     </span>
    </p>
   </div>
   <div class='ocr_carea' id='block_1_6' title="bbox 274 585 1868 659">
    <p class='ocr_par' dir='ltr' id='par_1_6' title="bbox 274 585 1868 659">
     <span class='ocr_line' id='line_1_6' title="bbox 274 585 1868 659; baseline -0.003 -17"><span class='ocrx_word' id='word_1_33' title='bbox 274 588 445 659; x_wconf 86' lang='lat' dir='ltr'><strong>accipi</strong></span> <span class='ocrx_word' id='word_1_34' title='bbox 489 588 686 643; x_wconf 88' lang='lat' dir='ltr'><strong>solent.</strong></span> <span class='ocrx_word' id='word_1_35' title='bbox 734 587 968 642; x_wconf 87' lang='lat' dir='ltr'><strong>Oremus</strong></span> <span class='ocrx_word' id='word_1_36' title='bbox 1002 586 1185 654; x_wconf 77' lang='lat' dir='ltr'><strong>itaque</strong></span> <span class='ocrx_word' id='word_1_37' title='bbox 1233 586 1521 641; x_wconf 88' lang='lat' dir='ltr'><strong>Dominum</strong></span> <span class='ocrx_word' id='word_1_38' title='bbox 1562 592 1622 639; x_wconf 90' lang='lat' dir='ltr'><strong>ut</strong></span> <span class='ocrx_word' id='word_1_39' title='bbox 1665 585 1868 639; x_wconf 80' lang='lat' dir='ltr'><strong>revolet</strong></span> 
     </span>
    </p>
   </div>
   <div class='ocr_carea' id='block_1_7' title="bbox 273 678 1867 748">
    <p class='ocr_par' dir='ltr' id='par_1_7' title="bbox 273 678 1867 748">
     <span class='ocr_line' id='line_1_7' title="bbox 273 678 1867 748; baseline -0.004 -12"><span class='ocrx_word' id='word_1_40' title='bbox 273 680 597 736; x_wconf 86' lang='lat' dir='ltr'><strong>abscondita</strong></span> <span class='ocrx_word' id='word_1_41' title='bbox 653 680 1051 748; x_wconf 88' lang='lat' dir='ltr'><strong>Scripturarum</strong></span> <span class='ocrx_word' id='word_1_42' title='bbox 1104 694 1367 744; x_wconf 91' lang='lat' dir='ltr'><strong>suarum,</strong></span> <span class='ocrx_word' id='word_1_43' title='bbox 1422 688 1479 733; x_wconf 89' lang='lat' dir='ltr'><strong>et</strong></span> <span class='ocrx_word' id='word_1_44' title='bbox 1531 678 1867 746; x_wconf 75' lang='lat' dir='ltr'><strong>proferamus</strong></span> 
     </span>
    </p>
   </div>
   <div class='ocr_carea' id='block_1_8' title="bbox 271 769 1664 844">
    <p class='ocr_par' dir='ltr' id='par_1_8' title="bbox 271 769 1664 844">
     <span class='ocr_line' id='line_1_8' title="bbox 271 769 1664 844; baseline -0.004 -17"><span class='ocrx_word' id='word_1_45' title='bbox 271 773 547 844; x_wconf 89' lang='lat' dir='ltr'><strong>quomodo</strong></span> <span class='ocrx_word' id='word_1_46' title='bbox 571 774 862 828; x_wconf 89' lang='lat' dir='ltr'><strong>secretiora</strong></span> <span class='ocrx_word' id='word_1_47' title='bbox 895 772 1171 827; x_wconf 90' lang='lat' dir='ltr'><strong>intellectu</strong></span> <span class='ocrx_word' id='word_1_48' title='bbox 1202 769 1547 826; x_wconf 89' lang='lat' dir='ltr'><strong>sentiendum</strong></span> <span class='ocrx_word' id='word_1_49' title='bbox 1576 769 1664 823; x_wconf 89' lang='lat' dir='ltr'><strong>sit.</strong></span> 
     </span>
    </p>
   </div>
   <div class='ocr_carea' id='block_1_9' title="bbox 348 862 1157 919">
    <p class='ocr_par' dir='ltr' id='par_1_9' title="bbox 348 862 1157 919">
     <span class='ocr_line' id='line_1_9' title="bbox 348 862 1157 919; baseline -0.002 0"><span class='ocrx_word' id='word_1_50' title='bbox 348 865 393 919; x_wconf 84' lang='lat' dir='ltr'><strong>I.</strong></span> <span class='ocrx_word' id='word_1_51' title='bbox 530 862 609 917; x_wconf 90' lang='lat' dir='ltr'><strong>De</strong></span> <span class='ocrx_word' id='word_1_52' title='bbox 635 864 824 918; x_wconf 79' lang='lat' dir='ltr'><strong>diuinis</strong></span> <span class='ocrx_word' id='word_1_53' title='bbox 851 863 1157 917; x_wconf 81' lang='lat' dir='ltr'><strong>nominibus.</strong></span> 
     </span>
    </p>
   </div>
   <div class='ocr_carea' id='block_1_10' title="bbox 344 948 1871 1025">
    <p class='ocr_par' dir='ltr' id='par_1_10' title="bbox 344 948 1871 1025">
     <span class='ocr_line' id='line_1_10' title="bbox 344 948 1871 1025; baseline -0.005 -15"><span class='ocrx_word' id='word_1_54' title='bbox 344 955 413 1010; x_wconf 90' lang='lat' dir='ltr'><strong>ll.</strong></span> <span class='ocrx_word' id='word_1_55' title='bbox 526 954 606 1009; x_wconf 87' lang='lat' dir='ltr'><strong>De</strong></span> <span class='ocrx_word' id='word_1_56' title='bbox 630 954 709 1009; x_wconf 87' lang='lat' dir='ltr'><strong>his</strong></span> <span class='ocrx_word' id='word_1_57' title='bbox 735 971 851 1025; x_wconf 66' lang='lat' dir='ltr'><strong>quia</strong></span> <span class='ocrx_word' id='word_1_58' title='bbox 886 953 1219 1025; x_wconf 81' lang='lat' dir='ltr'><strong>appellantur</strong></span> <span class='ocrx_word' id='word_1_59' title='bbox 1246 952 1469 1007; x_wconf 84' lang='lat' dir='ltr'><strong>membra</strong></span> <span class='ocrx_word' id='word_1_60' title='bbox 1512 948 1747 1020; x_wconf 80' lang='lat' dir='ltr'><strong>Domini,</strong></span> <span class='ocrx_word' id='word_1_61' title='bbox 1789 948 1871 1003; x_wconf 80' lang='lat' dir='ltr'><strong>uel</strong></span> 
     </span>
    </p>
   </div>
   <div class='ocr_carea' id='block_1_11' title="bbox 594 1045 1291 1115">
    <p class='ocr_par' dir='ltr' id='par_1_11' title="bbox 594 1045 1291 1115">
     <span class='ocr_line' id='line_1_11' title="bbox 594 1045 1291 1115; baseline -0.004 -15"><span class='ocrx_word' id='word_1_62' title='bbox 594 1062 710 1115; x_wconf 70' lang='lat' dir='ltr'><strong>qua:</strong></span> <span class='ocrx_word' id='word_1_63' title='bbox 738 1046 803 1099; x_wconf 88' lang='lat' dir='ltr'><strong>de</strong></span> <span class='ocrx_word' id='word_1_64' title='bbox 820 1061 881 1099; x_wconf 92' lang='lat' dir='ltr'><strong>eo</strong></span> <span class='ocrx_word' id='word_1_65' title='bbox 905 1045 1291 1115; x_wconf 81' lang='lat' dir='ltr'><strong>signiﬁcantur.</strong></span> 
     </span>
    </p>
   </div>
   <div class='ocr_carea' id='block_1_12' title="bbox 345 1136 1157 1209">
    <p class='ocr_par' dir='ltr' id='par_1_12' title="bbox 345 1136 1157 1209">
     <span class='ocr_line' id='line_1_12' title="bbox 345 1136 1157 1209; baseline -0.004 -16"><span class='ocrx_word' id='word_1_66' title='bbox 345 1140 434 1193; x_wconf 91' lang='lat' dir='ltr'><strong>Ill.</strong></span> <span class='ocrx_word' id='word_1_67' title='bbox 528 1137 604 1192; x_wconf 86' lang='lat' dir='ltr'><strong>De</strong></span> <span class='ocrx_word' id='word_1_68' title='bbox 627 1138 859 1209; x_wconf 76' lang='lat' dir='ltr'><strong>supernis</strong></span> <span class='ocrx_word' id='word_1_69' title='bbox 886 1136 1157 1192; x_wconf 75' lang='lat' dir='ltr'><strong>creaturis.</strong></span> 
     </span>
    </p>
   </div>
   <div class='ocr_carea' id='block_1_13' title="bbox 347 1226 869 1283">
    <p class='ocr_par' dir='ltr' id='par_1_13' title="bbox 347 1226 869 1283">
     <span class='ocr_line' id='line_1_13' title="bbox 347 1226 869 1283; baseline -0.002 0"><span class='ocrx_word' id='word_1_70' title='bbox 347 1229 439 1283; x_wconf 81' lang='lat' dir='ltr'><strong>IV.</strong></span> <span class='ocrx_word' id='word_1_71' title='bbox 529 1226 607 1281; x_wconf 87' lang='lat' dir='ltr'><strong>De</strong></span> <span class='ocrx_word' id='word_1_72' title='bbox 633 1228 869 1282; x_wconf 76' lang='lat' dir='ltr'><strong>terrenis.</strong></span> 
     </span>
    </p>
   </div>
   <div class='ocr_carea' id='block_1_14' title="bbox 352 1317 1007 1373">
    <p class='ocr_par' dir='ltr' id='par_1_14' title="bbox 352 1317 1007 1373">
     <span class='ocr_line' id='line_1_14' title="bbox 352 1317 1007 1373; baseline -0.003 -2"><span class='ocrx_word' id='word_1_73' title='bbox 352 1320 415 1373; x_wconf 77' lang='grc' dir='ltr'><strong>γ.</strong></span> <span class='ocrx_word' id='word_1_74' title='bbox 532 1318 607 1373; x_wconf 91' lang='lat' dir='ltr'><strong>De</strong></span> <span class='ocrx_word' id='word_1_75' title='bbox 636 1317 1007 1371; x_wconf 75' lang='lat' dir='ltr'><strong>animantibus.</strong></span> 
     </span>
    </p>
   </div>
   <div class='ocr_carea' id='block_1_15' title="bbox 346 1404 1866 1478">
    <p class='ocr_par' dir='ltr' id='par_1_15' title="bbox 346 1404 1866 1478">
     <span class='ocr_line' id='line_1_15' title="bbox 346 1404 1866 1478; baseline -0.007 -11"><span class='ocrx_word' id='word_1_76' title='bbox 346 1413 437 1468; x_wconf 72' lang='lat' dir='ltr'><strong>VI.</strong></span> <span class='ocrx_word' id='word_1_77' title='bbox 527 1412 608 1466; x_wconf 92' lang='lat' dir='ltr'><strong>De</strong></span> <span class='ocrx_word' id='word_1_78' title='bbox 643 1412 799 1465; x_wconf 79' lang='lat' dir='ltr'><strong>uariis</strong></span> <span class='ocrx_word' id='word_1_79' title='bbox 830 1410 1096 1464; x_wconf 86' lang='lat' dir='ltr'><strong><em>nominum</em></strong></span> <span class='ocrx_word' id='word_1_80' title='bbox 1126 1418 1175 1464; x_wconf 90' lang='lat' dir='ltr'><strong>et</strong></span> <span class='ocrx_word' id='word_1_81' title='bbox 1216 1424 1385 1462; x_wconf 87' lang='lat' dir='ltr'><strong>rerum</strong></span> <span class='ocrx_word' id='word_1_82' title='bbox 1413 1404 1866 1478; x_wconf 77' lang='lat' dir='ltr'><strong>appellationibus.</strong></span> 
     </span>
    </p>
   </div>
   <div class='ocr_carea' id='block_1_16' title="bbox 350 1502 1113 1559">
    <p class='ocr_par' dir='ltr' id='par_1_16' title="bbox 350 1502 1113 1559">
     <span class='ocr_line' id='line_1_16' title="bbox 350 1502 1113 1559; baseline -0.005 -2"><span class='ocrx_word' id='word_1_83' title='bbox 350 1503 460 1559; x_wconf 75' lang='lat' dir='ltr'><strong>\‘ll.</strong></span> <span class='ocrx_word' id='word_1_84' title='bbox 530 1504 603 1556; x_wconf 88' lang='lat' dir='ltr'><strong>De</strong></span> <span class='ocrx_word' id='word_1_85' title='bbox 627 1502 861 1556; x_wconf 89' lang='lat' dir='ltr'><strong>interiori</strong></span> <span class='ocrx_word' id='word_1_86' title='bbox 888 1502 1113 1556; x_wconf 79' lang='lat' dir='ltr'><strong>homine.</strong></span> 
     </span>
    </p>
   </div>
   <div class='ocr_carea' id='block_1_17' title="bbox 350 1589 1791 1662">
    <p class='ocr_par' dir='ltr' id='par_1_17' title="bbox 350 1589 1791 1662">
     <span class='ocr_line' id='line_1_17' title="bbox 350 1589 1791 1662; baseline -0.001 -17"><span class='ocrx_word' id='word_1_87' title='bbox 350 1594 488 1648; x_wconf 73' lang='lat' dir='ltr'><strong>VIII.</strong></span> <span class='ocrx_word' id='word_1_88' title='bbox 534 1593 608 1647; x_wconf 89' lang='lat' dir='ltr'><strong>De</strong></span> <span class='ocrx_word' id='word_1_89' title='bbox 632 1593 712 1645; x_wconf 86' lang='lat' dir='ltr'><strong>his</strong></span> <span class='ocrx_word' id='word_1_90' title='bbox 732 1609 850 1662; x_wconf 68' lang='lat' dir='ltr'><strong>qua:</strong></span> <span class='ocrx_word' id='word_1_91' title='bbox 873 1593 927 1645; x_wconf 89' lang='lat' dir='ltr'><strong>in</strong></span> <span class='ocrx_word' id='word_1_92' title='bbox 948 1608 1045 1645; x_wconf 88' lang='lat' dir='ltr'><strong>usu</strong></span> <span class='ocrx_word' id='word_1_93' title='bbox 1075 1602 1227 1661; x_wconf 85' lang='lat' dir='ltr'><strong>atque</strong></span> <span class='ocrx_word' id='word_1_94' title='bbox 1251 1591 1305 1644; x_wconf 90' lang='lat' dir='ltr'><strong>in</strong></span> <span class='ocrx_word' id='word_1_95' title='bbox 1328 1591 1496 1644; x_wconf 90' lang='lat' dir='ltr'><strong>medio</strong></span> <span class='ocrx_word' id='word_1_96' title='bbox 1524 1589 1791 1643; x_wconf 76' lang='lat' dir='ltr'><strong>habentur.</strong></span> 
     </span>
    </p>
   </div>
   <div class='ocr_carea' id='block_1_18' title="bbox 344 1680 1863 1750">
    <p class='ocr_par' dir='ltr' id='par_1_18' title="bbox 344 1680 1863 1750">
     <span class='ocr_line' id='line_1_18' title="bbox 344 1680 1863 1750; baseline -0.005 -10"><span class='ocrx_word' id='word_1_97' title='bbox 344 1686 439 1740; x_wconf 79' lang='lat' dir='ltr'><strong>IX.</strong></span> <span class='ocrx_word' id='word_1_98' title='bbox 526 1682 605 1737; x_wconf 88' lang='lat' dir='ltr'><strong>De</strong></span> <span class='ocrx_word' id='word_1_99' title='bbox 632 1683 790 1739; x_wconf 81' lang='lat' dir='ltr'><strong>variis</strong></span> <span class='ocrx_word' id='word_1_100' title='bbox 824 1682 1093 1738; x_wconf 83' lang='lat' dir='ltr'><strong>uerborum</strong></span> <span class='ocrx_word' id='word_1_101' title='bbox 1119 1681 1199 1736; x_wconf 81' lang='lat' dir='ltr'><strong>uel</strong></span> <span class='ocrx_word' id='word_1_102' title='bbox 1230 1682 1489 1735; x_wconf 86' lang='lat' dir='ltr'><strong>nominum</strong></span> <span class='ocrx_word' id='word_1_103' title='bbox 1523 1680 1863 1750; x_wconf 76' lang='lat' dir='ltr'><strong>signiﬁcatio-</strong></span> 
     </span>
    </p>
   </div>
   <div class='ocr_carea' id='block_1_19' title="bbox 603 1773 772 1828">
    <p class='ocr_par' dir='ltr' id='par_1_19' title="bbox 603 1773 772 1828">
     <span class='ocr_line' id='line_1_19' title="bbox 603 1773 772 1828; baseline 0.006 -1"><span class='ocrx_word' id='word_1_104' title='bbox 603 1773 772 1828; x_wconf 89' lang='lat' dir='ltr'><strong>nibus.</strong></span> 
     </span>
    </p>
   </div>
   <div class='ocr_carea' id='block_1_20' title="bbox 346 1862 1483 1933">
    <p class='ocr_par' dir='ltr' id='par_1_20' title="bbox 346 1862 1483 1933">
     <span class='ocr_line' id='line_1_20' title="bbox 346 1862 1483 1933; baseline -0.006 -12"><span class='ocrx_word' id='word_1_105' title='bbox 346 1868 417 1921; x_wconf 73' lang='grc' dir='ltr'><strong>Χ.</strong></span> <span class='ocrx_word' id='word_1_106' title='bbox 532 1865 609 1919; x_wconf 91' lang='lat' dir='ltr'><strong>De</strong></span> <span class='ocrx_word' id='word_1_107' title='bbox 645 1863 960 1930; x_wconf 81' lang='lat' dir='ltr'><strong>Jerusalem,</strong></span> <span class='ocrx_word' id='word_1_108' title='bbox 993 1863 1075 1917; x_wconf 79' lang='lat' dir='ltr'><strong>uel</strong></span> <span class='ocrx_word' id='word_1_109' title='bbox 1102 1862 1327 1916; x_wconf 81' lang='lat' dir='ltr'><strong>aduersis</strong></span> <span class='ocrx_word' id='word_1_110' title='bbox 1351 1864 1483 1933; x_wconf 82' lang='lat' dir='ltr'><strong>ejus.</strong></span> 
     </span>
    </p>
   </div>
   <div class='ocr_carea' id='block_1_21' title="bbox 348 1951 1868 2024">
    <p class='ocr_par' dir='ltr' id='par_1_21' title="bbox 348 1951 1868 2024">
     <span class='ocr_line' id='line_1_21' title="bbox 348 1951 1868 2024; baseline -0.007 -11"><span class='ocrx_word' id='word_1_111' title='bbox 348 1958 446 2013; x_wconf 81' lang='lat' dir='ltr'><strong>XI.</strong></span> <span class='ocrx_word' id='word_1_112' title='bbox 528 1956 606 2011; x_wconf 86' lang='lat' dir='ltr'><strong>De</strong></span> <span class='ocrx_word' id='word_1_113' title='bbox 634 1956 881 2023; x_wconf 86' lang='lat' dir='ltr'><strong>numeris,</strong></span> <span class='ocrx_word' id='word_1_114' title='bbox 913 1969 1131 2019; x_wconf 86' lang='lat' dir='ltr'><strong>quorum</strong></span> <span class='ocrx_word' id='word_1_115' title='bbox 1154 1953 1559 2024; x_wconf 82' lang='lat' dir='ltr'><strong>signiﬁcationes</strong></span> <span class='ocrx_word' id='word_1_116' title='bbox 1586 1952 1641 2005; x_wconf 81' lang='lat' dir='ltr'><strong>in</strong></span> <span class='ocrx_word' id='word_1_117' title='bbox 1670 1951 1868 2022; x_wconf 85' lang='lat' dir='ltr'><strong>allego-</strong></span> 
     </span>
    </p>
   </div>
   <div class='ocr_carea' id='block_1_22' title="bbox 597 2046 1066 2103">
    <p class='ocr_par' dir='ltr' id='par_1_22' title="bbox 597 2046 1066 2103">
     <span class='ocr_line' id='line_1_22' title="bbox 597 2046 1066 2103; baseline 0.002 -1"><span class='ocrx_word' id='word_1_118' title='bbox 597 2050 729 2102; x_wconf 78' lang='lat' dir='ltr'><strong>riam</strong></span> <span class='ocrx_word' id='word_1_119' title='bbox 769 2046 1066 2103; x_wconf 87' lang='lat' dir='ltr'><strong>trahuntur.</strong></span> 
     </span>
    </p>
   </div>
   <div class='ocr_carea' id='block_1_23' title="bbox 276 2136 1865 2212">
    <p class='ocr_par' dir='ltr' id='par_1_23' title="bbox 276 2136 1865 2212">
     <span class='ocr_line' id='line_1_23' title="bbox 276 2136 1865 2212; baseline -0.007 -12"><span class='ocrx_word' id='word_1_120' title='bbox 276 2198 279 2201; x_wconf 32' lang='grc' dir='ltr'><strong><em>γ</em></strong></span> <span class='ocrx_word' id='word_1_121' title='bbox 354 2143 498 2212; x_wconf 85' lang='lat' dir='ltr'><strong>Ergo</strong></span> <span class='ocrx_word' id='word_1_122' title='bbox 536 2143 676 2211; x_wconf 88' lang='lat' dir='ltr'><strong>ipsas</strong></span> <span class='ocrx_word' id='word_1_123' title='bbox 724 2140 833 2209; x_wconf 92' lang='lat' dir='ltr'><strong>jam</strong></span> <span class='ocrx_word' id='word_1_124' title='bbox 882 2154 1025 2193; x_wconf 90' lang='lat' dir='ltr'><strong>nunc</strong></span> <span class='ocrx_word' id='word_1_125' title='bbox 1068 2138 1345 2192; x_wconf 86' lang='lat' dir='ltr'><strong>nominum</strong></span> <span class='ocrx_word' id='word_1_126' title='bbox 1384 2146 1546 2208; x_wconf 89' lang='lat' dir='ltr'><strong>atque</strong></span> <span class='ocrx_word' id='word_1_127' title='bbox 1578 2136 1865 2191; x_wconf 82' lang='lat' dir='ltr'><strong>verborum</strong></span> 
     </span>
    </p>
   </div>
   <div class='ocr_carea' id='block_1_24' title="bbox 267 2226 1869 2305">
    <p class='ocr_par' dir='ltr' id='par_1_24' title="bbox 267 2226 1869 2305">
     <span class='ocr_line' id='line_1_24' title="bbox 267 2226 1869 2305; baseline -0.006 -17"><span class='ocrx_word' id='word_1_128' title='bbox 267 2234 693 2305; x_wconf 82' lang='lat' dir='ltr'><strong>signiﬁcantias,</strong></span> <span class='ocrx_word' id='word_1_129' title='bbox 724 2229 1016 2285; x_wconf 90' lang='lat' dir='ltr'><strong>secundum</strong></span> <span class='ocrx_word' id='word_1_130' title='bbox 1049 2244 1180 2299; x_wconf 87' lang='lat' dir='ltr'><strong>quas</strong></span> <span class='ocrx_word' id='word_1_131' title='bbox 1209 2229 1293 2283; x_wconf 88' lang='lat' dir='ltr'><strong>vel</strong></span> <span class='ocrx_word' id='word_1_132' title='bbox 1323 2229 1557 2283; x_wconf 87' lang='lat' dir='ltr'><strong>maxime</strong></span> <span class='ocrx_word' id='word_1_133' title='bbox 1584 2228 1638 2281; x_wconf 92' lang='lat' dir='ltr'><strong>in</strong></span> <span class='ocrx_word' id='word_1_134' title='bbox 1663 2226 1869 2295; x_wconf 86' lang='lat' dir='ltr'><strong>allego-</strong></span> 
     </span>
    </p>
   </div>
   <div class='ocr_carea' id='block_1_25' title="bbox 268 2318 1871 2391">
    <p class='ocr_par' dir='ltr' id='par_1_25' title="bbox 268 2318 1871 2391">
     <span class='ocr_line' id='line_1_25' title="bbox 268 2318 1871 2391; baseline -0.004 -12"><span class='ocrx_word' id='word_1_135' title='bbox 268 2326 417 2381; x_wconf 85' lang='lat' dir='ltr'><strong>riam</strong></span> <span class='ocrx_word' id='word_1_136' title='bbox 452 2324 751 2388; x_wconf 87' lang='lat' dir='ltr'><strong>trahuntur,</strong></span> <span class='ocrx_word' id='word_1_137' title='bbox 785 2330 945 2391; x_wconf 83' lang='lat' dir='ltr'><strong>prout</strong></span> <span class='ocrx_word' id='word_1_138' title='bbox 970 2320 1169 2375; x_wconf 88' lang='lat' dir='ltr'><strong>donum</strong></span> <span class='ocrx_word' id='word_1_139' title='bbox 1194 2319 1289 2375; x_wconf 88' lang='lat' dir='ltr'><strong>Dei</strong></span> <span class='ocrx_word' id='word_1_140' title='bbox 1317 2319 1669 2389; x_wconf 83' lang='lat' dir='ltr'><strong>suggesserit,</strong></span> <span class='ocrx_word' id='word_1_141' title='bbox 1697 2318 1871 2389; x_wconf 83' lang='lat' dir='ltr'><strong>expli—</strong></span> 
     </span>
    </p>
   </div>
   <div class='ocr_carea' id='block_1_26' title="bbox 268 2431 487 2473">
    <p class='ocr_par' dir='ltr' id='par_1_26' title="bbox 268 2431 487 2473">
     <span class='ocr_line' id='line_1_26' title="bbox 268 2431 487 2473; baseline 0 0"><span class='ocrx_word' id='word_1_142' title='bbox 268 2431 487 2473; x_wconf 83' lang='lat' dir='ltr'><strong>cemus.</strong></span> 
     </span>
    </p>
   </div>
   <div class='ocr_carea' id='block_1_27' title="bbox 920 2502 1228 2559">
    <p class='ocr_par' dir='ltr' id='par_1_27' title="bbox 920 2502 1228 2559">
     <span class='ocr_line' id='line_1_27' title="bbox 920 2502 1228 2559; baseline -0.01 0"><span class='ocrx_word' id='word_1_143' title='bbox 920 2502 1146 2559; x_wconf 78' lang='lat' dir='ltr'><strong>CAPUT</strong></span> <span class='ocrx_word' id='word_1_144' title='bbox 1187 2502 1228 2557; x_wconf 88' lang='lat' dir='ltr'><strong>I.</strong></span> 
     </span>
    </p>
   </div>
   <div class='ocr_carea' id='block_1_28' title="bbox 751 2636 1403 2693">
    <p class='ocr_par' dir='ltr' id='par_1_28' title="bbox 751 2636 1403 2693">
     <span class='ocr_line' id='line_1_28' title="bbox 751 2636 1403 2693; baseline 0.006 -4"><span class='ocrx_word' id='word_1_145' title='bbox 751 2636 823 2691; x_wconf 88' lang='lat' dir='ltr'><strong>De</strong></span> <span class='ocrx_word' id='word_1_146' title='bbox 865 2636 1049 2689; x_wconf 85' lang='lat' dir='ltr'><strong>diuinis</strong></span> <span class='ocrx_word' id='word_1_147' title='bbox 1092 2637 1403 2693; x_wconf 86' lang='lat' dir='ltr'><strong>nominibus.</strong></span> 
     </span>
    </p>
   </div>
   <div class='ocr_carea' id='block_1_29' title="bbox 354 2773 1866 2847">
    <p class='ocr_par' dir='ltr' id='par_1_29' title="bbox 354 2773 1866 2847">
     <span class='ocr_line' id='line_1_29' title="bbox 354 2773 1866 2847; baseline -0.005 -14"><span class='ocrx_word' id='word_1_148' title='bbox 354 2778 705 2847; x_wconf 84' lang='lat' dir='ltr'><strong>Omnipotens</strong></span> <span class='ocrx_word' id='word_1_149' title='bbox 747 2778 884 2832; x_wconf 85' lang='lat' dir='ltr'><strong>Deus</strong></span> <span class='ocrx_word' id='word_1_150' title='bbox 916 2777 1076 2832; x_wconf 84' lang='lat' dir='ltr'><strong>Pater</strong></span> <span class='ocrx_word' id='word_1_151' title='bbox 1104 2786 1157 2831; x_wconf 91' lang='lat' dir='ltr'><strong>et</strong></span> <span class='ocrx_word' id='word_1_152' title='bbox 1188 2775 1360 2830; x_wconf 87' lang='lat' dir='ltr'><strong>Filius</strong></span> <span class='ocrx_word' id='word_1_153' title='bbox 1386 2783 1440 2830; x_wconf 90' lang='lat' dir='ltr'><strong>et</strong></span> <span class='ocrx_word' id='word_1_154' title='bbox 1468 2773 1702 2843; x_wconf 88' lang='lat' dir='ltr'><strong>Spiritus</strong></span> <span class='ocrx_word' id='word_1_155' title='bbox 1739 2787 1866 2827; x_wconf 90' lang='lat' dir='ltr'><strong>san-</strong></span> 
     </span>
    </p>
   </div>
   <div class='ocr_carea' id='block_1_30' title="bbox 269 2858 1868 2938">
    <p class='ocr_par' dir='ltr' id='par_1_30' title="bbox 269 2858 1868 2938">
     <span class='ocr_line' id='line_1_30' title="bbox 269 2858 1868 2938; baseline -0.005 -13"><span class='ocrx_word' id='word_1_156' title='bbox 269 2880 403 2925; x_wconf 86' lang='lat' dir='ltr'><strong>ctus</strong></span> <span class='ocrx_word' id='word_1_157' title='bbox 427 2884 561 2924; x_wconf 89' lang='lat' dir='ltr'><strong>unus</strong></span> <span class='ocrx_word' id='word_1_158' title='bbox 588 2876 747 2938; x_wconf 81' lang='lat' dir='ltr'><strong>atque</strong></span> <span class='ocrx_word' id='word_1_159' title='bbox 776 2870 968 2923; x_wconf 78' lang='lat' dir='ltr'><strong>tritius.</strong></span> <span class='ocrx_word' id='word_1_160' title='bbox 998 2868 1149 2922; x_wconf 89' lang='lat' dir='ltr'><strong>Unus</strong></span> <span class='ocrx_word' id='word_1_161' title='bbox 1174 2866 1427 2921; x_wconf 79' lang='lat' dir='ltr'><strong>videlicet</strong></span> <span class='ocrx_word' id='word_1_162' title='bbox 1456 2872 1641 2921; x_wconf 79' lang='lat' dir='ltr'><strong>exstat</strong></span> <span class='ocrx_word' id='word_1_163' title='bbox 1679 2867 1730 2917; x_wconf 93' lang='lat' dir='ltr'><strong>in</strong></span> <span class='ocrx_word' id='word_1_164' title='bbox 1770 2858 1868 2917; x_wconf 48' lang='lat' dir='ltr'><strong>na;</strong></span> 
     </span>
    </p>
   </div>
   <div class='ocr_carea' id='block_1_31' title="bbox 272 2956 1870 3031">
    <p class='ocr_par' dir='ltr' id='par_1_31' title="bbox 272 2956 1870 3031">
     <span class='ocr_line' id='line_1_31' title="bbox 272 2956 1870 3031; baseline -0.007 -11"><span class='ocrx_word' id='word_1_165' title='bbox 272 2975 429 3028; x_wconf 80' lang='lat' dir='ltr'><strong>tura,</strong></span> <span class='ocrx_word' id='word_1_166' title='bbox 462 2964 632 3017; x_wconf 90' lang='lat' dir='ltr'><strong>triuus</strong></span> <span class='ocrx_word' id='word_1_167' title='bbox 664 2962 716 3015; x_wconf 92' lang='lat' dir='ltr'><strong>in</strong></span> <span class='ocrx_word' id='word_1_168' title='bbox 744 2959 1009 3031; x_wconf 89' lang='lat' dir='ltr'><strong>personis.</strong></span> <span class='ocrx_word' id='word_1_169' title='bbox 1042 2959 1201 3014; x_wconf 84' lang='lat' dir='ltr'><strong>Solus</strong></span> <span class='ocrx_word' id='word_1_170' title='bbox 1229 2956 1537 3024; x_wconf 84' lang='lat' dir='ltr'><strong>invisibilis,</strong></span> <span class='ocrx_word' id='word_1_171' title='bbox 1572 2960 1870 3010; x_wconf 89' lang='lat' dir='ltr'><strong>immensus</strong></span> 
     </span>
    </p>
   </div>
   <div class='ocr_carea' id='block_1_32' title="bbox 269 3046 1863 3123">
    <p class='ocr_par' dir='ltr' id='par_1_32' title="bbox 269 3046 1863 3123">
     <span class='ocr_line' id='line_1_32' title="bbox 269 3046 1863 3123; baseline -0.008 -14"><span class='ocrx_word' id='word_1_172' title='bbox 269 3062 447 3123; x_wconf 80' lang='lat' dir='ltr'><strong>atque</strong></span> <span class='ocrx_word' id='word_1_173' title='bbox 494 3051 1070 3120; x_wconf 72' lang='lat' dir='ltr'><strong>incomprehensibilis.</strong></span> <span class='ocrx_word' id='word_1_174' title='bbox 1126 3050 1287 3105; x_wconf 87' lang='lat' dir='ltr'><strong>Solus</strong></span> <span class='ocrx_word' id='word_1_175' title='bbox 1342 3046 1863 3115; x_wconf 85' lang='lat' dir='ltr'><strong>incircumscriptus,</strong></span> 
     </span>
    </p>
   </div>
   <div class='ocr_carea' id='block_1_33' title="bbox 1969 492 3560 567">
    <p class='ocr_par' dir='ltr' id='par_1_33' title="bbox 1969 492 3560 567">
     <span class='ocr_line' id='line_1_33' title="bbox 1969 492 3560 567; baseline 0.006 -24"><span class='ocrx_word' id='word_1_176' title='bbox 1969 497 2015 543; x_wconf 88' lang='lat' dir='ltr'><strong>et</strong></span> <span class='ocrx_word' id='word_1_177' title='bbox 2049 492 2183 544; x_wconf 84' lang='lat' dir='ltr'><strong>unde</strong></span> <span class='ocrx_word' id='word_1_178' title='bbox 2210 497 2507 560; x_wconf 78' lang='lat' dir='ltr'><strong>cognosces?</strong></span> <span class='ocrx_word' id='word_1_179' title='bbox 2554 493 2756 563; x_wconf 82' lang='lat' dir='ltr'><strong>longior</strong></span> <span class='ocrx_word' id='word_1_180' title='bbox 2799 503 2873 548; x_wconf 86' lang='lat' dir='ltr'><strong>est</strong></span> <span class='ocrx_word' id='word_1_181' title='bbox 2917 503 3054 549; x_wconf 67' lang='lat' dir='ltr'><strong>terra</strong></span> <span class='ocrx_word' id='word_1_182' title='bbox 3096 512 3332 551; x_wconf 85' lang='lat' dir='ltr'><strong>mensura</strong></span> <span class='ocrx_word' id='word_1_183' title='bbox 3351 500 3482 567; x_wconf 72' lang='lat' dir='ltr'><strong>eius,</strong></span> <span class='ocrx_word' id='word_1_184' title='bbox 3510 508 3560 552; x_wconf 88' lang='lat' dir='ltr'><strong>et</strong></span> 
     </span>
    </p>
   </div>
   <div class='ocr_carea' id='block_1_34' title="bbox 1967 577 3554 653">
    <p class='ocr_par' dir='ltr' id='par_1_34' title="bbox 1967 577 3554 653">
     <span class='ocr_line' id='line_1_34' title="bbox 1967 577 3554 653; baseline 0.008 -23"><span class='ocrx_word' id='word_1_185' title='bbox 1967 577 2128 633; x_wconf 86' lang='lat' dir='ltr'><strong>latior</strong></span> <span class='ocrx_word' id='word_1_186' title='bbox 2156 581 2288 633; x_wconf 91' lang='lat' dir='ltr'><strong>mari</strong></span> <span class='ocrx_word' id='word_1_187' title='bbox 2323 580 2446 648; x_wconf 83' lang='lat' dir='ltr'><strong>(Job</strong></span> <span class='ocrx_word' id='word_1_188' title='bbox 2496 597 2567 642; x_wconf 84' lang='grc' dir='ltr'>χι.</span> <span class='ocrx_word' id='word_1_189' title='bbox 2595 582 2652 651; x_wconf 77' lang='lat'><strong>8)</strong></span> <span class='ocrx_word' id='word_1_190' title='bbox 2681 602 2691 635; x_wconf 90' lang='lat'><strong>:</strong></span> <span class='ocrx_word' id='word_1_191' title='bbox 2721 584 2813 653; x_wconf 90' lang='lat' dir='ltr'><strong>qui</strong></span> <span class='ocrx_word' id='word_1_192' title='bbox 2847 587 2993 638; x_wconf 90' lang='lat' dir='ltr'><strong>enim</strong></span> <span class='ocrx_word' id='word_1_193' title='bbox 3025 588 3230 642; x_wconf 71' lang='lat' dir='ltr'><strong>caelum</strong></span> <span class='ocrx_word' id='word_1_194' title='bbox 3269 598 3325 642; x_wconf 91' lang='lat' dir='ltr'><strong>et</strong></span> <span class='ocrx_word' id='word_1_195' title='bbox 3352 598 3554 643; x_wconf 88' lang='lat' dir='ltr'><strong>terram</strong></span> 
     </span>
    </p>
   </div>
   <div class='ocr_carea' id='block_1_35' title="bbox 1969 669 3556 749">
    <p class='ocr_par' dir='ltr' id='par_1_35' title="bbox 1969 669 3556 749">
     <span class='ocr_line' id='line_1_35' title="bbox 1969 669 3556 749; baseline 0.008 -27"><span class='ocrx_word' id='word_1_196' title='bbox 1969 669 2194 738; x_wconf 91' lang='lat' dir='ltr'><strong>implet,</strong></span> <span class='ocrx_word' id='word_1_197' title='bbox 2228 672 2591 739; x_wconf 88' lang='lat' dir='ltr'><strong>proculdubio</strong></span> <span class='ocrx_word' id='word_1_198' title='bbox 2623 675 2804 729; x_wconf 88' lang='lat' dir='ltr'><strong>nullus</strong></span> <span class='ocrx_word' id='word_1_199' title='bbox 2833 686 2916 729; x_wconf 86' lang='lat' dir='ltr'><strong>est</strong></span> <span class='ocrx_word' id='word_1_200' title='bbox 2943 678 3097 731; x_wconf 89' lang='lat' dir='ltr'><strong>locus</strong></span> <span class='ocrx_word' id='word_1_201' title='bbox 3124 680 3190 731; x_wconf 90' lang='lat' dir='ltr'><strong>ab</strong></span> <span class='ocrx_word' id='word_1_202' title='bbox 3218 680 3334 749; x_wconf 87' lang='lat' dir='ltr'><strong>ejus</strong></span> <span class='ocrx_word' id='word_1_203' title='bbox 3366 694 3556 735; x_wconf 78' lang='lat' dir='ltr'><strong>essen-</strong></span> 
     </span>
    </p>
   </div>
   <div class='ocr_carea' id='block_1_36' title="bbox 1974 761 3559 844">
    <p class='ocr_par' dir='ltr' id='par_1_36' title="bbox 1974 761 3559 844">
     <span class='ocr_line' id='line_1_36' title="bbox 1974 761 3559 844; baseline 0.009 -31"><span class='ocrx_word' id='word_1_204' title='bbox 1974 761 2045 814; x_wconf 93' lang='lat' dir='ltr'><strong>tia</strong></span> <span class='ocrx_word' id='word_1_205' title='bbox 2071 761 2295 817; x_wconf 83' lang='lat' dir='ltr'><strong>absens.</strong></span> <span class='ocrx_word' id='word_1_206' title='bbox 2336 763 2514 834; x_wconf 88' lang='lat' dir='ltr'><strong>Super</strong></span> <span class='ocrx_word' id='word_1_207' title='bbox 2550 766 2729 819; x_wconf 86' lang='lat' dir='ltr'><strong>omnia</strong></span> <span class='ocrx_word' id='word_1_208' title='bbox 2771 768 2971 837; x_wconf 90' lang='lat' dir='ltr'><strong>quippe</strong></span> <span class='ocrx_word' id='word_1_209' title='bbox 3007 780 3090 823; x_wconf 85' lang='lat' dir='ltr'><strong>est</strong></span> <span class='ocrx_word' id='word_1_210' title='bbox 3120 771 3358 841; x_wconf 87' lang='lat' dir='ltr'><strong>regendo</strong></span> <span class='ocrx_word' id='word_1_211' title='bbox 3393 784 3559 844; x_wconf 89' lang='lat' dir='ltr'><strong>atque</strong></span> 
     </span>
    </p>
   </div>
   <div class='ocr_carea' id='block_1_37' title="bbox 1970 851 3560 935">
    <p class='ocr_par' dir='ltr' id='par_1_37' title="bbox 1970 851 3560 935">
     <span class='ocr_line' id='line_1_37' title="bbox 1970 851 3560 935; baseline 0.01 -31"><span class='ocrx_word' id='word_1_212' title='bbox 1970 851 2319 920; x_wconf 86' lang='lat' dir='ltr'><strong>imperando;</strong></span> <span class='ocrx_word' id='word_1_213' title='bbox 2352 854 2549 908; x_wconf 85' lang='lat' dir='ltr'><strong>subtus</strong></span> <span class='ocrx_word' id='word_1_214' title='bbox 2572 858 2751 910; x_wconf 89' lang='lat' dir='ltr'><strong>omnia</strong></span> <span class='ocrx_word' id='word_1_215' title='bbox 2778 868 2862 912; x_wconf 89' lang='lat' dir='ltr'><strong>est</strong></span> <span class='ocrx_word' id='word_1_216' title='bbox 2888 862 3213 916; x_wconf 90' lang='lat' dir='ltr'><strong>sustinendo</strong></span> <span class='ocrx_word' id='word_1_217' title='bbox 3236 876 3396 935; x_wconf 87' lang='lat' dir='ltr'><strong>atque</strong></span> <span class='ocrx_word' id='word_1_218' title='bbox 3428 882 3560 933; x_wconf 84' lang='lat' dir='ltr'><strong>por-</strong></span> 
     </span>
    </p>
   </div>
   <div class='ocr_carea' id='block_1_38' title="bbox 1970 946 3552 1025">
    <p class='ocr_par' dir='ltr' id='par_1_38' title="bbox 1970 946 3552 1025">
     <span class='ocr_line' id='line_1_38' title="bbox 1970 946 3552 1025; baseline 0.009 -28"><span class='ocrx_word' id='word_1_219' title='bbox 1970 946 2157 1011; x_wconf 84' lang='lat' dir='ltr'><strong>tando,</strong></span> <span class='ocrx_word' id='word_1_220' title='bbox 2189 962 2294 1001; x_wconf 90' lang='lat' dir='ltr'><strong>non</strong></span> <span class='ocrx_word' id='word_1_221' title='bbox 2328 949 2573 1017; x_wconf 88' lang='lat' dir='ltr'><strong>pondere</strong></span> <span class='ocrx_word' id='word_1_222' title='bbox 2596 950 2826 1016; x_wconf 89' lang='lat' dir='ltr'><strong>laboris,</strong></span> <span class='ocrx_word' id='word_1_223' title='bbox 2859 954 2955 1007; x_wconf 86' lang='lat' dir='ltr'><strong>sed</strong></span> <span class='ocrx_word' id='word_1_224' title='bbox 2980 954 3295 1025; x_wconf 79' lang='lat' dir='ltr'><strong>infatigabili</strong></span> <span class='ocrx_word' id='word_1_225' title='bbox 3319 960 3552 1013; x_wconf 84' lang='lat' dir='ltr'><strong>virtute:</strong></span> 
     </span>
    </p>
   </div>
   <div class='ocr_carea' id='block_1_39' title="bbox 1967 1037 3559 1116">
    <p class='ocr_par' dir='ltr' id='par_1_39' title="bbox 1967 1037 3559 1116">
     <span class='ocr_line' id='line_1_39' title="bbox 1967 1037 3559 1116; baseline 0.01 -28"><span class='ocrx_word' id='word_1_226' title='bbox 1967 1037 2223 1106; x_wconf 89' lang='lat' dir='ltr'><strong>quoniam</strong></span> <span class='ocrx_word' id='word_1_227' title='bbox 2267 1038 2417 1094; x_wconf 89' lang='lat' dir='ltr'><strong>nulla</strong></span> <span class='ocrx_word' id='word_1_228' title='bbox 2460 1048 2708 1095; x_wconf 76' lang='lat' dir='ltr'><strong>creatura</strong></span> <span class='ocrx_word' id='word_1_229' title='bbox 2754 1044 2822 1096; x_wconf 89' lang='lat' dir='ltr'><strong>ab</strong></span> <span class='ocrx_word' id='word_1_230' title='bbox 2865 1059 2932 1098; x_wconf 91' lang='lat' dir='ltr'><strong>eo</strong></span> <span class='ocrx_word' id='word_1_231' title='bbox 2965 1045 3183 1099; x_wconf 87' lang='lat' dir='ltr'><strong>condita</strong></span> <span class='ocrx_word' id='word_1_232' title='bbox 3217 1062 3312 1116; x_wconf 86' lang='lat' dir='ltr'><strong>per</strong></span> <span class='ocrx_word' id='word_1_233' title='bbox 3338 1064 3397 1103; x_wconf 87' lang='lat' dir='ltr'><strong>se</strong></span> <span class='ocrx_word' id='word_1_234' title='bbox 3426 1050 3559 1103; x_wconf 82' lang='lat' dir='ltr'><strong>sub-</strong></span> 
     </span>
    </p>
   </div>
   <div class='ocr_carea' id='block_1_40' title="bbox 1886 1131 3555 1211">
    <p class='ocr_par' dir='ltr' id='par_1_40' title="bbox 1886 1131 3555 1211">
     <span class='ocr_line' id='line_1_40' title="bbox 1886 1131 3555 1211; baseline 0.01 -28"><span class='ocrx_word' id='word_1_235' title='bbox 1886 1144 1900 1155; x_wconf 78' lang='lat'>&#39;</span> <span class='ocrx_word' id='word_1_236' title='bbox 1968 1131 2167 1186; x_wconf 88' lang='lat' dir='ltr'><strong>sistere</strong></span> <span class='ocrx_word' id='word_1_237' title='bbox 2198 1133 2383 1197; x_wconf 78' lang='lat' dir='ltr'><strong>valet,</strong></span> <span class='ocrx_word' id='word_1_238' title='bbox 2415 1133 2523 1188; x_wconf 79' lang='lat' dir='ltr'><strong>nisi</strong></span> <span class='ocrx_word' id='word_1_239' title='bbox 2552 1136 2621 1189; x_wconf 92' lang='lat' dir='ltr'><strong>ab</strong></span> <span class='ocrx_word' id='word_1_240' title='bbox 2649 1151 2715 1190; x_wconf 90' lang='lat' dir='ltr'><strong>eo</strong></span> <span class='ocrx_word' id='word_1_241' title='bbox 2743 1148 3100 1208; x_wconf 88' lang='lat' dir='ltr'><strong>sustentetur,</strong></span> <span class='ocrx_word' id='word_1_242' title='bbox 3130 1143 3217 1211; x_wconf 87' lang='lat' dir='ltr'><strong>qui</strong></span> <span class='ocrx_word' id='word_1_243' title='bbox 3251 1158 3371 1197; x_wconf 90' lang='lat' dir='ltr'><strong>eam</strong></span> <span class='ocrx_word' id='word_1_244' title='bbox 3404 1158 3555 1200; x_wconf 87' lang='lat' dir='ltr'><strong>crea-</strong></span> 
     </span>
    </p>
   </div>
   <div class='ocr_carea' id='block_1_41' title="bbox 1969 1218 3082 1293">
    <p class='ocr_par' dir='ltr' id='par_1_41' title="bbox 1969 1218 3082 1293">
     <span class='ocr_line' id='line_1_41' title="bbox 1969 1218 3082 1293; baseline 0.009 -20"><span class='ocrx_word' id='word_1_245' title='bbox 1969 1218 2066 1275; x_wconf 88' lang='lat' dir='ltr'><strong>vit.</strong></span> <span class='ocrx_word' id='word_1_246' title='bbox 2102 1220 2267 1276; x_wconf 83' lang='lat' dir='ltr'><strong>Extra</strong></span> <span class='ocrx_word' id='word_1_247' title='bbox 2298 1225 2509 1293; x_wconf 86' lang='lat' dir='ltr'><strong>omnia,</strong></span> <span class='ocrx_word' id='word_1_248' title='bbox 2540 1225 2637 1280; x_wconf 90' lang='lat' dir='ltr'><strong>sed</strong></span> <span class='ocrx_word' id='word_1_249' title='bbox 2666 1241 2773 1281; x_wconf 92' lang='lat' dir='ltr'><strong>non</strong></span> <span class='ocrx_word' id='word_1_250' title='bbox 2805 1230 3082 1283; x_wconf 83' lang='lat' dir='ltr'><strong>exclusus.</strong></span> 
     </span>
    </p>
   </div>
   <div class='ocr_carea' id='block_1_42' title="bbox 2039 1310 3556 1388">
    <p class='ocr_par' dir='ltr' id='par_1_42' title="bbox 2039 1310 3556 1388">
     <span class='ocr_line' id='line_1_42' title="bbox 2039 1310 3556 1388; baseline 0.011 -23"><span class='ocrx_word' id='word_1_251' title='bbox 2039 1310 2399 1369; x_wconf 91' lang='lat' dir='ltr'><strong>Immulabilis</strong></span> <span class='ocrx_word' id='word_1_252' title='bbox 2420 1326 2521 1376; x_wconf 85' lang='lat' dir='ltr'><strong>est.</strong></span> <span class='ocrx_word' id='word_1_253' title='bbox 2548 1316 2671 1387; x_wconf 89' lang='lat' dir='ltr'><strong>quia</strong></span> <span class='ocrx_word' id='word_1_254' title='bbox 2698 1319 2767 1372; x_wconf 91' lang='lat' dir='ltr'><strong>ab</strong></span> <span class='ocrx_word' id='word_1_255' title='bbox 2790 1334 2856 1373; x_wconf 90' lang='lat' dir='ltr'><strong>eo</strong></span> <span class='ocrx_word' id='word_1_256' title='bbox 2884 1320 3027 1388; x_wconf 89' lang='lat' dir='ltr'><strong>quod</strong></span> <span class='ocrx_word' id='word_1_257' title='bbox 3052 1332 3133 1375; x_wconf 90' lang='lat' dir='ltr'><strong>est</strong></span> <span class='ocrx_word' id='word_1_258' title='bbox 3154 1325 3348 1379; x_wconf 89' lang='lat' dir='ltr'><strong>mutari</strong></span> <span class='ocrx_word' id='word_1_259' title='bbox 3380 1328 3556 1381; x_wconf 86' lang='lat' dir='ltr'><strong>omni-</strong></span> 
     </span>
    </p>
   </div>
   <div class='ocr_carea' id='block_1_43' title="bbox 1970 1408 3557 1485">
    <p class='ocr_par' dir='ltr' id='par_1_43' title="bbox 1970 1408 3557 1485">
     <span class='ocr_line' id='line_1_43' title="bbox 1970 1408 3557 1485; baseline 0.009 -27"><span class='ocrx_word' id='word_1_260' title='bbox 1970 1419 2040 1459; x_wconf 92' lang='lat' dir='ltr'><strong>no</strong></span> <span class='ocrx_word' id='word_1_261' title='bbox 2071 1420 2178 1459; x_wconf 90' lang='lat' dir='ltr'><strong>non</strong></span> <span class='ocrx_word' id='word_1_262' title='bbox 2211 1416 2406 1474; x_wconf 84' lang='lat' dir='ltr'><strong>petest,</strong></span> <span class='ocrx_word' id='word_1_263' title='bbox 2439 1408 2561 1475; x_wconf 92' lang='lat' dir='ltr'><strong>ipso</strong></span> <span class='ocrx_word' id='word_1_264' title='bbox 2592 1410 2809 1465; x_wconf 88' lang='lat' dir='ltr'><strong>dicente</strong></span> <span class='ocrx_word' id='word_1_265' title='bbox 2840 1426 2937 1480; x_wconf 89' lang='lat' dir='ltr'><strong>per</strong></span> <span class='ocrx_word' id='word_1_266' title='bbox 2968 1413 3288 1469; x_wconf 85' lang='lat' dir='ltr'><strong>Malachiam</strong></span> <span class='ocrx_word' id='word_1_267' title='bbox 3323 1417 3557 1485; x_wconf 59' lang='lat' dir='ltr'><strong>preplteo</strong></span> 
     </span>
    </p>
   </div>
   <div class='ocr_carea' id='block_1_44' title="bbox 1969 1494 3551 1577">
    <p class='ocr_par' dir='ltr' id='par_1_44' title="bbox 1969 1494 3551 1577">
     <span class='ocr_line' id='line_1_44' title="bbox 1969 1494 3551 1577; baseline 0.011 -30"><span class='ocrx_word' id='word_1_268' title='bbox 1969 1502 2116 1560; x_wconf 85' lang='lat' dir='ltr'><strong>tam,</strong></span> <span class='ocrx_word' id='word_1_269' title='bbox 2172 1494 2283 1565; x_wconf 84' lang='lat' dir='ltr'><strong>Ego</strong></span> <span class='ocrx_word' id='word_1_270' title='bbox 2327 1495 2579 1552; x_wconf 85' lang='lat' dir='ltr'><strong>Dominus</strong></span> <span class='ocrx_word' id='word_1_271' title='bbox 2625 1510 2673 1553; x_wconf 87' lang='lat' dir='ltr'><strong>et</strong></span> <span class='ocrx_word' id='word_1_272' title='bbox 2720 1517 2823 1554; x_wconf 88' lang='lat' dir='ltr'><strong>non</strong></span> <span class='ocrx_word' id='word_1_273' title='bbox 2863 1511 3033 1554; x_wconf 88' lang='lat' dir='ltr'><strong>mutor</strong></span> <span class='ocrx_word' id='word_1_274' title='bbox 3084 1503 3337 1575; x_wconf 77' lang='lat' dir='ltr'><strong>(Malach.</strong></span> <span class='ocrx_word' id='word_1_275' title='bbox 3373 1523 3450 1570; x_wconf 87' lang='grc' dir='ltr'>ιιι,</span> <span class='ocrx_word' id='word_1_276' title='bbox 3477 1513 3551 1577; x_wconf 80' lang='lat'><strong>6).</strong></span> 
     </span>
    </p>
   </div>
   <div class='ocr_carea' id='block_1_45' title="bbox 1969 1584 3553 1670">
    <p class='ocr_par' dir='ltr' id='par_1_45' title="bbox 1969 1584 3553 1670">
     <span class='ocr_line' id='line_1_45' title="bbox 1969 1584 3553 1670; baseline 0.011 -32"><span class='ocrx_word' id='word_1_277' title='bbox 1969 1584 2096 1640; x_wconf 67' lang='lat' dir='ltr'><strong>l‘deo</strong></span> <span class='ocrx_word' id='word_1_278' title='bbox 2146 1585 2288 1641; x_wconf 86' lang='lat' dir='ltr'><strong>Deus</strong></span> <span class='ocrx_word' id='word_1_279' title='bbox 2333 1587 2699 1645; x_wconf 87' lang='lat' dir='ltr'><strong>immutabilis</strong></span> <span class='ocrx_word' id='word_1_280' title='bbox 2743 1593 2962 1662; x_wconf 74' lang='lat' dir='ltr'><strong>dicitur,</strong></span> <span class='ocrx_word' id='word_1_281' title='bbox 3012 1595 3133 1664; x_wconf 85' lang='lat' dir='ltr'><strong>quia</strong></span> <span class='ocrx_word' id='word_1_282' title='bbox 3185 1602 3381 1654; x_wconf 67' lang='lat' dir='ltr'><strong>animm</strong></span> <span class='ocrx_word' id='word_1_283' title='bbox 3414 1601 3553 1670; x_wconf 79' lang='lat' dir='ltr'><strong>ejus,</strong></span> 
     </span>
    </p>
   </div>
   <div class='ocr_carea' id='block_1_46' title="bbox 1968 1676 3554 1754">
    <p class='ocr_par' dir='ltr' id='par_1_46' title="bbox 1968 1676 3554 1754">
     <span class='ocr_line' id='line_1_46' title="bbox 1968 1676 3554 1754; baseline 0.013 -25"><span class='ocrx_word' id='word_1_284' title='bbox 1968 1676 2045 1729; x_wconf 91' lang='lat' dir='ltr'><strong>ira</strong></span> <span class='ocrx_word' id='word_1_285' title='bbox 2073 1717 2089 1743; x_wconf 96' lang='lat'><strong>,</strong></span> <span class='ocrx_word' id='word_1_286' title='bbox 2122 1676 2295 1741; x_wconf 80' lang='lat' dir='ltr'><strong>furor,</strong></span> <span class='ocrx_word' id='word_1_287' title='bbox 2330 1680 2682 1748; x_wconf 70' lang='lat' dir='ltr'><strong>paenitentia,</strong></span> <span class='ocrx_word' id='word_1_288' title='bbox 2718 1684 2951 1750; x_wconf 86' lang='lat' dir='ltr'><strong>oblivio,</strong></span> <span class='ocrx_word' id='word_1_289' title='bbox 2992 1690 3332 1754; x_wconf 85' lang='lat' dir='ltr'><strong>recordatio,</strong></span> <span class='ocrx_word' id='word_1_290' title='bbox 3369 1702 3425 1747; x_wconf 91' lang='lat' dir='ltr'><strong>et</strong></span> <span class='ocrx_word' id='word_1_291' title='bbox 3453 1696 3554 1749; x_wconf 85' lang='lat' dir='ltr'><strong>alia</strong></span> 
     </span>
    </p>
   </div>
   <div class='ocr_carea' id='block_1_47' title="bbox 1896 1766 3553 1849">
    <p class='ocr_par' dir='ltr' id='par_1_47' title="bbox 1896 1766 3553 1849">
     <span class='ocr_line' id='line_1_47' title="bbox 1896 1766 3553 1849; baseline 0.011 -28"><span class='ocrx_word' id='word_1_292' title='bbox 1896 1766 1943 1827; x_wconf 84' lang='grc' dir='ltr'><strong>Β</strong></span> <span class='ocrx_word' id='word_1_293' title='bbox 1971 1768 2055 1822; x_wconf 89' lang='lat' dir='ltr'><strong>his</strong></span> <span class='ocrx_word' id='word_1_294' title='bbox 2085 1770 2283 1825; x_wconf 88' lang='lat' dir='ltr'><strong>similia</strong></span> <span class='ocrx_word' id='word_1_295' title='bbox 2314 1787 2422 1825; x_wconf 92' lang='lat' dir='ltr'><strong>non</strong></span> <span class='ocrx_word' id='word_1_296' title='bbox 2456 1773 2732 1829; x_wconf 88' lang='lat' dir='ltr'><strong>accidunt.</strong></span> <span class='ocrx_word' id='word_1_297' title='bbox 2783 1777 3025 1844; x_wconf 86' lang='lat' dir='ltr'><strong>Simplex</strong></span> <span class='ocrx_word' id='word_1_298' title='bbox 3054 1781 3197 1834; x_wconf 87' lang='lat' dir='ltr'><strong>enim</strong></span> <span class='ocrx_word' id='word_1_299' title='bbox 3229 1792 3415 1838; x_wconf 68' lang='lat' dir='ltr'><strong>natura</strong></span> <span class='ocrx_word' id='word_1_300' title='bbox 3449 1796 3553 1849; x_wconf 91' lang='lat' dir='ltr'><strong>est,</strong></span> 
     </span>
    </p>
   </div>
   <div class='ocr_carea' id='block_1_48' title="bbox 1969 1861 3553 1941">
    <p class='ocr_par' dir='ltr' id='par_1_48' title="bbox 1969 1861 3553 1941">
     <span class='ocr_line' id='line_1_48' title="bbox 1969 1861 3553 1941; baseline 0.012 -27"><span class='ocrx_word' id='word_1_301' title='bbox 1969 1870 2026 1915; x_wconf 89' lang='lat' dir='ltr'><strong>et</strong></span> <span class='ocrx_word' id='word_1_302' title='bbox 2074 1861 2438 1919; x_wconf 82' lang='lat' dir='ltr'><strong>immutabilis</strong></span> <span class='ocrx_word' id='word_1_303' title='bbox 2483 1874 2537 1919; x_wconf 89' lang='lat' dir='ltr'><strong>et</strong></span> <span class='ocrx_word' id='word_1_304' title='bbox 2586 1867 2993 1934; x_wconf 84' lang='lat' dir='ltr'><strong>imperturbata.</strong></span> <span class='ocrx_word' id='word_1_305' title='bbox 3052 1871 3239 1941; x_wconf 88' lang='lat' dir='ltr'><strong>Neque</strong></span> <span class='ocrx_word' id='word_1_306' title='bbox 3277 1874 3423 1929; x_wconf 90' lang='lat' dir='ltr'><strong>aliud</strong></span> <span class='ocrx_word' id='word_1_307' title='bbox 3473 1886 3553 1933; x_wconf 86' lang='lat' dir='ltr'><strong>est</strong></span> 
     </span>
    </p>
   </div>
   <div class='ocr_carea' id='block_1_49' title="bbox 1970 1952 3557 2035">
    <p class='ocr_par' dir='ltr' id='par_1_49' title="bbox 1970 1952 3557 2035">
     <span class='ocr_line' id='line_1_49' title="bbox 1970 1952 3557 2035; baseline 0.012 -31"><span class='ocrx_word' id='word_1_308' title='bbox 1970 1952 2087 2020; x_wconf 91' lang='lat' dir='ltr'><strong>ipse</strong></span> <span class='ocrx_word' id='word_1_309' title='bbox 2113 1961 2171 2006; x_wconf 91' lang='lat' dir='ltr'><strong>et</strong></span> <span class='ocrx_word' id='word_1_310' title='bbox 2197 1954 2342 2007; x_wconf 87' lang='lat' dir='ltr'><strong>aliud</strong></span> <span class='ocrx_word' id='word_1_311' title='bbox 2375 1955 2518 2023; x_wconf 89' lang='lat' dir='ltr'><strong>quod</strong></span> <span class='ocrx_word' id='word_1_312' title='bbox 2552 1957 2744 2027; x_wconf 88' lang='lat' dir='ltr'><strong>habet,</strong></span> <span class='ocrx_word' id='word_1_313' title='bbox 2781 1960 2877 2014; x_wconf 85' lang='lat' dir='ltr'><strong>sed</strong></span> <span class='ocrx_word' id='word_1_314' title='bbox 2908 1959 3080 2030; x_wconf 89' lang='lat' dir='ltr'><strong>ipsum</strong></span> <span class='ocrx_word' id='word_1_315' title='bbox 3112 1975 3197 2018; x_wconf 90' lang='lat' dir='ltr'><strong>est</strong></span> <span class='ocrx_word' id='word_1_316' title='bbox 3218 1966 3360 2035; x_wconf 92' lang='lat' dir='ltr'><strong>quod</strong></span> <span class='ocrx_word' id='word_1_317' title='bbox 3394 1968 3557 2024; x_wconf 85' lang='lat' dir='ltr'><strong>habet</strong></span> 
     </span>
    </p>
   </div>
   <div class='ocr_carea' id='block_1_50' title="bbox 1968 2044 2333 2112">
    <p class='ocr_par' dir='ltr' id='par_1_50' title="bbox 1968 2044 2333 2112">
     <span class='ocr_line' id='line_1_50' title="bbox 1968 2044 2333 2112; baseline 0.005 -17"><span class='ocrx_word' id='word_1_318' title='bbox 1968 2052 2023 2096; x_wconf 87' lang='lat' dir='ltr'><strong>et</strong></span> <span class='ocrx_word' id='word_1_319' title='bbox 2052 2044 2197 2112; x_wconf 90' lang='lat' dir='ltr'><strong>quod</strong></span> <span class='ocrx_word' id='word_1_320' title='bbox 2230 2054 2333 2098; x_wconf 88' lang='lat' dir='ltr'><strong>est.</strong></span> 
     </span>
    </p>
   </div>
   <div class='ocr_carea' id='block_1_51' title="bbox 2040 2134 3555 2219">
    <p class='ocr_par' dir='ltr' id='par_1_51' title="bbox 2040 2134 3555 2219">
     <span class='ocr_line' id='line_1_51' title="bbox 2040 2134 3555 2219; baseline 0.012 -32"><span class='ocrx_word' id='word_1_321' title='bbox 2040 2134 2402 2201; x_wconf 85' lang='lat' dir='ltr'><strong>Immortalis,</strong></span> <span class='ocrx_word' id='word_1_322' title='bbox 2437 2137 2561 2207; x_wconf 91' lang='lat' dir='ltr'><strong>quia</strong></span> <span class='ocrx_word' id='word_1_323' title='bbox 2610 2141 2747 2196; x_wconf 86' lang='lat' dir='ltr'><strong>mori</strong></span> <span class='ocrx_word' id='word_1_324' title='bbox 2787 2140 2938 2198; x_wconf 84' lang='lat' dir='ltr'><strong>nullo</strong></span> <span class='ocrx_word' id='word_1_325' title='bbox 2976 2145 3135 2201; x_wconf 84' lang='lat' dir='ltr'><strong>modo</strong></span> <span class='ocrx_word' id='word_1_326' title='bbox 3160 2158 3357 2217; x_wconf 89' lang='lat' dir='ltr'><strong>potest,</strong></span> <span class='ocrx_word' id='word_1_327' title='bbox 3394 2150 3555 2219; x_wconf 80' lang='lat' dir='ltr'><strong>Apo-</strong></span> 
     </span>
    </p>
   </div>
   <div class='ocr_carea' id='block_1_52' title="bbox 1968 2226 3556 2299">
    <p class='ocr_par' dir='ltr' id='par_1_52' title="bbox 1968 2226 3556 2299">
     <span class='ocr_line' id='line_1_52' title="bbox 1968 2226 3556 2299; baseline 0.011 -21"><span class='ocrx_word' id='word_1_328' title='bbox 1968 2226 2113 2279; x_wconf 86' lang='lat' dir='ltr'><strong>stolo</strong></span> <span class='ocrx_word' id='word_1_329' title='bbox 2144 2234 2377 2283; x_wconf 88' lang='lat' dir='ltr'><strong>testante</strong></span> <span class='ocrx_word' id='word_1_330' title='bbox 2406 2243 2469 2283; x_wconf 90' lang='lat' dir='ltr'><strong>ac</strong></span> <span class='ocrx_word' id='word_1_331' title='bbox 2505 2230 2723 2287; x_wconf 88' lang='lat' dir='ltr'><strong>dicente</strong></span> <span class='ocrx_word' id='word_1_332' title='bbox 2751 2251 2763 2286; x_wconf 89' lang='lat'><strong>:</strong></span> <span class='ocrx_word' id='word_1_333' title='bbox 2810 2234 2911 2299; x_wconf 80' lang='lat' dir='ltr'><strong>Qui</strong></span> <span class='ocrx_word' id='word_1_334' title='bbox 2939 2237 3081 2291; x_wconf 85' lang='lat' dir='ltr'><strong>solus</strong></span> <span class='ocrx_word' id='word_1_335' title='bbox 3110 2236 3260 2292; x_wconf 86' lang='lat' dir='ltr'><strong>habet</strong></span> <span class='ocrx_word' id='word_1_336' title='bbox 3288 2241 3556 2296; x_wconf 86' lang='lat' dir='ltr'><strong>immorta-</strong></span> 
     </span>
    </p>
   </div>
   <div class='ocr_carea' id='block_1_53' title="bbox 1972 2315 3557 2396">
    <p class='ocr_par' dir='ltr' id='par_1_53' title="bbox 1972 2315 3557 2396">
     <span class='ocr_line' id='line_1_53' title="bbox 1972 2315 3557 2396; baseline 0.013 -28"><span class='ocrx_word' id='word_1_337' title='bbox 1972 2315 2165 2369; x_wconf 82' lang='lat' dir='ltr'><strong>litatem</strong></span> <span class='ocrx_word' id='word_1_338' title='bbox 2188 2358 2202 2385; x_wconf 92' lang='lat'><strong>,</strong></span> <span class='ocrx_word' id='word_1_339' title='bbox 2250 2318 2414 2370; x_wconf 88' lang='lat' dir='ltr'><strong>lucem</strong></span> <span class='ocrx_word' id='word_1_340' title='bbox 2465 2320 2701 2375; x_wconf 86' lang='lat' dir='ltr'><strong>habitans</strong></span> <span class='ocrx_word' id='word_1_341' title='bbox 2744 2324 3144 2380; x_wconf 84' lang='lat' dir='ltr'><strong>inaccessibilem</strong></span> <span class='ocrx_word' id='word_1_342' title='bbox 3164 2370 3176 2390; x_wconf 89' lang='lat'><strong>,</strong></span> <span class='ocrx_word' id='word_1_343' title='bbox 3207 2345 3352 2396; x_wconf 88' lang='lat' dir='ltr'><strong>quem</strong></span> <span class='ocrx_word' id='word_1_344' title='bbox 3381 2331 3557 2387; x_wconf 85' lang='lat' dir='ltr'><strong>nullus</strong></span> 
     </span>
    </p>
   </div>
   <div class='ocr_carea' id='block_1_54' title="bbox 1971 2407 3556 2493">
    <p class='ocr_par' dir='ltr' id='par_1_54' title="bbox 1971 2407 3556 2493">
     <span class='ocr_line' id='line_1_54' title="bbox 1971 2407 3556 2493; baseline 0.011 -33"><span class='ocrx_word' id='word_1_345' title='bbox 1971 2407 2237 2461; x_wconf 84' lang='lat' dir='ltr'><strong>hominum</strong></span> <span class='ocrx_word' id='word_1_346' title='bbox 2285 2410 2451 2476; x_wconf 79' lang='lat' dir='ltr'><strong>uidit,</strong></span> <span class='ocrx_word' id='word_1_347' title='bbox 2501 2428 2593 2465; x_wconf 90' lang='lat' dir='ltr'><strong>nec</strong></span> <span class='ocrx_word' id='word_1_348' title='bbox 2640 2414 2810 2467; x_wconf 81' lang='lat' dir='ltr'><strong>uidere</strong></span> <span class='ocrx_word' id='word_1_349' title='bbox 2855 2427 3018 2484; x_wconf 84' lang='lat' dir='ltr'><strong>potest</strong></span> <span class='ocrx_word' id='word_1_350' title='bbox 3068 2418 3118 2487; x_wconf 93' lang='lat' dir='ltr'><strong>(I</strong></span> <span class='ocrx_word' id='word_1_351' title='bbox 3152 2419 3282 2473; x_wconf 86' lang='lat' dir='ltr'><strong>Tim.</strong></span> <span class='ocrx_word' id='word_1_352' title='bbox 3316 2436 3401 2485; x_wconf 89' lang='lat' dir='ltr'><strong>vt,</strong></span> <span class='ocrx_word' id='word_1_353' title='bbox 3433 2422 3556 2493; x_wconf 85' lang='grc'>16).</span> 
     </span>
    </p>
   </div>
   <div class='ocr_carea' id='block_1_55' title="bbox 1974 2498 3559 2580">
    <p class='ocr_par' dir='ltr' id='par_1_55' title="bbox 1974 2498 3559 2580">
     <span class='ocr_line' id='line_1_55' title="bbox 1974 2498 3559 2580; baseline 0.007 -24"><span class='ocrx_word' id='word_1_354' title='bbox 1974 2498 2310 2569; x_wconf 87' lang='lat' dir='ltr'><strong>Ubicumque</strong></span> <span class='ocrx_word' id='word_1_355' title='bbox 2339 2511 2520 2558; x_wconf 88' lang='lat' dir='ltr'><strong>autem</strong></span> <span class='ocrx_word' id='word_1_356' title='bbox 2551 2519 2703 2559; x_wconf 90' lang='lat' dir='ltr'><strong>sacra</strong></span> <span class='ocrx_word' id='word_1_357' title='bbox 2736 2505 3011 2575; x_wconf 88' lang='lat' dir='ltr'><strong>Scriptura</strong></span> <span class='ocrx_word' id='word_1_358' title='bbox 3044 2510 3273 2578; x_wconf 85' lang='lat' dir='ltr'><strong>sparsim</strong></span> <span class='ocrx_word' id='word_1_359' title='bbox 3301 2527 3398 2580; x_wconf 89' lang='lat' dir='ltr'><strong>per</strong></span> <span class='ocrx_word' id='word_1_360' title='bbox 3421 2514 3559 2567; x_wconf 87' lang='lat' dir='ltr'><strong>divi-</strong></span> 
     </span>
    </p>
   </div>
   <div class='ocr_carea' id='block_1_56' title="bbox 1972 2592 3559 2660">
    <p class='ocr_par' dir='ltr' id='par_1_56' title="bbox 1972 2592 3559 2660">
     <span class='ocr_line' id='line_1_56' title="bbox 1972 2592 3559 2660; baseline 0.008 -14"><span class='ocrx_word' id='word_1_361' title='bbox 1972 2607 2077 2646; x_wconf 87' lang='lat' dir='ltr'><strong>nos</strong></span> <span class='ocrx_word' id='word_1_362' title='bbox 2109 2592 2282 2648; x_wconf 88' lang='lat' dir='ltr'><strong>libros</strong></span> <span class='ocrx_word' id='word_1_363' title='bbox 2314 2594 2367 2647; x_wconf 92' lang='lat' dir='ltr'><strong>in</strong></span> <span class='ocrx_word' id='word_1_364' title='bbox 2404 2595 2516 2649; x_wconf 90' lang='lat' dir='ltr'><strong>Deo</strong></span> <span class='ocrx_word' id='word_1_365' title='bbox 2548 2606 2726 2651; x_wconf 88' lang='lat' dir='ltr'><strong>motus</strong></span> <span class='ocrx_word' id='word_1_366' title='bbox 2765 2601 2964 2653; x_wconf 70' lang='lat' dir='ltr'><strong>anima:</strong></span> <span class='ocrx_word' id='word_1_367' title='bbox 3000 2615 3096 2655; x_wconf 89' lang='lat' dir='ltr'><strong>seu</strong></span> <span class='ocrx_word' id='word_1_368' title='bbox 3124 2602 3359 2657; x_wconf 87' lang='lat' dir='ltr'><strong>humana</strong></span> <span class='ocrx_word' id='word_1_369' title='bbox 3388 2621 3559 2660; x_wconf 87' lang='lat' dir='ltr'><strong>mem-</strong></span> 
     </span>
    </p>
   </div>
   <div class='ocr_carea' id='block_1_57' title="bbox 1972 2683 3558 2766">
    <p class='ocr_par' dir='ltr' id='par_1_57' title="bbox 1972 2683 3558 2766">
     <span class='ocr_line' id='line_1_57' title="bbox 1972 2683 3558 2766; baseline 0.008 -27"><span class='ocrx_word' id='word_1_370' title='bbox 1972 2683 2068 2740; x_wconf 86' lang='lat' dir='ltr'><strong>bra</strong></span> <span class='ocrx_word' id='word_1_371' title='bbox 2092 2685 2371 2753; x_wconf 88' lang='lat' dir='ltr'><strong>describit,</strong></span> <span class='ocrx_word' id='word_1_372' title='bbox 2405 2688 2459 2746; x_wconf 91' lang='lat' dir='ltr'><strong>id</strong></span> <span class='ocrx_word' id='word_1_373' title='bbox 2489 2701 2603 2753; x_wconf 89' lang='lat' dir='ltr'><strong>est,</strong></span> <span class='ocrx_word' id='word_1_374' title='bbox 2629 2703 2809 2759; x_wconf 89' lang='lat' dir='ltr'><strong>caput,</strong></span> <span class='ocrx_word' id='word_1_375' title='bbox 2843 2693 3089 2760; x_wconf 90' lang='lat' dir='ltr'><strong>capillos,</strong></span> <span class='ocrx_word' id='word_1_376' title='bbox 3120 2697 3312 2750; x_wconf 92' lang='lat' dir='ltr'><strong>oculos</strong></span> <span class='ocrx_word' id='word_1_377' title='bbox 3332 2736 3347 2757; x_wconf 89' lang='lat'><strong>,</strong></span> <span class='ocrx_word' id='word_1_378' title='bbox 3382 2698 3558 2766; x_wconf 87' lang='lat' dir='ltr'><strong>palpe-</strong></span> 
     </span>
    </p>
   </div>
   <div class='ocr_carea' id='block_1_58' title="bbox 1972 2778 3554 2855">
    <p class='ocr_par' dir='ltr' id='par_1_58' title="bbox 1972 2778 3554 2855">
     <span class='ocr_line' id='line_1_58' title="bbox 1972 2778 3554 2855; baseline 0.005 -22"><span class='ocrx_word' id='word_1_379' title='bbox 1972 2778 2121 2843; x_wconf 88' lang='lat' dir='ltr'><strong>bras,</strong></span> <span class='ocrx_word' id='word_1_380' title='bbox 2165 2792 2328 2835; x_wconf 87' lang='lat' dir='ltr'><strong>aures</strong></span> <span class='ocrx_word' id='word_1_381' title='bbox 2377 2789 2433 2835; x_wconf 90' lang='lat' dir='ltr'><strong>et</strong></span> <span class='ocrx_word' id='word_1_382' title='bbox 2468 2789 2661 2835; x_wconf 66' lang='lat' dir='ltr'><strong>caetera</strong></span> <span class='ocrx_word' id='word_1_383' title='bbox 2706 2783 2947 2836; x_wconf 90' lang='lat' dir='ltr'><strong>membra</strong></span> <span class='ocrx_word' id='word_1_384' title='bbox 2979 2784 3095 2839; x_wconf 87' lang='lat' dir='ltr'><strong>sive</strong></span> <span class='ocrx_word' id='word_1_385' title='bbox 3131 2795 3308 2839; x_wconf 90' lang='lat' dir='ltr'><strong>motus</strong></span> <span class='ocrx_word' id='word_1_386' title='bbox 3336 2788 3554 2855; x_wconf 78' lang='lat' dir='ltr'><strong>animze,</strong></span> 
     </span>
    </p>
   </div>
   <div class='ocr_carea' id='block_1_59' title="bbox 1972 2869 3556 2945">
    <p class='ocr_par' dir='ltr' id='par_1_59' title="bbox 1972 2869 3556 2945">
     <span class='ocr_line' id='line_1_59' title="bbox 1972 2869 3556 2945; baseline 0.005 -22"><span class='ocrx_word' id='word_1_387' title='bbox 1972 2869 2026 2924; x_wconf 92' lang='lat' dir='ltr'><strong>id</strong></span> <span class='ocrx_word' id='word_1_388' title='bbox 2069 2878 2182 2933; x_wconf 89' lang='lat' dir='ltr'><strong>est,</strong></span> <span class='ocrx_word' id='word_1_389' title='bbox 2236 2871 2405 2939; x_wconf 90' lang='lat' dir='ltr'><strong>iram,</strong></span> <span class='ocrx_word' id='word_1_390' title='bbox 2454 2871 2723 2937; x_wconf 81' lang='lat' dir='ltr'><strong>furorem,</strong></span> <span class='ocrx_word' id='word_1_391' title='bbox 2753 2873 3122 2942; x_wconf 86' lang='lat' dir='ltr'><strong>oblivionem,</strong></span> <span class='ocrx_word' id='word_1_392' title='bbox 3157 2875 3556 2945; x_wconf 62' lang='lat' dir='ltr'><strong>paenitentiam,</strong></span> 
     </span>
    </p>
   </div>
   <div class='ocr_carea' id='block_1_60' title="bbox 1971 2964 3560 3030">
    <p class='ocr_par' dir='ltr' id='par_1_60' title="bbox 1971 2964 3560 3030">
     <span class='ocr_line' id='line_1_60' title="bbox 1971 2964 3560 3030; baseline 0.006 -14"><span class='ocrx_word' id='word_1_393' title='bbox 1971 2964 2433 3029; x_wconf 88' lang='lat' dir='ltr'><strong>recordationem,</strong></span> <span class='ocrx_word' id='word_1_394' title='bbox 2482 2976 2534 3020; x_wconf 91' lang='lat' dir='ltr'><strong>et</strong></span> <span class='ocrx_word' id='word_1_395' title='bbox 2582 2968 2683 3020; x_wconf 92' lang='lat' dir='ltr'><strong>alia</strong></span> <span class='ocrx_word' id='word_1_396' title='bbox 2730 2966 2815 3021; x_wconf 89' lang='lat' dir='ltr'><strong>his</strong></span> <span class='ocrx_word' id='word_1_397' title='bbox 2862 2967 3095 3030; x_wconf 90' lang='lat' dir='ltr'><strong>similia,</strong></span> <span class='ocrx_word' id='word_1_398' title='bbox 3130 2984 3234 3023; x_wconf 90' lang='lat' dir='ltr'><strong>non</strong></span> <span class='ocrx_word' id='word_1_399' title='bbox 3264 2971 3560 3026; x_wconf 88' lang='lat' dir='ltr'><strong>carnaliter</strong></span> 
     </span>
    </p>
   </div>
   <div class='ocr_carea' id='block_1_61' title="bbox 1968 3052 3556 3128">
    <p class='ocr_par' dir='ltr' id='par_1_61' title="bbox 1968 3052 3556 3128">
     <span class='ocr_line' id='line_1_61' title="bbox 1968 3052 3556 3128; baseline 0.006 -22"><span class='ocrx_word' id='word_1_400' title='bbox 1968 3052 2122 3121; x_wconf 88' lang='lat' dir='ltr'><strong>juxta</strong></span> <span class='ocrx_word' id='word_1_401' title='bbox 2154 3053 2436 3109; x_wconf 82' lang='lat' dir='ltr'><strong>historiam</strong></span> <span class='ocrx_word' id='word_1_402' title='bbox 2465 3072 2492 3109; x_wconf 91' lang='lat' dir='ltr'><strong>a</strong></span> <span class='ocrx_word' id='word_1_403' title='bbox 2525 3065 2673 3111; x_wconf 91' lang='lat' dir='ltr'><strong>recte</strong></span> <span class='ocrx_word' id='word_1_404' title='bbox 2705 3058 3138 3126; x_wconf 83' lang='lat' dir='ltr'><strong>intelligentibus</strong></span> <span class='ocrx_word' id='word_1_405' title='bbox 3164 3061 3381 3115; x_wconf 89' lang='lat' dir='ltr'><strong>scienda</strong></span> <span class='ocrx_word' id='word_1_406' title='bbox 3410 3072 3556 3128; x_wconf 90' lang='lat' dir='ltr'><strong>sunt,</strong></span> 
     </span>
    </p>
   </div>
   <div class='ocr_carea' id='block_1_62' title="bbox 272 3140 3553 3216">
    <p class='ocr_par' dir='ltr' id='par_1_62' title="bbox 272 3140 3553 3216">
     <span class='ocr_line' id='line_1_62' title="bbox 272 3140 3553 3216; baseline 0 -11"><span class='ocrx_word' id='word_1_407' title='bbox 272 3147 655 3211; x_wconf 85' lang='lat' dir='ltr'><strong>immutabilis,</strong></span> <span class='ocrx_word' id='word_1_408' title='bbox 682 3147 1033 3212; x_wconf 89' lang='lat' dir='ltr'><strong>incorporeus</strong></span> <span class='ocrx_word' id='word_1_409' title='bbox 1046 3152 1099 3197; x_wconf 90' lang='lat' dir='ltr'><strong>et</strong></span> <span class='ocrx_word' id='word_1_410' title='bbox 1128 3141 1483 3205; x_wconf 85' lang='lat' dir='ltr'><strong>immortalis;</strong></span> <span class='ocrx_word' id='word_1_411' title='bbox 1514 3140 1710 3208; x_wconf 87' lang='lat' dir='ltr'><strong>ubique</strong></span> <span class='ocrx_word' id='word_1_412' title='bbox 1730 3153 1865 3208; x_wconf 63' lang='lat' dir='ltr'><strong>prte-</strong></span> <span class='ocrx_word' id='word_1_413' title='bbox 1893 3140 1938 3201; x_wconf 89' lang='lat' dir='ltr'>C</span> <span class='ocrx_word' id='word_1_414' title='bbox 1970 3142 2111 3197; x_wconf 84' lang='lat' dir='ltr'><strong>sicut</strong></span> <span class='ocrx_word' id='word_1_415' title='bbox 2142 3159 2171 3197; x_wconf 90' lang='lat' dir='ltr'><strong>a</strong></span> <span class='ocrx_word' id='word_1_416' title='bbox 2201 3142 2406 3199; x_wconf 63' lang='lat' dir='ltr'><strong>ludatis</strong></span> <span class='ocrx_word' id='word_1_417' title='bbox 2445 3156 2500 3200; x_wconf 86' lang='lat' dir='ltr'><strong>et</strong></span> <span class='ocrx_word' id='word_1_418' title='bbox 2537 3147 2809 3216; x_wconf 90' lang='lat' dir='ltr'><strong>plerisque</strong></span> <span class='ocrx_word' id='word_1_419' title='bbox 2839 3148 3109 3203; x_wconf 68' lang='lat' dir='ltr'><strong>haereticis</strong></span> <span class='ocrx_word' id='word_1_420' title='bbox 3139 3152 3434 3206; x_wconf 88' lang='lat' dir='ltr'><strong>carnaliter</strong></span> <span class='ocrx_word' id='word_1_421' title='bbox 3463 3167 3553 3206; x_wconf 87' lang='lat' dir='ltr'><strong>sa-</strong></span> 
     </span>
    </p>
   </div>
   <div class='ocr_carea' id='block_1_63' title="bbox 271 3236 1541 3306">
    <p class='ocr_par' dir='ltr' id='par_1_63' title="bbox 271 3236 1541 3306">
     <span class='ocr_line' id='line_1_63' title="bbox 271 3236 1541 3306; baseline -0.009 -10"><span class='ocrx_word' id='word_1_422' title='bbox 271 3254 409 3297; x_wconf 86' lang='lat' dir='ltr'><strong>sens</strong></span> <span class='ocrx_word' id='word_1_423' title='bbox 438 3248 490 3293; x_wconf 90' lang='lat' dir='ltr'><strong>et</strong></span> <span class='ocrx_word' id='word_1_424' title='bbox 512 3238 713 3302; x_wconf 86' lang='lat' dir='ltr'><strong>latens;</strong></span> <span class='ocrx_word' id='word_1_425' title='bbox 747 3237 942 3306; x_wconf 88' lang='lat' dir='ltr'><strong>ubique</strong></span> <span class='ocrx_word' id='word_1_426' title='bbox 972 3242 1115 3289; x_wconf 90' lang='lat' dir='ltr'><strong>totus</strong></span> <span class='ocrx_word' id='word_1_427' title='bbox 1141 3244 1194 3287; x_wconf 90' lang='lat' dir='ltr'><strong>et</strong></span> <span class='ocrx_word' id='word_1_428' title='bbox 1218 3236 1541 3286; x_wconf 86' lang='lat' dir='ltr'><strong>immensus.</strong></span> 
     </span>
    </p>
   </div>
   <div class='ocr_carea' id='block_1_64' title="bbox 355 3323 1861 3398">
    <p class='ocr_par' dir='ltr' id='par_1_64' title="bbox 355 3323 1861 3398">
     <span class='ocr_line' id='line_1_64' title="bbox 355 3323 1861 3398; baseline -0.007 -12"><span class='ocrx_word' id='word_1_429' title='bbox 355 3330 643 3386; x_wconf 81' lang='lat' dir='ltr'><strong>Invisibilis</strong></span> <span class='ocrx_word' id='word_1_430' title='bbox 668 3338 778 3395; x_wconf 91' lang='lat' dir='ltr'><strong>est,</strong></span> <span class='ocrx_word' id='word_1_431' title='bbox 810 3330 931 3398; x_wconf 85' lang='lat' dir='ltr'><strong>quia</strong></span> <span class='ocrx_word' id='word_1_432' title='bbox 961 3328 1016 3381; x_wconf 90' lang='lat' dir='ltr'><strong>in</strong></span> <span class='ocrx_word' id='word_1_433' title='bbox 1047 3326 1295 3381; x_wconf 84' lang='lat' dir='ltr'><strong>essentia</strong></span> <span class='ocrx_word' id='word_1_434' title='bbox 1318 3339 1413 3379; x_wconf 85' lang='lat' dir='ltr'><strong>sua</strong></span> <span class='ocrx_word' id='word_1_435' title='bbox 1444 3325 1666 3379; x_wconf 90' lang='lat' dir='ltr'><strong>omnino</strong></span> <span class='ocrx_word' id='word_1_436' title='bbox 1692 3323 1861 3377; x_wconf 91' lang='lat' dir='ltr'><strong>videri</strong></span> 
     </span>
    </p>
   </div>
   <div class='ocr_carea' id='block_1_65' title="bbox 272 3417 1865 3492">
    <p class='ocr_par' dir='ltr' id='par_1_65' title="bbox 272 3417 1865 3492">
     <span class='ocr_line' id='line_1_65' title="bbox 272 3417 1865 3492; baseline -0.004 -14"><span class='ocrx_word' id='word_1_437' title='bbox 272 3438 389 3478; x_wconf 86' lang='lat' dir='ltr'><strong>non</strong></span> <span class='ocrx_word' id='word_1_438' title='bbox 416 3429 617 3492; x_wconf 89' lang='lat' dir='ltr'><strong>potest,</strong></span> <span class='ocrx_word' id='word_1_439' title='bbox 649 3422 913 3490; x_wconf 86' lang='lat' dir='ltr'><strong>Apostolo</strong></span> <span class='ocrx_word' id='word_1_440' title='bbox 942 3429 1198 3481; x_wconf 90' lang='lat' dir='ltr'><strong>testante,</strong></span> <span class='ocrx_word' id='word_1_441' title='bbox 1222 3418 1312 3488; x_wconf 92' lang='lat' dir='ltr'><strong>qui</strong></span> <span class='ocrx_word' id='word_1_442' title='bbox 1346 3420 1459 3471; x_wconf 88' lang='lat' dir='ltr'><strong>ait:</strong></span> <span class='ocrx_word' id='word_1_443' title='bbox 1497 3417 1659 3483; x_wconf 83' lang='lat' dir='ltr'><strong>Quem</strong></span> <span class='ocrx_word' id='word_1_444' title='bbox 1690 3417 1865 3471; x_wconf 84' lang='lat' dir='ltr'><strong>nullus</strong></span> 
     </span>
    </p>
   </div>
   <div class='ocr_carea' id='block_1_66' title="bbox 271 3509 1861 3581">
    <p class='ocr_par' dir='ltr' id='par_1_66' title="bbox 271 3509 1861 3581">
     <span class='ocr_line' id='line_1_66' title="bbox 271 3509 1861 3581; baseline -0.004 -11"><span class='ocrx_word' id='word_1_445' title='bbox 271 3518 545 3571; x_wconf 80' lang='lat' dir='ltr'><strong>hominum</strong></span> <span class='ocrx_word' id='word_1_446' title='bbox 574 3516 728 3581; x_wconf 84' lang='lat' dir='ltr'><strong>vidit,</strong></span> <span class='ocrx_word' id='word_1_447' title='bbox 760 3514 849 3567; x_wconf 90' lang='lat' dir='ltr'><strong>sed</strong></span> <span class='ocrx_word' id='word_1_448' title='bbox 880 3530 970 3567; x_wconf 90' lang='lat' dir='ltr'><strong>nec</strong></span> <span class='ocrx_word' id='word_1_449' title='bbox 1008 3514 1177 3567; x_wconf 81' lang='lat' dir='ltr'><strong>videre</strong></span> <span class='ocrx_word' id='word_1_450' title='bbox 1205 3521 1365 3581; x_wconf 88' lang='lat' dir='ltr'><strong>potest</strong></span> <span class='ocrx_word' id='word_1_451' title='bbox 1402 3509 1445 3581; x_wconf 93' lang='lat' dir='ltr'><strong>(I</strong></span> <span class='ocrx_word' id='word_1_452' title='bbox 1473 3510 1608 3563; x_wconf 85' lang='lat' dir='ltr'><strong>Tim.</strong></span> <span class='ocrx_word' id='word_1_453' title='bbox 1641 3526 1716 3577; x_wconf 86' lang='lat' dir='ltr'><strong>vt,</strong></span> <span class='ocrx_word' id='word_1_454' title='bbox 1749 3510 1861 3576; x_wconf 87' lang='grc'>16).</span> 
     </span>
    </p>
   </div>
   <div class='ocr_carea' id='block_1_67' title="bbox 275 3599 1859 3677">
    <p class='ocr_par' dir='ltr' id='par_1_67' title="bbox 275 3599 1859 3677">
     <span class='ocr_line' id='line_1_67' title="bbox 275 3599 1859 3677; baseline -0.006 -14"><span class='ocrx_word' id='word_1_455' title='bbox 275 3610 350 3663; x_wconf 84' lang='lat' dir='ltr'><strong>Et</strong></span> <span class='ocrx_word' id='word_1_456' title='bbox 380 3610 435 3661; x_wconf 88' lang='lat' dir='ltr'><strong>in</strong></span> <span class='ocrx_word' id='word_1_457' title='bbox 469 3606 807 3677; x_wconf 74' lang='lat' dir='ltr'><strong>Evangelia:</strong></span> <span class='ocrx_word' id='word_1_458' title='bbox 856 3605 1020 3658; x_wconf 89' lang='lat' dir='ltr'><strong>Deum</strong></span> <span class='ocrx_word' id='word_1_459' title='bbox 1060 3619 1209 3657; x_wconf 89' lang='lat' dir='ltr'><strong>nemo</strong></span> <span class='ocrx_word' id='word_1_460' title='bbox 1246 3602 1368 3654; x_wconf 74' lang='lat' dir='ltr'><strong>vidit</strong></span> <span class='ocrx_word' id='word_1_461' title='bbox 1409 3617 1650 3671; x_wconf 87' lang='lat' dir='ltr'><strong>umquam</strong></span> <span class='ocrx_word' id='word_1_462' title='bbox 1684 3599 1859 3671; x_wconf 88' lang='lat' dir='ltr'><strong>(Joan.</strong></span> 
     </span>
    </p>
   </div>
   <div class='ocr_carea' id='block_1_68' title="bbox 271 3696 468 3766">
    <p class='ocr_par' dir='ltr' id='par_1_68' title="bbox 271 3696 468 3766">
     <span class='ocr_line' id='line_1_68' title="bbox 271 3696 468 3766; baseline -0.025 -13"><span class='ocrx_word' id='word_1_463' title='bbox 271 3714 315 3763; x_wconf 89' lang='grc' dir='ltr'>ι,</span> <span class='ocrx_word' id='word_1_464' title='bbox 356 3696 468 3766; x_wconf 86' lang='grc'>18).</span> 
     </span>
    </p>
   </div>
   <div class='ocr_carea' id='block_1_69' title="bbox 350 3784 1866 3858">
    <p class='ocr_par' dir='ltr' id='par_1_69' title="bbox 350 3784 1866 3858">
     <span class='ocr_line' id='line_1_69' title="bbox 350 3784 1866 3858; baseline -0.003 -15"><span class='ocrx_word' id='word_1_465' title='bbox 350 3789 710 3858; x_wconf 89' lang='lat' dir='ltr'><strong>Incorporeus</strong></span> <span class='ocrx_word' id='word_1_466' title='bbox 759 3796 881 3855; x_wconf 92' lang='lat' dir='ltr'><strong>est,</strong></span> <span class='ocrx_word' id='word_1_467' title='bbox 914 3788 1043 3857; x_wconf 87' lang='lat' dir='ltr'><strong>quia</strong></span> <span class='ocrx_word' id='word_1_468' title='bbox 1082 3785 1244 3839; x_wconf 90' lang='lat' dir='ltr'><strong>nullis</strong></span> <span class='ocrx_word' id='word_1_469' title='bbox 1284 3785 1649 3839; x_wconf 89' lang='lat' dir='ltr'><strong>membrorum</strong></span> <span class='ocrx_word' id='word_1_470' title='bbox 1681 3784 1866 3839; x_wconf 88' lang='lat' dir='ltr'><strong>linea-</strong></span> 
     </span>
    </p>
   </div>
   <div class='ocr_carea' id='block_1_70' title="bbox 273 3874 1863 3947">
    <p class='ocr_par' dir='ltr' id='par_1_70' title="bbox 273 3874 1863 3947">
     <span class='ocr_line' id='line_1_70' title="bbox 273 3874 1863 3947; baseline -0.004 -12"><span class='ocrx_word' id='word_1_471' title='bbox 273 3881 481 3941; x_wconf 83' lang='lat' dir='ltr'><strong>mentis</strong></span> <span class='ocrx_word' id='word_1_472' title='bbox 519 3880 852 3947; x_wconf 89' lang='lat' dir='ltr'><strong>compositus</strong></span> <span class='ocrx_word' id='word_1_473' title='bbox 894 3878 1009 3932; x_wconf 83' lang='lat' dir='ltr'><strong>sive</strong></span> <span class='ocrx_word' id='word_1_474' title='bbox 1047 3886 1363 3947; x_wconf 84' lang='lat' dir='ltr'><strong>compactos</strong></span> <span class='ocrx_word' id='word_1_475' title='bbox 1400 3874 1607 3930; x_wconf 87' lang='lat' dir='ltr'><strong>existit.</strong></span> <span class='ocrx_word' id='word_1_476' title='bbox 1655 3875 1745 3929; x_wconf 89' lang='lat' dir='ltr'><strong>Sic</strong></span> <span class='ocrx_word' id='word_1_477' title='bbox 1771 3889 1863 3929; x_wconf 63' lang='lat' dir='ltr'><strong>veo</strong></span> 
     </span>
    </p>
   </div>
   <div class='ocr_carea' id='block_1_71' title="bbox 271 3965 1868 4037">
    <p class='ocr_par' dir='ltr' id='par_1_71' title="bbox 271 3965 1868 4037">
     <span class='ocr_line' id='line_1_71' title="bbox 271 3965 1868 4037; baseline -0.006 -10"><span class='ocrx_word' id='word_1_478' title='bbox 271 3973 411 4027; x_wconf 84' lang='lat' dir='ltr'><strong>ritas</strong></span> <span class='ocrx_word' id='word_1_479' title='bbox 434 3970 487 4025; x_wconf 88' lang='lat' dir='ltr'><strong>itt</strong></span> <span class='ocrx_word' id='word_1_480' title='bbox 520 3969 813 4037; x_wconf 82' lang='lat' dir='ltr'><strong>Evangelio</strong></span> <span class='ocrx_word' id='word_1_481' title='bbox 841 3969 974 4023; x_wconf 91' lang='lat' dir='ltr'><strong>dicit</strong></span> <span class='ocrx_word' id='word_1_482' title='bbox 998 3986 1010 4020; x_wconf 93' lang='lat'><strong>:</strong></span> <span class='ocrx_word' id='word_1_483' title='bbox 1044 3968 1272 4037; x_wconf 86' lang='lat' dir='ltr'><strong>Spiritus</strong></span> <span class='ocrx_word' id='word_1_484' title='bbox 1294 3976 1365 4021; x_wconf 88' lang='lat' dir='ltr'><strong>est</strong></span> <span class='ocrx_word' id='word_1_485' title='bbox 1392 3965 1560 4029; x_wconf 85' lang='lat' dir='ltr'><strong>Deus,</strong></span> <span class='ocrx_word' id='word_1_486' title='bbox 1591 3974 1639 4018; x_wconf 90' lang='lat' dir='ltr'><strong>et</strong></span> <span class='ocrx_word' id='word_1_487' title='bbox 1668 3981 1753 4019; x_wconf 89' lang='lat' dir='ltr'><strong>eos</strong></span> <span class='ocrx_word' id='word_1_488' title='bbox 1778 3965 1868 4034; x_wconf 87' lang='lat' dir='ltr'><strong>qui</strong></span> 
     </span>
    </p>
   </div>
   <div class='ocr_carea' id='block_1_72' title="bbox 272 4057 1866 4132">
    <p class='ocr_par' dir='ltr' id='par_1_72' title="bbox 272 4057 1866 4132">
     <span class='ocr_line' id='line_1_72' title="bbox 272 4057 1866 4132; baseline -0.003 -16"><span class='ocrx_word' id='word_1_489' title='bbox 272 4067 500 4117; x_wconf 87' lang='lat' dir='ltr'><strong>adorant</strong></span> <span class='ocrx_word' id='word_1_490' title='bbox 544 4079 660 4117; x_wconf 90' lang='lat' dir='ltr'><strong>eum</strong></span> <span class='ocrx_word' id='word_1_491' title='bbox 684 4102 700 4129; x_wconf 98' lang='lat'><strong>,</strong></span> <span class='ocrx_word' id='word_1_492' title='bbox 732 4063 787 4116; x_wconf 89' lang='lat' dir='ltr'><strong>in</strong></span> <span class='ocrx_word' id='word_1_493' title='bbox 834 4062 1023 4132; x_wconf 76' lang='lat' dir='ltr'><strong>spiritu</strong></span> <span class='ocrx_word' id='word_1_494' title='bbox 1068 4070 1113 4114; x_wconf 89' lang='lat' dir='ltr'><strong>et</strong></span> <span class='ocrx_word' id='word_1_495' title='bbox 1151 4060 1358 4114; x_wconf 87' lang='lat' dir='ltr'><strong>veritate</strong></span> <span class='ocrx_word' id='word_1_496' title='bbox 1403 4067 1598 4129; x_wconf 91' lang='lat' dir='ltr'><strong>oportet</strong></span> <span class='ocrx_word' id='word_1_497' title='bbox 1644 4057 1866 4111; x_wconf 88' lang='lat' dir='ltr'><strong>adorare</strong></span> 
     </span>
    </p>
   </div>
   <div class='ocr_carea' id='block_1_73' title="bbox 274 4154 708 4228">
    <p class='ocr_par' dir='ltr' id='par_1_73' title="bbox 274 4154 708 4228">
     <span class='ocr_line' id='line_1_73' title="bbox 274 4154 708 4228; baseline -0.005 -18"><span class='ocrx_word' id='word_1_498' title='bbox 274 4158 463 4228; x_wconf 83' lang='lat' dir='ltr'><strong>(Joan.</strong></span> <span class='ocrx_word' id='word_1_499' title='bbox 498 4173 571 4220; x_wconf 86' lang='lat' dir='ltr'><strong>tv,</strong></span> <span class='ocrx_word' id='word_1_500' title='bbox 594 4154 708 4223; x_wconf 72' lang='grc'><strong>24).</strong></span> 
     </span>
    </p>
   </div>
   <div class='ocr_carea' id='block_1_74' title="bbox 348 4241 1865 4315">
    <p class='ocr_par' dir='ltr' id='par_1_74' title="bbox 348 4241 1865 4315">
     <span class='ocr_line' id='line_1_74' title="bbox 348 4241 1865 4315; baseline -0.005 -13"><span class='ocrx_word' id='word_1_501' title='bbox 348 4248 658 4302; x_wconf 88' lang='lat' dir='ltr'><strong>lmmensus</strong></span> <span class='ocrx_word' id='word_1_502' title='bbox 688 4252 790 4311; x_wconf 91' lang='lat' dir='ltr'><strong>est,</strong></span> <span class='ocrx_word' id='word_1_503' title='bbox 824 4246 950 4315; x_wconf 87' lang='lat' dir='ltr'><strong>quia</strong></span> <span class='ocrx_word' id='word_1_504' title='bbox 977 4244 1252 4314; x_wconf 90' lang='lat' dir='ltr'><strong>quantitas</strong></span> <span class='ocrx_word' id='word_1_505' title='bbox 1280 4241 1422 4311; x_wconf 86' lang='lat' dir='ltr'><strong>ejus,</strong></span> <span class='ocrx_word' id='word_1_506' title='bbox 1458 4242 1539 4296; x_wconf 83' lang='lat' dir='ltr'><strong>vel</strong></span> <span class='ocrx_word' id='word_1_507' title='bbox 1570 4241 1803 4310; x_wconf 82' lang='lat' dir='ltr'><strong>qualitas</strong></span> <span class='ocrx_word' id='word_1_508' title='bbox 1836 4255 1865 4294; x_wconf 89' lang='lat' dir='ltr'><strong>a</strong></span> 
     </span>
    </p>
   </div>
   <div class='ocr_carea' id='block_1_75' title="bbox 274 4334 1864 4403">
    <p class='ocr_par' dir='ltr' id='par_1_75' title="bbox 274 4334 1864 4403">
     <span class='ocr_line' id='line_1_75' title="bbox 274 4334 1864 4403; baseline -0.004 -10"><span class='ocrx_word' id='word_1_509' title='bbox 274 4340 432 4393; x_wconf 90' lang='lat' dir='ltr'><strong>nullo</strong></span> <span class='ocrx_word' id='word_1_510' title='bbox 482 4352 548 4391; x_wconf 87' lang='lat' dir='ltr'><strong>ex</strong></span> <span class='ocrx_word' id='word_1_511' title='bbox 599 4338 867 4391; x_wconf 87' lang='lat' dir='ltr'><strong>creaturis</strong></span> <span class='ocrx_word' id='word_1_512' title='bbox 909 4336 1087 4389; x_wconf 87' lang='lat' dir='ltr'><strong>metiri</strong></span> <span class='ocrx_word' id='word_1_513' title='bbox 1130 4342 1330 4403; x_wconf 87' lang='lat' dir='ltr'><strong>potest.</strong></span> <span class='ocrx_word' id='word_1_514' title='bbox 1394 4335 1491 4387; x_wconf 90' lang='lat' dir='ltr'><strong>Cui</strong></span> <span class='ocrx_word' id='word_1_515' title='bbox 1526 4334 1778 4389; x_wconf 88' lang='lat' dir='ltr'><strong>Salomon</strong></span> <span class='ocrx_word' id='word_1_516' title='bbox 1812 4334 1864 4387; x_wconf 91' lang='lat' dir='ltr'><strong>in</strong></span> 
     </span>
    </p>
   </div>
   <div class='ocr_carea' id='block_1_76' title="bbox 272 4423 1866 4494">
    <p class='ocr_par' dir='ltr' id='par_1_76' title="bbox 272 4423 1866 4494">
     <span class='ocr_line' id='line_1_76' title="bbox 272 4423 1866 4494; baseline -0.004 -10"><span class='ocrx_word' id='word_1_517' title='bbox 272 4431 390 4484; x_wconf 89' lang='lat' dir='ltr'><strong>suis</strong></span> <span class='ocrx_word' id='word_1_518' title='bbox 434 4426 777 4481; x_wconf 89' lang='lat' dir='ltr'><strong>orationibus</strong></span> <span class='ocrx_word' id='word_1_519' title='bbox 821 4426 1137 4494; x_wconf 85' lang='lat' dir='ltr'><strong>supplicans</strong></span> <span class='ocrx_word' id='word_1_520' title='bbox 1181 4426 1294 4477; x_wconf 87' lang='lat' dir='ltr'><strong>ait:</strong></span> <span class='ocrx_word' id='word_1_521' title='bbox 1342 4423 1401 4479; x_wconf 92' lang='lat' dir='ltr'><strong>Si</strong></span> <span class='ocrx_word' id='word_1_522' title='bbox 1438 4423 1618 4477; x_wconf 71' lang='lat' dir='ltr'><strong>emtum</strong></span> <span class='ocrx_word' id='word_1_523' title='bbox 1661 4432 1707 4476; x_wconf 89' lang='lat' dir='ltr'><strong>et</strong></span> <span class='ocrx_word' id='word_1_524' title='bbox 1754 4424 1866 4477; x_wconf 75' lang='lat' dir='ltr'><strong>caeli</strong></span> 
     </span>
    </p>
   </div>
   <div class='ocr_carea' id='block_1_77' title="bbox 1970 3233 3559 3312">
    <p class='ocr_par' dir='ltr' id='par_1_77' title="bbox 1970 3233 3559 3312">
     <span class='ocr_line' id='line_1_77' title="bbox 1970 3233 3559 3312; baseline 0.006 -24"><span class='ocrx_word' id='word_1_525' title='bbox 1970 3233 2265 3303; x_wconf 91' lang='lat' dir='ltr'><strong>pientibus,</strong></span> <span class='ocrx_word' id='word_1_526' title='bbox 2294 3237 2385 3305; x_wconf 91' lang='lat' dir='ltr'><strong>qui</strong></span> <span class='ocrx_word' id='word_1_527' title='bbox 2416 3237 2585 3291; x_wconf 88' lang='lat' dir='ltr'><strong>Deum</strong></span> <span class='ocrx_word' id='word_1_528' title='bbox 2616 3253 2940 3307; x_wconf 90' lang='lat' dir='ltr'><strong>corporeum</strong></span> <span class='ocrx_word' id='word_1_529' title='bbox 2983 3250 3145 3310; x_wconf 81' lang='lat' dir='ltr'><strong>atque</strong></span> <span class='ocrx_word' id='word_1_530' title='bbox 3178 3242 3403 3298; x_wconf 83' lang='lat' dir='ltr'><strong>localem</strong></span> <span class='ocrx_word' id='word_1_531' title='bbox 3440 3245 3559 3312; x_wconf 90' lang='lat' dir='ltr'><strong>opi-</strong></span> 
     </span>
    </p>
   </div>
   <div class='ocr_carea' id='block_1_78' title="bbox 1972 3329 3558 3405">
    <p class='ocr_par' dir='ltr' id='par_1_78' title="bbox 1972 3329 3558 3405">
     <span class='ocr_line' id='line_1_78' title="bbox 1972 3329 3558 3405; baseline 0.006 -25"><span class='ocrx_word' id='word_1_532' title='bbox 1972 3338 2192 3393; x_wconf 91' lang='lat' dir='ltr'><strong>nantur,</strong></span> <span class='ocrx_word' id='word_1_533' title='bbox 2242 3329 2336 3383; x_wconf 90' lang='lat' dir='ltr'><strong>sed</strong></span> <span class='ocrx_word' id='word_1_534' title='bbox 2375 3330 2678 3399; x_wconf 86' lang='lat' dir='ltr'><strong>spiritualia</strong></span> <span class='ocrx_word' id='word_1_535' title='bbox 2722 3332 2902 3385; x_wconf 83' lang='lat' dir='ltr'><strong>omnia</strong></span> <span class='ocrx_word' id='word_1_536' title='bbox 2934 3332 3003 3387; x_wconf 93' lang='lat' dir='ltr'><strong>de</strong></span> <span class='ocrx_word' id='word_1_537' title='bbox 3031 3350 3097 3388; x_wconf 85' lang='lat' dir='ltr'><strong>eo</strong></span> <span class='ocrx_word' id='word_1_538' title='bbox 3128 3334 3475 3405; x_wconf 83' lang='lat' dir='ltr'><strong>intelligenda</strong></span> <span class='ocrx_word' id='word_1_539' title='bbox 3504 3346 3558 3390; x_wconf 92' lang='lat' dir='ltr'><strong>et</strong></span> 
     </span>
    </p>
   </div>
   <div class='ocr_carea' id='block_1_79' title="bbox 1970 3416 3558 3490">
    <p class='ocr_par' dir='ltr' id='par_1_79' title="bbox 1970 3416 3558 3490">
     <span class='ocr_line' id='line_1_79' title="bbox 1970 3416 3558 3490; baseline 0.008 -19"><span class='ocrx_word' id='word_1_540' title='bbox 1970 3416 2280 3473; x_wconf 85' lang='lat' dir='ltr'><strong>conﬁtenda</strong></span> <span class='ocrx_word' id='word_1_541' title='bbox 2313 3428 2458 3474; x_wconf 88' lang='lat' dir='ltr'><strong>sunt.</strong></span> <span class='ocrx_word' id='word_1_542' title='bbox 2509 3421 2565 3476; x_wconf 91' lang='lat' dir='ltr'><strong>Si</strong></span> <span class='ocrx_word' id='word_1_543' title='bbox 2598 3422 2715 3490; x_wconf 87' lang='lat' dir='ltr'><strong>quis</strong></span> <span class='ocrx_word' id='word_1_544' title='bbox 2759 3423 2871 3477; x_wconf 90' lang='lat' dir='ltr'><strong>Deo</strong></span> <span class='ocrx_word' id='word_1_545' title='bbox 2917 3423 3157 3479; x_wconf 86' lang='lat' dir='ltr'><strong>humana</strong></span> <span class='ocrx_word' id='word_1_546' title='bbox 3200 3428 3439 3481; x_wconf 84' lang='lat' dir='ltr'><strong>membra</strong></span> <span class='ocrx_word' id='word_1_547' title='bbox 3463 3441 3558 3484; x_wconf 85' lang='lat' dir='ltr'><strong>seu</strong></span> 
     </span>
    </p>
   </div>
   <div class='ocr_carea' id='block_1_80' title="bbox 1971 3510 3559 3586">
    <p class='ocr_par' dir='ltr' id='par_1_80' title="bbox 1971 3510 3559 3586">
     <span class='ocr_line' id='line_1_80' title="bbox 1971 3510 3559 3586; baseline 0.008 -24"><span class='ocrx_word' id='word_1_548' title='bbox 1971 3520 2150 3563; x_wconf 91' lang='lat' dir='ltr'><strong>motus</strong></span> <span class='ocrx_word' id='word_1_549' title='bbox 2177 3510 2375 3565; x_wconf 81' lang='lat' dir='ltr'><strong>animae</strong></span> <span class='ocrx_word' id='word_1_550' title='bbox 2398 3526 2551 3567; x_wconf 88' lang='lat' dir='ltr'><strong>more</strong></span> <span class='ocrx_word' id='word_1_551' title='bbox 2577 3513 2815 3575; x_wconf 75' lang='lat' dir='ltr'><strong>humano</strong></span> <span class='ocrx_word' id='word_1_552' title='bbox 2842 3514 3019 3569; x_wconf 91' lang='lat' dir='ltr'><strong>inesse</strong></span> <span class='ocrx_word' id='word_1_553' title='bbox 3037 3516 3233 3582; x_wconf 87' lang='lat' dir='ltr'><strong>credit,</strong></span> <span class='ocrx_word' id='word_1_554' title='bbox 3268 3519 3559 3586; x_wconf 85' lang='lat' dir='ltr'><strong>proculdu-</strong></span> 
     </span>
    </p>
   </div>
   <div class='ocr_carea' id='block_1_81' title="bbox 1970 3597 2905 3657">
    <p class='ocr_par' dir='ltr' id='par_1_81' title="bbox 1970 3597 2905 3657">
     <span class='ocr_line' id='line_1_81' title="bbox 1970 3597 2905 3657; baseline 0.002 -4"><span class='ocrx_word' id='word_1_555' title='bbox 1970 3597 2059 3653; x_wconf 91' lang='lat' dir='ltr'><strong>bio</strong></span> <span class='ocrx_word' id='word_1_556' title='bbox 2090 3599 2229 3654; x_wconf 89' lang='lat' dir='ltr'><strong>idola</strong></span> <span class='ocrx_word' id='word_1_557' title='bbox 2259 3600 2491 3655; x_wconf 80' lang='lat' dir='ltr'><strong>fabricat</strong></span> <span class='ocrx_word' id='word_1_558' title='bbox 2516 3603 2566 3655; x_wconf 91' lang='lat' dir='ltr'><strong>in</strong></span> <span class='ocrx_word' id='word_1_559' title='bbox 2591 3603 2757 3657; x_wconf 91' lang='lat' dir='ltr'><strong>corde</strong></span> <span class='ocrx_word' id='word_1_560' title='bbox 2788 3618 2905 3656; x_wconf 90' lang='lat' dir='ltr'><strong>suo.</strong></span> 
     </span>
    </p>
   </div>
   <div class='ocr_carea' id='block_1_82' title="bbox 2044 3691 3558 3765">
    <p class='ocr_par' dir='ltr' id='par_1_82' title="bbox 2044 3691 3558 3765">
     <span class='ocr_line' id='line_1_82' title="bbox 2044 3691 3558 3765; baseline 0.007 -20"><span class='ocrx_word' id='word_1_561' title='bbox 2044 3691 2231 3761; x_wconf 86' lang='lat' dir='ltr'><strong>Igitur,</strong></span> <span class='ocrx_word' id='word_1_562' title='bbox 2268 3701 2327 3746; x_wconf 92' lang='lat' dir='ltr'><strong>ut</strong></span> <span class='ocrx_word' id='word_1_563' title='bbox 2353 3693 2554 3748; x_wconf 89' lang='lat' dir='ltr'><strong>dictum</strong></span> <span class='ocrx_word' id='word_1_564' title='bbox 2582 3703 2686 3755; x_wconf 84' lang='lat' dir='ltr'><strong>est.</strong></span> <span class='ocrx_word' id='word_1_565' title='bbox 2713 3694 3018 3763; x_wconf 78' lang='lat' dir='ltr'><strong>ﬁguraliter</strong></span> <span class='ocrx_word' id='word_1_566' title='bbox 3044 3696 3095 3749; x_wconf 89' lang='lat' dir='ltr'><strong>in</strong></span> <span class='ocrx_word' id='word_1_567' title='bbox 3115 3697 3230 3751; x_wconf 93' lang='lat' dir='ltr'><strong>Deo</strong></span> <span class='ocrx_word' id='word_1_568' title='bbox 3255 3708 3409 3765; x_wconf 89' lang='lat' dir='ltr'><strong>caput</strong></span> <span class='ocrx_word' id='word_1_569' title='bbox 3436 3715 3558 3756; x_wconf 89' lang='lat' dir='ltr'><strong>esse</strong></span> 
     </span>
    </p>
   </div>
   <div class='ocr_carea' id='block_1_83' title="bbox 1972 3784 3559 3859">
    <p class='ocr_par' dir='ltr' id='par_1_83' title="bbox 1972 3784 3559 3859">
     <span class='ocr_line' id='line_1_83' title="bbox 1972 3784 3559 3859; baseline 0.005 -20"><span class='ocrx_word' id='word_1_570' title='bbox 1972 3784 2220 3854; x_wconf 81' lang='lat' dir='ltr'><strong>legimus,</strong></span> <span class='ocrx_word' id='word_1_571' title='bbox 2254 3784 2426 3853; x_wconf 87' lang='lat' dir='ltr'><strong>ipsam</strong></span> <span class='ocrx_word' id='word_1_572' title='bbox 2454 3786 2745 3840; x_wconf 88' lang='lat' dir='ltr'><strong>essentiam</strong></span> <span class='ocrx_word' id='word_1_573' title='bbox 2775 3786 3075 3842; x_wconf 81' lang='lat' dir='ltr'><strong>divinitatis</strong></span> <span class='ocrx_word' id='word_1_574' title='bbox 3096 3790 3233 3855; x_wconf 89' lang='lat' dir='ltr'><strong>ejus,</strong></span> <span class='ocrx_word' id='word_1_575' title='bbox 3267 3806 3387 3858; x_wconf 64' lang='lat' dir='ltr'><strong>qum</strong></span> <span class='ocrx_word' id='word_1_576' title='bbox 3421 3808 3559 3859; x_wconf 81' lang='lat' dir='ltr'><strong>pra:-</strong></span> 
     </span>
    </p>
   </div>
   <div class='ocr_carea' id='block_1_84' title="bbox 1970 3877 3558 3951">
    <p class='ocr_par' dir='ltr' id='par_1_84' title="bbox 1970 3877 3558 3951">
     <span class='ocr_line' id='line_1_84' title="bbox 1970 3877 3558 3951; baseline 0.004 -19"><span class='ocrx_word' id='word_1_577' title='bbox 1970 3878 2147 3943; x_wconf 90' lang='lat' dir='ltr'><strong>cedit,</strong></span> <span class='ocrx_word' id='word_1_578' title='bbox 2187 3887 2242 3931; x_wconf 91' lang='lat' dir='ltr'><strong>et</strong></span> <span class='ocrx_word' id='word_1_579' title='bbox 2279 3878 2366 3930; x_wconf 85' lang='lat' dir='ltr'><strong>cui</strong></span> <span class='ocrx_word' id='word_1_580' title='bbox 2400 3877 2581 3931; x_wconf 87' lang='lat' dir='ltr'><strong>omnia</strong></span> <span class='ocrx_word' id='word_1_581' title='bbox 2618 3887 2747 3931; x_wconf 90' lang='lat' dir='ltr'><strong>sunt</strong></span> <span class='ocrx_word' id='word_1_582' title='bbox 2776 3878 3016 3948; x_wconf 86' lang='lat' dir='ltr'><strong>subjecta</strong></span> <span class='ocrx_word' id='word_1_583' title='bbox 3050 3880 3359 3951; x_wconf 82' lang='lat' dir='ltr'><strong>intelligere</strong></span> <span class='ocrx_word' id='word_1_584' title='bbox 3386 3882 3558 3939; x_wconf 85' lang='lat' dir='ltr'><strong>debe-</strong></span> 
     </span>
    </p>
   </div>
   <div class='ocr_carea' id='block_1_85' title="bbox 1969 3970 2537 4041">
    <p class='ocr_par' dir='ltr' id='par_1_85' title="bbox 1969 3970 2537 4041">
     <span class='ocr_line' id='line_1_85' title="bbox 1969 3970 2537 4041; baseline 0.002 -16"><span class='ocrx_word' id='word_1_585' title='bbox 1969 3986 2090 4026; x_wconf 89' lang='lat' dir='ltr'><strong>mus</strong></span> <span class='ocrx_word' id='word_1_586' title='bbox 2122 3971 2166 4041; x_wconf 89' lang='grc'>(1</span> <span class='ocrx_word' id='word_1_587' title='bbox 2196 3970 2320 4024; x_wconf 84' lang='lat' dir='ltr'><strong>Cor.</strong></span> <span class='ocrx_word' id='word_1_588' title='bbox 2356 3986 2428 4035; x_wconf 90' lang='lat' dir='ltr'><strong>xt,</strong></span> <span class='ocrx_word' id='word_1_589' title='bbox 2457 3972 2537 4038; x_wconf 71' lang='grc' dir='ltr'>ὅ).</span> 
     </span>
    </p>
   </div>
   <div class='ocr_carea' id='block_1_86' title="bbox 2040 4062 3556 4133">
    <p class='ocr_par' dir='ltr' id='par_1_86' title="bbox 2040 4062 3556 4133">
     <span class='ocr_line' id='line_1_86' title="bbox 2040 4062 3556 4133; baseline 0.002 -16"><span class='ocrx_word' id='word_1_590' title='bbox 2040 4062 2283 4131; x_wconf 88' lang='lat' dir='ltr'><strong>Capillos</strong></span> <span class='ocrx_word' id='word_1_591' title='bbox 2313 4076 2444 4117; x_wconf 87' lang='lat' dir='ltr'><strong>vero</strong></span> <span class='ocrx_word' id='word_1_592' title='bbox 2482 4062 2676 4132; x_wconf 89' lang='lat' dir='ltr'><strong>capitis</strong></span> <span class='ocrx_word' id='word_1_593' title='bbox 2725 4064 2842 4131; x_wconf 86' lang='lat' dir='ltr'><strong>ejus</strong></span> <span class='ocrx_word' id='word_1_594' title='bbox 2889 4072 3108 4118; x_wconf 87' lang='lat' dir='ltr'><strong>sanctos</strong></span> <span class='ocrx_word' id='word_1_595' title='bbox 3154 4064 3380 4133; x_wconf 87' lang='lat' dir='ltr'><strong>angelos</strong></span> <span class='ocrx_word' id='word_1_596' title='bbox 3405 4109 3420 4132; x_wconf 94' lang='lat'><strong>,</strong></span> <span class='ocrx_word' id='word_1_597' title='bbox 3461 4080 3556 4120; x_wconf 87' lang='lat' dir='ltr'><strong>seu</strong></span> 
     </span>
    </p>
   </div>
   <div class='ocr_carea' id='block_1_87' title="bbox 1970 4156 3552 4227">
    <p class='ocr_par' dir='ltr' id='par_1_87' title="bbox 1970 4156 3552 4227">
     <span class='ocr_line' id='line_1_87' title="bbox 1970 4156 3552 4227; baseline 0.001 -16"><span class='ocrx_word' id='word_1_598' title='bbox 1970 4158 2246 4211; x_wconf 84' lang='lat' dir='ltr'><strong>virtuosos</strong></span> <span class='ocrx_word' id='word_1_599' title='bbox 2289 4156 2493 4210; x_wconf 90' lang='lat' dir='ltr'><strong>electos</strong></span> <span class='ocrx_word' id='word_1_600' title='bbox 2535 4157 2713 4226; x_wconf 87' lang='lat' dir='ltr'><strong>typice</strong></span> <span class='ocrx_word' id='word_1_601' title='bbox 2761 4156 2934 4226; x_wconf 89' lang='lat' dir='ltr'><strong>accipi</strong></span> <span class='ocrx_word' id='word_1_602' title='bbox 2977 4166 3227 4226; x_wconf 88' lang='lat' dir='ltr'><strong>oportet;</strong></span> <span class='ocrx_word' id='word_1_603' title='bbox 3268 4159 3334 4212; x_wconf 91' lang='lat' dir='ltr'><strong>de</strong></span> <span class='ocrx_word' id='word_1_604' title='bbox 3358 4173 3463 4227; x_wconf 89' lang='lat' dir='ltr'><strong>quo</strong></span> <span class='ocrx_word' id='word_1_605' title='bbox 3497 4159 3552 4212; x_wconf 92' lang='lat' dir='ltr'><strong>in</strong></span> 
     </span>
    </p>
   </div>
   <div class='ocr_carea' id='block_1_88' title="bbox 1970 4248 3551 4317">
    <p class='ocr_par' dir='ltr' id='par_1_88' title="bbox 1970 4248 3551 4317">
     <span class='ocr_line' id='line_1_88' title="bbox 1970 4248 3551 4317; baseline 0.001 -16"><span class='ocrx_word' id='word_1_606' title='bbox 1970 4256 2312 4302; x_wconf 87' lang='lat' dir='ltr'><strong>sacramento</strong></span> <span class='ocrx_word' id='word_1_607' title='bbox 2346 4248 2467 4301; x_wconf 89' lang='lat' dir='ltr'><strong>libri</strong></span> <span class='ocrx_word' id='word_1_608' title='bbox 2525 4248 2759 4302; x_wconf 86' lang='lat' dir='ltr'><strong>Danielis</strong></span> <span class='ocrx_word' id='word_1_609' title='bbox 2791 4249 3047 4317; x_wconf 86' lang='lat' dir='ltr'><strong>scriptum</strong></span> <span class='ocrx_word' id='word_1_610' title='bbox 3081 4256 3165 4303; x_wconf 90' lang='lat' dir='ltr'><strong>est</strong></span> <span class='ocrx_word' id='word_1_611' title='bbox 3188 4267 3202 4304; x_wconf 89' lang='lat'><strong>:</strong></span> <span class='ocrx_word' id='word_1_612' title='bbox 3229 4250 3551 4317; x_wconf 84' lang='lat' dir='ltr'><strong>Aspiciebam</strong></span> 
     </span>
    </p>
   </div>
   <div class='ocr_carea' id='block_1_89' title="bbox 1971 4339 3549 4407">
    <p class='ocr_par' dir='ltr' id='par_1_89' title="bbox 1971 4339 3549 4407">
     <span class='ocr_line' id='line_1_89' title="bbox 1971 4339 3549 4407; baseline 0.001 -15"><span class='ocrx_word' id='word_1_613' title='bbox 1971 4340 2133 4393; x_wconf 88' lang='lat' dir='ltr'><strong>donec</strong></span> <span class='ocrx_word' id='word_1_614' title='bbox 2172 4341 2339 4393; x_wconf 88' lang='lat' dir='ltr'><strong>throni</strong></span> <span class='ocrx_word' id='word_1_615' title='bbox 2375 4340 2528 4407; x_wconf 83' lang='lat' dir='ltr'><strong>positi</strong></span> <span class='ocrx_word' id='word_1_616' title='bbox 2566 4346 2719 4403; x_wconf 87' lang='lat' dir='ltr'><strong>sunt,</strong></span> <span class='ocrx_word' id='word_1_617' title='bbox 2769 4349 2815 4392; x_wconf 87' lang='lat' dir='ltr'><strong>et</strong></span> <span class='ocrx_word' id='word_1_618' title='bbox 2854 4340 3110 4407; x_wconf 79' lang='lat' dir='ltr'><strong>Antiquus</strong></span> <span class='ocrx_word' id='word_1_619' title='bbox 3153 4339 3353 4393; x_wconf 88' lang='lat' dir='ltr'><strong>dierum</strong></span> <span class='ocrx_word' id='word_1_620' title='bbox 3398 4341 3549 4393; x_wconf 83' lang='lat' dir='ltr'><strong>sedit.</strong></span> 
     </span>
    </p>
   </div>
   <div class='ocr_carea' id='block_1_90' title="bbox 1984 4432 3556 4503">
    <p class='ocr_par' dir='ltr' id='par_1_90' title="bbox 1984 4432 3556 4503">
     <span class='ocr_line' id='line_1_90' title="bbox 1984 4432 3556 4503; baseline -0.001 -17"><span class='ocrx_word' id='word_1_621' title='bbox 1984 4433 2344 4487; x_wconf 82' lang='lat' dir='ltr'><strong>Vestimentum</strong></span> <span class='ocrx_word' id='word_1_622' title='bbox 2389 4436 2500 4503; x_wconf 85' lang='lat' dir='ltr'><strong>ejus</strong></span> <span class='ocrx_word' id='word_1_623' title='bbox 2538 4436 2685 4501; x_wconf 88' lang='lat' dir='ltr'><strong>quasi</strong></span> <span class='ocrx_word' id='word_1_624' title='bbox 2724 4433 2815 4484; x_wconf 80' lang='lat' dir='ltr'><strong>nia:</strong></span> <span class='ocrx_word' id='word_1_625' title='bbox 2844 4432 3156 4493; x_wconf 87' lang='lat' dir='ltr'><strong>candidum,</strong></span> <span class='ocrx_word' id='word_1_626' title='bbox 3184 4441 3231 4484; x_wconf 88' lang='lat' dir='ltr'><strong>et</strong></span> <span class='ocrx_word' id='word_1_627' title='bbox 3256 4432 3430 4499; x_wconf 88' lang='lat' dir='ltr'><strong>capilli</strong></span> <span class='ocrx_word' id='word_1_628' title='bbox 3471 4447 3556 4485; x_wconf 77' lang='lat' dir='ltr'><strong>ca-</strong></span> 
     </span>
    </p>
   </div>
   <div class='ocr_carea' id='block_1_91' title="bbox 271 4514 3554 4597">
    <p class='ocr_par' dir='ltr' id='par_1_91' title="bbox 271 4514 3554 4597">
     <span class='ocr_line' id='line_1_91' title="bbox 271 4514 3554 4597; baseline -0.002 -16"><span class='ocrx_word' id='word_1_629' title='bbox 271 4524 527 4576; x_wconf 67' lang='lat' dir='ltr'><strong>melorum</strong></span> <span class='ocrx_word' id='word_1_630' title='bbox 575 4536 678 4573; x_wconf 80' lang='grc' dir='ltr'><strong>ηοη</strong></span> <span class='ocrx_word' id='word_1_631' title='bbox 720 4530 769 4572; x_wconf 79' lang='grc' dir='ltr'><strong>ιε</strong></span> <span class='ocrx_word' id='word_1_632' title='bbox 812 4519 1020 4585; x_wconf 58' lang='lat' dir='ltr'><strong>callium</strong></span> <span class='ocrx_word' id='word_1_633' title='bbox 1046 4561 1060 4585; x_wconf 71' lang='grc' dir='ltr'><strong>ν</strong></span> <span class='ocrx_word' id='word_1_634' title='bbox 1102 4528 1291 4587; x_wconf 75' lang='lat' dir='ltr'><strong>quanto</strong></span> <span class='ocrx_word' id='word_1_635' title='bbox 1334 4519 1499 4587; x_wconf 70' lang='lat' dir='ltr'><strong>magis</strong></span> <span class='ocrx_word' id='word_1_636' title='bbox 1541 4518 1722 4570; x_wconf 72' lang='grc' dir='ltr'><strong>άοηηιε</strong></span> <span class='ocrx_word' id='word_1_637' title='bbox 1748 4518 1868 4582; x_wconf 70' lang='grc' dir='ltr'><strong>ίδια,</strong></span> <span class='ocrx_word' id='word_1_638' title='bbox 1898 4514 1952 4576; x_wconf 83' lang='grc' dir='ltr'><strong>Ι)</strong></span> <span class='ocrx_word' id='word_1_639' title='bbox 1975 4526 2094 4597; x_wconf 90' lang='lat' dir='ltr'><strong>pitis</strong></span> <span class='ocrx_word' id='word_1_640' title='bbox 2124 4527 2235 4594; x_wconf 89' lang='lat' dir='ltr'><strong>ejus</strong></span> <span class='ocrx_word' id='word_1_641' title='bbox 2261 4524 2409 4593; x_wconf 86' lang='lat' dir='ltr'><strong>quasi</strong></span> <span class='ocrx_word' id='word_1_642' title='bbox 2441 4522 2561 4575; x_wconf 88' lang='lat' dir='ltr'><strong>lana</strong></span> <span class='ocrx_word' id='word_1_643' title='bbox 2592 4523 2785 4575; x_wconf 86' lang='lat' dir='ltr'><strong>munda</strong></span> <span class='ocrx_word' id='word_1_644' title='bbox 2816 4520 2991 4593; x_wconf 88' lang='lat' dir='ltr'><strong>(Dan.</strong></span> <span class='ocrx_word' id='word_1_645' title='bbox 3027 4538 3120 4584; x_wconf 84' lang='lat' dir='ltr'><strong>vn,</strong></span> <span class='ocrx_word' id='word_1_646' title='bbox 3150 4522 3241 4594; x_wconf 88' lang='lat'><strong>9):</strong></span> <span class='ocrx_word' id='word_1_647' title='bbox 3279 4522 3380 4576; x_wconf 86' lang='lat' dir='ltr'><strong>hoc</strong></span> <span class='ocrx_word' id='word_1_648' title='bbox 3412 4523 3554 4576; x_wconf 90' lang='lat' dir='ltr'><strong>enim</strong></span> 
     </span>
    </p>
   </div>
   <div class='ocr_carea' id='block_1_92' title="bbox 276 4608 1296 4685">
    <p class='ocr_par' dir='ltr' id='par_1_92' title="bbox 276 4608 1296 4685">
     <span class='ocr_line' id='line_1_92' title="bbox 276 4608 1296 4685; baseline -0.005 -19"><span class='ocrx_word' id='word_1_649' title='bbox 276 4629 430 4685; x_wconf 71' lang='lat' dir='ltr'><strong>quam</strong></span> <span class='ocrx_word' id='word_1_650' title='bbox 463 4610 715 4678; x_wconf 63' lang='lat' dir='ltr'><strong>aediﬁcavi</strong></span> <span class='ocrx_word' id='word_1_651' title='bbox 738 4610 831 4679; x_wconf 88' lang='lat' dir='ltr'><strong>(III</strong></span> <span class='ocrx_word' id='word_1_652' title='bbox 861 4611 989 4681; x_wconf 85' lang='lat' dir='ltr'><strong>Reg.</strong></span> <span class='ocrx_word' id='word_1_653' title='bbox 1022 4624 1147 4672; x_wconf 86' lang='lat' dir='ltr'><strong>vm.</strong></span> <span class='ocrx_word' id='word_1_654' title='bbox 1179 4608 1296 4677; x_wconf 70' lang='lat'><strong>27).</strong></span> 
     </span>
    </p>
   </div>
   <div class='ocr_carea' id='block_1_93' title="bbox 347 4698 1869 4769">
    <p class='ocr_par' dir='ltr' id='par_1_93' title="bbox 347 4698 1869 4769">
     <span class='ocr_line' id='line_1_93' title="bbox 347 4698 1869 4769; baseline -0.003 -13"><span class='ocrx_word' id='word_1_655' title='bbox 347 4699 864 4769; x_wconf 85' lang='lat' dir='ltr'><strong>Incircumseriptus</strong></span> <span class='ocrx_word' id='word_1_656' title='bbox 896 4709 979 4754; x_wconf 87' lang='lat' dir='ltr'><strong>est</strong></span> <span class='ocrx_word' id='word_1_657' title='bbox 1002 4740 1016 4765; x_wconf 95' lang='lat'><strong>,</strong></span> <span class='ocrx_word' id='word_1_658' title='bbox 1062 4700 1184 4767; x_wconf 86' lang='lat' dir='ltr'><strong>quia</strong></span> <span class='ocrx_word' id='word_1_659' title='bbox 1215 4698 1601 4754; x_wconf 88' lang='lat' dir='ltr'><strong>circumscribi</strong></span> <span class='ocrx_word' id='word_1_660' title='bbox 1627 4713 1734 4753; x_wconf 89' lang='lat' dir='ltr'><strong>non</strong></span> <span class='ocrx_word' id='word_1_661' title='bbox 1766 4712 1869 4768; x_wconf 84' lang='lat' dir='ltr'><strong>po-</strong></span> 
     </span>
    </p>
   </div>
   <div class='ocr_carea' id='block_1_94' title="bbox 272 4805 411 4851">
    <p class='ocr_par' dir='ltr' id='par_1_94' title="bbox 272 4805 411 4851">
     <span class='ocr_line' id='line_1_94' title="bbox 272 4805 411 4851; baseline -0.036 0"><span class='ocrx_word' id='word_1_662' title='bbox 272 4805 411 4851; x_wconf 86' lang='lat' dir='ltr'><strong>test.</strong></span> 
     </span>
    </p>
   </div>
   <div class='ocr_carea' id='block_1_95' title="bbox 342 4880 1864 4952">
    <p class='ocr_par' dir='ltr' id='par_1_95' title="bbox 342 4880 1864 4952">
     <span class='ocr_line' id='line_1_95' title="bbox 342 4880 1864 4952; baseline -0.005 -12"><span class='ocrx_word' id='word_1_663' title='bbox 342 4884 610 4940; x_wconf 88' lang='lat' dir='ltr'><strong>Inlocalis</strong></span> <span class='ocrx_word' id='word_1_664' title='bbox 636 4890 751 4947; x_wconf 89' lang='lat' dir='ltr'><strong>est,</strong></span> <span class='ocrx_word' id='word_1_665' title='bbox 785 4882 908 4952; x_wconf 90' lang='lat' dir='ltr'><strong>quia</strong></span> <span class='ocrx_word' id='word_1_666' title='bbox 935 4881 1003 4936; x_wconf 90' lang='lat' dir='ltr'><strong>de</strong></span> <span class='ocrx_word' id='word_1_667' title='bbox 1043 4881 1167 4937; x_wconf 92' lang='lat' dir='ltr'><strong>loco</strong></span> <span class='ocrx_word' id='word_1_668' title='bbox 1199 4881 1265 4934; x_wconf 86' lang='lat' dir='ltr'><strong>ad</strong></span> <span class='ocrx_word' id='word_1_669' title='bbox 1305 4880 1489 4935; x_wconf 90' lang='lat' dir='ltr'><strong>locum</strong></span> <span class='ocrx_word' id='word_1_670' title='bbox 1523 4895 1864 4950; x_wconf 86' lang='lat' dir='ltr'><strong>nequaquam</strong></span> 
     </span>
    </p>
   </div>
   <div class='ocr_carea' id='block_1_96' title="bbox 272 4972 1867 5045">
    <p class='ocr_par' dir='ltr' id='par_1_96' title="bbox 272 4972 1867 5045">
     <span class='ocr_line' id='line_1_96' title="bbox 272 4972 1867 5045; baseline -0.004 -12"><span class='ocrx_word' id='word_1_671' title='bbox 272 4978 520 5041; x_wconf 90' lang='lat' dir='ltr'><strong>transit,</strong></span> <span class='ocrx_word' id='word_1_672' title='bbox 554 4976 648 5030; x_wconf 90' lang='lat' dir='ltr'><strong>sed</strong></span> <span class='ocrx_word' id='word_1_673' title='bbox 699 4990 871 5045; x_wconf 85' lang='lat' dir='ltr'><strong>neque</strong></span> <span class='ocrx_word' id='word_1_674' title='bbox 908 4974 961 5028; x_wconf 89' lang='lat' dir='ltr'><strong>in</strong></span> <span class='ocrx_word' id='word_1_675' title='bbox 996 4974 1117 5027; x_wconf 91' lang='lat' dir='ltr'><strong>loco</strong></span> <span class='ocrx_word' id='word_1_676' title='bbox 1144 4973 1393 5043; x_wconf 85' lang='lat' dir='ltr'><strong>quolibet</strong></span> <span class='ocrx_word' id='word_1_677' title='bbox 1428 4974 1715 5038; x_wconf 84' lang='lat' dir='ltr'><strong>retinetur,</strong></span> <span class='ocrx_word' id='word_1_678' title='bbox 1746 4972 1867 5041; x_wconf 87' lang='lat' dir='ltr'><strong>ipso</strong></span> 
     </span>
    </p>
   </div>
   <div class='ocr_carea' id='block_1_97' title="bbox 270 5065 1869 5137">
    <p class='ocr_par' dir='ltr' id='par_1_97' title="bbox 270 5065 1869 5137">
     <span class='ocr_line' id='line_1_97' title="bbox 270 5065 1869 5137; baseline -0.004 -12"><span class='ocrx_word' id='word_1_679' title='bbox 270 5072 340 5125; x_wconf 90' lang='lat' dir='ltr'><strong>de</strong></span> <span class='ocrx_word' id='word_1_680' title='bbox 390 5083 453 5124; x_wconf 88' lang='lat' dir='ltr'><strong>se</strong></span> <span class='ocrx_word' id='word_1_681' title='bbox 510 5083 608 5137; x_wconf 88' lang='lat' dir='ltr'><strong>per</strong></span> <span class='ocrx_word' id='word_1_682' title='bbox 656 5068 849 5121; x_wconf 88' lang='lat' dir='ltr'><strong>Isaiam</strong></span> <span class='ocrx_word' id='word_1_683' title='bbox 896 5067 1275 5120; x_wconf 88' lang='lat' dir='ltr'><strong>testimonium</strong></span> <span class='ocrx_word' id='word_1_684' title='bbox 1329 5065 1652 5132; x_wconf 84' lang='lat' dir='ltr'><strong>perhibente</strong></span> <span class='ocrx_word' id='word_1_685' title='bbox 1690 5080 1751 5119; x_wconf 92' lang='lat' dir='ltr'><strong>ac</strong></span> <span class='ocrx_word' id='word_1_686' title='bbox 1787 5065 1869 5118; x_wconf 90' lang='lat' dir='ltr'><strong>di-</strong></span> 
     </span>
    </p>
   </div>
   <div class='ocr_carea' id='block_1_98' title="bbox 272 5157 1868 5222">
    <p class='ocr_par' dir='ltr' id='par_1_98' title="bbox 272 5157 1868 5222">
     <span class='ocr_line' id='line_1_98' title="bbox 272 5157 1868 5222; baseline -0.008 -1"><span class='ocrx_word' id='word_1_687' title='bbox 272 5174 441 5221; x_wconf 87' lang='lat' dir='ltr'><strong>cente</strong></span> <span class='ocrx_word' id='word_1_688' title='bbox 473 5180 487 5215; x_wconf 92' lang='lat'><strong>:</strong></span> <span class='ocrx_word' id='word_1_689' title='bbox 521 5159 715 5215; x_wconf 77' lang='lat' dir='ltr'><strong>Cretum</strong></span> <span class='ocrx_word' id='word_1_690' title='bbox 750 5161 879 5213; x_wconf 91' lang='lat' dir='ltr'><strong>mihi</strong></span> <span class='ocrx_word' id='word_1_691' title='bbox 916 5162 1057 5214; x_wconf 79' lang='lat' dir='ltr'><strong>sedes</strong></span> <span class='ocrx_word' id='word_1_692' title='bbox 1085 5169 1193 5222; x_wconf 88' lang='lat' dir='ltr'><strong>est,</strong></span> <span class='ocrx_word' id='word_1_693' title='bbox 1232 5170 1371 5212; x_wconf 88' lang='lat' dir='ltr'><strong>terra</strong></span> <span class='ocrx_word' id='word_1_694' title='bbox 1399 5168 1566 5210; x_wconf 83' lang='lat' dir='ltr'><strong>autent</strong></span> <span class='ocrx_word' id='word_1_695' title='bbox 1594 5157 1868 5211; x_wconf 85' lang='lat' dir='ltr'><strong>scabellum</strong></span> 
     </span>
    </p>
   </div>
   <div class='ocr_carea' id='block_1_99' title="bbox 273 5248 1867 5325">
    <p class='ocr_par' dir='ltr' id='par_1_99' title="bbox 273 5248 1867 5325">
     <span class='ocr_line' id='line_1_99' title="bbox 273 5248 1867 5325; baseline -0.001 -18"><span class='ocrx_word' id='word_1_696' title='bbox 273 5256 471 5325; x_wconf 89' lang='lat' dir='ltr'><strong>pedum</strong></span> <span class='ocrx_word' id='word_1_697' title='bbox 522 5268 750 5306; x_wconf 87' lang='lat' dir='ltr'><strong>meorum</strong></span> <span class='ocrx_word' id='word_1_698' title='bbox 802 5249 954 5322; x_wconf 86' lang='lat' dir='ltr'><strong>(Isai.</strong></span> <span class='ocrx_word' id='word_1_699' title='bbox 986 5266 1127 5315; x_wconf 82' lang='lat' dir='ltr'><strong>Lm,</strong></span> <span class='ocrx_word' id='word_1_700' title='bbox 1165 5249 1237 5319; x_wconf 88' lang='lat' dir='ltr'><strong>l).</strong></span> <span class='ocrx_word' id='word_1_701' title='bbox 1292 5249 1355 5302; x_wconf 86' lang='lat' dir='ltr'><strong>Et</strong></span> <span class='ocrx_word' id='word_1_702' title='bbox 1397 5265 1495 5317; x_wconf 89' lang='lat' dir='ltr'><strong>per</strong></span> <span class='ocrx_word' id='word_1_703' title='bbox 1531 5248 1867 5305; x_wconf 87' lang='lat' dir='ltr'><strong>Jeremiatn:</strong></span> 
     </span>
    </p>
   </div>
   <div class='ocr_carea' id='block_1_100' title="bbox 277 5340 1867 5415">
    <p class='ocr_par' dir='ltr' id='par_1_100' title="bbox 277 5340 1867 5415">
     <span class='ocr_line' id='line_1_100' title="bbox 277 5340 1867 5415; baseline -0.004 -16"><span class='ocrx_word' id='word_1_704' title='bbox 277 5348 471 5400; x_wconf 80' lang='lat' dir='ltr'><strong>Nonne</strong></span> <span class='ocrx_word' id='word_1_705' title='bbox 506 5346 689 5398; x_wconf 78' lang='lat' dir='ltr'><strong>coelum</strong></span> <span class='ocrx_word' id='word_1_706' title='bbox 729 5355 775 5398; x_wconf 91' lang='lat' dir='ltr'><strong>et</strong></span> <span class='ocrx_word' id='word_1_707' title='bbox 809 5353 998 5397; x_wconf 89' lang='lat' dir='ltr'><strong>terram</strong></span> <span class='ocrx_word' id='word_1_708' title='bbox 1036 5360 1127 5412; x_wconf 82' lang='lat' dir='ltr'><strong>ego</strong></span> <span class='ocrx_word' id='word_1_709' title='bbox 1158 5341 1344 5411; x_wconf 89' lang='lat' dir='ltr'><strong>impleo</strong></span> <span class='ocrx_word' id='word_1_710' title='bbox 1374 5340 1506 5415; x_wconf 82' lang='lat' dir='ltr'><strong>(Jer.</strong></span> <span class='ocrx_word' id='word_1_711' title='bbox 1543 5357 1697 5409; x_wconf 83' lang='grc' dir='ltr'>χχιιι,</span> <span class='ocrx_word' id='word_1_712' title='bbox 1728 5342 1867 5407; x_wconf 66' lang='lat' dir='ltr'><strong>2i)?</strong></span> 
     </span>
    </p>
   </div>
   <div class='ocr_carea' id='block_1_101' title="bbox 274 5432 1867 5506">
    <p class='ocr_par' dir='ltr' id='par_1_101' title="bbox 274 5432 1867 5506">
     <span class='ocr_line' id='line_1_101' title="bbox 274 5432 1867 5506; baseline -0.005 -15"><span class='ocrx_word' id='word_1_713' title='bbox 274 5435 453 5506; x_wconf 86' lang='lat' dir='ltr'><strong>Cujus</strong></span> <span class='ocrx_word' id='word_1_714' title='bbox 488 5436 917 5491; x_wconf 85' lang='lat' dir='ltr'><strong>immensitatem</strong></span> <span class='ocrx_word' id='word_1_715' title='bbox 958 5434 1225 5504; x_wconf 84' lang='lat' dir='ltr'><strong>propheta</strong></span> <span class='ocrx_word' id='word_1_716' title='bbox 1266 5432 1319 5485; x_wconf 90' lang='lat' dir='ltr'><strong>itt</strong></span> <span class='ocrx_word' id='word_1_717' title='bbox 1363 5433 1570 5500; x_wconf 89' lang='lat' dir='ltr'><strong>psalmo</strong></span> <span class='ocrx_word' id='word_1_718' title='bbox 1601 5432 1867 5485; x_wconf 78' lang='lat' dir='ltr'><strong>conﬁtens</strong></span> 
     </span>
    </p>
   </div>
   <div class='ocr_carea' id='block_1_102' title="bbox 280 5522 1870 5597">
    <p class='ocr_par' dir='ltr' id='par_1_102' title="bbox 280 5522 1870 5597">
     <span class='ocr_line' id='line_1_102' title="bbox 280 5522 1870 5597; baseline -0.005 -14"><span class='ocrx_word' id='word_1_719' title='bbox 280 5529 348 5583; x_wconf 84' lang='lat' dir='ltr'><strong>ad</strong></span> <span class='ocrx_word' id='word_1_720' title='bbox 394 5529 573 5597; x_wconf 89' lang='lat' dir='ltr'><strong>ipsum</strong></span> <span class='ocrx_word' id='word_1_721' title='bbox 623 5526 914 5581; x_wconf 88' lang='lat' dir='ltr'><strong>Dominunt</strong></span> <span class='ocrx_word' id='word_1_722' title='bbox 961 5522 1075 5577; x_wconf 89' lang='lat' dir='ltr'><strong>ait:</strong></span> <span class='ocrx_word' id='word_1_723' title='bbox 1106 5522 1165 5578; x_wconf 92' lang='lat' dir='ltr'><strong>Si</strong></span> <span class='ocrx_word' id='word_1_724' title='bbox 1212 5523 1487 5577; x_wconf 83' lang='lat' dir='ltr'><strong>ascendere</strong></span> <span class='ocrx_word' id='word_1_725' title='bbox 1525 5524 1576 5576; x_wconf 90' lang='lat' dir='ltr'><strong>in</strong></span> <span class='ocrx_word' id='word_1_726' title='bbox 1610 5524 1789 5577; x_wconf 75' lang='lat' dir='ltr'><strong>cwlum</strong></span> <span class='ocrx_word' id='word_1_727' title='bbox 1816 5531 1870 5575; x_wconf 88' lang='lat' dir='ltr'><strong>tu</strong></span> 
     </span>
    </p>
   </div>
   <div class='ocr_carea' id='block_1_103' title="bbox 276 5606 1868 5690">
    <p class='ocr_par' dir='ltr' id='par_1_103' title="bbox 276 5606 1868 5690">
     <span class='ocr_line' id='line_1_103' title="bbox 276 5606 1868 5690; baseline -0.004 -14"><span class='ocrx_word' id='word_1_728' title='bbox 276 5623 393 5677; x_wconf 83' lang='lat' dir='ltr'><strong>illic</strong></span> <span class='ocrx_word' id='word_1_729' title='bbox 421 5639 499 5689; x_wconf 86' lang='lat' dir='ltr'><strong>es,</strong></span> <span class='ocrx_word' id='word_1_730' title='bbox 528 5623 573 5676; x_wconf 89' lang='lat' dir='ltr'><strong>si</strong></span> <span class='ocrx_word' id='word_1_731' title='bbox 599 5622 905 5675; x_wconf 84' lang='lat' dir='ltr'><strong>descendero</strong></span> <span class='ocrx_word' id='word_1_732' title='bbox 927 5619 995 5671; x_wconf 87' lang='lat' dir='ltr'><strong>ad</strong></span> <span class='ocrx_word' id='word_1_733' title='bbox 1028 5606 1286 5687; x_wconf 53' lang='lat' dir='ltr'><strong>infimum</strong></span> <span class='ocrx_word' id='word_1_734' title='bbox 1311 5618 1431 5671; x_wconf 87' lang='lat' dir='ltr'><strong>ades</strong></span> <span class='ocrx_word' id='word_1_735' title='bbox 1461 5616 1577 5690; x_wconf 82' lang='lat' dir='ltr'><strong>(Ps.</strong></span> <span class='ocrx_word' id='word_1_736' title='bbox 1604 5612 1868 5682; x_wconf 79' lang='lat' dir='ltr'><strong>cxxxvtti,</strong></span> 
     </span>
    </p>
   </div>
   <div class='ocr_carea' id='block_1_104' title="bbox 279 5710 1865 5785">
    <p class='ocr_par' dir='ltr' id='par_1_104' title="bbox 279 5710 1865 5785">
     <span class='ocr_line' id='line_1_104' title="bbox 279 5710 1865 5785; baseline -0.006 -13"><span class='ocrx_word' id='word_1_737' title='bbox 279 5716 362 5783; x_wconf 79' lang='lat'><strong>8).</strong></span> <span class='ocrx_word' id='word_1_738' title='bbox 404 5714 484 5771; x_wconf 88' lang='lat' dir='ltr'><strong>De</strong></span> <span class='ocrx_word' id='word_1_739' title='bbox 511 5714 631 5785; x_wconf 88' lang='lat' dir='ltr'><strong>ejus</strong></span> <span class='ocrx_word' id='word_1_740' title='bbox 661 5713 1029 5769; x_wconf 87' lang='lat' dir='ltr'><strong>immensitate</strong></span> <span class='ocrx_word' id='word_1_741' title='bbox 1056 5710 1111 5765; x_wconf 91' lang='lat' dir='ltr'><strong>in</strong></span> <span class='ocrx_word' id='word_1_742' title='bbox 1138 5710 1283 5765; x_wconf 91' lang='lat' dir='ltr'><strong>libro</strong></span> <span class='ocrx_word' id='word_1_743' title='bbox 1313 5710 1415 5765; x_wconf 86' lang='lat' dir='ltr'><strong>Job</strong></span> <span class='ocrx_word' id='word_1_744' title='bbox 1446 5710 1712 5779; x_wconf 85' lang='lat' dir='ltr'><strong>scriptum</strong></span> <span class='ocrx_word' id='word_1_745' title='bbox 1745 5716 1829 5763; x_wconf 73' lang='lat' dir='ltr'><strong>est</strong></span> <span class='ocrx_word' id='word_1_746' title='bbox 1855 5727 1865 5762; x_wconf 93' lang='lat'><strong>:</strong></span> 
     </span>
    </p>
   </div>
   <div class='ocr_carea' id='block_1_105' title="bbox 1974 4614 3559 4687">
    <p class='ocr_par' dir='ltr' id='par_1_105' title="bbox 1974 4614 3559 4687">
     <span class='ocr_line' id='line_1_105' title="bbox 1974 4614 3559 4687; baseline -0.003 -16"><span class='ocrx_word' id='word_1_747' title='bbox 1974 4616 2247 4687; x_wconf 84' lang='lat' dir='ltr'><strong>signiﬁcat</strong></span> <span class='ocrx_word' id='word_1_748' title='bbox 2282 4630 2377 4684; x_wconf 91' lang='lat' dir='ltr'><strong>per</strong></span> <span class='ocrx_word' id='word_1_749' title='bbox 2416 4615 2733 4668; x_wconf 77' lang='lat' dir='ltr'><strong>vestimenta</strong></span> <span class='ocrx_word' id='word_1_750' title='bbox 2783 4614 3011 4668; x_wconf 85' lang='lat' dir='ltr'><strong>candida</strong></span> <span class='ocrx_word' id='word_1_751' title='bbox 3050 4614 3177 4679; x_wconf 91' lang='lat' dir='ltr'><strong>Dei,</strong></span> <span class='ocrx_word' id='word_1_752' title='bbox 3213 4614 3351 4683; x_wconf 86' lang='lat' dir='ltr'><strong>quod</strong></span> <span class='ocrx_word' id='word_1_753' title='bbox 3377 4624 3431 4667; x_wconf 91' lang='lat' dir='ltr'><strong>et</strong></span> <span class='ocrx_word' id='word_1_754' title='bbox 3463 4629 3559 4681; x_wconf 83' lang='lat' dir='ltr'><strong>per</strong></span> 
     </span>
    </p>
   </div>
   <div class='ocr_carea' id='block_1_106' title="bbox 1972 4706 3558 4778">
    <p class='ocr_par' dir='ltr' id='par_1_106' title="bbox 1972 4706 3558 4778">
     <span class='ocr_line' id='line_1_106' title="bbox 1972 4706 3558 4778; baseline -0.002 -15"><span class='ocrx_word' id='word_1_755' title='bbox 1972 4710 2201 4778; x_wconf 90' lang='lat' dir='ltr'><strong>capillos</strong></span> <span class='ocrx_word' id='word_1_756' title='bbox 2251 4708 2445 4776; x_wconf 87' lang='lat' dir='ltr'><strong>capitis</strong></span> <span class='ocrx_word' id='word_1_757' title='bbox 2489 4707 2895 4775; x_wconf 10' lang='lat' dir='ltr'><strong>ejus,rsanctos</strong></span> <span class='ocrx_word' id='word_1_758' title='bbox 2937 4706 3189 4761; x_wconf 83' lang='lat' dir='ltr'><strong>videlicet</strong></span> <span class='ocrx_word' id='word_1_759' title='bbox 3233 4707 3451 4775; x_wconf 74' lang='lat' dir='ltr'><strong>angelos</strong></span> <span class='ocrx_word' id='word_1_760' title='bbox 3501 4715 3558 4760; x_wconf 89' lang='lat' dir='ltr'><strong>et</strong></span> 
     </span>
    </p>
   </div>
   <div class='ocr_carea' id='block_1_107' title="bbox 1974 4797 3557 4853">
    <p class='ocr_par' dir='ltr' id='par_1_107' title="bbox 1974 4797 3557 4853">
     <span class='ocr_line' id='line_1_107' title="bbox 1974 4797 3557 4853; baseline 0 0"><span class='ocrx_word' id='word_1_761' title='bbox 1974 4798 2376 4853; x_wconf 86' lang='lat' dir='ltr'><strong>multitudinem</strong></span> <span class='ocrx_word' id='word_1_762' title='bbox 2440 4807 2748 4851; x_wconf 88' lang='lat' dir='ltr'><strong>sanctorum</strong></span> <span class='ocrx_word' id='word_1_763' title='bbox 2798 4797 3197 4852; x_wconf 85' lang='lat' dir='ltr'><strong>dealbatorttm.</strong></span> <span class='ocrx_word' id='word_1_764' title='bbox 3270 4797 3365 4852; x_wconf 76' lang='lat' dir='ltr'><strong>Vel</strong></span> <span class='ocrx_word' id='word_1_765' title='bbox 3410 4806 3557 4853; x_wconf 84' lang='lat' dir='ltr'><strong>certe</strong></span> 
     </span>
    </p>
   </div>
   <div class='ocr_carea' id='block_1_108' title="bbox 1972 4889 3558 4959">
    <p class='ocr_par' dir='ltr' id='par_1_108' title="bbox 1972 4889 3558 4959">
     <span class='ocr_line' id='line_1_108' title="bbox 1972 4889 3558 4959; baseline -0.001 -14"><span class='ocrx_word' id='word_1_766' title='bbox 1972 4891 2095 4945; x_wconf 88' lang='lat' dir='ltr'><strong>ideo</strong></span> <span class='ocrx_word' id='word_1_767' title='bbox 2125 4890 2305 4959; x_wconf 86' lang='lat' dir='ltr'><strong>capilli</strong></span> <span class='ocrx_word' id='word_1_768' title='bbox 2338 4890 2474 4943; x_wconf 70' lang='lat' dir='ltr'><strong>laute</strong></span> <span class='ocrx_word' id='word_1_769' title='bbox 2520 4889 2734 4943; x_wconf 67' lang='lat' dir='ltr'><strong>mundae</strong></span> <span class='ocrx_word' id='word_1_770' title='bbox 2783 4900 3167 4959; x_wconf 90' lang='lat' dir='ltr'><strong>comparantur</strong></span> <span class='ocrx_word' id='word_1_771' title='bbox 3199 4930 3213 4956; x_wconf 94' lang='lat'><strong>,</strong></span> <span class='ocrx_word' id='word_1_772' title='bbox 3246 4899 3301 4943; x_wconf 92' lang='lat' dir='ltr'><strong>ut</strong></span> <span class='ocrx_word' id='word_1_773' title='bbox 3328 4904 3425 4957; x_wconf 90' lang='lat' dir='ltr'><strong>per</strong></span> <span class='ocrx_word' id='word_1_774' title='bbox 3456 4889 3558 4943; x_wconf 86' lang='lat' dir='ltr'><strong>hoc</strong></span> 
     </span>
    </p>
   </div>
   <div class='ocr_carea' id='block_1_109' title="bbox 1974 4979 2934 5045">
    <p class='ocr_par' dir='ltr' id='par_1_109' title="bbox 1974 4979 2934 5045">
     <span class='ocr_line' id='line_1_109' title="bbox 1974 4979 2934 5045; baseline -0.002 -11"><span class='ocrx_word' id='word_1_775' title='bbox 1974 4980 2240 5045; x_wconf 83' lang='lat' dir='ltr'><strong>Autiquus</strong></span> <span class='ocrx_word' id='word_1_776' title='bbox 2268 4979 2480 5034; x_wconf 88' lang='lat' dir='ltr'><strong>dierum</strong></span> <span class='ocrx_word' id='word_1_777' title='bbox 2506 4979 2759 5034; x_wconf 82' lang='lat' dir='ltr'><strong>credatur</strong></span> <span class='ocrx_word' id='word_1_778' title='bbox 2790 4996 2934 5035; x_wconf 89' lang='lat' dir='ltr'><strong>esse.</strong></span> 
     </span>
    </p>
   </div>
   <div class='ocr_carea' id='block_1_110' title="bbox 2042 5069 3555 5140">
    <p class='ocr_par' dir='ltr' id='par_1_110' title="bbox 2042 5069 3555 5140">
     <span class='ocr_line' id='line_1_110' title="bbox 2042 5069 3555 5140; baseline -0.003 -15"><span class='ocrx_word' id='word_1_779' title='bbox 2042 5071 2239 5125; x_wconf 87' lang='lat' dir='ltr'><strong>Oculos</strong></span> <span class='ocrx_word' id='word_1_780' title='bbox 2283 5070 2479 5125; x_wconf 87' lang='lat' dir='ltr'><strong>dicitur</strong></span> <span class='ocrx_word' id='word_1_781' title='bbox 2507 5070 2649 5124; x_wconf 91' lang='lat' dir='ltr'><strong>Deus</strong></span> <span class='ocrx_word' id='word_1_782' title='bbox 2686 5071 2919 5136; x_wconf 90' lang='lat' dir='ltr'><strong>habere,</strong></span> <span class='ocrx_word' id='word_1_783' title='bbox 2948 5086 3048 5140; x_wconf 91' lang='lat' dir='ltr'><strong>pro</strong></span> <span class='ocrx_word' id='word_1_784' title='bbox 3085 5085 3149 5124; x_wconf 87' lang='lat' dir='ltr'><strong>eo</strong></span> <span class='ocrx_word' id='word_1_785' title='bbox 3190 5069 3330 5139; x_wconf 88' lang='lat' dir='ltr'><strong>quod</strong></span> <span class='ocrx_word' id='word_1_786' title='bbox 3376 5071 3555 5123; x_wconf 87' lang='lat' dir='ltr'><strong>omnia</strong></span> 
     </span>
    </p>
   </div>
   <div class='ocr_carea' id='block_1_111' title="bbox 1968 5162 3559 5234">
    <p class='ocr_par' dir='ltr' id='par_1_111' title="bbox 1968 5162 3559 5234">
     <span class='ocr_line' id='line_1_111' title="bbox 1968 5162 3559 5234; baseline -0.001 -17"><span class='ocrx_word' id='word_1_787' title='bbox 1968 5165 2150 5228; x_wconf 76' lang='lat' dir='ltr'><strong>videt,</strong></span> <span class='ocrx_word' id='word_1_788' title='bbox 2200 5173 2252 5218; x_wconf 91' lang='lat' dir='ltr'><strong>et</strong></span> <span class='ocrx_word' id='word_1_789' title='bbox 2284 5164 2414 5218; x_wconf 89' lang='lat' dir='ltr'><strong>nihil</strong></span> <span class='ocrx_word' id='word_1_790' title='bbox 2442 5179 2565 5219; x_wconf 90' lang='lat' dir='ltr'><strong>eum</strong></span> <span class='ocrx_word' id='word_1_791' title='bbox 2598 5165 2731 5219; x_wconf 87' lang='lat' dir='ltr'><strong>latet</strong></span> <span class='ocrx_word' id='word_1_792' title='bbox 2756 5207 2770 5229; x_wconf 92' lang='lat'><strong>,</strong></span> <span class='ocrx_word' id='word_1_793' title='bbox 2815 5166 2867 5218; x_wconf 88' lang='lat' dir='ltr'><strong>iu</strong></span> <span class='ocrx_word' id='word_1_794' title='bbox 2896 5166 3043 5234; x_wconf 86' lang='lat' dir='ltr'><strong>cujus</strong></span> <span class='ocrx_word' id='word_1_795' title='bbox 3067 5171 3358 5231; x_wconf 86' lang='lat' dir='ltr'><strong>conspectu,</strong></span> <span class='ocrx_word' id='word_1_796' title='bbox 3398 5172 3453 5214; x_wconf 94' lang='lat' dir='ltr'><strong>ut</strong></span> <span class='ocrx_word' id='word_1_797' title='bbox 3480 5162 3559 5216; x_wconf 90' lang='lat' dir='ltr'><strong>ait</strong></span> 
     </span>
    </p>
   </div>
   <div class='ocr_carea' id='block_1_112' title="bbox 1972 5254 3552 5323">
    <p class='ocr_par' dir='ltr' id='par_1_112' title="bbox 1972 5254 3552 5323">
     <span class='ocr_line' id='line_1_112' title="bbox 1972 5254 3552 5323; baseline -0.003 -15"><span class='ocrx_word' id='word_1_798' title='bbox 1972 5254 2283 5323; x_wconf 78' lang='lat' dir='ltr'><strong>Apostolus,</strong></span> <span class='ocrx_word' id='word_1_799' title='bbox 2317 5254 2464 5307; x_wconf 85' lang='lat' dir='ltr'><strong>nulla</strong></span> <span class='ocrx_word' id='word_1_800' title='bbox 2497 5265 2730 5309; x_wconf 85' lang='lat' dir='ltr'><strong>creatura</strong></span> <span class='ocrx_word' id='word_1_801' title='bbox 2778 5256 3043 5308; x_wconf 69' lang='lat' dir='ltr'><strong>invisibilis</strong></span> <span class='ocrx_word' id='word_1_802' title='bbox 3075 5265 3187 5307; x_wconf 89' lang='lat' dir='ltr'><strong>est:</strong></span> <span class='ocrx_word' id='word_1_803' title='bbox 3220 5255 3389 5307; x_wconf 86' lang='lat' dir='ltr'><strong>omnia</strong></span> <span class='ocrx_word' id='word_1_804' title='bbox 3418 5255 3552 5306; x_wconf 87' lang='lat' dir='ltr'><strong>enim</strong></span> 
     </span>
    </p>
   </div>
   <div class='ocr_carea' id='block_1_113' title="bbox 1972 5344 3565 5418">
    <p class='ocr_par' dir='ltr' id='par_1_113' title="bbox 1972 5344 3565 5418">
     <span class='ocr_line' id='line_1_113' title="bbox 1972 5344 3565 5418; baseline 0.001 -20"><span class='ocrx_word' id='word_1_805' title='bbox 1972 5351 2111 5399; x_wconf 86' lang='lat' dir='ltr'><strong>nuda</strong></span> <span class='ocrx_word' id='word_1_806' title='bbox 2136 5354 2181 5399; x_wconf 89' lang='lat' dir='ltr'><strong>et</strong></span> <span class='ocrx_word' id='word_1_807' title='bbox 2212 5356 2390 5417; x_wconf 73' lang='lat' dir='ltr'><strong>aperta</strong></span> <span class='ocrx_word' id='word_1_808' title='bbox 2421 5357 2536 5400; x_wconf 83' lang='lat' dir='ltr'><strong>sunt</strong></span> <span class='ocrx_word' id='word_1_809' title='bbox 2567 5348 2727 5400; x_wconf 87' lang='lat' dir='ltr'><strong>oculis</strong></span> <span class='ocrx_word' id='word_1_810' title='bbox 2765 5349 2873 5418; x_wconf 73' lang='lat' dir='ltr'><strong>ejus</strong></span> <span class='ocrx_word' id='word_1_811' title='bbox 2914 5346 3071 5417; x_wconf 83' lang='lat' dir='ltr'><strong>(Heb.</strong></span> <span class='ocrx_word' id='word_1_812' title='bbox 3106 5362 3180 5413; x_wconf 84' lang='lat' dir='ltr'><strong>tv,</strong></span> <span class='ocrx_word' id='word_1_813' title='bbox 3218 5344 3327 5415; x_wconf 81' lang='grc'>15).</span> <span class='ocrx_word' id='word_1_814' title='bbox 3386 5345 3565 5399; x_wconf 72' lang='grc' dir='ltr'>ΑΙὶιεΓ</span> 
     </span>
    </p>
   </div>
   <div class='ocr_carea' id='block_1_114' title="bbox 1972 5437 3556 5507">
    <p class='ocr_par' dir='ltr' id='par_1_114' title="bbox 1972 5437 3556 5507">
     <span class='ocr_line' id='line_1_114' title="bbox 1972 5437 3556 5507; baseline -0.002 -17"><span class='ocrx_word' id='word_1_815' title='bbox 1972 5452 2104 5491; x_wconf 82' lang='lat' dir='ltr'><strong>vero</strong></span> <span class='ocrx_word' id='word_1_816' title='bbox 2158 5446 2437 5506; x_wconf 84' lang='lat' dir='ltr'><strong>respectus</strong></span> <span class='ocrx_word' id='word_1_817' title='bbox 2492 5438 2674 5507; x_wconf 53' lang='lat' dir='ltr'><strong>gratiae</strong></span> <span class='ocrx_word' id='word_1_818' title='bbox 2725 5438 2844 5505; x_wconf 72' lang='lat' dir='ltr'><strong>ejus</strong></span> <span class='ocrx_word' id='word_1_819' title='bbox 2908 5437 3326 5506; x_wconf 86' lang='lat' dir='ltr'><strong>intelliguntur:</strong></span> <span class='ocrx_word' id='word_1_820' title='bbox 3371 5445 3428 5487; x_wconf 84' lang='grc' dir='ltr'><strong>ιιι</strong></span> <span class='ocrx_word' id='word_1_821' title='bbox 3475 5445 3556 5488; x_wconf 77' lang='lat' dir='ltr'><strong>est</strong></span> 
     </span>
    </p>
   </div>
   <div class='ocr_carea' id='block_1_115' title="bbox 1972 5526 3557 5600">
    <p class='ocr_par' dir='ltr' id='par_1_115' title="bbox 1972 5526 3557 5600">
     <span class='ocr_line' id='line_1_115' title="bbox 1972 5526 3557 5600; baseline -0.002 -20"><span class='ocrx_word' id='word_1_822' title='bbox 1972 5527 2105 5581; x_wconf 85' lang='lat' dir='ltr'><strong>illud</strong></span> <span class='ocrx_word' id='word_1_823' title='bbox 2154 5528 2206 5581; x_wconf 88' lang='lat' dir='ltr'><strong>in</strong></span> <span class='ocrx_word' id='word_1_824' title='bbox 2257 5528 2463 5596; x_wconf 88' lang='lat' dir='ltr'><strong>psalmo</strong></span> <span class='ocrx_word' id='word_1_825' title='bbox 2492 5572 2505 5595; x_wconf 92' lang='lat'><strong>,</strong></span> <span class='ocrx_word' id='word_1_826' title='bbox 2561 5528 2709 5581; x_wconf 86' lang='lat' dir='ltr'><strong>Oculi</strong></span> <span class='ocrx_word' id='word_1_827' title='bbox 2758 5527 2969 5582; x_wconf 86' lang='lat' dir='ltr'><strong>Domini</strong></span> <span class='ocrx_word' id='word_1_828' title='bbox 3017 5545 3171 5598; x_wconf 87' lang='lat' dir='ltr'><strong>super</strong></span> <span class='ocrx_word' id='word_1_829' title='bbox 3203 5532 3373 5600; x_wconf 82' lang='lat' dir='ltr'><strong>justas</strong></span> <span class='ocrx_word' id='word_1_830' title='bbox 3425 5526 3557 5597; x_wconf 82' lang='lat' dir='ltr'><strong>(Ps.</strong></span> 
     </span>
    </p>
   </div>
   <div class='ocr_carea' id='block_1_116' title="bbox 1971 5617 3555 5689">
    <p class='ocr_par' dir='ltr' id='par_1_116' title="bbox 1971 5617 3555 5689">
     <span class='ocr_line' id='line_1_116' title="bbox 1971 5617 3555 5689; baseline -0.002 -18"><span class='ocrx_word' id='word_1_831' title='bbox 1971 5634 2162 5683; x_wconf 86' lang='grc' dir='ltr'>χχχιιι,</span> <span class='ocrx_word' id='word_1_832' title='bbox 2197 5618 2306 5688; x_wconf 83' lang='grc'>16).</span> <span class='ocrx_word' id='word_1_833' title='bbox 2340 5618 2470 5673; x_wconf 89' lang='lat' dir='ltr'><strong>Item</strong></span> <span class='ocrx_word' id='word_1_834' title='bbox 2499 5619 2677 5685; x_wconf 89' lang='lat' dir='ltr'><strong>aliter,</strong></span> <span class='ocrx_word' id='word_1_835' title='bbox 2718 5617 2868 5673; x_wconf 83' lang='lat' dir='ltr'><strong>Oculi</strong></span> <span class='ocrx_word' id='word_1_836' title='bbox 2904 5619 3109 5673; x_wconf 87' lang='lat' dir='ltr'><strong>Domini</strong></span> <span class='ocrx_word' id='word_1_837' title='bbox 3134 5627 3388 5689; x_wconf 71' lang='lat' dir='ltr'><strong>prwcepta</strong></span> <span class='ocrx_word' id='word_1_838' title='bbox 3424 5623 3555 5688; x_wconf 81' lang='lat' dir='ltr'><strong>ejus,</strong></span> 
     </span>
    </p>
   </div>
   <div class='ocr_carea' id='block_1_117' title="bbox 1974 5706 3559 5779">
    <p class='ocr_par' dir='ltr' id='par_1_117' title="bbox 1974 5706 3559 5779">
     <span class='ocr_line' id='line_1_117' title="bbox 1974 5706 3559 5779; baseline -0.001 -16"><span class='ocrx_word' id='word_1_839' title='bbox 1974 5723 2071 5779; x_wconf 89' lang='lat' dir='ltr'><strong>per</strong></span> <span class='ocrx_word' id='word_1_840' title='bbox 2092 5726 2213 5779; x_wconf 81' lang='lat' dir='ltr'><strong>quae</strong></span> <span class='ocrx_word' id='word_1_841' title='bbox 2251 5710 2406 5765; x_wconf 87' lang='lat' dir='ltr'><strong>nobis</strong></span> <span class='ocrx_word' id='word_1_842' title='bbox 2435 5712 2613 5766; x_wconf 90' lang='lat' dir='ltr'><strong>lumen</strong></span> <span class='ocrx_word' id='word_1_843' title='bbox 2646 5711 2892 5768; x_wconf 81' lang='lat' dir='ltr'><strong>scientiae</strong></span> <span class='ocrx_word' id='word_1_844' title='bbox 2923 5712 3385 5776; x_wconf 86' lang='lat' dir='ltr'><strong>subministratur,</strong></span> <span class='ocrx_word' id='word_1_845' title='bbox 3414 5706 3559 5763; x_wconf 82' lang='lat' dir='ltr'><strong>acci-</strong></span> 
     </span>
    </p>
   </div>
  </div>
