3932 6170
365 272 466 332 731

1354 267 1416 326 S.
1458 263 1779 324 EUCIIERII
1822 262 2123 318 EPISCOPI
2165 264 2643 326 LUGDJNENSIS

3525 278 3629 338 7'52

372 391 630 456 piuntttr:
660 389 720 438 ut
761 388 846 439 est
878 379 1010 436 illud
1043 378 1096 433 in
1126 378 1356 450 psalmo,
1392 377 1712 449 Prceeptum
1742 373 1950 429 Domini
1975 376 2030 435 Α
2124 374 2350 431 Dextera
2382 376 2473 433 Dei
2506 378 2681 434 Patris
2712 380 3024 451 unigenitus
3047 379 3217 438 Filius
3244 385 3538 456 accipitur:
3563 391 3629 448 de

371 477 600 532 lucidum
626 474 930 529 illuminans
955 471 1132 525 oculos
1155 469 1270 538 (Ps.
1304 484 1466 535 svnt,
1497 469 1574 537 9).

442 566 721 635 Palpebra:
768 564 975 617 Domini
1025 561 1236 617 occulta
1282 570 1338 617 et
1382 556 1951 628 incomprehensibilia

367 655 569 726 judicia
598 657 737 722 ejus,
762 654 878 708 sive
905 653 1199 721 spiritualis
1233 653 1285 706 in
1312 653 1513 707 divinis
1542 650 1695 705 libris
1720 650 1837 718 ejus
1867 647 1950 702 lo-

373 751 517 804 cutio
556 749 817 802 innuitur.
870 747 946 801 De
973 746 1168 816 quibus
1195 746 1423 800 occultis
1449 754 1504 799 et
1534 740 1976 811 incomprelteu-‘

374 839 619 894 sibilibus
645 839 1005 893 sacramentis
1031 846 1194 907 atque
1220 836 1436 904 judiciis
1468 836 1519 890 in
1551 834 1788 902 psalmo:
1824 831 1951 885 Pal-

370 933 541 1000 pebrw
560 934 672 1001 ejus
701 931 1024 1001 interrogant
1048 929 1184 998 ﬁlios
1215 929 1483 982 hominum
1510 925 1633 997 (Ps.
1669 940 1729 993 ι,
1760 922 1819 995 5)
1846 963 1861 990 ,
1894 922 1950 979 id

369 1032 473 1087 est,
506 1023 751 1088 probant.

441 1116 615 1167 Aures
646 1111 846 1166 habere
877 1110 1074 1165 dicitur
1095 1111 1259 1178 Deus,
1290 1119 1575 1178 propterea
1597 1106 1737 1177 quod
1769 1105 1950 1161 omnia

372 1203 547 1268 audit,
581 1211 635 1256 et
664 1202 799 1255 nihil
831 1217 953 1256 eum
981 1202 1033 1255 in
1062 1202 1279 1255 silentio
1307 1201 1442 1255 latet
1468 1219 1480 1253 :
1513 1199 1582 1254 de
1608 1214 1713 1267 quo
1737 1199 1789 1252 in
1813 1197 1951 1251 libro

370 1294 658 1363 Sapientia:
713 1292 994 1362 scriptum,
1038 1292 1189 1346 Auris
1231 1291 1347 1345 mli
1381 1291 1525 1345 audit
1563 1289 1755 1356 omnia,
1783 1296 1834 1343 et
1863 1295 1949 1341 tu-

370 1384 562 1437 multus
592 1384 1049 1437 murmurationum
1085 1398 1187 1435 non
1224 1380 1559 1434 abscondetur
1584 1379 1739 1451 (Sap.
1764 1394 1804 1444 ι,
1836 1377 1947 1447 10).

440 1478 610 1531 Nares
641 1476 735 1529 Dei
766 1484 850 1529 est
889 1475 1169 1544 inspiratio
1213 1474 1334 1541 ejus
1379 1472 1433 1527 in
1474 1472 1637 1526 corda
1680 1471 1949 1525 fidelium:

374 1580 427 1624 ut
454 1569 583 1623 illud
608 1570 660 1622 in
691 1568 825 1623 libro
856 1566 1062 1636 Regum
1091 1584 1107 1621 :
1154 1567 1392 1620 Ascendit
1430 1566 1606 1633 fumus
1646 1566 1710 1619 de
1746 1565 1955 1625 naribus

2050 482 2159 537 quo
2183 470 2237 525 in
2260 472 2465 539 psalmo
2498 486 2565 528 es
2612 488 2843 542 persona
2884 475 3116 530 hominis
3162 481 3425 549 assumpti
3452 500 3465 535 :
3496 481 3628 539 De:-

2051 569 2160 617 tera
2182 608 2197 631 ,
2248 564 2457 635 inquit,
2504 565 2720 620 Domini
2747 568 2863 637 fecit
2892 569 3128 623 virtutem
3165 570 3285 637 (Ps.
3315 587 3479 637 csvu,
3518 576 3624 646 10).

2050 654 2224 709 Aliter
2250 671 2383 711 vero
2418 658 2627 713 Domini
2662 657 2883 713 dextera
2910 660 3134 730 gloriam
3173 662 3353 731 signat
3378 664 3553 720 Patris
3577 674 3628 722 et

2050 758 2307 803 mternam
2342 749 2769 817 beatitudinem;
2818 751 2888 806 de
2935 768 3042 821 quo
3079 753 3131 807 in
3171 754 3380 823 psalmo
3407 771 3473 810 es
3504 773 3626 823 per-

2050 852 2181 892 sona
2218 838 2395 893 Patris
2437 840 2502 893 ad
2545 840 2769 913 Filium,
2812 842 2947 898 Sede
2969 860 3002 896 a
3027 844 3219 897 dextris
3247 848 3373 899 meis
3401 845 3622 914 (Psalm.

2047 942 2157 992 eis.
2187 928 2262 1000 1).
2305 930 2511 985 Dicitur
2547 941 2727 986 autem
2776 945 2831 987 et
2867 934 3089 988 dextera
3126 934 3221 989 Dei
3251 937 3427 991 omnis
3452 938 3623 993 electa

2047 1032 2294 1075 creatura
2324 1022 2377 1075 in
2400 1022 2540 1077 caelo
2562 1031 2617 1077 et
2643 1022 2695 1077 in
2729 1031 2903 1089 terra;
2926 1025 3069 1079 sicut
3091 1040 3186 1094 per
3211 1026 3487 1080 sinistram
3511 1029 3624 1096 ejus

2048 1110 2369 1181 intelligitur
2415 1114 2645 1181 reproba
2689 1124 2933 1170 creatura
2962 1157 2979 1182 ,
3020 1115 3073 1171 id
3112 1126 3229 1182 est,
3270 1117 3547 1174 daemones
3574 1128 3628 1174 et

2047 1201 2199 1270 impii
2240 1217 2452 1271 omnes,
2494 1204 2585 1269 qui
2629 1204 2695 1258 ad
2724 1205 2910 1259 laevam
2950 1207 3108 1275 positi
3140 1216 3341 1262 aeterna
3368 1210 3626 1279 supplicia

2048 1292 2391 1347 sustinebunt
2422 1293 2640 1361 (Matth.
2674 1312 2803 1361 xxv,
2834 1294 2949 1367 35).

2120 1384 2309 1440 Manus
2340 1385 2432 1440 Dei
2477 1386 2651 1441 Patris
2693 1387 2860 1443 Filius
2911 1388 3031 1457 ejus
3070 1388 3378 1459 accipitur,
3429 1406 3526 1459 pro
3563 1406 3628 1446 eo

2048 1475 2191 1545 quod
2222 1490 2315 1545 per
2342 1476 2515 1544 ipsum
2547 1478 2682 1531 facta
2713 1488 2837 1532 sunt
2857 1480 3036 1533 omnia
3067 1497 3081 1532 :
3117 1479 3255 1534 sicut
3285 1491 3369 1535 est
3410 1480 3540 1536 illud
3575 1483 3627 1536 in

2052 1565 2217 1620 Isaia:
2242 1565 2431 1621 Omnia
2458 1566 2569 1623 lucc
2596 1583 2781 1623 manus
2808 1584 2918 1623 mea
2942 1570 3092 1639 fecit,
3132 1579 3179 1624 et
3206 1570 3344 1638 facta
3373 1581 3490 1624 sunt
3510 1584 3627 1625 om-

370 1664 488 1732 ejus
521 1658 589 1727 (Il
621 1658 749 1729 Reg.
780 1674 912 1723 χιιι,
943 1656 1023 1725 9),
1047 1656 1098 1711 id
1131 1664 1235 1725 est,
1270 1656 1571 1727 lacrymosa
1609 1655 1953 1723 compunctio
2054 1656 2141 1710 nia
2166 1653 2321 1728 (Isai.
2355 1672 2501 1726 1.va,
2532 1658 2613 1729 2).
2660 1659 2832 1713 Aliter
2868 1674 2999 1714 vero
3049 1676 3239 1715 manus
3272 1660 3367 1715 Dei
3390 1661 3510 1730 ejus
3535 1676 3631 1732 po-

373 1751 757 1820 pmnitcutium
787 1748 1067 1817 inspiratio
1096 1748 1236 1817 ejus.

445 1842 630 1896 Facies
658 1842 751 1896 Dei
782 1841 1019 1911 cognitio
1040 1853 1121 1894 est
1152 1840 1447 1895 divinitatis
1473 1840 1591 1910 ejus
1620 1839 1688 1895 ad
1720 1854 1948 1895 omnes:

368 1935 441 1990 sle
468 1952 570 2004 qua
603 1936 908 2004 cognitione
940 1934 991 1987 in
1024 1935 1241 2002 psalmis
1271 1934 1531 1999 scriptum
1557 1941 1642 1986 est
1670 1949 1683 1984 :
1727 1931 1951 1985 Ostende

372 2026 517 2078 nobis
540 2025 722 2094 faciem
751 2034 924 2089 tuam,
951 2036 996 2077 et
1023 2024 1148 2078 salvi
1170 2024 1358 2077 erimus
1382 2021 1497 2094 (Ps.
1530 2038 1710 2086 una.
1740 2023 1819 2093 ι),
1851 2024 1954 2077 hoc

368 2125 475 2177 est,
515 2115 655 2170 dona
699 2115 855 2167 nobis
887 2116 1249 2183 cognitionem
1282 2126 1459 2182 tuam,
1506 2128 1663 2183 quam
1694 2112 1955 2182 cognitio-

376 2222 497 2260 nem
543 2222 638 2275 per
679 2204 875 2260 Filium
918 2204 1154 2259 hominis
1195 2204 1504 2259 hominibus
1532 2205 1802 2258 innotuit:
1839 2204 1954 2271 ipso

373 2298 586 2352 dicente
614 2300 665 2350 in
697 2296 1010 2364 Evangelia,
1043 2295 1212 2350 Nemo
1236 2297 1375 2350 novit
1400 2293 1607 2349 Patrem
1636 2294 1732 2347 nisi
1759 2289 1953 2358 Filius,

374 2396 420 2441 et
450 2388 532 2440 cui
564 2388 775 2440 voluerit
800 2383 972 2439 Filius
1007 2386 1228 2439 revelare
1260 2385 1473 2454 (Matth.
1510 2400 1588 2453 χι,
1617 2384 1734 2452 27).
1776 2384 1954 2438 Aliter

375 2490 505 2527 vero
539 2476 704 2528 iacies
734 2475 829 2528 Dei
873 2474 1142 2544 signiﬁcat
1182 2475 1501 2529 invisibiletn
1540 2473 1831 2545 essentiam
1858 2472 1956 2527 di-

330 2548 340 2555 .
378 2569 622 2621 vinitatis
651 2567 770 2621 Filii
804 2568 895 2622 Dei
924 2584 940 2634 ;
992 2568 1060 2623 de
1095 2584 1197 2637 qua
1230 2569 1344 2635 ipse
1385 2558 1645 2621 Dominus
1677 2567 1743 2620 ad
1774 2566 1955 2621 Mosen

379 2677 474 2731 per
505 2662 754 2733 angelum
784 2661 1121 2729 reSpondens
1146 2662 1219 2716 ait
1243 2678 1255 2715 :
1290 2660 1587 2715 Posteriora
1610 2677 1720 2715 mea
1744 2659 1955 2725 videbis,

380 2755 564 2826 {aciem
593 2763 761 2807 autem
792 2769 961 2807 meam
990 2753 1159 2806 videre
1181 2770 1283 2806 non
1308 2755 1498 2819 poteris
1525 2749 1720 2821 (Exod.
1750 2763 1953 2817 xum,

376 2842 506 2914 25);
534 2859 596 2900 ac
644 2845 692 2898 si
733 2845 969 2911 diceret,
996 2843 1336 2899 divinitatem
1365 2850 1547 2897 autem
1578 2856 1753 2897 meam
1776 2840 1959 2897 videre

379 2951 487 2990 non
517 2936 740 3005 poteris.

449 3029 521 3083 0s
556 3028 647 3083 Dei
688 3026 856 3081 Filius
896 3026 1108 3093 Patris,
1152 3024 1205 3080 id
1227 3033 1342 3088 est,
1373 3024 1627 3079 Christus
1651 3024 1954 3091 Dominus;

1975 1732 2027 1795 Β
2055 1755 2220 1803 testas
2263 1749 2577 1819 intelligitur
2604 1749 2672 1805 de
2709 1764 2811 1820 qua
2841 1759 3109 1821 potestate
3134 1754 3191 1806 in
3213 1751 3465 1808 Jeremie
3495 1752 3631 1809 libro

2054 1838 2329 1910 propheta:
2354 1858 2366 1893 :
2397 1840 2547 1897 Sicut
2576 1840 2741 1895 lutunt
2760 1843 2814 1897 in
2838 1859 2995 1896 manu
3026 1843 3192 1915 ﬁguli,
3233 1846 3307 1899 sic
3329 1860 3417 1899 vos
3438 1846 3493 1899 in
3522 1862 3633 1901 nta-

2052 1948 2122 1986 nu
2165 1948 2319 1996 mea,
2364 1933 2546 1988 domus
2589 1933 2759 1988 Israel
2805 1935 2940 2005 (Jer.
2984 1951 3139 2003 svnt,
3169 1935 3250 2008 6).
3278 1936 3410 1992 Item
3438 1952 3633 1993 manus

2053 2023 2262 2077 Domini
2294 2023 2563 2093 ﬂagellum
2601 2014 2898 2095 accipitur:
2927 2026 2998 2083 de
3025 2028 3179 2097 cujus
3199 2030 3547 2098 percussione
3576 2031 3630 2086 in

2052 2112 2329 2181 Sophonia
2357 2116 2619 2185 propheta
2647 2116 2907 2186 scriptum
2941 2128 3059 2173 est:
3105 2118 3393 2173 Extendam
3422 2135 3633 2173 manum

2053 2219 2219 2258 meam
2247 2221 2399 2269 super
2425 2204 2622 2260 Judam
2647 2217 2693 2260 et
2724 2223 2876 2278 super
2904 2207 3193 2263 habitantes
3223 2207 3422 2275 Israel,
3452 2221 3499 2263 et
3528 2210 3634 2264 dis-

2055 2299 2263 2364 perdam
2291 2296 2355 2350 de
2396 2297 2506 2351 loco
2531 2296 2629 2350 hoc
2658 2298 2899 2366 reliquias
2931 2296 3066 2352 Baal
3101 2298 3292 2369 (Sapit.
3327 2316 3365 2363 t,
3389 2301 3471 2368 1),
3499 2308 3631 2364 etc.,

2056 2402 2152 2457 pro
2193 2403 2299 2457 qua
2343 2387 2552 2441 Domini
2593 2388 2947 2458 percussione
2984 2390 3169 2444 beatus
3209 2389 3309 2445 Job
3336 2390 3403 2446 de
3430 2400 3632 2446 semct-

2056 2476 2172 2545 ipso
2192 2480 2299 2531 ait:
2332 2475 2521 2531 Manus
2543 2476 2748 2531 Domini
2780 2479 2951 2546 tetigit
2983 2493 3061 2530 me
3086 2477 3228 2547 (Job.
3254 2494 3366 2541 xix,
3395 2479 3508 2547 21).

2128 2568 2334 2639 Digitus
2364 2568 2458 2624 Dei
2484 2568 2829 2639 singulariter
2850 2568 3083 2638 Spiritus
3110 2580 3323 2624 sanctus
3347 2570 3631 2639 accipitur,

2058 2673 2087 2713 a
2118 2674 2224 2729 quo
2265 2659 2467 2728 Spiritu
2514 2670 2701 2714 sancto
2725 2700 2741 2727 ,
2785 2661 2866 2714 lea:
2892 2659 3091 2713 duabus
3120 2661 3173 2713 in
3202 2661 3388 2715 tabulis
3414 2663 3633 2731 lapideis

2058 2755 2113 2805 in
2152 2760 2319 2804 monte
2348 2749 2503 2805 Sinai
2536 2752 2732 2820 scripta
2771 2760 3013 2805 narratur
3052 2750 3247 2823 (Exod.
3293 2768 3479 2817 χχιιι,
3520 2753 3633 2822 16).

2060 2840 2180 2910 Ipse
2208 2841 2428 2909 scripsit
2464 2841 2554 2911 qui
2594 2841 2880 2897 scribenda
2918 2843 3173 2907 dictavit,
3211 2842 3262 2897 id
3291 2855 3371 2898 est
3400 2844 3637 2914 Spiritus

2060 2940 2297 2988 sanctus.
2330 2919 2406 2987 De
2445 2949 2551 3002 quo
2581 2932 2840 2987 Dominus
2870 2932 2926 2987 in
2961 2933 3293 3004 Evangelia:
3326 2936 3388 2989 Si
3410 2952 3531 3005 ego,
3558 2938 3637 2989 in-

2061 3025 2197 3093 quit,
2226 3025 2279 3077 in
2309 3025 2472 3097 digito
2500 3024 2592 3078 Dei
2616 3025 2765 3092 eiicio
2794 3024 3048 3079 damonia
3077 3025 3231 3097 (Luc.
3258 3041 3333 3093 xl,
3365 3025 3479 3097 20).
3514 3028 3636 3083 Sic-

380 3135 480 3190 pro
517 3134 625 3190 quo
673 3119 839 3173 Isaias
888 3085 1149 3187 pr0pheta
1188 3133 1254 3172 es
1285 3085 1516 3186 persona
1543 3116 1854 3173 Judzeorum
1878 3085 1956 3172 ei;
1982 3085 2030 3153 α
2063 3085 2122 3169 ut
2162 3085 2302 3169 enim
2352 3085 2546 3184 digitus
2567 3085 2691 3170 cum
2716 3130 2877 3171 manu
2900 3116 2984 3171 vel
3015 3085 3258 3180 brachio,
3282 3085 3474 3171 manus
3504 3134 3639 3173 vero

382 3211 520 3265 latus
547 3220 629 3264 est
658 3228 671 3262 :
704 3210 838 3276 Quia
876 3225 933 3262 os
964 3211 1080 3279 ejus
1129 3207 1197 3260 ad
1226 3208 1551 3261 iracundiam
1574 3207 1958 3279 prouocaoimus

383 3300 538 3373 (Isai.
568 3316 604 3366 ι,
633 3299 750 3369 20).
799 3300 971 3354 Aliter
1021 3314 1151 3353 vero
1189 3313 1254 3356 os
1304 3297 1421 3366 ejus
1462 3311 1641 3352 sermo
1689 3296 1805 3364 ejus
1845 3297 1958 3351 sive

376 3392 551 3463 jussio
580 3390 876 3459 accipitur;
907 3389 976 3444 de
1002 3403 1113 3459 quo
1140 3402 1403 3443 sermone
1424 3386 1637 3441 Domini
1669 3385 1959 3457 praedictus

386 3485 648 3556 propheta
682 3483 792 3537 ait:
827 3481 898 3536 0s
921 3481 1131 3535 Domini
1152 3480 1378 3533 locutum
1408 3478 1614 3533 esthoc.

456 3575 689 3629 Verbum
737 3574 829 3627 Dei
876 3573 1047 3628 Filius
1091 3572 1188 3626 Dei
1225 3570 1433 3634 Patris,
1467 3585 1562 3640 per
1593 3584 1751 3639 quem
1782 3567 1960 3624 omnia

384 3666 525 3723 facta
555 3676 700 3730 sunt;
726 3665 795 3719 de
824 3681 931 3735 quo
956 3665 1007 3718 in
1041 3664 1273 3732 psalmo,
1311 3662 1476 3717 Verbo
1501 3662 1705 3716 Domini
1723 3663 1833 3717 ctuti
1862 3664 1960 3732 ﬁr-

384 3760 510 3812 muti
529 3768 642 3812 sunt
676 3755 806 3829 (Ps.
848 3773 1016 3823 usu,
1062 3756 1152 3827 6).
1207 3757 1271 3811 Et
1319 3754 1484 3810 alibi:
1535 3753 1682 3808 Misit
1738 3753 1961 3810 Verbum

383 3865 535 3903 suum
559 3889 576 3914 ,
610 3858 658 3903 et
697 3850 895 3902 sanavit
938 3865 1024 3903 eos
1068 3848 1187 3917 (Ps.
1217 3863 1325 3913 CVI,
1350 3845 1466 3914 20).
1499 3848 1562 3900 Et.
1590 3848 1641 3900 in
1668 3845 1962 3915 Evangelio

385 3940 679 3994 secundum
728 3940 993 3995 Joannem
1020 3982 1034 4007 ,
1070 3937 1135 3992 In
1167 3938 1420 4009 principio
1465 3944 1575 3991 erat
1624 3934 1881 4000 Verbum.
1912 3943 1962 3991 et

396 4027 613 4084 Verbum
666 4040 775 4085 erat
841 4032 979 4102 apud
1040 4030 1238 4095 Deum,
1294 4041 1342 4084 et
1393 4027 1536 4084 Deus
1573 4037 1686 4085 erat
1738 4028 1962 4084 Verbum

387 4119 568 4189 (loan.
596 4136 635 4186 t,
662 4122 734 4191 1).

462 4211 661 4281 Lingua
694 4211 788 4264 Dei
834 4214 1058 4281 mystice
1098 4210 1363 4280 signiﬁcat
1405 4210 1661 4280 Spiritum
1690 4221 1961 4277 sanctum,

389 4318 483 4370 per
510 4318 669 4372 quem
713 4302 855 4359 Deus
902 4303 1062 4359 Pater
1099 4311 1364 4359 secretum
1405 4317 1559 4357 suum
1604 4301 1964 4357 manifesuvit

2060 3208 2144 3262 vel
2170 3207 2453 3262 brachium
2480 3222 2603 3262 cum
2632 3222 2861 3278 corpore
2882 3225 3045 3263 unum
3078 3219 3204 3265 sunt
3230 3210 3281 3264 in
3304 3219 3519 3273 natura,
3566 3212 3641 3266 ita

2062 3297 2245 3364 Pater,
2290 3306 2345 3351 et
2392 3296 2601 3364 Filius,
2633 3307 2689 3352 et
2730 3299 2962 3367 Spiritus
3008 3307 3226 3355 sanctus
3268 3311 3379 3353 tres
3422 3300 3640 3367 quidrm

2062 3402 2311 3457 personas
2332 3397 2481 3456 sunt,
2518 3404 2619 3443 una
2645 3399 2823 3445 autem
2856 3389 3157 3445 substantia
3185 3391 3503 3445 divinitatis.

2134 3480 2294 3550 Digiti
2328 3480 2424 3535 Dei
2464 3481 2745 3549 pluraliter
2793 3482 2967 3537 sancti
3007 3481 3382 3551 intelliguntur
3409 3483 3640 3550 prophe.

2063 3579 2151 3635 tae,
2178 3586 2273 3640 per
2296 3586 2432 3641 quos
2457 3571 2690 3650 Spiritus
2716 3582 2934 3626 sanctus
2960 3571 3126 3627 libros
3154 3571 3286 3642 legis
3315 3588 3378 3627 ac
3408 3574 3649 3647 prophe:

2065 3672 2233 3718 tarum
2266 3677 2361 3717 sua
2390 3662 2743 3733 inspiratione
2762 3663 3049 3732 describit;
3077 3666 3143 3719 de
3172 3664 3363 3735 quibus
3395 3666 3447 3719 in
3490 3667 3643 3735 psal-

2063 3770 2155 3812 mo
2179 3756 2445 3825 scriptum
2467 3766 2586 3812 est:
2625 3755 2821 3811 Videbo
2850 3756 3001 3812 celos
3030 3773 3184 3827 Opera
3223 3757 3498 3827 digitorum
3527 3768 3645 3811 tuo.
3708 3818 3723 3825 α

2062 3862 2179 3900 rum
2220 3844 2341 3916 (Ps.
2390 3862 2505 3914 vni,
2545 3846 2643 3919 4):
2691 3862 2788 3918 per
2830 3848 2999 3903 caelos
3038 3848 3183 3902 enim
3220 3848 3386 3903 libros
3413 3848 3548 3916 legis
3576 3863 3645 3903 ac

2064 3935 2446 4006 prophetarum
2475 3978 2490 4002 ,
2534 3952 2633 4006 per
2658 3936 2854 4007 digitos
2890 3951 3019 3992 vero
3052 3945 3270 3991 sanctos
3296 3977 3311 4003 ,
3353 3946 3411 3992 ut
3439 3938 3650 3995 dictum

2064 4036 2166 4093 est,
2196 4027 2509 4098 pr0pbetas,
2536 4029 2763 4101 mystice
2786 4029 3048 4085 insinuari
3078 4038 3288 4085 certum
3314 4039 3417 4085 est.

2134 4116 2317 4189 Imago
2346 4119 2439 4173 Dei
2465 4118 2640 4173 Patris
2668 4118 2977 4185 invisibilis,
3004 4120 3311 4189 unigenitus
3336 4120 3504 4175 Filius
3526 4122 3648 4189 ejus

2064 4221 2147 4267 est
2172 4229 2187 4266 :
2215 4212 2284 4267 de
2308 4228 2414 4281 quo
2444 4212 2775 4281 Apostolus:
2807 4210 2987 4283 Imago
3008 4213 3109 4267 Dei
3130 4212 3402 4266 invisibilis
3429 4210 3572 4279 (Col.
3604 4228 3647 4275 ι,

2066 4303 2182 4373 15).
2227 4300 2401 4357 Aliter
2438 4318 2668 4371 namque
2708 4311 2791 4357 est
2840 4303 3016 4371 imago
3067 4302 3159 4357 Dei
3212 4301 3387 4357 Patris
3418 4302 3470 4355 in
3504 4301 3653 4356 Filio

389 4394 733 4460 hominibus;
764 4395 902 4450 unde
954 4395 1006 4449 in
1053 4397 1291 4465 psalmo:
1335 4393 1538 4465 Lingua
1582 4408 1697 4447 mea
1732 4392 1962 4448 calamus
1992 4456 2035 4465 _
2066 4409 2185 4459 suo,
2217 4410 2375 4464 quem
2406 4410 2513 4448 non
2543 4393 2759 4448 aliunde
2784 4437 2800 4462 ,
2836 4392 2931 4447 sed
2961 4408 3026 4448 ex
3055 4394 3375 4459 semetipso,
3405 4391 3509 4446 hoc
3537 4402 3647 4455 est,

388 4486 653 4540 scribentis
686 4486 804 4559 (Ps.
832 4502 976 4552 suv,
999 4486 1080 4558 2).

461 4578 621 4633 Labia
650 4580 743 4635 Dei
775 4583 1000 4652 mystice
1026 4580 1299 4650 utriusque
1325 4578 1633 4633 testamenti
1659 4593 1965 4635 consonan-

390 4671 461 4724 tia
507 4672 919 4740 lntelliguntur:
958 4672 1028 4726 de
1056 4671 1248 4741 quibus
1282 4670 1495 4724 duobus
1533 4670 1869 4726 testamentis
1905 4671 1962 4726 in

390 4762 701 4817 Proverbiis
742 4765 1000 4833 scriptum
1048 4772 1174 4819 est:
1222 4761 1292 4816 In
1315 4762 1519 4837 judicio
1564 4779 1666 4818 non
1688 4763 1876 4818 errabit
1906 4780 1962 4820 os

382 4858 501 4928 ejus
530 4852 710 4927 (Prov.
746 4870 861 4921 xvi,
886 4853 997 4927 10).

462 4945 687 5000 Brachia
728 4946 820 5001 Dei
850 4946 1024 5002 Patris
1060 4945 1228 5002 Filius
1255 4947 1373 5016 ejus
1402 4955 1458 5001 et
1486 4946 1720 5015 Spiritus
1746 4955 1963 5003 sanctus

386 5039 795 5108 intelliguntur;
825 5040 964 5093 sicut
980 5048 1063 5093 est
1083 5037 1214 5094 illud
1239 5039 1291 5093 in
1319 5036 1453 5093 Isaia
1479 5054 1494 5091 :
1526 5036 1594 5093 Et
1624 5038 1832 5092 brachia
1851 5055 1964 5092 mea

388 5133 607 5203 papulas
637 5131 948 5201 judicabunt
978 5128 1143 5199 (lsui.
1172 5146 1244 5197 ιι,
1271 5128 1359 5201 5).
1410 5130 1696 5185 Brachium
1728 5131 1825 5187 Dei
1852 5132 1965 5185 siu-

384 5222 644 5288 gulariter
670 5220 837 5276 Filius
860 5223 1158 5293 accipitur:
1182 5221 1252 5277 de
1274 5234 1382 5292 quo
1402 5221 1670 5278 Jcremias
1693 5222 1760 5276 ad
1784 5223 1961 5293 ipsum

384 5316 501 5368 sit:
539 5315 602 5367 Et
664 5332 803 5369 nunc
847 5314 1101 5370 Dominus
1141 5313 1285 5370 Deus
1323 5314 1409 5385 qui
1446 5315 1669 5369 eduxiin
1714 5316 1962 5385 populum

386 5419 535 5462 tuum
579 5407 641 5459 de
682 5418 816 5462 terra
860 5407 1075 5479 τεθυριὶ
1118 5408 1171 5462 in
1202 5424 1359 5461 manu
1387 5409 1533 5478 forti,
1562 5408 1616 5460 in
1644 5406 1849 5461 brachio
1876 5422 1963 5461 ea:-

390 5509 530 5552 tento
555 5499 689 5569 (Jer.
719 5514 902 5564 xxatt,
930 5501 1046 5569 21).
1090 5500 1297 5554 Idcirco
1338 5510 1513 5554 autem
1547 5499 1711 5553 Filius
1735 5500 1829 5555 Dei
1860 5498 1962 5553 Pa-

392 5589 494 5642 tris
533 5591 807 5644 brachium
854 5592 1068 5659 dicitur,
1102 5590 1224 5659 quia
1268 5602 1511 5646 creatura
1553 5592 1720 5648 electa
1752 5591 1819 5645 ab
1848 5592 1965 5658 ipso

392 5680 721 5733 continetur.

1988 4456 2043 4516 Β
2067 4502 2134 4542 es
2161 4487 2461 4541 substantia
2508 4500 2603 4540 sua
2634 4500 2731 4554 per
2769 4485 2947 4539 omnia
2982 4484 3086 4546 sibi
3119 4485 3350 4537 similem
3378 4482 3560 4550 genuit
3588 4492 3655 4538 et

2068 4577 2350 4646 aequalem.
2401 4576 2572 4630 Aliter
2617 4590 2744 4629 vero
2783 4573 2960 4628 anima
3015 4574 3278 4638 hominis,
3325 4587 3483 4642 quam
3536 4587 3650 4625 non

2067 4656 2242 4733 esse,
2276 4666 2329 4720 id
2354 4673 2466 4731 est,
2496 4665 2564 4721 de
2593 4679 2688 4720 sua
2725 4664 3020 4718 substantia
3042 4705 3058 4729 ,
3090 4666 3232 4717 sicut
3264 4662 3504 4732 plerique
3532 4661 3655 4715 ha:-

2066 4756 2433 4826 reticiopinati
2462 4763 2608 4821 sunt,
2634 4756 2837 4824 genuit,
2862 4753 2957 4810 sed
2986 4770 3050 4807 ex
3077 4754 3245 4807 nihilo
3266 4754 3491 4807 creavit.
3526 4752 3657 4807 Sic-

2068 4859 2128 4905 ut
2188 4850 2345 4905 aliter
2388 4848 2568 4918 imago
2614 4856 2700 4903 est
2746 4845 3031 4916 cujuslibet
3075 4846 3219 4916 regis
3277 4846 3329 4900 in
3372 4844 3484 4899 lilio
3522 4844 3655 4914 ejus

2066 4958 2225 5014 quem
2249 4958 2313 4999 ex
2339 4942 2633 5011 semetipso
2659 4940 2763 4995 sibi
2784 4939 3014 4995 similem
3036 4939 3242 5009 genuit,
3267 4938 3320 4994 id
3346 4948 3448 5005 est,
3478 4939 3655 4993 homo

2066 5036 2359 5091 hominem.
2406 5034 2577 5090 Aliter
2604 5046 2737 5088 vero
2766 5036 2818 5088 in
2840 5032 3058 5087 annullo
3084 5030 3204 5101 ejus
3227 5072 3244 5098 ,
3275 5031 3412 5085 sicut
3442 5032 3495 5085 in
3517 5045 3659 5085 cera

2066 5129 2243 5198 imago
2286 5127 2406 5198 ejus
2454 5128 2714 5195 impressa
2740 5162 2756 5187 ,
2800 5137 2922 5194 qua:
2965 5139 3071 5179 non
3118 5131 3203 5178 est
3230 5121 3373 5191 quod
3401 5131 3456 5177 et
3486 5121 3658 5190 ipsa:

2066 5221 2205 5274 sicut
2233 5218 2371 5273 [ilius
2402 5219 2492 5288 qui
2521 5215 2838 5271 naturaliter
2869 5215 2970 5269 hoc
3001 5222 3085 5268 est
3109 5213 3251 5282 quod
3280 5220 3334 5267 et
3364 5223 3532 5281 pater.

2136 5312 2243 5367 Cor
2281 5310 2376 5366 Dei
2416 5308 2592 5363 Patris
2639 5318 2894 5363 arcanum
2939 5303 3218 5375 sapientia:
3267 5303 3389 5374 ejus
3417 5304 3666 5374 mystice

2067 5406 2260 5471 innuit,
2286 5419 2354 5459 es
2377 5418 2484 5473 quo
2513 5398 2782 5466 Verbum,
2815 5398 2866 5454 id
2886 5407 2999 5463 est,
3032 5397 3229 5452 Filium
3259 5410 3418 5452 suum
3453 5398 3666 5465 impas-

2067 5497 2297 5551 sibiliter
2325 5494 2511 5565 genuit
2536 5494 2655 5549 sine
2682 5491 2864 5557 initio;
2901 5491 3018 5559 ipso
3044 5489 3261 5544 dicente
3285 5502 3382 5558 per
3405 5490 3666 5556 promic—

2065 5598 2179 5645 tam
2208 5608 2220 5644 :
2255 5588 2518 5644 Eructavit
2560 5603 2647 5641 cor
2688 5597 2852 5640 meum
2886 5583 3087 5639 verbum
3129 5581 3314 5637 bonum
3346 5578 3461 5653 (Ps.
3498 5594 3663 5651 xuv,

2068 5674 2168 5748 2).
