3932 6170
211 316 320 374 733

971 309 1175 366 LIBER
1215 306 1694 367 FORMULARUM
1731 307 2110 368 SPIRITALIS
2149 310 2716 372 INTEILIGENTIE.

3373 317 3474 372 736

288 426 416 481 Alas
448 423 648 480 habere
677 423 875 479 dicitur
906 423 1069 484 Deus,
1099 437 1197 492 pro
1224 438 1291 477 eo
1329 421 1473 493 quod
1511 437 1660 476 more
1681 423 1796 475 avis
1826 425 1867 480 A
1898 423 2115 490 generis
2143 439 2420 478 assumere
2451 425 2701 495 dignatus
2731 435 2835 480 est.
2873 427 2949 482 De
2969 443 3069 496 qua
3104 428 3479 486 incarnatione

213 522 420 575 electos
450 531 582 570 suos
614 525 885 583 tamquam
929 516 1118 583 pullos
1157 516 1256 568 sub
1293 528 1354 570 se
1397 514 1606 583 colligit
1634 523 1688 566 et
1718 512 1796 567 fo-

213 619 324 671 vet,
355 616 411 664 et
437 607 505 661 ab
528 607 740 661 insidiis
768 607 967 659 diaboli
990 615 1046 660 et
1073 606 1337 659 malorum
1367 604 1638 658 hominum
1675 620 1796 672 pro-

218 704 375 772 tegit.
442 699 594 757 Unde
640 699 904 770 propheta
955 701 1031 754 ait
1058 741 1074 766 ,
1107 699 1219 754 Sub
1252 699 1430 751 umbra
1453 697 1651 750 alarum
1680 713 1797 768 pro-

215 805 326 863 ιείε
357 807 433 846 me
459 790 576 861 (Ps.
607 807 717 854 xvt,
744 791 820 861 8).

289 883 550 952 Scapulas
579 882 777 935 habere
806 881 1004 935 dicitur
1041 881 1200 947 Dens,
1235 885 1355 951 quia
1385 880 1597 934 infirma
1631 895 1798 935 mem-

218 978 315 1032 bra
351 975 641 1036 Ecclesia,
676 973 829 1041 quasi
859 974 910 1027 in
941 974 1177 1041 scapulis
1208 975 1318 1028 suis
1343 984 1539 1042 portat.
1589 974 1663 1026 De
1693 988 1800 1040 quo

218 1070 272 1123 in
309 1066 518 1136 psalmo
544 1083 555 1116 :
589 1064 832 1134 Scapulis
863 1064 969 1118 suis
1001 1064 1317 1117 obumbrabit
1341 1063 1431 1118 tibi
1456 1062 1572 1134 (Ps.
1600 1077 1692 1125 xc,
1719 1065 1798 1132 4).

291 1158 494 1213 Venter
539 1165 747 1210 secreta
801 1155 953 1224 origo
999 1154 1316 1208 substantia:
1360 1155 1477 1224 ejus
1516 1153 1797 1222 accipitur.

221 1250 378 1306 Unde
405 1249 456 1302 in
487 1247 697 1317 psalmo
723 1264 734 1298 :
778 1245 860 1299 Ex
900 1255 1047 1300 utero
1075 1255 1194 1298 ante
1229 1248 1391 1299 lucem
1433 1246 1588 1316 genui
1615 1254 1662 1296 te
1683 1242 1800 1314 (Ps.

222 1359 336 1411 eis,
367 1340 444 1410 '5).
479 1340 682 1394 Aliter:
718 1338 918 1394 Uterus
961 1338 1079 1407 ejus
1124 1336 1690 1406 incomprehensibilia
1717 1335 1806 1403 ju-

220 1436 360 1490 dicia
392 1434 509 1503 ejus
533 1472 549 1497 ,
579 1447 698 1502 quae
720 1431 902 1485 rimari
930 1437 1202 1500 nequeunt
1221 1470 1236 1491 ,
1268 1429 1494 1500 mystice
1530 1428 1802 1482 insinuan-

221 1537 346 1589 tur;
387 1529 455 1579 de
498 1539 606 1592 quo
648 1524 862 1577 occulto
899 1521 1102 1589 judicio
1132 1521 1247 1590 ejus
1281 1521 1333 1574 in
1362 1520 1506 1573 libro
1531 1519 1672 1572 beati
1701 1517 1806 1572 Job

219 1617 481 1685 scriptum
526 1623 644 1668 est:
683 1612 757 1666 De
803 1615 953 1684 cujus
991 1621 1132 1665 utero
1179 1625 1379 1682 egressa
1413 1620 1486 1662 est
1517 1611 1730 1678 glacies,
1757 1618 1804 1662 et

219 1708 341 1780 gelu
370 1708 435 1760 de
467 1705 589 1759 cmlo
611 1704 724 1774 quis
753 1705 922 1773 genuit
953 1702 1075 1774 (Job
1107 1718 1330 1767 xxxvttt,
1363 1701 1501 1770 29)?

1899 527 1996 566 sua
2019 514 2134 582 ipse
2161 529 2256 584 per
2284 515 2600 583 prophetam
2630 517 2682 569 in
2710 517 2915 586 psalmo
2945 518 3056 571 ait:
3096 518 3161 571 In
3192 518 3476 574 ldumwam

1898 608 2171 661 extendam
2219 609 2450 661 calceum
2499 625 2667 662 meum
2731 609 2844 674 (Ps.
2888 625 2998 674 th,
3049 609 3160 679 10),
3197 611 3247 665 id
3288 624 3391 679 est,
3423 613 3472 668 in

1901 697 2110 766 plebem
2133 698 2409 767 gentilium
2438 701 2794 754 manifestubo
2822 702 3245 756 incarnationem
3277 720 3474 758 meam.

1972 787 2201 843 Cressus
2224 790 2485 844 adventus
2515 793 2631 842 Filii
2666 792 2756 844 Dei
2790 794 2839 844 in
2873 793 3152 855 mundum,
3187 803 3240 847 et
3266 809 3476 861 regi-es-

1901 881 1984 934 sio
2011 884 2131 948 ejus
2168 882 2234 934 ad
2274 881 2527 935 Patrem:
2560 883 2630 938 de
2672 884 2866 950 quibus
2909 886 3146 953 psalmus
3195 889 3306 940 ait:
3368 886 3480 944 Visi

1901 981 2018 1024 sunt
2047 989 2249 1043 gressus
2278 975 2352 1025 tui
2384 1017 2398 1040 ,
2435 973 2605 1036 Deus,
2644 991 2845 1044 gressus
2887 975 2980 1028 Dei
3015 978 3142 1040 mei,
3181 977 3330 1047 Regis
3380 982 3478 1033 mei

1901 1064 1987 1131 qui
2032 1072 2104 1116 est
2150 1064 2202 1115 in
2250 1076 2428 1116 sancto
2463 1063 2580 1132 (Ps.
2611 1080 2776 1128 vatt,
2808 1066 2922 1133 25’).
2980 1068 3053 1121 De
3079 1068 3217 1122 coelo
3250 1073 3392 1122 venit
3425 1072 3476 1123 in

1904 1162 2122 1208 uterum
2159 1154 2423 1221 Virginis,
2468 1155 2536 1208 de
2566 1164 2722 1209 utero
2752 1172 2880 1209 vero
2911 1159 3179 1212 nascendo
3209 1161 3400 1227 positus
3427 1164 3478 1214 in

1905 1246 2153 1313 prtesepio
2183 1244 2330 1312 (Luc.
2363 1261 2422 1313 ll,
2456 1246 2532 1315 7).
2563 1246 2853 1314 Postquam
2887 1249 3062 1300 omnia
3097 1249 3354 1315 implevit,
3385 1267 3480 1318 pro

1905 1337 2096 1406 quibus
2118 1353 2158 1392 ea
2200 1338 2356 1392 Patre
2396 1339 2594 1392 missus
2625 1348 2879 1406 venerat,
2935 1356 3200 1410 appensus
3231 1344 3388 1396 estin
3420 1343 3481 1396 li-

1903 1443 2008 1498 gno
2038 1429 2242 1495 crucis;
2271 1431 2338 1484 de
2358 1445 2519 1485 cruce
2551 1441 2729 1484 autem
2758 1430 3032 1500 depositus
3062 1434 3194 1501 (Act.
3224 1449 3338 1498 xui,
3364 1433 3480 1502 99),

1905 1519 2199 1574 secundum
2231 1535 2426 1588 corpus
2454 1521 2698 1588 sepultus
2727 1529 2810 1575 est
2831 1561 2846 1586 ,
2888 1523 3182 1576 secundum
3215 1539 3342 1576 vero
3369 1527 3484 1577 ani-

1909 1625 2049 1663 mam
2085 1609 2150 1663 ad
2179 1610 2387 1664 inferna
2419 1611 2735 1674 descendit;
2767 1613 2919 1665 tertia
2953 1623 3129 1666 autem
3153 1613 3249 1666 die.
3272 1629 3366 1680 per
3391 1629 3488 1681 po—

1913 1703 2134 1756 tentiam
2176 1716 2287 1755 sua:
2327 1701 2624 1756 divinitatis
2667 1718 2885 1756 carnem
2935 1719 3086 1758 suam
3127 1705 3197 1758 de
3236 1706 3488 1773 sepulcro

299 1797 602 1852 Posteriora
645 1794 765 1848 Filii
823 1795 914 1847 Dei
955 1796 1254 1847 incarnatio
1284 1793 1577 1860 accipitur;
1607 1793 1676 1845 de
1703 1807 1803 1858 qua
1836 1780 1884 1839 Β
1910 1794 2283 1858 suscitavit,et
2301 1805 2424 1863 post
2449 1796 2590 1848 diem
2618 1797 3028 1850 resurreCtionis
3050 1812 3163 1850 sua:
3188 1798 3488 1868 quadrage-

221 1886 514 1959 posteriori
541 1893 694 1952 parte
722 1882 887 1936 Filius
917 1883 969 1935 in
999 1894 1184 1959 monte
1203 1881 1351 1936 Sinai
1380 1880 1445 1935 ad
1470 1880 1681 1942 Mosen,
1715 1895 1809 1948 per

221 1979 473 2049 angelum
500 1979 725 2044 loquens
753 1975 830 2027 ait
863 1992 876 2027 :
915 1958 1214 2027 Posteri'ora
1244 1988 1358 2026 mea
1387 1971 1595 2035 uidebis,
1627 1970 1808 2038 faciem

221 2085 398 2126 autem
428 2085 590 2123 meam
616 2069 782 2122 uidere
803 2083 902 2120 non
934 2077 1076 2135 potes
1103 2065 1303 2137 (Exod.
1339 2080 1526 2127 χχχιιι,
1548 2065 1666 2135 ‘25).

301 2163 474 2217 Pedes
525 2161 618 2214 Dei
677 2158 1100 2214 stabilimentum
1141 2157 1357 2210 virtutis
1394 2156 1542 2226 ejus,
1572 2170 1638 2209 eo
1667 2156 1808 2225 quod

225 2255 427 2322 ubique
456 2264 696 2319 prmsens
716 2289 730 2314 ,
759 2259 814 2303 et
837 2250 1096 2302 universa
1126 2247 1202 2302 illi
1235 2255 1361 2300 sunt
1386 2246 1662 2315 subjecta;
1694 2247 1812 2314 ipso

224 2348 444 2398 dicente
471 2357 566 2411 per
588 2341 775 2396 Isaiam
802 2357 815 2393 :
850 2338 1045 2392 Caelum
1085 2338 1211 2389 mihi
1250 2339 1392 2390 sedes
1432 2348 1527 2404 est,
1554 2347 1689 2390 terra
1719 2353 1814 2389 au-

223 2445 328 2489 tem
357 2431 636 2487 scabellum
663 2431 850 2499 pedum
879 2444 1107 2482 meorum
1145 2426 1299 2495 (Isai.
1331 2443 1473 2492 LXVI,
1514 2427 1588 2497 ι).
1641 2429 1815 2483 Aliter

228 2527 402 2595 pedes
440 2523 558 2578 Filii
586 2524 678 2576 Dei
704 2523 1003 2575 incarnzttio
1033 2519 1372 2586 intelligitur,
1393 2513 1520 2587 (qua:
1548 2519 1814 2574 divinitati

226 2615 476 2684 subjecta
509 2626 591 2667 est
623 2625 889 2681 tamquam
915 2613 1074 2679 capiti
1109 2611 1295 2680 pedes.
1353 2611 1505 2666 Sicut
1537 2625 1631 2678 per
1658 2620 1817 2680 caput

228 2709 519 2769 divinitas,
553 2707 624 2759 ita
660 2721 753 2774 per
791 2704 952 2774 pedes
983 2705 1284 2758 humanitas
1314 2704 1429 2773 ejus
1457 2704 1812 2773 exprimitur:

227 2801 302 2856 de
348 2815 450 2868 qua
500 2797 832 2852 humanitate
875 2798 929 2849 in
977 2795 1160 2850 Exodo
1195 2799 1453 2866 scriptum
1477 2805 1594 2850 est:
1636 2794 1820 2848 Videre

234 2891 523 2943 Dominunt
560 2887 777 2942 Jesum:
820 2888 900 2941 hic
927 2897 1000 2940 est
1030 2887 1197 2940 Moses
1227 2876 1273 2940 εἰ
1303 2886 1513 2953 Aaron,
1560 2884 1748 2939 Nadab
1773 2894 1823 2938 et

231 2979 372 3034 Abiu
394 3017 412 3043 ,
457 2987 504 3031 et
537 2979 858 3046 septuaginta
896 2977 958 3029 de
985 2977 1270 3029 senioribus
1299 2976 1394 3030 sub
1427 2976 1641 3046 pedibus
1676 2976 1822 3045 quasi

235 3074 440 3140 lapides
474 3067 728 3141 sapphiri,
770 3077 817 3120 et
869 3069 1018 3136 quasi
1066 3069 1250 3121 uelum
1298 3082 1412 3120 cum
1464 3082 1695 3120 serenum
1749 3075 1824 3119 est

1911 1884 2101 1937 simam
2147 1886 2430 1938 uidentibus
2488 1885 2746 1952 Apostolis
2799 1889 3027 1940 ascendit
3083 1889 3136 1940 in
3191 1888 3402 1954 caelum,
3441 1897 3489 1942 et

1909 1974 2047 2026 sedet
2075 1973 2143 2026 ad
2182 1974 2442 2027 dexteram
2486 1974 2660 2028 Patris
2691 1978 2826 2046 (Act.
2869 1995 2905 2038 t,
2940 1977 3006 2042 9;
3039 1978 3205 2032 More.
3234 1995 3340 2045 xvi,
3375 1981 3486 2048 i9).

1913 2063 1966 2115 id
2011 2073 2095 2118 est
2119 2103 2134 2128 ,
2179 2063 2232 2117 in
2264 2065 2432 2131 gloria
2459 2079 2553 2118 sua
2583 2083 2596 2118 :
2646 2075 2768 2118 Sunt
2798 2067 2940 2120 enini
2973 2083 3189 2135 gressus
3220 2069 3340 2122 Filii
3369 2070 3486 2136 Dei,

1915 2155 2014 2208 iste
2040 2163 2122 2208 est
2148 2155 2442 2209 descensus
2490 2166 2545 2210 et
2594 2173 2849 2213 ascensus
2885 2161 3032 2228 ejus,
3061 2163 3150 2229 qui
3183 2161 3491 2231 frequenter

1916 2247 1968 2300 in
1999 2247 2296 2318 Scripturis
2334 2249 2502 2302 sacris
2529 2249 2758 2318 legitur-

1981 2325 2298 2394 'Ascendere
2328 2339 2527 2394 dicitur
2573 2341 2712 2394 Deus
2738 2383 2752 2404 ,
2804 2358 2923 2396 cum
2975 2344 3142 2398 Filius
3171 2359 3390 2399 carnem
3427 2362 3491 2402 es

1915 2431 2072 2485 nobis
2097 2442 2426 2499 assumptam
2466 2433 2516 2485 in
2548 2435 2741 2488 omium
2767 2434 2925 2487 t-eluti
2957 2439 3204 2499 captivam
3229 2437 3375 2490 duxit
3403 2454 3493 2490 ca-

1917 2524 2199 2594 ptivitatem
2229 2523 2347 2594 (Ps.
2374 2540 2536 2592 stn,
2572 2523 2685 2594 l9),
2720 2525 2840 2593 quia
2873 2535 3118 2579 naturam
3151 2527 3364 2581 humani
3406 2541 3499 2596 ge-

1919 2616 2066 2670 neris
2096 2657 2110 2676 .
2155 2632 2274 2685 quae
2303 2617 2521 2671 diabolo
2553 2617 2602 2670 in
2646 2618 2846 2671 mundo
2881 2620 3091 2685 captivo
3141 2619 3496 2685 retinebatur,

1919 2723 2205 2762 assumens
2236 2723 2418 2763 secum
2455 2708 2505 2761 in
2534 2709 2752 2774 caelum,
2783 2710 2868 2761 ubi
2902 2722 3187 2778 numquam
3213 2720 3368 2764 antea
3394 2712 3500 2764 fue-

1922 2807 2027 2866 rat,
2065 2809 2330 2867 tamquam
2362 2800 2628 2866 captivam
2661 2798 2982 2866 deportavit.

1994 2889 2346 2944 Abscondere
2376 2890 2518 2943 Deus
2547 2889 2736 2942 faciem
2770 2890 2964 2959 legitur
2990 2889 3166 2956 (Deut.
3191 2905 3358 2954 χχχιι,
3382 2889 3500 2958 20).

1925 2999 2046 3038 cum
2097 2983 2418 3053 quibusdam
2471 2997 2656 3037 eorum
2707 2997 2774 3036 ex
2825 2983 3072 3050 gentibus
3101 2982 3294 3051 culpis,
3321 2983 3506 3052 cogni-

1930 3074 2130 3129 tionem
2163 3089 2312 3127 suam
2346 3072 2662 3135 abscondit,
2695 3073 2836 3126 sicut
2866 3073 2916 3126 in
2960 3073 3158 3140 pepulo
3196 3071 3502 3126 inda-orum

234 3133 440 3232 (Exod.
487 3133 630 3224 sitv,
671 3159 784 3226 10).
824 3133 989 3213 Sicut-
1012 3171 1190 3212 autem
1224 3173 1318 3227 per
1352 3157 1582 3228 lapidem
1609 3155 1823 3226 sapphi-
1854 3133 1902 3198 ο
1935 3180 2074 3218 nunc
2103 3165 2382 3232 impletum
2411 3178 2530 3217 esse
2560 3133 2836 3227 videmus,
2868 3133 2991 3230 quia
3024 3133 3280 3231 negantes
3311 3163 3505 3214 Filium

237 3271 366 3309 rum
395 3252 646 3307 ccelestes
676 3260 970 3316 creaturas,
999 3251 1082 3305 vel
1112 3258 1328 3304 sanctos
1355 3250 1597 3320 angelos,
1631 3250 1699 3301 ita
1732 3265 1828 3317 per

233 3348 442 3402 caelum
493 3361 740 3400 serenum
765 3384 781 3411 ,
815 3356 1052 3398 sanctam
1099 3343 1391 3398 Ecclesium
1433 3343 1725 3398 electorum
1757 3358 1825 3397 ex

238 3437 560 3493 hominibus
607 3443 934 3505 assumptam
977 3436 1254 3503 signaliter
1300 3435 1676 3489 demonstrare
1729 3449 1829 3488 vo-

240 3530 369 3593 luit,
401 3541 566 3595 super
593 3541 727 3596 quas
755 3526 886 3580 duas
916 3536 1194 3579 creaturas
1225 3525 1384 3578 homo
1410 3536 1720 3593 assumptus
1747 3525 1832 3580 Fi-

241 3623 352 3674 lius
400 3619 495 3673 Dei
550 3619 601 3672 itt
653 3628 963 3687 perpetuum
1012 3626 1237 3685 regnat:
1282 3615 1348 3669 de
1383 3631 1489 3684 quo
1520 3616 1570 3668 in
1600 3616 1832 3683 psalmo,

238 3713 443 3778 omnia,
471 3709 677 3778 inquit,
712 3710 974 3781 subjecisti
1004 3707 1094 3761 sub
1126 3707 1334 3777 pedibus
1360 3722 1538 3759 eorum
1572 3706 1689 3776 (Ps.
1721 3722 1834 3771 Vlll,

239 3804 324 3876 8).
367 3803 547 3856 Aliter
577 3813 754 3854 autem
787 3799 948 3870 pedes
980 3799 1214 3862 Domini,
1248 3799 1299 3852 id
1329 3807 1441 3859 est,
1473 3796 1598 3851 Jesu
1632 3797 1837 3854 Christi

242 3897 564 3966 signiﬁcant
592 3904 807 3947 sanctos
843 3894 1227 3962 prmdicatores
1253 3935 1268 3959 ,
1300 3889 1366 3944 de
1392 3890 1586 3958 quibus
1617 3893 1667 3944 in
1703 3892 1840 3945 Deu-

243 3987 566 4045 teronomio
604 3988 861 4054 scriptmn
902 3995 1024 4040 est:
1058 3985 1158 4049 Qui
1183 3985 1601 4054 appropinquant
1630 3985 1842 4050 pedibus

253 4091 400 4163 ejus,
437 4088 691 4152 accipient
722 4085 782 4137 de
812 4083 1044 4136 doctrina
1073 4084 1180 4152 ejus
1211 4081 1390 4150 (Deut.
1418 4095 1610 4144 xxxiii,
1638 4082 1716 4152 5).

329 4181 730 4235 Vestimentum
782 4178 900 4232 Filii
941 4175 1034 4230 Dei
1071 4175 1358 4241 aliquando
1399 4189 1527 4229 caro
1568 4177 1685 4241 ejus
1726 4189 1845 4243 qua!

245 4291 277 4328 a
307 4272 601 4330 divinitate
634 4280 906 4337 assumpta
944 4278 1026 4322 est
1061 4282 1088 4320 a
1133 4267 1328 4320 divinis
1372 4266 1522 4344 libris
1552 4266 1848 4335 figuraliter

244 4364 550 4432 accipitur,
577 4362 642 4416 de
674 4377 778 4429 quo
805 4360 1118 4414 indumento
1146 4358 1326 4412 carnis
1357 4357 1520 4412 Isaias
1547 4359 1846 4412 vaticinans

244 4459 326 4512 ait
357 4475 375 4511 ε
422 4455 552 4522 Quis
588 4463 660 4507 est
691 4455 812 4519 iste,
848 4453 936 4520 qui
961 4453 1092 4504 uenit
1115 4451 1179 4502 de
1208 4449 1395 4511 Edam,
1427 4449 1602 4502 tinctis
1634 4448 1847 4501 vestibus

245 4554 318 4606 de
352 4551 524 4605 Bosra
553 4549 707 4619 (lsai.
739 4565 887 4611 thtt,
927 4546 1013 4616 l)?
1055 4547 1258 4600 Rursus
1289 4547 1671 4600 vestimentum
1705 4545 1848 4613 ejus-

247 4645 390 4699 dem
432 4641 648 4695 Domini
679 4653 859 4694 sancta
897 4639 1162 4707 accipitur
1201 4636 1476 4705 Ecclesia,
1505 4653 1625 4707 qua:
1654 4654 1749 4706 per
1782 4639 1846 4692 fi-

246 4735 384 4787 dem
408 4739 464 4786 et
483 4731 826 4785 dilectionem
846 4731 893 4786 ei
911 4731 1192 4800 conjunCIa
1222 4739 1305 4783 est
1329 4748 1340 4782 :
1372 4729 1437 4783 de
1454 4745 1561 4799 quo
1577 4730 1627 4782 in
1643 4730 1848 4796 psalmo

249 4829 530 4895 scriptum
566 4835 646 4877 est
674 4839 689 4876 :
724 4823 968 4877 Dominus
989 4824 1238 4895 regnavit,
1265 4823 1498 4876 decorem
1527 4822 1695 4876 induit
1727 4820 1847 4892 (Ps.

253 4934 406 4978 xc",
442 4916 517 4983 l).
550 4916 613 4969 Et
637 4917 688 4969 in
713 4917 816 4969 alio
840 4916 1042 4983 psalmo
1072 4915 1137 4968 ad
1169 4917 1338 4985 ipsum
1363 4915 1652 4968 Dominum
1679 4929 1691 4964 :
1723 4912 1853 4966 Con-

251 5009 544 5080 fessionem
590 5015 637 5059 et
687 5006 919 5058 decorem
965 5005 1198 5073 induisti,
1246 5007 1460 5060 amictus
1499 5005 1690 5058 lumine
1722 5003 1852 5058 sicut

251 5100 570 5156 vestimento
595 5095 711 5167 (Ps.
735 5111 849 5158 cm,
880 5095 959 5166 ἓ).

339 5190 573 5245 Pallium
601 5186 799 5240 Christi
825 5187 934 5253 jam
964 5185 1105 5240 dicta
1144 5184 1385 5238 Ecclesia
1416 5182 1754 5252 intelligitur,
1785 5180 1853 5235 de

250 5299 380 5352 quo
414 5281 467 5334 in
499 5281 632 5333 libro
661 5277 856 5334 Genesi
899 5278 1154 5344 scriptum
1187 5285 1269 5330 est
1299 5293 1313 5330 :
1341 5273 1488 5328 Lavit
1525 5276 1578 5328 in
1609 5276 1724 5327 vino
1753 5284 1854 5327 sto-

233 5377 378 5429 lam
410 5388 560 5424 suam
591 5370 744 5437 (Gen.
777 5385 920 5432 χιιι,
955 5369 1068 5435 il),
1098 5367 1199 5421 hoc
1227 5375 1338 5430 est,
1370 5367 1424 5419 in
1450 5365 1696 5435 sanguine
1727 5379 1849 5432 pas-

247 5464 442 5522 sinnis
486 5479 703 5516 carnem
747 5476 896 5514 suam
930 5505 942 5528 ,
988 5471 1034 5513 et
1077 5460 1130 5512 in
1180 5459 1424 5527 sanguine
1473 5473 1583 5512 uete
1630 5456 1846 5527 pallium

245 5571 445 5617 Suum,
480 5553 530 5607 id
562 5562 666 5618 est,
693 5551 984 5607 Ecclesiam
1012 5565 1186 5604 suam.

334 5648 708 5703 Calciamenta
742 5643 948 5696 Domini
979 5639 1105 5695 Jcsu
1134 5637 1334 5694 Christi
1377 5638 1602 5708 mystice
1637 5638 1851 5708 signant

241 5739 693 5804 incarnationem
744 5736 857 5805 ejus
886 5778 899 5803 ,
947 5749 1103 5802 quam
1148 5748 1211 5787 es
1254 5731 1578 5786 mortalitate
1633 5730 1846 5785 humani

1931 3254 2062 3323 Dei,
2095 3253 2378 3308 scientiam
2425 3254 2532 3307 veri
2572 3253 2664 3306 Dei
2707 3253 2778 3306 ita
2811 3251 3182 3322 perdiderunt,
3219 3264 3270 3304 ut
3307 3252 3509 3306 similes

1932 3344 2112 3400 forent
2139 3346 2408 3415 gentibus,
2441 3358 2558 3411 quae
2588 3345 2866 3398 Dominum
2901 3357 3008 3397 non
3035 3350 3319 3397 noverunt.

2004 3437 2303 3494 Ostendere
2348 3437 2542 3491 dicitur
2585 3437 2725 3490 Dens
2762 3434 2952 3489 faciem
2988 3450 3137 3487 suam
3177 3433 3293 3503 (Ps.
3328 3448 3509 3498 uxtx,

1933 3529 2015 3600 4),
2043 3545 2164 3584 cum
2211 3537 2458 3596 reSpectu
2505 3529 2692 3597 gratiae
2729 3542 2840 3580 suae
2866 3567 2880 3588 ,
2912 3527 3105 3593 quibus
3131 3526 3277 3584 vult,
3309 3525 3516 3579 scilicet

1936 3621 2126 3677 electis
2151 3622 2264 3674 suis
2293 3621 2528 3688 seipsum
2564 3619 2616 3671 in
2648 3617 2806 3670 corda
2833 3632 3017 3670 eorum
3048 3616 3254 3669 occulta
3289 3614 3516 3681 inspira-

1940 3716 2086 3765 tione
2112 3710 2348 3763 insinuat
2375 3748 2390 3773 ,
2417 3716 2472 3762 et
2521 3706 2587 3760 ad
2627 3705 2954 3774 diligendum
2983 3717 3043 3757 se
3084 3717 3322 3756 amorem
3362 3718 3516 3757 suum

1939 3801 2190 3854 infundit.

2011 3892 2214 3946 Sedere
2260 3889 2461 3943 dicitur
2503 3902 2608 3940 non
2661 3886 3015 3954 corporaliter
3069 3884 3302 3938 humano
3347 3899 3519 3947 more,

1945 3981 2039 4037 sed
2072 3980 2434 4050 potentialiter
2460 3993 2620 4044 super
2649 3991 2864 4028 omnem
2897 3975 3199 4029 creaturam
3232 3973 3521 4026 rationabi-

1946 4074 2068 4128 liter
2108 4069 2439 4140 prmsidere:
2491 4077 2550 4121 ut
2593 4076 2674 4121 est
2723 4067 2854 4120 illud
2901 4066 2951 4119 in
3000 4066 3244 4134 psalmo:
3280 4064 3523 4132 Regnavit

1948 4162 2199 4217 Dominus
2224 4176 2373 4229 super
2399 4175 2570 4212 omnes
2595 4167 2793 4229 gentes,
2833 4157 2973 4210 Deus
3003 4157 3141 4208 sedet
3174 4172 3324 4225 super
3354 4155 3524 4207 sedem

1949 4263 2180 4310 sanctam
2217 4270 2363 4306 suam
2393 4250 2510 4322 (Ps.
2537 4267 2682 4316 ιιινι,
2714 4254 2792 4316 9).
2833 4249 3035 4303 Sedere
3066 4250 3228 4302 etiam
3267 4247 3405 4300 Deus
3447 4246 3526 4298 di-

1952 4353 2091 4406 citur
2117 4364 2268 4420 super
2297 4346 2550 4400 Cherubin
2585 4344 2894 4414 (Ps.xcvnt,
2924 4344 3002 4408 l),
3029 4348 3116 4410 qni
3144 4343 3526 4409 interpretatur

1955 4450 2235 4506 multitudo
2251 4463 2344 4502 seu
2371 4443 2642 4514 plenitudo
2657 4444 2918 4505 scientize,
2952 4457 3046 4509 per
3067 4441 3204 4510 quod
3223 4439 3528 4508 signiﬁcan-

1955 4553 2040 4598 tur
2066 4541 2236 4596 sancti
2267 4539 2436 4608 angeli
2460 4537 2574 4590 sive
2595 4546 2804 4589 mentcs
2826 4533 3178 4602 spiritualium
3203 4532 3456 4594 virorum,
3475 4532 3528 4585 in

1954 4635 2147 4706 quibus
2169 4632 2308 4686 Deus
2349 4629 2685 4684 invisibiliter
2724 4626 2972 4696 prtesidet
3005 4636 3056 4678 et
3091 4631 3295 4692 regnat.
3338 4622 3392 4675 ln
3424 4621 3530 4675 illis

1955 4725 2098 4781 enim
2143 4721 2294 4777 sedet
2337 4721 2424 4786 qui
2477 4719 2697 4774 scientia
2754 4718 2869 4784 ejus
2933 4725 2986 4769 et
3045 4715 3331 4769 dilectione
3387 4712 3530 4780 pleni

1955 4825 2100 4871 sunt.
2131 4813 2184 4867 In
2215 4810 2519 4866 Proverbiis
2562 4809 2763 4878 quippe
2800 4806 3108 4860 Salomonis
3138 4804 3394 4870 scriptum
3427 4810 3528 4866 est,

1957 4908 2142 4960 Anima
2175 4904 2285 4972 ejus
2325 4902 2467 4954 sedes
2503 4900 2796 4970 sapientite;
2820 4896 3072 4965 sapientia
3098 4909 3214 4947 vero
3243 4892 3334 4945 Dei
3361 4890 3531 4943 Patris

1958 4998 2188 5053 Christus
2215 5005 2288 5048 est
2317 4995 2360 5062 (l
2393 4992 2511 5048 Cor.
2543 5007 2578 5056 ι,
2601 4989 2719 5059 24),
2767 4989 2856 5059 qui
2896 4990 2950 5042 in
2996 4985 3186 5041 animis
3225 4993 3533 5038 sanctorum

1954 5087 2151 5142 dicitur
2181 5085 2390 5138 sedere.

2028 5175 2368 5232 Descendere
2407 5175 2545 5227 Deus
2585 5172 2636 5225 in
2671 5169 2925 5225 mundum
2955 5167 3152 5222 dicitur
3183 5163 3396 5234 quando
3428 5162 3526 5214 ali-

1955 5269 2080 5338 quid
2130 5281 2324 5320 novum
2372 5264 2513 5332 quod
2549 5273 2708 5316 antea
2737 5276 2840 5315 non
2874 5259 3047 5313 fuerat
3079 5259 3132 5310 in
3160 5265 3404 5310 creatura
3439 5253 3532 5304 hu-

1956 5375 2109 5415 mana
2141 5367 2424 5426 ojieratur,
2481 5356 2618 5410 sicut
2645 5355 2812 5408 Filius
2843 5352 2932 5406 Dei
2968 5348 3312 5404 descendisse
3343 5360 3533 5399 narra-

1958 5463 2064 5518 tur,
2093 5450 2308 5521 quando
2345 5463 2523 5502 veram
2553 5462 2771 5502 carnem
2802 5460 2865 5498 ex
2891 5443 3053 5497 Maria
3086 5440 3293 5509 virgine
3321 5445 3535 5503 propter

1954 5544 2377 5612 redemptionem
2407 5549 2646 5594 nostram
2670 5538 2931 5605 suscepit,
2964 5545 3016 5589 et
3046 5548 3205 5588 verus
3233 5533 3392 5585 homo
3419 5526 3534 5580 licri

1952 5639 2199 5708 dignatus
2249 5628 2370 5699 cst',
2403 5650 2506 5687 non
2563 5629 2860 5686 amittendo
2902 5628 3040 5697 quod
3081 5635 3234 5688 erat,
3263 5622 3352 5677 sed
3385 5635 3535 5673 assu-

1953 5729 2145 5784 ntcndo
2173 5726 2313 5798 quod
2347 5741 2452 5779 nun
2483 5732 2614 5779 erat.
2669 5722 2744 5776 De
2765 5719 2918 5790 cujus
2945 5716 3316 5780 descensione,
3346 5712 3395 5766 id
3423 5724 3530 5775 est,
