3932 6170
456 311 562 368 755

1421 305 1479 363 S.
1525 302 1845 362 EUCllEBIl
1885 297 2198 357 EPISCOPI
2235 295 2710 354 LUGDUNENSIS

3579 303 3669 362 736

454 433 823 493 incarnatione
857 429 910 485 in
952 426 1162 498 psalmo
1207 421 1461 491 scriptum
1507 427 1628 474 est:
1665 417 1728 471 Et
1764 413 2029 469 inclinauit
2056 415 2108 471 Α
2133 412 2298 466 etiam
2343 413 2400 464 ln
2449 411 2604 466 libro‘
2633 412 2694 464 Β.
2741 407 2845 465 Job
2887 409 3140 465 similiter
3188 411 3461 481 reperitur,
3499 418 3579 472 ubi
3613 422 3670 475 de

454 527 610 582 caelos
637 535 684 580 et
708 519 988 585 descendit,
1012 526 1059 570 et
1084 514 1252 583 caligo
1274 511 1366 568 sub
1383 510 1594 583 pedibus
1615 509 1723 579 ejus
1754 505 1874 576 (Ps.
1900 518 2030 568 xvn,

459 621 565 689 ill).
607 616 788 672 leos
815 609 1114 674 inclinavit,
1143 609 1231 676 qui
1261 615 1388 660 ante
1407 603 1695 658 adventum
1718 613 1872 654 suum
1897 609 2036 666 pra:-

456 713 671 765 nuntios
699 706 917 776 angelos
946 702 1062 757 sive
1094 699 1390 770 prephetas
1417 695 1584 759 misit,
1622 692 1764 762 quod
1793 691 1910 760 eius
1939 689 2036 743 ad-

454 809 670 856 ventum
723 795 1034 852 hominibus
1078 790 1482 846 annuntiarent.
1532 785 1718 855 Caligo
1755 784 1855 838 sub
1884 781 2039 852 pedi-

455 894 557 945 bus
583 889 700 958 ejus
729 887 855 952 fuit,
889 885 1015 953 quia
1047 881 1196 952 impii
1224 880 1470 934 homines
1500 878 1570 932 ob
1596 890 1746 930 suam
1775 873 2034 928 malitiam

455 979 886 1038 incarnationem
917 977 1036 1045 ejus
1081 983 1376 1043 agnoscere
1415 983 1523 1023 non
1559 972 1890 1037 potuerunt,
1939 961 2038 1018 sed

457 1087 634 1142 neque
661 1070 839 1124 adhuc
864 1074 1115 1138 possunt.

528 1164 692 1217 Stare
715 1160 914 1215 dicitur
941 1159 1080 1212 Deus
1106 1169 1228 1210 cum
1253 1166 1351 1208 nos
1375 1149 1640 1217 inﬁmos,
1675 1146 1726 1202 id
1752 1156 1856 1212 est,
1885 1157 2039 1200 suam

459 1261 766 1308 creaturam
799 1250 866 1305 ad
900 1247 1270 1319 pmnitentiam
1301 1253 1356 1299 et
1381 1232 1788 1297 conversionem
1834 1238 2041 1307 patien-

463 1357 547 1402 ter
573 1343 828 1409 sustinet,
853 1350 912 1396 ut
935 1348 1020 1395 est
1039 1338 1169 1393 illud
1195 1338 1247 1391 in
1275 1336 1526 1392 llabacuc
1554 1331 1814 1401 propheta
1841 1347 1858 1384 :
1889 1328 2041 1383 Stetit

461 1447 506 1492 et
533 1451 736 1490 mensus
761 1442 836 1488 est
866 1441 1055 1486 terram
1080 1473 1096 1498 ,
1134 1436 1182 1482 et
1210 1425 1441 1480 dissolvit
1480 1421 1711 1493 (Habes.
1745 1435 1824 1486 ιιι,
1847 1418 1904 1489 6)
1930 1435 1944 1470 :
1988 1417 2042 1472 id

462 1538 566 1592 est,
597 1527 741 1581 stetit
773 1524 840 1578 ad
865 1518 1383 1592 snperveniendum,
1414 1525 1469 1570 et
1490 1513 1738 1569 dissolvit
1760 1511 2044 1568 credentes

463 1620 518 1673 in
543 1632 603 1672 se
630 1631 660 1670 a
685 1614 914 1669 vinculis
940 1621 1311 1682 peccatorum.

533 1707 786 1763 Transire
813 1704 1013 1760 dicitur
1042 1703 1184 1756 Deus
1213 1741 1228 1768 ,
1263 1713 1383 1753 cum
1409 1697 1478 1752 de
1501 1694 1758 1752 cordibus
1783 1708 2044 1764 quorum-

2135 503 2398 572 sapientia
2456 503 2550 557 Dei
2603 499 2782 557 Patris
2841 517 2940 569 per
2993 517 3154 570 quam
3205 503 3425 572 plurima
3467 503 3666 578 insignia

2137 595 2350 650 locutus
2369 603 2476 658 est,
2499 594 2569 648 de
2587 593 2752 648 Patre
2774 593 2996 663 adjecit,
3024 593 3168 647 Tunc
3191 596 3310 649 vidit
3330 596 3465 650 illam
3483 608 3525 651 et
3548 617 3671 654 enor-

2135 686 2285 752 ravit,
2317 695 2362 739 et
2390 685 2730 756 investigavit,
2759 693 2806 738 et
2835 686 3141 754 preparavit
3180 683 3296 756 (Job
3319 690 3605 761 xxvnt,27);
3628 693 3670 747 id

2135 788 2244 845 est,
2278 779 2522 833 videntes
2553 777 2710 844 fecit,
2743 785 2798 833 et
2826 779 3204 847 praedicantes,
3231 788 3283 834 et
3307 781 3671 852 investigantes,

2137 879 2298 940 atque
2325 871 2449 926 aliis
2473 872 2876 925 annuntiantes.

2205 959 2551 1032 Cognoscere
2573 961 2692 1029 Dei,
2715 972 2800 1017 est
2830 972 3220 1032 cognoscentes
3247 964 3440 1033 facere,
3471 968 3595 1024 sicut
3617 971 3678 1026 ait

2138 1054 2206 1110 ad
2236 1054 2536 1121 Abraham,
2569 1053 2725 1110 Nunc
2770 1057 2986 1128 cognovi
3036 1058 3175 1127 quod
3223 1059 3392 1114 timeas
3439 1059 3681 1118 Dominum

2141 1146 2303 1218 (Gen.
2330 1163 2474 1213 xxtr,
2518 1147 2640 1220 12).
2676 1148 2860 1218 Neque
2886 1151 3035 1205 enim
3065 1151 3118 1205 in
3150 1160 3393 1222 tempore
3420 1155 3584 1224 novit,
3607 1157 3683 1227 qui

2140 1241 2320 1296 omnia
2352 1242 2458 1296 scit
2495 1251 2784 1313 antequam
2830 1241 2981 1296 ﬁant.
3028 1243 3134 1300 Sed
3169 1259 3492 1316 cognoscere
3517 1248 3684 1304 dicitur

2145 1332 2287 1387 Deus
2308 1343 2698 1403 cognoscentes
2718 1333 2930 1400 facere;
2955 1343 3016 1388 ιιι
3035 1337 3178 1406 quod
3199 1337 3347 1407 prius
3368 1339 3433 1394 de
3450 1353 3506 1394 se
3525 1341 3685 1410 quales

2144 1433 2329 1482 essent
2353 1425 2610 1497 incogniti
2637 1435 2812 1491 erant,
2839 1441 2936 1497 per
2955 1427 3072 1498 ejus
3103 1429 3563 1502 interrogationem
3584 1448 3685 1502 pro-

2145 1514 2363 1570 batione
2392 1516 2712 1585 sibimetipsi
2755 1515 3025 1570 manifesti
3068 1517 3284 1573 tierent.
3327 1519 3454 1575 Tale
3476 1531 3552 1577 est
3574 1521 3685 1577 illud

2146 1606 2203 1660 in
2228 1605 2344 1676 lege
2369 1606 2539 1678 Moysi
2565 1606 2633 1662 de
2656 1608 2858 1677 populo
2878 1607 3190 1676 Israelitico,
3220 1609 3289 1666 Ut
3309 1619 3503 1678 tentati,
3524 1611 3686 1683 inquit,

2147 1714 2251 1764 eos,
2282 1707 2456 1752 utrum
2485 1699 2777 1752 custodiant
2819 1701 3066 1755 mandata
3109 1717 3254 1770 mea,
3296 1718 3363 1755 an
3399 1719 3494 1757 non
3521 1703 3686 1776 (Exod.

465 1801 586 1856 dam
611 1797 910 1864 hominum,
940 1796 994 1851 in
1021 1795 1216 1862 quibus
1237 1802 1363 1846 ante
1384 1805 1480 1861 per
1511 1789 1669 1843 [Idem
1697 1787 2044 1852 credebatur,
2075 1782 2122 1844 Β
2150 1805 2261 1857 xvs,
2290 1788 2372 1860 4).

464 1900 653 1960 postea
699 1889 1029 1958 subrepente
1057 1883 1276 1955 perlidia
1303 1924 1316 1946 ,
1347 1881 1430 1936 vel
1476 1879 1717 1949 quolibet
1743 1878 1945 1932 delicto
1977 1877 2046 1931 ab

464 1984 544 2038 eis
569 1980 814 2045 recedit,
856 1989 910 2034 et
951 1978 1016 2032 ad
1059 1975 1195 2030 alios
1226 1973 1454 2037 transit,
1499 1969 1950 2039 quemadmodum
1979 1968 2048 2022 de

464 2075 669 2130 Juda'is
697 2073 762 2127 ad
805 2081 993 2140 gentes
1024 2115 1038 2138 ,
1087 2069 1156 2124 de
1187 2064 1457 2121 haereticis
1486 2063 1551 2118 ad
1582 2062 1878 2118 catholicos
1901 2103 1918 2129 ,
1948 2075 2050 2117 seu

463 2169 531 2223 de
555 2163 880 2236 quibuslibet
912 2159 1230 2231 irreligiosis
1255 2158 1322 2212 ad
1350 2155 1658 2225 religiosos.

537 2257 809 2314 Recedere
853 2256 1050 2311 dicitur
1089 2254 1229 2308 Deus
1270 2259 1325 2307 et
1351 2250 1416 2304 ad
1447 2249 1580 2303 alios
1609 2245 1874 2314 transire,
1905 2242 2049 2314 quod

469 2366 573 2406 non
603 2350 844 2406 localiter
862 2357 954 2402 aut
973 2345 1279 2408 visibiliter,
1311 2343 1405 2397 sed
1437 2340 1780 2397 invisibiliter
1807 2338 2050 2394 occulto-

467 2456 572 2512 que
597 2439 802 2509 judicio
825 2452 888 2492 ac
910 2437 1058 2506 justo
1093 2434 1272 2489 facere
1296 2431 1497 2503 aliquid
1527 2430 1833 2486 consuevit.

540 2531 834 2586 Ambulare
871 2529 1070 2583 dicitur
1112 2526 1273 2589 Deus,
1321 2537 1428 2578 non
1471 2522 1541 2577 de
1584 2521 1705 2576 loco
1751 2520 1820 2576 ad
1868 2520 2050 2577 locum

470 2625 818 2689 transeundo,
850 2622 978 2692 quia
1005 2619 1223 2688 impium
1251 2625 1338 2672 est
1367 2615 1437 2670 ita
1463 2614 1709 2680 credere,
1739 2613 1833 2669 sed
1863 2614 2055 2668 ambu-

471 2720 602 2774 latio
641 2717 758 2787 ejus
787 2715 840 2770 in
892 2713 1147 2769 cordibus
1196 2717 1499 2765 sanctorum
1553 2707 1860 2772 delectatio,
1911 2707 2053 2762 sicut

469 2814 728 2880 scriptum
756 2815 841 2862 est
864 2823 876 2860 :
902 2805 971 2859 Et
1000 2802 1295 2858 inhabitabo
1309 2801 1364 2854 in
1389 2800 1482 2867 eis,
1506 2809 1552 2852 et
1575 2798 1868 2864 ambulabo,
1898 2807 1945 2852 et
1965 2815 2053 2853 ero

468 2903 675 2958 illorum
724 2897 961 2970 Deus(ll
992 2895 1113 2950 Cor.
1154 2910 1241 2962 vt,
1279 2892 1390 2962 l6).
1437 2891 1535 2946 Vel
1581 2899 1729 2946 certe
1776 2891 2053 2945 ambulare

470 2997 562 3050 Dei
596 3005 680 3049 est
722 2993 774 3047 in
817 2989 1020 3046 sanctis
1065 2985 1508 3057 praedicatoribus
1550 2983 1664 3038 suis
1706 2982 1774 3036 de
1819 2984 1939 3036 loco
1984 2982 2051 3035 ad

470 3088 645 3143 locum
680 3082 937 3138 transire.

2216 1879 2440 1937 Nescire
2488 1882 2614 1951 Dei,
2668 1893 2751 1938 est
2792 1881 3054 1953 quosdam
3107 1883 3370 1953 reprobos
3415 1884 3688 1955 reprobare,

2147 1971 2288 2028 sicut
2324 1982 2410 2028 est
2461 1973 2595 2030 illud
2639 1975 2695 2029 in
2737 1975 3052 2041 Evangelia,
3089 1974 3282 2031 Nescio
3310 1993 3395 2031 vos
3420 1977 3545 2032 unde
3569 1977 3690 2044 sitis;

2147 2064 2914 2136 recediteamequioperamini
2932 2065 3256 2136 iniquitatem
3291 2066 3438 2141 (Luc.
3471 2083 3574 2135 xm,
3593 2067 3689 2138 επ).

2218 2153 2409 2210 Zelare
2437 2154 2636 2210 dicitur
2673 2156 2836 2224 Deus,
2866 2173 2990 2214 cum
3035 2170 3344 2217 creaturam
3389 2177 3530 2218 suam
3561 2177 3690 2232 qnam

2148 2262 2256 2302 non
2285 2247 2404 2303 vult
2435 2250 2635 2318 perire,
2665 2264 2810 2320 saepe
2838 2253 3078 2323 castigat,
3109 2256 3347 2324 corripit,
3377 2265 3518 2324 atque
3542 2255 3693 2326 ﬂagel-

2149 2337 2246 2404 lat,
2277 2349 2334 2396 et
2359 2338 2685 2410 ﬂagellando
2715 2341 2780 2396 ad
2829 2357 2888 2397 se
2933 2344 3164 2400 reducit.
3205 2345 3298 2400 Vel
3331 2346 3501 2402 zelare
3528 2347 3693 2402 dicitur

2152 2431 2316 2499 Deus,
2349 2446 2470 2486 cum
2503 2433 2709 2487 nullum
2737 2444 3018 2503 peccatum
3051 2435 3378 2506 impunitum
3415 2437 3525 2494 vult
3555 2438 3690 2492 retin.

2150 2537 2339 2591 quere.
2363 2521 2546 2578 Justus
2569 2531 2656 2578 est
2677 2524 2846 2593 enim,
2870 2532 2926 2580 et
2951 2525 3074 2580 ideo
3099 2526 3284 2583 omnis
3304 2528 3546 2598 injustitia
3571 2542 3694 2582 exse-

2150 2613 2370 2668 crabilis
2398 2623 2482 2668 est
2506 2614 2603 2679 illi,
2635 2631 2819 2686 quam,
2850 2625 2908 2671 ut
2933 2615 3138 2673 dictum
3160 2621 3422 2686 est,nullo
3449 2621 3594 2675 modo
3618 2621 3693 2672 im~

2152 2706 2394 2775 punitam
2426 2706 2643 2775 patitur.

2223 2797 2388 2851 irasci
2419 2796 2616 2852 dicitur
2645 2797 2819 2867 Deus,
2857 2813 2963 2853 non
2994 2799 3160 2854 animi
3191 2809 3364 2866 motu,
3393 2799 3470 2855 vel
3497 2799 3698 2870 qualibet

2150 2891 2584 2962 perturbatione,
2609 2907 2728 2961 qua:
2756 2891 2832 2945 illi
2855 2893 3077 2946 omnino
3109 2873 3360 2948 accidere
3391 2908 3491 2948 non
3519 2899 3694 2962 potest:

2155 2983 2249 3038 sed
2280 2992 2544 3037 creatura:
2585 2984 2942 3054 delinquenti,
2976 2985 3025 3039 id
3055 2995 3158 3053 est,
3193 2985 3501 3041 hominibus
3527 2986 3695 3054 impiis,

2154 3086 2210 3131 et
2236 3076 2632 3146 peccatoribus,
2655 3078 2856 3147 justam
2877 3078 3077 3132 dicitur
3099 3078 3306 3136 inferre
3331 3079 3591 3146 ultionem,
3617 3078 3698 3130 hoc

542 3175 710 3242 Loqui
741 3173 836 3227 Dei
865 3169 1214 3225 invisibiliter
1232 3167 1351 3222 sine
1371 3180 1508 3221 sono
1527 3165 1675 3220 vocis
1698 3164 1780 3219 vel
1807 3164 2050 3235 quolibet
2077 3151 2122 3214 C
2154 3177 2260 3234 est,
2293 3167 2521 3223 reddere
2550 3169 2660 3223 illis
2687 3169 2828 3236 quod
2860 3180 3141 3226 merentur
3185 3190 3199 3224 :
3243 3181 3296 3228 et
3337 3172 3449 3229 haec
3478 3172 3596 3226 ultio
3632 3169 3699 3224 di-

472 3271 701 3340 strepitu
763 3267 978 3322 occulte
1031 3261 1302 3318 mentibus
1357 3268 1662 3314 sanctorum
1715 3259 2048 3314 voluntatem

472 3378 622 3418 suam
648 3368 808 3429 atque
830 3363 1035 3411 rectum
1059 3353 1390 3410 intellectum
1418 3353 1703 3420 inspirare,
1725 3366 1823 3406 seu
1845 3349 2046 3420 futura,

473 3458 613 3511 sicut
643 3455 695 3508 in
725 3449 928 3506 sanctis
955 3445 1233 3518 prophetis
1261 3446 1522 3501 revelare.
1548 3445 1678 3510 Quae
1699 3445 1900 3500 locutio
1931 3446 2047 3512 Dei,

473 3554 530 3599 ut
571 3542 788 3613 quidam
833 3539 1046 3601 volunt,
1079 3536 1248 3591 tribus
1297 3534 1471 3590 modis
1523 3535 1807 3601 accipitur.
1866 3534 2052 3590 Primo

473 3649 704 3706 namque
749 3632 911 3688 modo
958 3645 1053 3699 per
1099 3627 1395 3698 subiectam
1440 3635 1772 3693 creaturam,
1815 3627 2052 3683 sicutad

475 3727 653 3782 Mosen
680 3728 734 3781 in
763 3725 886 3779 rubo
929 3723 1168 3796 apparuit
1197 3719 1402 3790 (Exod.
1434 3734 1523 3789 ιιι,
1554 3719 1646 3786 2).
1687 3719 1785 3776 Vel
1816 3721 1953 3776 sicut
1983 3721 2051 3776 ad

475 3819 730 3873 Abraham
765 3816 915 3890 (Gen.
946 3813 1111 3883 xmt)
1153 3821 1316 3882 atque
1342 3811 1503 3865 Jacob
1531 3810 1683 3882 (Gen.
1717 3829 1889 3878 xxxn,
1920 3811 2046 3884 24),

472 3918 525 3963 ει
553 3911 765 3964 caneris
788 3909 1011 3973 sanctis,
1039 3905 1230 3976 quibus
1257 3904 1310 3958 in
1343 3904 1546 3972 angelis
1575 3919 1838 3973 apparere
1863 3905 2050 3975 digna-

473 4009 558 4057 tus
589 4013 694 4056 εει.
726 4000 978 4056 Secundo
1008 4015 1136 4053 vero
1167 3997 1325 4053 modo
1358 3999 1409 4051 in
1445 3997 1674 4064 somnis,
1714 4000 1851 4053 sicut
1891 3999 2052 4053 Iacob

473 4093 625 4162 (Gen.
654 4109 841 4156 xxvm,
871 4091 1037 4164 ll)et
1067 4091 1338 4146 Zacltaritc
1366 4092 1642 4162 propheta:
1671 4093 1855 4164 (Zaclt.
1889 4111 1960 4158 tv,
1997 4093 2052 4164 1)

472 4194 529 4240 et
554 4183 748 4253 Ioseph
769 4199 954 4253 sponso
979 4183 1164 4236 Mariae
1195 4183 1372 4254 (Matt.
1401 4200 1440 4251 ι,
1464 4184 1578 4255 20),
1604 4196 1658 4240 et
1685 4186 1882 4240 sanctis
1908 4185 2050 4252 aliis,

473 4277 671 4345 quibus
701 4283 968 4330 secretum
994 4289 1151 4328 suum
1181 4275 1429 4331 revelare
1453 4276 1640 4330 voluit.
1670 4277 1852 4331 Tertio
1874 4287 2053 4332 autem

475 4367 636 4423 modo
677 4382 851 4435 neque
881 4381 976 4436 per
1015 4375 1317 4423 creaturam
1341 4365 1604 4422 visibilem
1624 4369 2083 4440 nequeperhomi-

2155 3259 2304 3326 vina,
2339 3259 2487 3317 furor
2513 3260 2630 3330 ejus
2661 3260 2854 3316 dicitur
2883 3260 3002 3334 (Ps.
3039 3277 3114 3330 vr,
3148 3261 3231 3334 1).

2226 3351 2500 3408 Ρωιιὶιειιε
2528 3353 2726 3408 dicitur
2757 3353 2915 3420 Deus,
2947 3369 3055 3408 non
3085 3357 3236 3426 quod
3280 3371 3429 3412 more
3459 3355 3698 3411 hominum

2154 3460 2255 3516 pro
2283 3446 2570 3501 transactis
2597 3445 2854 3516 Operibus
2897 3446 3105 3502 scilicet
3151 3450 3441 3517 paeniteat;
3473 3449 3554 3519 qui
3583 3447 3699 3502 enim

2153 3541 2304 3596 novit
2333 3550 2620 3610 antequam
2653 3540 2802 3608 ﬁant,
2835 3555 2934 3611 pro
2975 3543 3307 3612 perpetratis
3331 3543 3531 3598 actibus
3556 3537 3700 3610 paeni-

2153 3643 2269 3688 tere
2300 3648 2404 3687 non
2433 3641 2629 3702 potest,
2658 3631 2753 3688 sed
2785 3631 3100 3702 pmnitentia
3131 3633 3252 3702 Dei,
3279 3643 3472 3689 statuta
3506 3641 3702 3693 mutare,

2155 3735 2211 3782 et
2238 3725 2380 3795 quod
2412 3725 2562 3796 prius
2588 3725 2747 3780 aliter
2776 3724 2970 3792 fuerat,
3017 3725 3069 3779 in
3099 3725 3254 3782 aliud
3282 3737 3507 3791 mutare,
3545 3723 3590 3777 id
3614 3731 3701 3784 est,

2155 3829 2249 3874 aut
2276 3819 2346 3874 de
2391 3818 2552 3873 bonis
2592 3804 2931 3890 exigentibus
2958 3819 3132 3888 culpis
3182 3821 3239 3875 in
3271 3821 3486 3885 malum,
3517 3821 3630 3872 sicut
3655 3815 3704 3868 de

2158 3910 2292 3967 Saul
2336 3911 2520 3984 legitur
2564 3912 2859 3980 paenituisse
2888 3910 3188 3978 Dominum,
3221 3911 3358 3980 quod
3398 3909 3704 3964 constituisset

2157 4019 2270 4056 eum
2298 4019 2465 4074 regem
2491 4002 2540 4073 (l
2573 4002 2700 4074 Reg.
2731 4017 2819 4066 xv,
2847 3999 2901 4056 11
2926 3999 2977 4072 );
3013 4002 3098 4057 vel
3130 4003 3279 4057 sicut
3317 4018 3457 4057 nunc
3499 3999 3706 4054 videmus

2159 4095 2212 4148 in
2242 4095 2440 4162 popqu
2469 4093 2776 4148 Judzeorum
2810 4102 2990 4146 actum
3013 4133 3028 4158 ,
3064 4092 3153 4162 qui
3191 4109 3314 4148 cum
3347 4101 3487 4148 esset
3513 4087 3708 4160 populus

2160 4187 2278 4254 Dei,
2311 4188 2382 4242 ob
2409 4188 2736 4256 impietatem
2767 4200 2917 4240 suam
2942 4185 3069 4239 facti
3095 4195 3226 4239 sunt
3248 4201 3500 4257 synagoga
3528 4183 3708 4238 Satana

2161 4276 2357 4350 (Apoc.
2391 4293 2451 4347 ιι,
2485 4277 2566 4349 9).
2596 4278 2672 4332 De
2701 4278 2844 4332 malo
2873 4291 3000 4332 vero
3031 4277 3081 4330 in
3121 4278 3354 4341 bonum,
3387 4278 3520 4331 sicut
3545 4268 3710 4327 accidit

2160 4372 2216 4425 in
2245 4372 2444 4442 populo
2472 4371 2734 4440 gentium,
2767 4369 2854 4440 qui
2885 4381 3011 4424 ante
3051 4386 3151 4423 non
3182 4371 3408 4442 papulas
3450 4368 3560 4431 Dei,
3591 4377 3710 4417 nunc

475 4476 623 4529 nem,
670 4460 764 4516 sed
796 4463 1010 4514 occulta
1051 4469 1260 4514 tantum
1306 4460 1668 4530 inspiratione
1709 4461 2058 4516 invisibiliter
2091 4525 2123 4531 _
2162 4470 2341 4516 autem
2372 4476 2469 4531 per
2517 4460 2716 4514 Christi
2745 4459 2994 4529 gratiam,
3045 4462 3272 4530 populus
3320 4460 3416 4514 Dei
3459 4459 3614 4530 factus
3653 4461 3711 4507 est

473 4525 635 4607 corda
669 4567 892 4608 suorum
937 4551 1207 4621 tangendo
1251 4525 1534 4622 loquentes
1579 4553 1766 4620 efficit,
1798 4554 2054 4623 quemad-
2085 4525 2136 4584 θ
2163 4554 2338 4626 (Rom.
2364 4525 2440 4621 ιί,
2463 4550 2586 4624 26).
2611 4553 2723 4607 11οε
2745 4525 2940 4622 quippe
2970 4525 3132 4607 modo
3163 4554 3378 4607 occulto
3409 4525 3496 4605 Dei
3517 4546 3710 4618 judicio,

476 4646 692 4701 modum
716 4646 770 4700 in
796 4643 946 4698 libris
971 4643 1356 4714 prephetarum
1380 4647 1640 4715 scriptum
1662 4655 1776 4711 est,
1805 4662 1927 4700 cum
1957 4647 2059 4715 ipsi

478 4736 754 4804 prophetae
785 4735 964 4789 subito
995 4735 1159 4789 afﬂati
1205 4735 1395 4805 spiritu
1437 4736 1621 4792 divino
1658 4737 2058 4806 exclamabant,

474 4825 581 4880 hinc
601 4826 723 4879 dicit
753 4824 1004 4880 Dominus
1033 4824 1196 4897 (Isai.
1227 4842 1324 4890 vn,
1351 4828 1442 4896 7).

542 4918 742 4974 Videre
769 4919 863 4973 Dei
889 4911 972 4972 esi
997 4930 1113 4972 acta
1138 4918 1277 4972 bona
1301 4918 1624 4989 approbare,
1649 4918 1788 4974 sicut
1814 4927 1898 4975 est
1925 4919 2059 4976 illud

473 5013 524 5067 in
555 5011 795 5067 Genesi:
836 5010 980 5065 Vidit
1025 5009 1166 5066 Deus
1210 5023 1396 5065 cuncta
1429 5029 1542 5082 qua:
1587 5017 1776 5082 fecerat
1821 5021 1869 5066 et
1912 5021 2059 5067 erant

473 5104 618 5157 ualde
648 5103 780 5158 bona
809 5101 964 5175 (Gen.
1005 5119 1044 5168 ι,
1086 5101 1199 5172 3i),
1237 5103 1290 5157 id
1322 5113 1426 5170 est,
1462 5104 1887 5173 intelligentibus
1919 5104 2058 5159 bona

480 5195 888 5250 demonstravit.
917 5196 1109 5261 Aliter,
1143 5196 1339 5251 Videre
1365 5197 1454 5250 Dei
1486 5204 1572 5250 est
1603 5198 1741 5249 mala
1775 5197 2057 5252 hominum

475 5287 695 5343 sciendo
724 5290 1041 5359 reprobare,
1073 5290 1212 5343 sicut
1251 5296 1335 5344 est
1367 5288 1497 5342 illud
1533 5289 1585 5342 in
1614 5288 1743 5343 ls:iia
1773 5289 2056 5360 propheta,

477 5376 541 5431 Et
565 5382 686 5434 vidit
719 5381 873 5445 Deus,
919 5390 965 5435 et
995 5381 1184 5434 malum
1213 5382 1453 5451 apparuit
1483 5381 1536 5433 in
1566 5381 1726 5436 oculis
1754 5382 1909 5459 εἰμι(
1927 5380 2054 5436 Isat'.

474 5487 584 5536 ιιι,
633 5471 754 5542 15).
802 5472 934 5526 ltem
984 5475 1140 5527 aliter
1189 5472 1374 5526 videre
1409 5471 1500 5526 Dei
1547 5483 1652 5541 est,
1688 5489 1784 5528 nos
1815 5474 2059 5528 videntes

476 5560 676 5626 facere,
707 5571 767 5616 ut
794 5573 876 5616 est
919 5563 1047 5617 illud
1082 5566 1134 5616 in
1186 5563 1419 5632 psalmo,
1455 5561 1628 5616 Proba
1671 5581 1775 5625 me,
1810 5563 1980 5629 Deus,
2011 5571 2062 5618 et

476 5654 602 5709 scito
629 5669 716 5705 cor
743 5671 906 5706 meum
937 5653 1051 5713 (Ps.
1082 5670 1335 5727 csxxvttt,
1368 5654 1486 5721 23),
1518 5667 1571 5708 et
1602 5664 1796 5708 Csc'tcra
1823 5671 1840 5706 ':
1872 5667 1916 5706 et
1947 5656 2058 5709 vide

469 5749 517 5800 εἰ
564 5744 647 5798 υἱα
683 5742 966 5810 iniquitatis
1010 5753 1061 5797 tn
1111 5761 1188 5798 me
1237 5754 1329 5798 est.
1379 5744 1564 5799 Modus
1617 5744 1716 5800 iste
1770 5745 2057 5801 locutionis

2161 4645 2196 4699 J
2201 4646 2327 4700 udas
2358 4646 2589 4714 proditor
2618 4647 2678 4698 de
2699 4645 3015 4714 apostolatus
3032 4645 3196 4715 gradu
3210 4645 3388 4714 lapsus
3411 4643 3540 4715 (Act.
3564 4657 3598 4707 ι,
3618 4637 3710 4702 18),

2162 4735 2359 4790 inferni
2389 4736 2607 4789 baratre
2633 4735 2919 4789 demersus
2961 4746 3064 4789 est.
3100 4734 3261 4788 Latro
3293 4751 3423 4789 γυνη
3457 4733 3591 4801 prius
3629 4724 3714 4780 cri-

2164 4842 2286 4881 men
2316 4827 2622 4896 rapacitatis
2645 4829 2967 4896 operans,de
2996 4844 3143 4880 cruce
3164 4828 3233 4879 ad
3261 4825 3549 4894 paradisum
3569 4831 3716 4874 trans-

2165 4919 2303 4972 latus
2333 4928 2414 4972 est
2441 4917 2590 4988 (Luc.
2623 4934 2778 4985 xxut,
2814 4919 2930 4986 45).
2965 4918 3113 4972 lianc
3141 4933 3357 4987 quoque
3399 4913 3713 4969 mutationem

2162 5010 2230 5066 de
2259 5011 2402 5065 bono
2443 5010 2509 5064 ad
2542 5010 2756 5078 melius,
2789 5021 2848 5064 ut
2876 5011 3077 5064 dictum
3118 5019 3230 5074 est;
3262 5009 3375 5062 sive
3407 5005 3474 5061 de
3515 5005 3639 5059 bono
3662 4997 3714 5051 ad

2163 5105 2388 5170 malum,
2422 5119 2518 5158 seu
2559 5103 2626 5158 de
2658 5103 2800 5157 malo
2847 5103 2912 5156 ad
2957 5089 3180 5168 bonum,
3227 5116 3348 5170 quae
3397 5098 3599 5152 occulto
3637 5089 3712 5144 Dei

2157 5195 2386 5265 judicio,
2409 5209 2471 5248 ac
2494 5194 2664 5263 justo,
2701 5209 2801 5262 per
2832 5194 3172 5248 severitatem
3210 5191 3436 5260 justitzm
3471 5202 3597 5248 sum,
3622 5184 3716 5234 sive

2165 5287 2260 5357 per
2290 5286 2716 5341 misericordiam
2745 5285 2862 5352 ejus
2891 5286 3001 5350 liat,
3048 5282 3427 5354 paenitentiam
3476 5279 3558 5332 Dei
3601 5271 3712 5326 dici-

2165 5395 2284 5435 mus
2311 5399 2322 5433 :
2352 5378 2495 5450 quod
2521 5381 2839 5449 expressius
2866 5380 2916 5431 in
2943 5379 3085 5433 libro
3109 5375 3364 5433 Jeremia:
3388 5373 3626 5440 scriptum
3649 5371 3714 5418 est

2166 5469 2310 5544 (Jer.
2345 5485 2492 5531 svnt,
2525 5469 2616 5540 8).

2234 5562 2352 5616 Non
2379 5561 2644 5631 paenitere
2672 5558 2790 5622 Dei,
2824 5567 3020 5614 statuta
3054 5560 3200 5613 nullo
3231 5556 3394 5610 modo
3433 5563 3641 5608 mutare,
3669 5548 3716 5595 ut

2164 5666 2246 5709 est
2267 5655 2394 5708 illud
2419 5655 2470 5708 in
2493 5654 2731 5724 psalmo:
2749 5653 2953 5706 Juraoit
2979 5651 3136 5719 Deus,
3159 5658 3204 5705 et
3229 5667 3332 5703 non
3355 5646 3578 5720 panituit
3596 5650 3715 5699 sitm;

2165 5747 2216 5803 id
2245 5756 2346 5814 cst,
2386 5747 2543 5802 l’ater
2565 5745 2633 5803 ad
2659 5744 2856 5802 Filium
2885 5763 2897 5799 :
2933 5744 3009 5800 Tu
3040 5762 3090 5800 es
3121 5743 3376 5801 Sacerdos
3398 5744 3447 5797 in
3477 5747 3712 5794 «ternum.
