3932 6170
232 297 338 356 ’137

986 292 1185 349 LIBER
1226 270 1715 349 FORMULARUH
1749 283 2129 344 SPIRITALIS
2165 284 2749 345 ΙΝΤΕΜᾸΟΕΝΤΙᾹΞ.

3403 294 3513 353 758

234 414 516 472 secundum
537 411 770 466 ordinem
791 408 1165 467 Melchisedech
1186 407 1306 479 (Ps.
1324 422 1435 471 (ιιι,
1454 403 1532 476 4).
1552 403 1824 460 Sacerdos
1847 403 1901 463 Δ
1930 401 2170 470 Domini,
2207 402 2474 459 stabilitas
2506 404 2842 460 aeternitatis.
2874 403 2933 460 In
2963 405 3169 474 psalmo
3204 425 3217 461 :
3252 404 3320 461 Et
3349 410 3517 481 caligo

235 516 412 563 tamen
462 505 638 560 Patris
667 504 841 559 dictus
880 512 964 557 est
993 503 1164 558 Filius
1205 500 1317 567 Dei,
1368 513 1476 553 non
1524 497 1821 552 secundum
1923 498 2021 551 sub
2065 498 2278 568 pedibus
2326 503 2440 572 ejus
2473 498 2599 568 (Ps.
2633 515 2764 566 xvn,
2810 499 2933 570 10).
2990 501 3226 572 Vestigia
3277 503 3514 571 Domini,

235 598 600 664 divinitatem,
628 596 724 651 sed
767 595 1063 651 secundum
1100 591 1519 652 humanitatem,
1547 589 1600 643 in
1632 604 1736 658 qua
1763 601 1824 641 se

236 708 337 761 pro
363 690 521 745 nobis
549 704 645 757 per
673 689 980 757 passionem
1022 694 1076 741 et
1107 693 1336 740 mortem
1366 697 1541 749 suam,
1571 688 1821 749 accepta-

238 784 346 838 bile
373 782 700 837 sacriﬁcium
728 780 840 834 Deo
863 778 1007 833 Patri
1030 776 1244 841 obtulit,
1270 785 1331 829 ut
1353 774 1468 842 ipse
1488 779 1635 828 esset
1651 769 1823 824 sacri-

237 875 438 937 ﬁcium,
467 872 556 942 qui
588 871 869 927 sacerdos.

308 964 573 1021 Oblivisci
616 964 758 1017 Deus
787 961 1001 1023 dicitur,
1043 973 1167 1014 cum
1208 954 1530 1027 quibusdam
1568 952 1746 1022 impiis
1775 958 1830 1005 et

237 1055 617 1129 peccatoribus
658 1068 765 1110 non
814 1052 1122 1107 miseretur.
1149 1050 1302 1118 Quod
1347 1051 1531 1118 utique
1567 1060 1673 1100 non
1704 1043 1833 1098 facit

238 1164 337 1218 per
366 1147 743 1203 crudelitatem
771 1161 891 1215 qua:
920 1146 973 1198 in
998 1144 1108 1198 Deo
1139 1158 1244 1197 non
1268 1150 1374 1207 est,
1399 1139 1495 1196 sed
1519 1154 1617 1209 per
1644 1135 1829 1193 occul-

240 1248 353 1293 tum
381 1238 695 1306 justumque
721 1234 986 1305 judicium
1017 1249 1197 1289 suum.

311 1327 571 1382 lndurare
592 1327 733 1380 Deus
750 1325 948 1380 dicitur
970 1322 1326 1393 quorumdam
1351 1321 1615 1375 malorum
1642 1320 1829 1383 corda,

239 1407 383 1473 sicut
411 1418 475 1471 de
520 1416 797 1470 Pharaone
841 1432 959 1487 rege
988 1413 1209 1484 .{Egypti
1241 1413 1487 1484 scriptum
1533 1419 1606 1465 est
1635 1407 1833 1481 (Exod.

240 1526 338 1575 vn,
370 1510 464 1581 3);
514 1525 621 1563 tum
651 1510 797 1578 quod
844 1508 1189 1574 omnipotens
1220 1504 1365 1558 Deus
1413 1517 1509 1571 per
1536 1499 1835 1570 potentium

237 1619 400 1659 suam
447 1618 635 1658 eorum
682 1600 845 1655 corda
896 1599 1133 1664 induret,
1184 1596 1330 1667 quod
1361 1594 1584 1665 impium
1632 1603 1717 1648 est
1763 1593 1835 1647 ita

239 1694 497 1757 credere,
517 1692 611 1747 sed
636 1690 981 1761 exigentibus
1000 1703 1189 1744 eorum
1211 1686 1407 1756 culpis,
1431 1701 1553 1741 cum
1581 1682 1835 1739 duritiam

1925 603 2150 658 operum
2180 600 2513 645 secretorum
2543 590 2715 661 signa.
2747 591 2805 645 In
2831 592 3040 659 psalmo
3064 609 3079 647 :
3103 592 3173 646 Et
3193 597 3403 667 vestigia
3426 606 3515 649 tun

1926 696 2030 735 non
2069 693 2439 753 cognoscentur
2466 682 2585 752 (Ps.
2627 700 2818 748 nxxvr,
2849 684 2965 754 20).
3000 685 3234 741 Gressus
3279 688 3515 753 Domini,

1927 771 2214 840 adventus,
2244 773 2329 827 vel
2360 773 2600 828 visitatio
2625 775 2859 829 Domini.
2890 776 2951 831 In
2978 778 3224 847 psalmo:
3267 776 3379 833 Visi
3401 790 3519 833 sunt

1928 861 2189 932 ingressus
2216 865 2312 930 tui,
2345 862 2485 917 Deus
2514 867 2529 933 (
2553 864 2642 918 Ps.
2668 881 2835 930 van,
2864 866 2992 936 25).

2002 954 2164 1007 Arma
2190 953 2429 1018 Domini,
2453 956 2779 1023 adjutorium
2805 956 2923 1026 ejus
2945 960 2997 1013 in
3027 969 3264 1016 sanctos.
3296 961 3351 1016 In
3378 963 3519 1031 psal-

1933 1058 2023 1100 mo
2050 1063 2065 1099 :
2094 1045 2431 1117 Appreltende
2455 1063 2599 1101 arma
2627 1058 2672 1102 et
2710 1058 2910 1103 scutum
2928 1049 3043 1121 (Ps.
3061 1068 3249 1119 xxxxv,
3271 1053 3349 1125 2).
3383 1056 3519 1110 Scu-

1935 1146 2070 1202 tum,
2105 1143 2369 1206 protectio
2398 1138 2631 1194 Domini.
2660 1140 2718 1192 ln
2750 1140 2996 1209 psalmo:
3034 1141 3266 1209 Domine,
3294 1154 3351 1196 ut
3378 1153 3521 1198 scuto

1936 1229 2082 1282 bona:
2101 1229 2377 1283 uoluntatis
2400 1238 2498 1283 tua:
2518 1231 2775 1283 coronasti
2796 1247 2888 1284 nos
2912 1230 3031 1301 (Ps.
3052 1249 3108 1298 v,
3136 1232 3246 1302 15).
3272 1234 3521 1300 Framea,

1936 1318 2069 1374 ultio
2099 1319 2281 1373 divina
2312 1321 2365 1374 in
2390 1321 2605 1390 impios.
2630 1322 2687 1376 In
2712 1323 2920 1390 psalmo
2946 1341 2958 1375 :
2991 1321 3219 1391 Elfunde
3251 1330 3523 1395 frameam,

1935 1421 1984 1465 et
2012 1412 2257 1465 conclude
2289 1411 2637 1482 (Ps.,xxxw,
2669 1413 2756 1484 5).
2800 1418 2994 1477 Arcus,
3044 1415 3274 1470 intentio
3303 1419 3528 1473 commi-

1937 1505 2173 1559 nationis
2209 1504 2427 1560 divinm.
2457 1506 2513 1560 In
2547 1508 2754 1574 psalmo
2782 1525 2795 1559 :
2823 1507 3011 1561 Arcum
3036 1524 3186 1561 suum
3216 1510 3446 1575 tetendit,
3478 1518 3529 1565 et

1938 1597 2140 1666 paravit
2166 1597 2317 1651 illum
2340 1596 2455 1667 (Ps.
2487 1613 2582 1663 vn,
2612 1596 2721 1669 l5).
2752 1599 2997 1668 Sagittae,
3024 1609 3293 1669 praecepta
3324 1601 3524 1669 divina,

1939 1688 2201 1758 apostoli,
2248 1690 2331 1744 vel
2386 1692 2684 1759 prophetae.
2747 1692 2804 1745 ln
2857 1693 3066 1761 psalmo
3098 1710 3111 1745 :
3146 1693 3290 1747 Misit
3316 1696 3530 1765 sagittas

242 1785 431 1841 cordis
461 1799 566 1855 qua
607 1784 708 1852 ipsi
738 1782 917 1837 omnia
950 1782 1089 1835 mala
1135 1777 1498 1850 perpetrando
1537 1778 1833 1839 invertunt.
1861 1774 1913 1836 Β
1937 1797 2081 1847 suas,
2114 1791 2163 1836 et
2187 1783 2451 1853 dissipauit
2471 1799 2554 1837 eos
2581 1782 2700 1854 (Ps.
2732 1800 2870 1850 xvn,
2897 1784 3006 1855 15).
3037 1786 3171 1841 ltem
3198 1805 3210 1838 :
3238 1787 3453 1859 Sagitta:
3474 1789 3532 1842 in

240 1894 355 1934 non
398 1878 615 1933 aufert:
653 1876 805 1945 quasi
837 1875 959 1933 illos
998 1874 1246 1941 induret,
1285 1885 1424 1942 quos
1461 1870 1608 1940 justo
1633 1868 1840 1938 judicio

240 1973 493 2028 indurari
523 1970 671 2024 sinit.

296 2064 574 2120 -Dormire
616 2063 708 2117 Det
739 2071 843 2124 est,
876 2077 996 2115 cum
1042 2059 1351 2130 unigenitus
1383 2057 1553 2114 Filius
1581 2053 1756 2112 Patris
1784 2054 1838 2109 in

240 2163 529 2224 assumpta
560 2168 724 2208 carne
769 2152 906 2207 mori
952 2167 1051 2222 pro
1105 2151 1261 2206 nobis
1308 2150 1562 2220 dignatus
1608 2144 1842 2202 est:cui

241 2260 401 2302 mors
431 2253 577 2300 recte
602 2244 773 2299 dulcis
799 2244 1086 2313 praedictus
1106 2249 1189 2296 est
1211 2254 1465 2303 somnus,
1489 2239 1607 2308 ipso
1629 2237 1845 2291 dicente

242 2354 350 2408 per
379 2337 669 2393 lerctuiam
698 2336 1042 2403 prophetam,
1074 2332 1199 2387 Ideo
1228 2332 1377 2402 quasi
1409 2330 1471 2384 de
1499 2343 1678 2383 somno
1709 2328 1847 2381 exci-

241 2442 392 2484 tatus
421 2445 562 2495 sum,
607 2438 654 2481 et
684 2426 822 2492 vidi,
862 2434 913 2479 et
955 2441 1161 2479 somnus
1203 2439 1345 2477 meus
1394 2422 1559 2475 dulcis
1602 2428 1674 2473 est
1723 2415 1847 2471 mihi

241 2521 474 2593 (Jerem.
505 2536 651 2585 χχχι,
676 2518 792 2590 26).
825 2518 999 2575 Aliter
1036 2517 1274 2572 dormire
1299 2515 1499 2569 dicitur
1527 2512 1692 2577 Deus,
1724 2524 1847 2565 cum

243 2616 394 2672 ﬁdes
422 2614 539 2684 ejus
588 2614 729 2668 inter
780 2610 1165 2681 prosperitates
1214 2608 1373 2678 hujus
1417 2604 1603 2661 mundi
1627 2612 1681 2659 et
1709 2603 1849 2656 inter

242 2707 617 2781 quorumdam
648 2706 813 2762 corda
846 2704 1083 2760 ﬁdelium
1115 2719 1218 2758 nou
1251 2701 1455 2771 vigilat,
1500 2699 1596 2754 sed
1625 2696 1845 2753 dormit.

246 2800 410 2855 llanc
439 2798 820 2852 dormitionem
870 2796 985 2863 ipse
1029 2794 1192 2850 Jesus
1241 2791 1583 2862 signiﬁcavit,
1633 2804 1749 2842 cunt
1794 2786 1850 2839 in

244 2892 393 2945 mari
422 2892 555 2943 inter
582 2891 766 2958 ﬂuctus
803 2888 961 2940 maris
990 2885 1224 2941 dormivit
1252 2883 1445 2956 (Marc.
1488 2898 1563 2948 tv,
1592 2880 1660 2935 58
1679 2880 1719 2950 ).
1756 2878 1852 2933 Vel

246 2992 431 3046 certe,
478 2980 721 3035 dormire
756 2979 871 3044 Dei,
923 2986 1007 3032 est
1060 2976 1237 3030 anxiis
1290 2973 1492 3029 tardius
1536 2971 1848 3039 subvenire,

1941 1888 2101 1925 manu
2131 1873 2349 1941 potentis
2386 1872 2506 1945 (Ps.
2547 1889 2728 1938 cxxvr,
2756 1872 2819 1939 ις
2852 1890 3000 1940 cstx,
3032 1874 3116 1944 Δ).
3146 1875 3386 1941 Gladius,
3416 1876 3533 1931 vin-

1942 1965 2106 2032 dicta,
2134 1967 2220 2021 vel
2241 1982 2421 2021 sermo
2445 1966 2675 2021 Domini.
2704 1952 3045 2035 luApostolo
3071 1986 3083 2020 :
3115 1967 3274 2023 Vivus
3298 1979 3373 2023 est
3393 1969 3528 2023 enim

1943 2074 2109 2112 sermo
2133 2057 2248 2121 Dei,
2275 2068 2320 2110 et
2340 2058 2537 2126 efﬁcax,
2570 2067 2613 2109 et
2641 2057 3004 2125 penetrabilior
3029 2060 3169 2111 omni
3189 2058 3364 2128 gladio
3390 2061 3534 2113 anci-

1946 2154 2039 2222 piti
2064 2151 2247 2219 (Hebr.
2272 2168 2344 2215 tv,
2374 2150 2486 2221 12).
2513 2150 2814 2220 Romphea,
2837 2150 2981 2205 idem
3005 2153 3145 2220 quod
3170 2166 3355 2221 supra.
3380 2152 3530 2207 Tuba

1949 2244 2184 2311 Domini,
2238 2260 2339 2299 vox
2401 2232 2684 2298 manifesta
2740 2244 2972 2298 Domini.
3029 2245 3085 2299 ln
3134 2246 3394 2314 Apostolo
3428 2246 3534 2299 :ln

1938 2342 2115 2411 jussu,
2138 2349 2184 2392 et
2200 2339 2255 2392 in
2275 2353 2392 2391 voce
2407 2337 2729 2407 archangeli,
2748 2348 2795 2391 et
2822 2339 2941 2390 tuba
2955 2336 3052 2390 Dei
3065 2338 3108 2408 (1
3130 2336 3304 2390 Thess.
3320 2352 3399 2403 tv,
3419 2338 3534 2407 15).

1947 2430 2154 2486 Curras
2174 2431 2290 2499 Dei,
2320 2431 2476 2486 sedes
2500 2432 2616 2494 Dei,
2640 2432 2726 2486 vel
2751 2431 3193 2501 quadriformitas
3221 2432 3540 2500 Evangelio—

1951 2536 2089 2577 rum.
2116 2521 2173 2575 In
2205 2523 2445 2591 psalmo:
2467 2521 2664 2576 Currus
2687 2520 2786 2576 Dei
2810 2522 2982 2577 decem
3012 2524 3237 2577 millibus
3264 2522 3542 2594 multiplex

1951 2611 2071 2686 (Ps.
2094 2629 2266 2679 uvn,
2299 2614 2413 2679 18).
2441 2613 2597 2684 Virga
2630 2613 2865 2677 Domini,
2896 2614 3046 2685 regni
3077 2614 3422 2684 signiﬁcatio,
3454 2616 3542 2671 vel

1951 2704 2230 2772 correptio
2278 2702 2603 2772 disciplinae.
2654 2704 2711 2758 ln
2768 2706 3017 2773 psalmo:
3054 2705 3217 2777 Virga
3264 2708 3540 2775 wquitatis,

1952 2794 2096 2865 uirga
2142 2795 2286 2864 regni
2334 2795 2407 2848 tui
2431 2793 2546 2865 (Ps.
2575 2811 2722 2863 xuv,
2747 2795 2826 2865 7).
2856 2797 3045 2850 Manus
3089 2797 3324 2859 Domini,
3359 2800 3540 2867 mine,

1951 2891 2037 2943 vel
2068 2888 2319 2943 vindicta:
2344 2887 2483 2957 ejus.
2514 2887 2744 2943 Baculus
2783 2888 3018 2954 Domini,
3052 2889 3368 2943 sostentatio
3408 2904 3543 2944 con-

1958 2982 2244 3036 solationis
2284 2981 2520 3036 Domini.
2554 2981 2612 3035 In
2642 2980 2891 3051 psalmo:
2933 2982 3096 3051 Virga
3130 2992 3219 3035 tua
3256 2991 3303 3036 et
3332 2982 3544 3037 baculus

251 3074 404 3128 sicut
440 3081 527 3126 est
559 3070 687 3124 illud
717 3069 769 3123 in
803 3069 1051 3138 psalmo:
1080 3065 1334 3136 Exsurge,
1368 3078 1526 3135 quare
1566 3060 1848 3128 obdormis,

1959 3084 2078 3128 tuus
2106 3074 2222 3143 ipsa
2260 3090 2339 3128 me
2376 3074 2642 3127 consolata
2666 3082 2782 3126 sunt
2810 3071 2928 3143 (Ps.
2961 3088 3091 3137 xxn,
3121 3072 3206 3142 4).
3249 3072 3417 3139 Alias,
3450 3074 3545 3129 ba-

249 3161 486 3218 Domine
516 3159 634 3231 (Ps.
661 3174 811 3224 XLIII,
844 3160 962 3225 25),
994 3168 1100 3213 etc.

334 3254 574 3324 Vigilare
607 3253 722 3318 Dei,
754 3260 837 3306 est
874 3251 927 3304 in
958 3249 1276 3305 defensione
1301 3246 1603 3303 electorum
1631 3256 1853 3300 suorum

250 3362 322 3405 se
352 3343 701 3401 manifestum
732 3341 1135 3398 demonstrare.

898 3451 1125 3509 CAPUT
1164 3451 1226 3506 ll.

256 3549 340 3605 De
368 3550 455 3605 Isis
483 3564 599 3620 qua
626 3545 957 3620 appellantur
985 3545 1211 3620 membra
1240 3541 1471 3608 Domini,
1515 3540 1595 3595 vel
1639 3555 1756 3611 qua:
1794 3539 1859 3594 de

824 3633 881 3670 eo
910 3616 1291 3685 significantur.

310 3713 472 3770 Oculi
496 3710 705 3766 Domini
729 3708 1097 3776 intelliguntur
1116 3704 1378 3774 inspectio
1397 3701 1593 3757 divina.
1617 3698 1675 3755 In
1694 3698 1856 3770 psal.:

256 3808 419 3864 Oculi
448 3805 659 3860 Domini
686 3818 837 3873 super
861 3805 1034 3874 justas
1061 3797 1182 3868 (Ps.
1214 3812 1412 3866 XXXIII,
1451 3794 1556 3866 16).
1581 3793 1861 3864 Palpebrae

251 3901 385 3964 Dei,
418 3908 549 3953 sunt
571 3896 773 3965 judicia
803 3895 920 3962 ejus
948 3908 1067 3962 quae
1113 3892 1346 3961 probant
1379 3889 1519 3943 ﬁlios
1546 3888 1858 3951 hominum;

249 3996 348 4064 qui
378 4006 559 4061 neque
584 3990 872 4058 fatigantur
897 4001 1077 4041 rerum
1107 3984 1555 4047 obscuritatibus,
1578 3981 1674 4037 sed
1705 3996 1864 4036 exer-

249 4100 489 4149 centur;
526 4098 699 4153 neque
746 4080 1004 4135 inﬂantur
1033 4078 1361 4147 cognitione,
1407 4075 1504 4132 sed
1530 4073 1862 4130 conﬁrman-

249 4191 371 4234 tur.
408 4178 587 4232 Aures
614 4175 849 4241 Domini,
882 4188 1002 4228 cum
1024 4171 1284 4227 exaudire
1312 4169 1582 4239 dignatur.
1609 4167 1669 4223 lu
1699 4166 1862 4237 psal.:

250 4273 330 4326 Et
362 4286 519 4325 aures
543 4272 653 4341 ejus
682 4268 736 4321 in
769 4283 939 4335 preces
969 4281 1143 4319 eorum
1173 4262 1396 4335 (Ibid.).

333 4365 414 4418 0s
438 4362 681 4428 Domini,
712 4374 907 4415 sermo
934 4357 999 4413 ad
1034 4357 1302 4414 homines.
1331 4355 1392 4411 lu
1423 4352 1688 4425 propheta
1733 4370 1747 4405 :
1793 4350 1865 4407 0s

251 4453 488 4509 Domini
514 4453 739 4505 locutum
761 4459 831 4504 est
861 4447 1013 4520 (Isai.
1042 4464 1082 4515 ι,
1104 4447 1226 4518 20).

1884 3147 2115 3223 Cculus
2168 3166 2415 3234 Domini,
2464 3174 2703 3221 sanctam
2758 3179 3017 3230 erucem,
3070 3166 3151 3219 vel
3209 3166 3546 3235 disciplinam

1961 3265 2168 3314 sancta:
2198 3257 2453 3312 Ecclesiae
2480 3257 2754 3326 designat.
2782 3255 2914 3309 ltem
2944 3256 3186 3335 baculus,
3212 3267 3547 3311 sustentacu-

1956 3340 2065 3395 lum
2128 3348 2213 3396 est
2245 3341 2554 3409 quodlibet.
2610 3352 2672 3398 ut
2731 3345 2786 3399 in
2817 3345 2960 3403 libro
2993 3344 3182 3402 Tobiae
3216 3362 3232 3405 :
3262 3344 3521 3401 Baculum

1960 3431 2241 3486 senectutis
2272 3441 2464 3488 nostra:
2502 3434 2647 3505 (Tob.
2674 3452 2727 3499 v,
2757 3437 2871 3506 25).

2581 3577 2807 3634 CAPUT
2845 3576 2930 3634 111.

2432 3692 2509 3748 De
2545 3693 2782 3760 supernis
2818 3693 3087 3747 creaturis.

2034 3805 2333 3873 Carbones,
2363 3805 2504 3876 ignis
2533 3804 2834 3873 charitatis,
2881 3818 2972 3860 aut
3010 3806 3380 3875 exemplorum
3401 3850 3415 3874 ,
3459 3818 3551 3862 aut

1964 3898 2317 3968 poenitentiae.
2348 3898 2404 3952 ln
2448 3897 2656 3967 psalmo
2682 3914 2695 3951 :
2726 3895 2854 3952 Cum
2885 3898 3187 3951 carbonibus
3232 3898 3555 3953 desolatoriis

1966 3976 2088 4058 (Ps.
2116 4005 2259 4055 extr,
2295 3987 2373 4060 4).
2405 3988 2627 4057 Fumus,
2681 3989 2826 4043 initia
2856 3988 3289 4058 eompunctionis
3336 3991 3550 4055 lutum,

1966 4082 2054 4138 vel
2092 4082 2264 4151 ipsius
2307 4081 2741 4136 comminationis
2785 4081 2904 4137 Dei.
2937 4080 2994 4135 in
3035 4081 3245 4151 psalmo
3273 4099 3288 4135 :
3315 4082 3557 4137 Ascendit

1969 4177 2142 4246 fumus
2172 4176 2224 4227 in
2250 4174 2329 4227 ira
2350 4177 2463 4246 ejus
2485 4172 2605 4245 (Ps.
2632 4187 2738 4227 xvtt
2756 4217 2770 4241 ,
2795 4172 2871 4241 9).
2903 4171 3037 4227 ltem
3066 4176 3117 4227 in
3145 4173 3302 4227 aliam
3328 4181 3556 4243 partem,

1968 4265 2108 4319 sicut
2138 4263 2314 4319 l‘umus
2341 4263 2514 4318 oculis
2541 4262 2756 4328 noxius,
2800 4262 2851 4316 id
2880 4271 2961 4317 est
2992 4262 3217 4317 vanitas.
3246 4264 3410 4334 Ignis,
3440 4266 3560 4334 Spi-

1969 4357 2109 4411 ritus
2137 4366 2378 4411 sanctus.
2412 4355 2470 4409 ln
2496 4355 2719 4411 Actibus
2746 4355 3128 4424 Apostolorum
3159 4372 3171 4407 :
3202 4354 3269 4408 Et
3298 4373 3557 4427 apparue-

1970 4458 2092 4503 runt
2120 4449 2224 4503 illis
2272 4448 2556 4517 dispertita:
2603 4446 2813 4517 lingute,
2849 4456 3105 4514 tamquam
3143 4447 3300 4518 ignis,
3332 4449 3562 4514 seditque

342 4544 590 4598 Verbum
619 4514 1087 4611 Dotnini,‘Filius.
1119 4514 1454 4608 luvpsalmo:
1486 4536 1750 4593 Eructavit
1779 4551 1868 4590 cor
1890 4514 1946 4576 D
1971 4556 2130 4609 supra
2156 4514 2390 4609 singulos
2436 4553 2634 4602 eorum,
2682 4514 2728 4591 et
2759 4537 2937 4607 repleti
2966 4548 3085 4591 sunt
3138 4514 3308 4592 omnes
3356 4538 3561 4609 Spiritu

254 4650 448 4689 neeum
480 4633 691 4686 verbum
721 4631 909 4684 bonum
939 4629 1057 4697 (Ps.
1084 4630 1340 4699 xuv,'2).

342 4727 635 4783 Brachium
683 4725 920 4789 Domini,
951 4724 1036 4779 vel
1086 4739 1299 4789 manus,
1345 4721 1538 4786 Filius,
1568 4737 1667 4792 per
1709 4735 1870 4792 quem

248 4820 457 4877 omnia
497 4826 755 4886 aperatus
782 4824 879 4871 est.
918 4815 976 4871 lu
1008 4817 1266 4885 pr0pheta
1308 4834 1321 4868 :
1360 4815 1428 4869 Et
1458 4815 1723 4869 brachium
1764 4811 1874 4867 Do-

250 4913 405 4967 mini
428 4911 515 4965 cui
534 4909 809 4964 revelatum
840 4921 910 4965 est
940 4909 1096 4980 (Isai.
1131 4925 1251 4975 Llll,
1281 4908 1357 4977 1).
1383 4909 1614 4964 Dextera
1637 4907 1871 4975 Domini,

250 5004 421 5059 idem
463 5000 610 5072 quod
660 5016 818 5069 supra
868 5001 921 5055 in
971 5002 1221 5069 ps:tlmo:
1256 5001 1477 5054 Dextera
1503 4996 1715 5053 Domini
1758 5001 1876 5071 fecit

248 5100 519 5153 uirtutem
542 5093 658 5162 (Ps.
680 5109 851 5158 cxvtt,
877 5092 989 5163 16).
1021 5093 1227 5161 Digitus
1257 5092 1386 5157 Dei,
1416 5091 1613 5146 dicitur
1640 5092 1877 5162 Spiritus

251 5196 526 5250 sanctus,
560 5195 787 5254 pr0pter
829 5184 1176 5253 partitionem
1227 5183 1492 5238 bonorum
1543 5199 1664 5253 qua:
1694 5186 1763 5237 ab
1811 5199 1878 5240 eo

254 5279 481 5334 dantur
506 5277 794 5343 unicuique
825 5274 1065 5344 propria,
1094 5275 1211 5329 sive
1235 5273 1536 5336 hominum,
1570 5273 1686 5329 sive
1714 5289 1879 5344 ange-

260 5368 480 5422 lorum.
514 5365 571 5421 ln
606 5366 761 5420 nullis
790 5366 932 5420 enim
983 5365 1243 5419 membris
1288 5367 1489 5421 nostris
1532 5364 1613 5421 sic
1659 5372 1882 5434 apparet

260 5459 507 5532 partitio
529 5473 687 5527 quam
711 5457 763 5510 in
796 5456 998 5526 digitis.
1028 5456 1138 5512 Nec
1164 5465 1215 5511 te
1245 5457 1579 5511 scandalizet
1606 5458 1880 5511 membro-

250 5568 406 5611 rum
436 5550 751 5614 diversitas,
780 5565 901 5605 rum
930 5551 1161 5604 :ediﬁcet
1193 5549 1439 5620 corporis
1462 5550 1664 5604 unitas.
1688 5548 1886 5605 Uterus

252 5645 523 5714 Domiti...
546 5636 843 5709 secretum,
875 5660 942 5698 ex
966 5660 1072 5714 quo
1100 5643 1294 5698 Filium
1326 5642 1572 5713 protulit.
1604 5642 1660 5696 ln
1687 5644 1882 5711 psalm.

256 5735 377 5796 Es
414 5744 559 5792 utero
599 5745 717 5790 ante
747 5735 1015 5805 luciferum
1039 5736 1191 5805 genui
1221 5744 1270 5791 te
1298 5733 1417 5806 (Ps.
1445 5749 1535 5791 cut
1556 5775 1570 5801 ,
1605 5735 1685 5806 5).
1712 5736 1886 5795 Pedes

1973 4640 2149 4687 sancto
2172 4632 2308 4701 (Act.
2339 4646 2398 4697 ιι,
2426 4632 2505 4700 5).
2530 4630 2764 4696 Ctelum,
2793 4629 3049 4699 apostoli,
3076 4629 3193 4685 sive
3222 4631 3414 4699 sancti,
3441 4632 3563 4686 ideo

1973 4725 2116 4795 quod
2161 4725 2421 4779 Dominus
2469 4724 2733 4787 inhabitet
2770 4723 2824 4777 in
2849 4723 2953 4778 eis.
2997 4722 3123 4777 Caeli
3165 4735 3414 4779 enarrant
3451 4725 3564 4798 glo-

1976 4819 2108 4871 riam
2137 4814 2233 4871 Dei
2264 4816 2381 4883 (Ps.
2414 4831 2568 4883 xvnt,
2597 4816 2676 4887 2).
2711 4815 2845 4872 Cteli
2870 4817 2922 4870 in
2946 4825 3132 4872 sancta
3166 4818 3438 4886 Scriptura
3470 4819 3565 4873 de-

1977 4909 2195 4980 signant
2232 4909 2525 4977 aliquando
2557 4909 2835 4979 superiora
2866 4909 3051 4964 mundi
3090 4924 3351 4979 corpora,
3385 4910 3561 4979 ignota

1978 5002 2134 5056 nobis
2164 5000 2361 5071 quibus
2402 5001 2577 5054 modis
2611 4999 2860 5054 distincta
2894 5010 3033 5066 smt,
3071 5008 3127 5055 et
3155 4999 3223 5054 de
3256 4999 3411 5067 queis
3437 5002 3566 5054 satis

1977 5095 2202 5149 difﬁcile
2241 5101 2325 5149 est
2356 5092 2667 5161 disputare,
2698 5091 2791 5147 sed
2832 5107 2938 5145 non
2966 5090 3330 5160 impossibile,
3363 5091 3446 5146 cui
3476 5091 3569 5146 dat

1983 5185 2123 5238 Deus
2158 5184 2495 5255 intelligere;
2527 5194 2580 5236 ut
2614 5182 2761 5237 dedit
2800 5182 3089 5251 Aposmlo,
3128 5194 3275 5251 rapto
3315 5198 3473 5250 usque
3501 5188 3568 5235 ad

1983 5275 2191 5329 tertium
2213 5276 2393 5329 caelum
2426 5275 2491 5344 (ll
2520 5275 2636 5330 Cor.
2677 5290 2774 5339 xu,
2802 5275 2883 5343 2);
2914 5274 3157 5341 exceptis
3183 5273 3289 5326 illis
3316 5276 3571 5327 materia—

1984 5373 2124 5427 libus
2154 5372 2327 5426 caelis.
2360 5372 2620 5426 Dicuntur
2648 5368 2769 5424 cali
2800 5365 2970 5421 sancti
3002 5364 3270 5435 apostoli,
3302 5365 3564 5435 prazdica-

1986 5472 2133 5518 tores
2160 5463 2313 5517 verbi
2336 5464 2609 5527 veritatis;
2637 5476 2735 5531 per
2756 5474 2890 5530 quos
2913 5457 3080 5512 caelos
3105 5466 3373 5527 tamquam
3394 5456 3573 5526 pluvia

1988 5555 2190 5625 irrigati
2240 5570 2456 5619 sumus,
2496 5563 2556 5607 ut
2587 5569 2687 5622 per
2717 5563 2884 5608 tomm
2913 5549 3168 5604 mundum
3203 5564 3359 5618 seges
3393 5548 3574 5602 Eecle~

1989 5647 2085 5700 sine
2109 5645 2417 5715 pullularet.
2449 5645 2583 5699 Sunt
2605 5645 2765 5698 etiam
2794 5641 3125 5698 cmliomnes
3152 5641 3345 5694 anima-
3373 5650 3573 5694 sanctm

1991 5749 2047 5797 et
2077 5740 2276 5806 justas,
2308 5738 2360 5792 in
2399 5736 2588 5807 quibus
2618 5736 2763 5793 Deus
2797 5734 3003 5792 habitat
3040 5730 3093 5789 in
3125 5732 3328 5804 templo
3368 5732 3580 5788 ﬁdeiet
