3932 6170
310 300 408 355 ἷ39
1266 282 1330 340 S.
1368 275 1691 337 EUCHERII
1733 267 2041 329 EPISCOPI
2082 262 2571 323 LUGDUNENSIS
3472 251 3580 309 7ιο

312 410 660 482 operationis.
705 407 836 462 ltem
869 404 1096 471 emtum,
1129 410 1315 455 sancta
1347 397 1654 467 Scriptura;
1690 392 1760 448 de
1784 402 1888 459 qua
1916 388 1963 445 Α
1993 382 2154 439 etiam
2200 389 2402 482 nostra
2441 376 2621 479 carnis
2665 375 2903 482 ponitur,
2953 372 3076 443 quia
3121 370 3247 426 dum
3286 375 3583 482 menstruis

314 460 467 565 abhis
488 512 544 559 et
563 502 643 557 sol
674 499 985 569 sapientiae,
1019 460 1227 550 et'lnna
1257 460 1528 555 scientias,
1561 498 1617 544 et
1640 460 1712 542 ex
1748 484 1893 539 anti-
1996 474 2283 562 momentis
2330 469 2620 533 decrescit,
2669 464 2941 569 deiectum
2993 470 3195 564 nostrai
3239 460 3585 569 mortalitatis

316 551 437 668 quis
456 594 698 666 patribus
725 551 897 645 srtella:
918 551 1295 652 exemplorum
1322 592 1380 637 et
1398 551 1655 635 virtutum
1679 577 1893 631 lucent:
1997 558 2500 668 φᾶμαι-βαφὴ,
2533 558 2729 668 iancti:
2758 557 2878 668 εἰνὲ
2902 553 3070 668 docti,
3101 554 3185 607 vel
3212 551 3301 621 qui
3322 551 3410 668 ‘a‘ld'

707 640 1333 753 ientenditnr
1358 673 1480 743 (Ps.
1516 687 1633 737 cnt,
1662 669 1746 740 Ξ).
1774 669 1895 738 quia
1998 655 2127 759 ml“
2149 654 2427 759 ⁸⁸92³³³⁸*
2450 651 2508 705 In
2523 648 2767 759 ,ίξδίξξθξθ
2827 645 2985 759 0°C";
3004 654 3267 713 (mm
3293 642 3459 697 ad“

319 737 732 850 scriptores
753 737 881 827 suos
910 769 1089 825 carnis
1112 769 1291 837 lingua
1316 737 1597 820 formatum
1626 737 1751 814 ante
1772 737 1899 810 ocu—
2000 749 2206 850 gelum:
2213 744 2377 817 (Dan.
2400 742 2603 850 xtl..3).
2633 740 2881 850 Nebulae,
2901 739 3267 850 velamentum
3292 737 3583 850 mysterii:

680 882 777 936 per
808 864 970 918 verba
1000 828 1280 916 doctorum
1311 853 1635 927 exponendo
1661 851 1902 918 disputa-
2002 854 2122 936 rut"
2144 931 2153 936 _
2173 839 2265 893 Dei
2284 854 2315 936 :1
2344 836 2616 936 interdum
2649 846 2703 936 et
2727 833 2906 936 angeli
2935 832 3052 888 Dei.
3080 829 3489 936 ln-prephetal:
3523 828 3589 936 ξι

680 920 980 1028 ίηορῑιειω,
1006 956 1119 1010 sive
1140 952 1335 1017 sancti,
1362 920 1450 1020 qui
1475 950 1660 1019 Ριυίηη
1680 944 1901 999 verbum
2003 931 2201 1028 "fabula
2226 928 2392 995 pultm
2420 926 2606 1028 pedm?
2632 927 2749 1027 ei“
2769 922 3029 1028 “infmia.
3061 935 3110 989 ι’
3142 921 3221 1028 ἴθ’
3250 920 3399 1024 A."-as
3422 920 3592 1023 -ab”li-

675 1012 809 1105 {saia
831 1066 844 1102 :
866 1012 1128 1101 Mandabo
1155 1012 1370 1099 nubibus
1381 1012 1608 1113 desuper
1633 1052 1698 1091 ne
1722 1035 1905 1107 pluunt
2005 1022 2085 1077 ῑίο
2114 1030 2476 1090 Ρθοοεῑοτυηιν
2501 1028 2557 1072 υί
2580 1018 2764 1077 ίεδίθεν
2792 1013 2966 1069 Dem“
2986 1021 3040 1066 ⁸⁸
3066 1012 3248 1113 ηαξενη
3268 1012 3591 1080 ίηίσυίιαιεπι

326 1144 559 1212 (Isai.v,
606 1142 682 1211 6).
735 1140 916 1193 Nubes
964 1139 1126 1192 etiam
1164 1136 1217 1190 in
1261 1134 1458 1188 malam
1509 1139 1738 1200 partem,
1772 1136 1908 1180 tem-

331 1253 459 1306 pora
490 1234 793 1303 iniquorum
835 1229 1102 1300 signiﬁcat
1128 1244 1143 1280 :
1174 1238 1259 1291 ttt,
1282 1226 1434 1280 Velut
1462 1226 1617 1277 nubes
1647 1230 1909 1293 pertrans-

329 1332 417 1383 ivit
445 1330 585 1383 salus
610 1342 725 1380 mea
774 1323 914 1394 (Job.
945 1339 1073 1386 xxx,
1105 1320 1218 1392 15).
1240 1318 1520 1380 Tonitrna,
1543 1329 1704 1368 voces
1730 1311 1907 1365 Evan-

332 1421 582 1489 geliixeo
606 1417 751 1487 quod
801 1417 867 1470 de
907 1404 1047 1469 cmlo
1090 1429 1158 1468 ex
1199 1413 1355 1467 dictis
1406 1409 1496 1462 Dei
1531 1408 1797 1461 iutonent.
1851 1400 1907 1457 lu

334 1514 582 1579 Psalmo,
636 1509 752 1563 Vox
799 1506 1011 1561 tonitrui
1051 1506 1123 1557 tui
1165 1505 1217 1557 in
1258 1512 1372 1556 rota
1407 1499 1524 1571 (Ps.
1552 1511 1737 1557 Lxxv1,
1772 1492 1859 1559 19)
1892 1506 1909 1558 ;

336 1608 438 1660 hoc
466 1615 575 1667 est,
628 1605 679 1657 in
718 1610 849 1654 toto.
883 1597 1298 1652 Coruscationes
1322 1635 1335 1657 ,
1384 1590 1700 1661 splendores
1740 1587 1913 1640 Evan-

336 1694 549 1766 gelii.ln
575 1694 799 1763 psalm.:
824 1688 1120 1744 Illuxerunt
1147 1688 1519 1740 coruscationes
1546 1693 1647 1736 tua
1674 1680 1784 1734 orbi
1811 1688 1913 1731 ter-

2008 1124 2171 1177 tuam,
2202 1123 2250 1167 et
2276 1113 2425 1182 quasi
2455 1110 2691 1164 nebulam
2731 1115 2937 1178 peccata
2966 1115 3053 1161 tua
3087 1104 3254 1176 (lsai.
3286 1120 3437 1172 xuv,
3462 1103 3588 1173 22).

2009 1207 2215 1277 Caligo,
2232 1206 2536 1259 divinorum
2555 1216 2885 1257 secretorum
2913 1201 3329 1267 operimentum.
3347 1199 3405 1254 In
3430 1199 3594 1266 psal.:

2011 1299 2080 1353 Et
2121 1300 2287 1368 caligo
2332 1300 2422 1350 sub
2475 1297 2687 1366 pedibus
2742 1296 2854 1365 ejus
2889 1292 3011 1363 (Ps.
3044 1308 3171 1358 xvn,
3207 1292 3321 1359 10).
3352 1291 3597 1359 Aliyssus

2014 1390 2350 1461 profunditas
2365 1388 2637 1454 Scriptura
2646 1401 2761 1440 rum
2772 1424 2784 1438 .
2802 1384 2858 1439 In
2879 1384 3095 1453 psalm.:
3111 1382 3339 1452 Abgssus
3354 1381 3597 1450 abyssum

2013 1486 2215 1538 invocat
2231 1480 2349 1551 (Ps.
2366 1494 2477 1543 xu,
2501 1476 2578 1551 8).
2606 1477 2737 1532 ltem
2769 1478 2995 1548 abyssus
3021 1477 3239 1531 nomine
3261 1474 3601 1544 profunditas

2014 1575 2215 1631 veteris
2233 1582 2288 1628 et
2310 1571 2436 1627 novi
2456 1569 2784 1625 Testamenti
2810 1568 3148 1638 intelligitur;
3179 1566 3341 1627 unde.
3373 1565 3602 1634 Abyssus

2015 1667 2254 1736 abyssum
2292 1665 2520 1727 invocat,
2560 1661 2688 1715 dum
2730 1668 2886 1715 vetus
2935 1659 3345 1713 Testamentum
3402 1672 3601 1710 novum

336 1751 408 1840 rte
434 1751 644 1851 (Ibidi).
674 1783 928 1847 Fulgura,
956 1781 1201 1835 virtutes.
1234 1778 1319 1829 vel
1346 1774 1505 1827 verba
1533 1773 1657 1825 Jesu
1685 1769 1911 1824 Christi.
1943 1755 1991 1816 Β
2018 1754 2317 1814 annuntiat.
2371 1756 2498 1812 Sive
2548 1754 2777 1825 abyssus
2824 1761 2907 1807 est
2956 1766 3111 1807 mens
3162 1751 3393 1804 humana
3415 1793 3429 1817 ,
3482 1765 3607 1818 quae

350 1877 410 1931 ln
440 1875 639 1929 Psaltn.
668 1891 679 1925 :
708 1876 773 1925 Et
798 1864 1400 1939 fulgurantttltiplicavit,
1419 1872 1466 1915 et
1486 1858 1807 1915 conturbauit
1835 1872 1920 1910 eos

352 1967 532 2039 (Psal.
552 1966 685 2035 xvn)
720 1986 733 2020 :
771 1964 822 2019 id
852 1972 937 2018 est
988 1964 1257 2022 inimicos,
1285 1961 1365 2012 vel
1393 1958 1631 2013 Judmos.

410 2056 741 2122 Angelorum
791 2052 1010 2105 nomine
1056 2050 1109 2102 in
1139 2058 1324 2102 sancta
1352 2046 1626 2115 Scriptura
1660 2040 1921 2096 Dominus

339 2145 677 2214 designatur,
720 2150 779 2196 ut
818 2140 983 2195 Isaias
1015 2148 1279 2193 testatur:
1319 2137 1384 2191 Et
1421 2133 1702 2190 vocabitur
1724 2146 1921 2187 nomen

340 2235 459 2304 ejus
490 2234 667 2303 magni
698 2232 912 2287 consilii
952 2230 1199 2300 angelus.
1251 2226 1554 2296 Aliquando
1580 2226 1694 2295 ipse
1717 2222 1924 2293 angeli-

342 2344 440 2384 cus
463 2327 697 2382 chorus:
731 2334 787 2378 nt
826 2325 987 2378 Petro
1016 2322 1298 2385 Christus,
1330 2319 1410 2373 An
1452 2328 1599 2393 putas
1642 2316 1766 2386 quia
1815 2330 1919 2368 non

344 2436 551 2491 possum
587 2433 768 2487 rogare
796 2414 1005 2469 Patrem
1030 2430 1220 2479 meum,
1268 2422 1314 2465 et
1345 2410 1594 2464 exhibebit
1623 2408 1749 2462 mihi
1777 2407 1923 2477 plus-

343 2528 499 2582 quam
529 2510 801 2562 duodecim
831 2508 1053 2577 legiones
1095 2505 1393 2575 angelorum
1424 2501 1601 2575 (Matt.
1631 2515 1778 2563 xxvt,
1800 2498 1935 2565 55)?

345 2600 651 2670 Aliquando
698 2598 842 2653 cives
877 2597 1112 2652 caelestis
1152 2594 1450 2649 Jerusalem
1497 2608 1562 2646 ex
1615 2589 1927 2645 hominibus

345 2692 607 2761 assmnpti
634 2732 650 2757 ,
690 2699 750 2744 ut
775 2690 1031 2743 Dominus
1055 2703 1106 2741 In
1132 2685 1443 2756 Evangelio,
1470 2681 1535 2737 In
1560 2682 1929 2736 resurrectione

347 2788 481 2842 enim
509 2801 669 2855 neque
691 2783 895 2845 nubent.
932 2797 1094 2853 neque
1116 2779 1389 2844 nubentur,
1416 2779 1505 2832 sed
1534 2788 1651 2829 sunt
1674 2776 1804 2828 sicut
1827 2791 1926 2827 au-

346 2880 445 2948 geli
475 2879 568 2931 L'ei
598 2880 650 2930 in
680 2875 806 2930 calo
836 2875 1014 2946 (Matt.
1053 2888 1186 2936 χιιι,
1211 2870 1326 2940 50).
1358 2871 1664 2940 Aliquando
1692 2867 1927 2921 ﬁdelium

348 2971 599 3040 papulus,
627 2976 684 3021 ut
711 2978 795 3021 est
819 2966 971 3028 illud,
998 2964 1191 3020 Statuit
1221 2964 1461 3017 terminos
1481 2963 1730 3032 gentium,
1753 2976 1931 3013 secun-

350 3065 472 3115 dum
505 3077 766 3113 numerum
812 3057 1037 3127 ﬁliorum
1086 3054 1254 3109 Israel
1297 3054 1474 3126 (Deut.
1518 3068 1691 3116 xxxll,
1725 3050 1811 3120 8),
1844 3050 1927 3103 vel

244 3164 245 3167 ‘
352 3152 664 3220 angelorum
714 3148 828 3202 Dei.
865 3148 975 3201 lloc
1025 3147 1240 3199 nomine
1284 3145 1509 3215 quilibet
1554 3145 1717 3199 etiam
1758 3142 1934 3213 justus

352 3244 685 3311 designatur,
716 3252 773 3295 ut
793 3241 859 3295 de
880 3240 1087 3295 Joanne
1112 3240 1348 3307 Baptista
1382 3238 1660 3303 Dominus,
1686 3235 1820 3292 Ecce
1838 3253 1931 3307 ego

355 3336 500 3389 mitto
526 3332 766 3407 angelum
797 3346 963 3384 meum
989 3340 1105 3382 ante
1127 3330 1305 3399 faciem
1321 3338 1459 3381 tuam
1480 3327 1698 3400 (Matth.
1721 3344 1794 3395 ιι,
1817 3327 1932 3397 10).

354 3424 653 3492 Aliquando
682 3424 1081 3490 praedicatores,
1107 3421 1190 3473 vel
1225 3421 1560 3488 sacerdmes,
1587 3430 1646 3474 ut
1674 3420 1931 3489 scriptum

354 3526 456 3583 est,
488 3514 651 3567 Labia
691 3513 969 3567 sacerdotis
1017 3511 1311 3565 custodiunt
1352 3511 1638 3580 scientiam,
1685 3520 1730 3565 et
1773 3509 1935 3579 legem

352 3608 617 3674 requirunt
644 3620 705 3658 ea:
729 3620 815 3658 ore
844 3604 975 3673 ejus,
1004 3602 1126 3673 quia
1150 3602 1361 3675 angelus
1389 3601 1595 3655 Domini
1623 3602 1937 3656 exercituum

354 3708 429 3753 est
457 3708 470 3768 ί
484 3697 710 3751 Malach.
739 3712 798 3761 ιι,
822 3696 909 3766 7).
939 3696 1007 3750 Et
1028 3694 1319 3764 Apostolus
1342 3710 1358 3751 :
1388 3693 1577 3748 Mulier
1602 3693 1746 3749 debet
1768 3694 1938 3748 uelare

356 3799 511 3855 caput
552 3790 604 3841 iu
634 3786 875 3852 ecclesia,
914 3795 1121 3857 propter
1148 3786 1359 3855 angelos
1389 3784 1442 3859 (l
1473 3785 1592 3841 Cor.
1623 3801 1697 3850 xl,
1732 3785 1854 3857 10);
1885 3784 1938 3840 id

359 3891 440 3938 est
466 3881 775 3950 episcopos;
811 3888 864 3933 et
894 3878 1258 3947 unusquisque
1286 3877 1482 3942 ﬁdelis,
1510 3877 1652 3947 quod
1684 3878 1822 3932 bona
1843 3891 1941 3931 an-

361 3975 598 4039 nuntiat,
634 3971 810 4042 angeli
847 3985 1042 4026 nomen
1073 3970 1176 4024 sibi
1213 3969 1478 4038 vindicat,
1525 3973 1569 4023 si
1602 3970 1739 4026 bene
1768 3974 1932 4024 vivat.

359 4064 439 4119 Ad
465 4065 736 4128 ultimum,
763 4062 1007 4117 diabolus
1025 4069 1082 4116 et
1106 4069 1431 4129 coapostatae
1459 4061 1575 4130 ejus
1603 4063 1777 4132 angeli
1808 4064 1935 4119 mali

362 4166 769 4223 nuncupant-ur;
798 4168 902 4221 quo
929 4153 1057 4207 licet
1075 4152 1371 4221 angelicam
1403 4152 1716 4222 dignitatem
1742 4156 1941 4211 amise-

362 4250 491 4311 rint,
522 4247 867 4301 subtilitatem
897 4233 1075 4300 tamen
1099 4246 1351 4316 angelica:
1382 4256 1588 4299 natura:
1614 4262 1716 4302 non
1744 4249 1941 4302 amise-

362 4349 514 4403 runt;
538 4353 630 4405 per
645 4353 776 4406 quos
800 4337 1020 4407 Angelos
1044 4338 1226 4401 malos,
1244 4338 1579 4391 immissiones
1597 4338 1711 4408 (Ps.
1734 4313 1951 4405 uxvn,‘

2019 1855 2365 1921 semetipsam
2398 1864 2506 1903 non
2545 1855 2725 1917 potest
2761 1843 3251 1913 comprehendere;
3294 1843 3436 1897 unde
3481 1856 3607 1909 pro-

2021 1946 2203 2015 pheta,
2232 1942 2389 1996 Dedit
2411 1943 2626 2011 abyssus
2639 1955 2810 1993 vocem
2833 1954 2980 1992 suam
2996 1938 3058 1990 ab
3074 1937 3348 1991 altitudine
3370 1934 3605 2006 (Habes.

2020 2052 2099 2101 nt,
2128 2034 2217 2105 10)
2251 2033 2544 2102 phantasia
2582 2046 2693 2086 sua:
2720 2048 2733 2084 :
2761 2033 2883 2100 quia
2913 2030 3040 2084 dum
3076 2028 3422 2096 semetipsam
3453 2040 3611 2080 mens

2022 2126 2250 2181 humana
2284 2140 2389 2178 non
2423 2132 2697 2191 penetrat,
2726 2136 2792 2176 ex
2832 2119 3233 2189 comparatione
3267 2117 3374 2182 sui,
3410 2115 3611 2170 divina

2024 2225 2231 2270 natural
2255 2215 2547 2283 potentiam
2574 2226 2733 2283 quam
2766 2209 3226 2280 comprehendere
3255 2224 3360 2263 non
3388 2206 3609 2271 sufﬁcit,

2026 2310 2282 2364 humilius
2305 2309 2503 2362 laudat.
2530 2307 2626 2362 Vel
2658 2316 2825 2369 certe,
2859 2304 3073 2375 abyssus
3089 2303 3293 2375 judicia
3325 2299 3421 2354 Dei
3453 2311 3613 2365 sunt;

2026 2415 2073 2458 et
2120 2406 2335 2474 abyssus
2385 2402 2623 2473 abyssum
2669 2402 2871 2453 invocat
2919 2396 3052 2468 (Ps.
3083 2411 3254 2463 xxxv,
3286 2396 3340 2459 7;
3370 2408 3482 2449 xu.
3515 2393 3608 2461 8),

2026 2496 2240 2566 quando
2281 2493 2495 2549 occulto
2544 2492 2637 2547 Dei
2687 2491 2891 2559 judicio
2939 2489 3007 2544 de
3055 2488 3413 2558 praesentibus
3453 2483 3615 2539 malis

2030 2587 2219 2641 transit
2254 2594 2507 2656 peccator
2532 2584 2599 2639 ad
2630 2594 2831 2638 aeterna
2866 2582 3025 2645 mala,
3055 2590 3109 2636 et
3138 2580 3207 2636 de
3237 2580 3432 2634 ardore
3458 2577 3615 2646 cupi-

2028 2679 2254 2733 ditatum
2282 2678 2335 2732 in
2363 2679 2609 2732 ﬁantmas
2649 2678 3040 2748 gehennarum.
3074 2674 3204 2737 Ros,
3240 2674 3464 2727 verbum
3505 2672 3615 2725 Do-

2031 2771 2192 2835 mini;
2236 2771 2356 2824 ideo
2397 2770 2537 2839 quod
2587 2768 2908 2823 madefaciat
2961 2765 3237 2820 hominum
3284 2762 3483 2824 corda,
3531 2770 3615 2825 ut,

2035 2865 2243 2929 Rorate,
2275 2865 2408 2929 cteli,
2448 2865 2665 2934 desuper
2697 2860 2860 2932 (Isai.
2894 2875 3025 2923 va,
3055 2859 3141 2928 8).
3174 2858 3237 2911 Et
3278 2857 3332 2911 in
3372 2857 3567 2926 psalm.
3595 2870 3616 2910 :

2033 2956 2178 3012 Sicut
2202 2973 2288 3009 ros
2320 2955 2563 3018 Hermon,
2597 2955 2684 3021 qui
2713 2953 2973 3007 descendit
3000 2954 3052 3004 in
3082 2962 3301 3004 montem
3328 2948 3456 3004 Sion
3484 2945 3617 3018 (Ps.

2034 3067 2237 3115 cxsxn,
2285 3051 2365 3119 3).
2420 3049 2602 3102 Pluvia
2650 3057 2916 3117 praecepta
2961 3047 3043 3100 vel
3088 3044 3334 3098 mandata
3367 3039 3618 3106 Domini;

1958 3122 2007 3203 ο
2038 3144 2124 3198 vel
2154 3143 2313 3198 verba
2340 3153 2649 3196 sanctorum
2681 3141 3081 3210 apostolorum;
3114 3152 3181 3193 eo
3210 3136 3349 3206 quod
3388 3146 3621 3201 terram,

2036 3236 2088 3289 id
2119 3245 2202 3290 est
2229 3234 2478 3289 homines
2499 3234 2704 3302 irriget.
2729 3232 2783 3285 In
2818 3232 2949 3301 psal.
2974 3248 2984 3282 :
3011 3230 3250 3283 Pluviam
3276 3227 3624 3281 voluntariam

2035 3324 2801 3397 segregabis,Deus,lttereditati
2831 3333 2930 3377 tute
2953 3320 2972 3391 (
2979 3320 3072 3375 Ps.
3098 3335 3261 3384 van,
3294 3316 3405 3386 10).
3434 3316 3621 3380 Nives,

2038 3436 2134 3488 pro
2162 3418 2399 3475 candore
2426 3418 2668 3488 iustitiae,
2717 3427 2770 3471 et
2805 3431 2901 3485 pro
2945 3415 3230 3483 baptismo.
3265 3410 3321 3466 ln
3369 3412 3564 3481 psalm.
3602 3427 3619 3461 :

2037 3510 2255 3566 Lavabis
2288 3525 2390 3574 me,
2434 3517 2483 3563 et
2530 3523 2684 3577 super
2728 3508 2890 3561 nivem
2947 3503 3218 3558 dealbabor
3273 3500 3393 3572 (Ps.
3444 3517 3506 3565 ι,
3538 3499 3624 3568 9).

2038 3600 2277 3665 Grando,
2308 3598 2756 3655 comminationes
2785 3596 3018 3659 Domini,
3049 3594 3243 3665 quibus
3270 3600 3625 3649 contumaces

2038 3693 2343 3748 everberat.
2378 3692 2435 3745 ln
2467 3691 2699 3760 psalm.:
2730 3686 2941 3743 Grando
2979 3695 3027 3741 et
3071 3687 3309 3739 carbones
3336 3683 3471 3755 ignis
3501 3679 3624 3756 (Ps.

2039 3800 2169 3850 xvn,
2200 3782 2308 3855 15).
2340 3783 2471 3837 Item
2511 3785 2563 3836 in
2594 3783 2752 3836 aliam
2791 3789 2993 3848 partem
3026 3796 3039 3832 :
3073 3776 3141 3832 Et
3168 3777 3349 3831 occidit
3376 3777 3429 3829 in
3467 3793 3630 3846 gran-

2040 3878 2161 3931 dine
2189 3877 2361 3930 vineas
2391 3891 2566 3930 eorum
2609 3872 2738 3943 (Ps.
2777 3887 2987 3935 Lxxvn,
3014 3868 3140 3942 Η).
3180 3869 3235 3923 In
3268 3868 3466 3937 frigore
3499 3883 3632 3920 vero

2042 3968 2201 4033 nivis,
2227 3977 2281 4023 et
2306 3967 2357 4021 iu
2384 3966 2576 4021 duritia
2601 3965 2874 4034 grandinis
2896 3963 3005 4018 vita
3027 3961 3289 4030 accipitur
3311 3973 3627 4030 pravorum,

2040 4076 2161 4131 quae
2190 4068 2245 4114 et
2275 4067 2492 4127 torpore
2544 4056 2799 4126 frigescit,
2849 4064 2901 4110 et
2951 4068 3049 4125 per
3098 4051 3311 4107 duritia:
3365 4050 3630 4104 malitiam

2044 4152 2198 4223 perit.
2221 4146 2439 4212 Pruina,
2457 4146 2800 4214 abstinentia,
2822 4161 2887 4202 eo
2912 4145 3055 4213 quod
3085 4159 3183 4215 per
3212 4146 3349 4198 hanc
3378 4144 3634 4210 frigescat

2042 4244 2191 4297 calor
2220 4240 2569 4311 corporian
2610 4240 2838 4307 psalm.:
2874 4237 3065 4290 Factus
3097 4252 3209 4289 sum
3249 4236 3381 4290 sicut
3424 4245 3534 4288 uter
3574 4234 3631 4287 iu

2046 4334 2234 4400 pruina
2265 4328 2385 4399 (Ps.
2427 4343 2611 4397 cxvnt,
2651 4331 2763 4397 85).
2806 4328 3157 4397 Tempestas,
3191 4324 3631 4396 persecutionum

365 4429 464 4499 ω)
500 4429 877 4483 adversitatum
904 4429 986 4483 vel
1024 4428 1422 4497 aegritudinum,
1457 4431 1812 4497 permissione
1846 4431 1939 4485 Dei
1971 4491 2013 4499 _
2046 4425 2131 4478 vel
2174 4422 2573 4477 tribulationum
2608 4421 2858 4488 impetus.
2906 4418 2963 4471 In
2998 4418 3228 4486 psalm.:
3288 4415 3391 4479 Qui
3432 4410 3638 4467 salvum

368 4491 521 4582 ﬁunt,
572 4519 803 4588 quando,
850 4530 902 4572 et
948 4520 1033 4574 ubi
1064 4491 1314 4572 voluerit.
1359 4491 1582 4583 Throni,
1626 4521 1826 4591 angeli,
1861 4522 1941 4576 vel
1970 4491 2024 4554 Β
2052 4533 2128 4570 me
2160 4517 2277 4587 fecit
2306 4531 2337 4567 a
2383 4513 2808 4584 pusillanimitate
2851 4512 3063 4583 spiritus
3093 4519 3139 4563 et
3168 4516 3461 4579 tempestate
3499 4503 3632 4573 (Ps.

364 4611 559 4671 sancti,
586 4611 669 4663 vel
688 4611 798 4678 ipsa
828 4610 1081 4677 regnandi
1103 4616 1357 4677 potestas.
1378 4610 1434 4665 In
1461 4612 1689 4679 psalmo,
1708 4612 1946 4668 Thronus

367 4712 483 4754 tuus
519 4700 652 4753 Deus
680 4701 729 4751 in
759 4698 1005 4752 swculum
1049 4701 1224 4753 saeculi
1266 4700 1397 4769 (Ps.
1429 4719 1572 4769 xuv,
1606 4705 1696 4773 7).
1730 4705 1860 4759 Item
1893 4707 1946 4761 in

366 4792 527 4846 aliam
562 4799 765 4859 partem
796 4792 864 4845 de
891 4791 1105 4844 diabolo
1134 4809 1145 4842 :
1181 4790 1381 4845 Ponam
1411 4793 1651 4848 thronum
1682 4812 1850 4849 meum
1878 4798 1945 4849 ad

367 4882 662 4952 aquilonem
697 4878 861 4949 (lsai.
893 4896 1002 4945 xlv,
1030 4880 1157 4948 15).
1181 4881 1368 4945 Sedes,
1411 4884 1551 4938 idem
1584 4885 1723 4954 quod
1758 4902 1945 4956 supra,

368 4972 546 5045 angeli
576 4979 655 5027 vel
695 4973 885 5037 sancti,
918 4988 985 5026 eo
1011 4974 1150 5041 quod
1181 4974 1234 5027 in
1263 4975 1344 5028 his
1368 4975 1626 5030 Dominus
1655 4977 1868 5043 sedeat,
1896 4989 1950 5031 et

368 5082 466 5134 per
493 5080 583 5119 eos
612 5065 926 5133 snajtnlicia
960 5064 1233 5119 decernat.
1266 5065 1323 5119 ln
1358 5068 1586 5135 psalmo,
1635 5066 1768 5121 Deus
1811 5070 1953 5123 sedet

370 5173 523 5221 super
543 5160 709 5210 sedem
732 5167 961 5209 sanctam
984 5173 1129 5209 suam
1152 5155 1270 5228 (Ps.
1294 5174 1435 5221 ιιι-ι,
1454 5156 1530 5227 9).
1559 5159 1672 5218 Sol.
1696 5159 1953 5213 Dominus

369 5258 529 5303 Jesns
557 5250 825 5316 Chriszus,
858 5250 945 5317 qui
978 5248 1173 5318 fulgeat
1208 5251 1385 5304 terris.
1417 5251 1470 5303 ln
1498 5250 1783 5305 Salomone
1810 5250 1953 5319 quod

370 5342 570 5395 dicturi
620 5352 744 5394 sunt
782 5342 996 5410 reprobi
1046 5342 1097 5395 in
1140 5340 1285 5395 ﬁne:
1333 5341 1471 5410 Ergo
1501 5343 1811 5415 soljustitia:
1852 5360 1953 5397 non

372 5434 505 5487 luxit
553 5432 697 5487 nobis
728 5434 882 5504 (Sap.
910 5451 965 5493 γ.
998 5432 1087 5501 6).
1139 5434 1287 5486 Alias
1338 5436 1658 5501 persecutio,
1698 5444 1755 5488 ut
1798 5435 1951 5499 illud,

381 5522 507 5574 Orto
538 5523 644 5575 sole
674 5537 918 5577 aruerunt
950 5523 1399 5595 (Matth-.xntﬁ).
1436 5524 1581 5578 Luna
1609 5527 1865 5587 Ecclesia.
1891 5542 1958 5581 eo

375 5614 517 5682 quod
550 5614 601 5670 in
634 5617 735 5670 bac
773 5618 955 5670 tnundt
990 5626 1146 5671 nocte
1192 5617 1550 5686 resplendeat.
1602 5617 1657 5671 In
1708 5622 1955 5687 psalmo:

381 5702 526 5781 Fecit
551 5709 726 5762 lunam
766 5711 819 5762 in
869 5708 1246 5776 tempora(Ps.
1280 5725 1402 5776 cm,
1440 5708 1563 5775 l9).
1607 5710 1710 5765 Pro
1749 5710 1959 5766 defectu

2052 4624 2161 4675 Liv,
2192 4607 2269 4677 9).
2298 4606 2531 4671 Glacies,
2562 4603 2790 4658 durities
2820 4612 3187 4672 peccatorum.
3222 4599 3278 4653 In
3302 4599 3591 4652 Salomone
3622 4613 3640 4651 :

2051 4701 2197 4756 Sicut
2224 4700 2278 4753 in
2306 4712 2486 4751 sereno
2505 4695 2714 4766 glacies,
2742 4698 2813 4748 ita
2844 4695 3098 4748 solventur
3118 4700 3324 4762 peccata
3353 4685 3664 4755 tua(Eccli.

2051 4804 2129 4855 In,
2164 4789 2273 4859 17).
2309 4787 2490 4855 Venti,
2514 4787 2712 4841 anima:
2734 4796 3065 4839 sanctorum.
3089 4783 3146 4836 In
3177 4783 3401 4851 psalm.:
3432 4776 3641 4830 Volavit

2049 4897 2200 4951 super
2219 4895 2410 4946 pennas
2437 4888 2701 4931 ventorum
2732 4875 2847 4946 (Ps.
2882 4890 3012 4939 xvn,
3048 4873 3157 4945 11).
3188 4873 3319 4926 Item
3353 4870 3403 4924 in
3435 4870 3641 4922 malam

2057 4985 2282 5043 partem.
2318 4970 2375 5024 In
2402 4968 2691 5024 Matthao:
2725 4964 3007 5019 Flat'erunl
3040 4964 3173 5017 venti
3200 4962 3390 5034 (Matt.
3441 4953 3609 5025 n35)

2055 5061 2558 5133 Aquilo,diabolus,
2587 5058 2672 5111 vel
2697 5057 2941 5111 homines
2969 5054 3231 5117 inﬁdeles,
3256 5064 3349 5106 aut
3374 5051 3518 5119 mali,
3551 5050 3643 5104 vel

2044 5156 2224 5226 frigus
2253 5163 2614 5225 peccatorum.
2648 5152 2703 5206 ln
2733 5149 2993 5220 propheta
3023 5164 3036 5199 :
3084 5146 3164 5199 Ab
3199 5145 3450 5214 aquilone
3480 5158 3646 5197 exar-

2060 5248 2279 5302 descent
2320 5245 2463 5299 mala
2510 5258 2672 5310 super
2714 5253 2935 5295 terram.
2981 5240 3045 5293 Et
3083 5238 3208 5291 alibi
3246 5253 3262 5291 ε
3300 5238 3373 5289 Ab
3398 5237 3648 5305 aquilone

2061 5340 2314 5408 pandetur
2330 5336 2521 5390 malum
2541 5335 2752 5406 (Jerem.
2776 5348 2814 5401 I,
2838 5332 2946 5402 H).
2975 5331 3039 5385 Et
3068 5330 3197 5383 altbi
3216 5347 3228 5381 :
3250 5330 3433 5397 Surge,
3466 5326 3649 5394 aquilo

2062 5430 2239 5500 (Cant.
2283 5445 2354 5495 tv,
2399 5428 2517 5498 16);
2561 5427 2611 5479 id
2655 5434 2766 5491 est,
2814 5423 3031 5479 recede.
3061 5423 3283 5485 Dexter,
3317 5419 3456 5472 idem
3497 5416 3647 5485 quod

2062 5539 2243 5592 supra.
2269 5522 2322 5576 lit
2353 5521 2644 5576 Salomone
2669 5538 2682 5572 :
2707 5520 2890 5588 Aquilo
2915 5517 3074 5571 durus
3101 5525 3279 5570 uentus
3302 5512 3480 5586 (Prov.
3511 5525 3646 5577 xxv,

2063 5615 2176 5686 23).
2201 5613 2429 5668 Nomine
2450 5622 2628 5665 autem
2651 5610 2840 5664 dexter
2865 5618 3106 5671 vocatur,
3131 5622 3195 5662 eo
3220 5608 3361 5676 quod
3392 5602 3648 5657 diabolus

2066 5723 2261 5763 nomen
2304 5705 2407 5760 sibi
2449 5704 2620 5759 dextri
2662 5709 2971 5773 praesumat,
3016 5708 3285 5770 tamquam
3329 5696 3486 5764 boni;
3530 5694 3655 5749 sive
