3932 6170
320 274 418 330 741

1054 283 1259 341 LIBER
1300 285 1778 347 FORMULABUM
1819 291 2204 354 SPIRITALIS
2233 298 2806 360 INTELLIGENTIE.

3457 311 3560 366 7‘2

313 388 465 456 quod
498 391 864 459 occidentem,
902 395 955 450 id
995 406 1081 454 est
1117 411 1423 469 peccatum,
1457 404 1879 473 respicientibus
1909 411 1958 471 Δ
1989 411 2058 464 ad
2070 412 2411 481 Aquiloneml
2422 414 2533 469 lsa.
2556 417 2856 480 x1v,l3);et
2873 416 3000 473 alibi
3023 436 3038 473 :
3061 418 3133 474 Ab
3151 420 3405 489 Aquilone
3423 441 3556 489 pan-

313 482 508 536 dexter
528 483 637 536 fiat.
658 486 876 550 Auster,
901 489 1048 542 calor
1069 491 1213 545 fidei.
1242 493 1299 547 In
1320 494 1485 548 Psal.:
1508 494 1657 550 Sicut
1679 507 1883 554 torrens

313 572 367 625 in
389 585 570 626 austro
589 574 699 635 (Ps.
719 591 879 639 cxxv,
905 580 982 644 4).
1007 580 1101 635 Est
1117 582 1682 653 etSpiritussanctus,
1701 599 1760 642 ut
1782 591 1881 654 ihi,

311 662 503 734 Surge.
529 666 728 734 aquilo,
764 677 813 720 et
836 670 974 733 veni,
1009 681 1186 726 auster
1221 673 1400 743 (Cant.
1433 693 1505 740 tv,
1533 679 1598 733 16
1621 681 1636 740 )
1658 695 1673 734 :
1699 682 1750 734 id
1776 695 1879 748 est,

308 750 546 817 Recede,
579 756 812 821 diabole,
847 769 900 812 et
932 763 1082 830 veni,
1115 763 1336 831 spiritus
1364 766 1522 820 alme.
1555 766 1686 831 Aer,
1712 769 1887 822 inani-

307 843 436 894 tatis
475 846 798 900 enuntiatio.
841 849 895 901 ln
929 854 1228 919 Apestolo:
1259 854 1349 909 Sic
1389 872 1583 926 pugno,
1614 873 1716 911 non
1743 860 1889 928 quasi

303 949 476 987 aerem
505 938 772 992 verberans
803 938 859 1011 (I
888 940 1007 997 Cor.
1039 959 1113 1010 ix,
1147 943 1284 1017 26);
1329 947 1382 1000 id
1412 959 1528 1015 est,
1561 965 1666 1004 non
1711 952 1887 1007 inania

300 1036 642 1082 consectans.

374 1115 668 1186 Tempora,
691 1132 996 1189 opportuna
1022 1125 1330 1182 distributio
1352 1128 1646 1185 voluntatis
1665 1131 1883 1188 divinas.

299 1205 360 1259 In
391 1207 644 1263 Psalmo:
695 1209 845 1266 Fecit
892 1214 1070 1268 lunam
1100 1218 1153 1270 in
1197 1228 1426 1288 tempora
1466 1219 1584 1292 (Ps.
1617 1236 1732 1289 CIII,
1771 1221 1882 1295 19).

301 1298 411 1355 Ver
440 1301 562 1355 vita:
600 1305 904 1372 renovatio,
935 1308 1019 1362 vel
1049 1323 1146 1377 per
1175 1310 1523 1379 baptismum,
1556 1314 1639 1367 vel
1670 1329 1769 1382 per
1794 1327 1884 1368 re-

297 1394 717 1450 surrectionem.
763 1397 818 1450 In
860 1399 1103 1465 psalmo:
1134 1400 1393 1456 zEstatem
1433 1413 1480 1459 et
1524 1419 1607 1457 ver
1633 1412 1688 1458 tu
1718 1405 1882 1471 fecisti

297 1499 356 1536 ea
384 1483 502 1556 (Ps.
538 1501 720 1552 Lxxttt,
755 1488 867 1558 17).
895 1489 1083 1547 Estas
1106 1503 1345 1549 ventura:
1367 1494 1718 1565 jucunditatis
1745 1511 1881 1564 prae-

296 1576 565 1645 figuratio.
600 1579 657 1633 In
685 1581 912 1648 psalmo,
943 1592 999 1637 ut
1029 1598 1212 1653 supra.
1250 1586 1453 1652 Hiems,
1479 1601 1718 1654 praesens
1743 1588 1876 1652 vita,

296 1670 625 1736 persecutio,
658 1671 738 1727 vel
771 1674 1069 1728 tribulatio.
1096 1675 1150 1729 In
1178 1676 1502 1747 Evangelio:
1539 1678 1606 1734 Ut
1641 1696 1741 1733 non
1783 1679 1877 1748 fiat

1987 503 2136 556 detur
2154 505 2349 559 malum
2373 506 2498 571 (Jer.
2519 509 2683 572 1,14).
2710 508 2885 571 Mane,
2906 510 2992 562 lux
3010 521 3228 565 actuum
3256 513 3550 579 honorum,

1985 590 2068 643 vel
2093 591 2440 660 baptismum,
2484 596 2562 649 vel
2606 600 2936 654 resurrectio
2969 600 3266 656 Dominica.
3304 603 3546 660 luPsal.:

1982 680 2139 735 Mane
2160 686 2475 751 astabotibi,
2495 695 2542 739 et
2564 689 2745 742 videbo
2769 689 2883 759 (Ps.
2911 708 2960 755 v,
2995 693 3071 760 5);
3113 705 3169 746 et
3208 694 3336 748 alibi
3364 695 3437 747 :A
3463 713 3555 749 eu-

1983 777 2154 829 slodia
2175 779 2436 832 matutina
2459 795 2621 847 usque
2639 781 2710 832 ad
2727 794 2924 836 noctem
2942 786 3290 852 speretlsrael
3314 788 3549 841 inDomi-

1983 884 2050 921 no
2069 868 2182 939 (Ps.
2219 886 2398 934 cxxtx,
2425 871 2501 937 6),
2537 871 2588 925 id
2610 883 2695 927 est
2720 889 2747 926 a
2767 877 3168 930 resurrectione
3187 877 3396 932 Domini
3420 895 3544 947 spes

1982 969 2194 1026 nostra,
2231 978 2404 1031 usque
2438 964 2488 1017 in
2524 963 2682 1018 ﬁnem
2717 969 2922 1029 saeculi,
2959 969 3010 1022 id
3042 980 3126 1023 est
3158 971 3300 1022 diem
3331 971 3542 1038 judicii.

1982 1049 2086 1104 Per
2108 1067 2267 1106 mane
2304 1054 2467 1107 etiam
2497 1055 2581 1108 vel
2603 1058 2953 1120 matutinum,
2975 1062 3259 1126 praesentis
3280 1061 3400 1115 vitae
3426 1078 3548 1129 prn-

1978 1142 2211 1209 speritas
2241 1144 2597 1211 signiﬁcatur,
2631 1158 2691 1199 ut
2724 1147 2855 1201 illud
2895 1164 2908 1202 :
2952 1148 3040 1202 Va:
3065 1152 3177 1213 tibi,
3207 1161 3369 1211 terra,
3394 1153 3544 1218 cujus

1979 1245 2070 1282 rea:
2112 1231 2325 1300 juvenis
2375 1242 2470 1298 est,
2501 1241 2552 1286 et
2601 1234 2751 1296 cuius
2785 1236 3041 1304 principes
3078 1254 3232 1291 mane
3267 1242 3545 1292 comedunt

1977 1315 2170 1384 (Eccle.
2193 1334 2244 1383 x,
2270 1317 2376 1386 l6);
2411 1335 2571 1374 mane
2601 1330 2782 1375 autem
2808 1323 3122 1389 comedunt,
3157 1324 3252 1390 qui
3283 1327 3350 1380 de
3383 1325 3544 1396 hujus

1986 1401 2168 1452 mundi
2201 1407 2648 1472 prosperitatibus
2690 1415 3041 1481 extolluntur,
3071 1419 3196 1474 dum
3229 1423 3280 1474 in
3320 1435 3564 1482 extremo

1984 1487 2100 1554 ejus
2131 1489 2393 1547 deberent
2434 1499 2757 1564 praestolari,
2791 1502 2889 1557 frui
2931 1510 3147 1562 aeternis
3194 1511 3558 1571 felicitatibus.

1987 1577 2254 1648 Meridies,
2304 1585 2456 1651 plana
2505 1588 2866 1645 doctrinarum
2912 1595 3283 1671 factorumque
3321 1606 3558 1661 claritas.

1985 1666 2042 1722 In
2073 1669 2310 1725 Salom.:
2357 1673 2456 1728 Ubi
2484 1677 2637 1731 cubas
2674 1681 2726 1733 in
2763 1684 2976 1738 meridie
3015 1666 3256 1758 (Cantjt,
3293 1694 3469 1762 6)?Et
3508 1700 3561 1753 in

296 1766 463 1811 uestra
489 1763 613 1830 fuga
637 1759 821 1830 hieme,
853 1763 933 1817 vel
957 1765 1169 1818 sabbato
1198 1766 1373 1836 (Matt.
1400 1785 1543 1834 xxiv,
1567 1769 1680 1839 20).
1709 1769 1871 1834 Anni,

1978 1760 2173 1813 malam
2206 1773 2412 1830 partem
2443 1767 2496 1821 in
2531 1768 2667 1836 psal.
2697 1787 2710 1823 :
2745 1773 2787 1824 Α
2830 1775 3080 1831 ὀωηιοηὶο
3110 1749 3395 1839 meridiano
3438 1787 3557 1859 (Ps.

290 1847 581 1918 aliquando
612 1867 708 1919 pro
731 1856 1034 1908 aeternitate
1054 1856 1408 1924 accipiuntur,
1433 1868 1488 1912 ut
1515 1860 1586 1913 ibi
1611 1877 1624 1910 :
1657 1859 1722 1914 Et
1752 1863 1876 1916 anni

291 1939 370 1992 tui
397 1956 500 1993 non
522 1941 759 2007 de/icient
789 1942 908 2013 (Ps.
936 1960 1010 2012 cr,
1043 1946 1156 2016 εδ).
1190 1947 1464 2002 Interdum
1500 1959 1554 2004 et
1583 1966 1676 2018 pro
1699 1951 1878 2006 brevi-

290 2038 403 2086 tate
435 2033 589 2102 hujus
611 2036 846 2098 vitae..ut
877 2036 1002 2093 hic:
1033 2039 1174 2093 Anni
1201 2042 1365 2095 nostri
1393 2052 1652 2112 tamquam
1683 2059 1875 2098 aranea

287 2125 664 2180 meditabantur
693 2126 811 2197 (Ps.
851 2145 1070 2194 uxxtx,
1095 2131 1182 2202 9).
1228 2132 1488 2188 Hensium
1533 2136 1753 2190 nomine
1781 2135 1874 2205 qui

286 2213 482 2270 diebus
530 2217 934 2286 coadunantur,
983 2221 1332 2277 collectiones
1377 2225 1679 2278 animarum
1723 2225 1873 2280 desi-

285 2316 543 2373 gnantur,
571 2309 653 2363 vel
681 2308 938 2376 perfectio
962 2322 1294 2379 sanctorum,
1324 2324 1382 2368 ut
1406 2314 1476 2370 ibi
1503 2332 1518 2369 :
1542 2314 1657 2369 Erit
1688 2318 1873 2370 mensis

283 2414 354 2451 ea:
401 2416 573 2454 mense
618 2401 769 2473 (Isat'.
816 2419 968 2472 var,
997 2404 1125 2474 25):
1155 2406 1407 2462 videlicet
1451 2408 1530 2464 eis
1561 2409 1614 2464 in
1661 2411 1866 2480 requie,

284 2490 484 2558 quibus
511 2507 652 2546 nunc
681 2493 936 2562 perfectio
978 2495 1141 2550 fuerit
1188 2498 1240 2550 in
1270 2500 1602 2567 operatione.
1653 2501 1776 2556 Dies
1817 2511 1872 2556 et

284 2582 666 2650 nox,justitia
711 2594 766 2638 et
806 2585 1079 2654 iniquitas,
1121 2586 1253 2640 ﬁdes
1297 2596 1354 2642 et
1403 2588 1710 2654 infidelitas,
1747 2605 1871 2659 pio-

283 2683 449 2737 spera
481 2680 537 2724 et
566 2673 812 2727 adversa.
849 2675 905 2728 In
930 2677 1066 2743 psal.
1091 2693 1104 2729 :
1131 2675 1198 2730 In
1229 2677 1311 2730 die
1332 2682 1591 2752 mandavit
1622 2681 1870 2735 Dominus

283 2763 690 2816 misericordiam
709 2782 878 2831 suam,
903 2776 950 2818 et
968 2768 1021 2820 in
1042 2776 1188 2820 nocte
1208 2769 1506 2823 declaravit
1527 2769 1643 2835 (Ps.
1663 2787 1770 2837 xu,
1788 2773 1867 2842 9).

285 2849 508 2906 Diernm
549 2854 763 2908 nomine
791 2856 1105 2926 intelligitur
1133 2859 1294 2912 etiam
1327 2861 1646 2914 illuminatio
1673 2864 1868 2916 divina:

284 2944 474 3010 gratia:
503 2959 595 3013 per
621 2945 835 3000 diversa
863 2948 1003 3002 dona
1032 2950 1307 3005 virtutum.
1328 2951 1456 3006 Item
1486 2953 1601 3009 dies
1623 2955 1870 3024 designat

283 3039 541 3105 angelum
584 3051 885 3108 apostatam
912 3059 926 3095 :
959 3042 1086 3096 dum
1119 3044 1222 3099 Job
1253 3043 1323 3098 ita
1350 3046 1614 3114 loquitur:
1645 3047 1866 3101 Maledi-

283 3139 408 3182 cant
427 3129 472 3182 ei
496 3130 584 3200 qui
609 3131 919 3186 maledicunt
946 3135 1048 3187 diei
1083 3133 1203 3204 (Job
1254 3151 1329 3203 ιιι,
1363 3111 1442 3204 8).
1479 3138 1661 3193 Noctis
1686 3149 1862 3195 autem
1895 3111 1940 3173 ε

285 3221 530 3284 nomine,
576 3222 663 3276 vel
721 3238 873 3277 error
912 3224 1228 3292 ignorantia:
1272 3226 1525 3295 Caecitas,
1577 3230 1660 3283 vel
1705 3232 1865 3285 etiam

285 3311 482 3364 mortis
520 3313 789 3368 acerbitas
818 3315 1098 3384 accipitur.
1137 3316 1342 3372 Lumen
1390 3329 1446 3373 et
1491 3322 1748 3388 tenebrat,
1795 3324 1866 3377 ita

287 3401 523 3456 maxime
567 3403 903 3472 accipiuntur
945 3415 1002 3460 ut
1036 3407 1150 3462 dies
1196 3415 1251 3462 et
1297 3423 1420 3462 nox.
1468 3409 1521 3462 In
1553 3425 1639 3480 ep.
1673 3413 1864 3466 Joan.:

288 3490 398 3554 Qui
426 3493 594 3564 diligit
621 3495 832 3564 fratrem
859 3513 1029 3562 suum,
1055 3498 1109 3551 in
1142 3498 1334 3552 lumine
1363 3511 1570 3557 manet:
1591 3504 1678 3572 qui
1697 3514 1866 3558 autem

288 3583 402 3636 odit
433 3583 640 3650 fratrem
665 3602 834 3652 suum,
856 3588 912 3641 in
939 3589 1154 3642 tenebris
1178 3599 1252 3644 est
1281 3590 1324 3660 (I
1349 3589 1508 3646 Joan.
1540 3608 1600 3658 ιι,
1629 3594 1740 3662 10).
1767 3595 1868 3650 Per

287 3673 478 3728 lumen
507 3677 665 3730 etiam
695 3678 920 3733 intentio
943 3681 1126 3736 cordis
1151 3682 1474 3738 declaratur.
1499 3683 1719 3751 Umbra,
1745 3702 1869 3756 pro-

285 3769 454 3822 tectio
479 3769 682 3825 divina.
715 3771 770 3825 in
799 3786 879 3840 ps.
907 3790 921 3826 :
948 3772 1058 3828 Sub
1084 3774 1263 3828 umbra
1284 3776 1488 3830 alarum
1517 3786 1720 3832 tuarum
1750 3797 1868 3844 pro-

287 3868 403 3927 tege
432 3875 508 3912 me
538 3859 656 3926 (Ps.
699 3876 810 3925 xvi,
839 3862 920 3930 8).
964 3863 1110 3918 Alias
1156 3865 1375 3929 oblivio,
1411 3868 1493 3922 vel
1537 3881 1774 3937 peccata,
1810 3880 1869 3924 ut

287 3948 398 4001 ibi:
433 3948 674 4004 Sedentes
703 3952 757 4004 in
787 3955 1001 4007 tenebris
1024 3964 1070 4007 et
1100 3957 1152 4007 in
1195 3957 1370 4008 umbra
1402 3960 1578 4012 mortis
1608 3958 1726 4029 (Ps.
1757 3976 1864 4025 CVI,

289 4036 406 4106 10).
447 4038 642 4094 Umbra
672 4052 753 4094 est
784 4042 1073 4110 aliquando
1103 4044 1386 4099 delectatio
1413 4059 1778 4116 peccatorum,
1813 4060 1868 4104 ut

287 4129 345 4183 in
372 4129 499 4183 Job:
535 4130 643 4186 Sub
674 4133 854 4186 umbra
883 4133 1071 4187 dormit
1110 4137 1162 4189 in
1205 4148 1394 4192 secreto
1450 4140 1572 4210 (Job
1623 4158 1709 4202 XL,
1753 4142 1864 4214 16).

288 4219 500 4276 Rursus
530 4225 718 4278 umbra
760 4227 1088 4294 oblivionem
1121 4232 1337 4299 mentis,
1367 4233 1448 4287 vel
1483 4245 1707 4289 mortem
1751 4252 1868 4290 car-

289 4314 395 4377 nis,
423 4313 506 4367 νει
533 4315 882 4371 imitationem
907 4318 1104 4372 diaboli
1143 4321 1429 4391 significat.
1450 4324 1607 4380 Lucis
1628 4343 1864 4392 nomine,

293 4404 592 4468 Dominus,
643 4409 724 4461 vel
781 4409 1006 4478 quilibet
1069 4411 1246 4479 justus
1305 4415 1643 4485 intelligitur,
1699 4429 1756 4472 ut
1813 4422 1864 4474 in

1981 1867 2069 1919 xc,
2105 1853 2184 1923 6),
2236 1855 2290 1910 id
2334 1865 2417 1912 est
2463 1860 2770 1918 manifesto.
2805 1864 3061 1936 Vespere,
3115 1872 3237 1926 linis
3283 1853 3560 1941 vitaepvd

1975 1944 2181 2010 szeculi,
2209 1946 2294 2000 vel
2334 1962 2527 2016 paena;
2558 1950 2608 2004 in
2642 1967 2724 2020 ps.
2755 1971 2767 2006 :
2813 1955 2894 2008 Ad
2928 1973 3192 2027 vesperum
3216 1964 3560 2020 demorabitur

1973 2036 2141 2105 fletus,
2165 2048 2212 2090 et
2242 2039 2310 2090 ad
2338 2041 2644 2094 matutinum
2672 2043 2853 2099 ltetitia
2894 2046 3010 2117 (Ps.
3055 2065 3202 2118 χχιχ,
3236 2053 3312 2122 6).
3342 2055 3559 2112 Aurora:

1975 2126 2190 2182 nomine
2231 2145 2385 2185 mens
2414 2131 2686 2199 'justorum
2735 2138 3016 2206 accipitur,
3047 2157 3166 2211 quae
3216 2151 3423 2213 peccati
3474 2151 3554 2204 sui

1976 2219 2223 2274 tenebras
2265 2221 2593 2294 relinquens,
2627 2227 2694 2281 ad
2736 2228 2910 2284 lucem
2953 2236 3150 2302 erupit,
3184 2238 3296 2290 sole
3332 2239 3557 2308 iustitia:

1974 2310 2270 2365 illutninata
2303 2311 2476 2382 (Cant.
2502 2331 2578 2381 vt,
2607 2315 2686 2385 9).
2714 2319 2932 2375 Arcturi
2961 2326 3201 2387 nomine,
3234 2328 3324 2395 qui
3355 2330 3405 2383 in
3429 2334 3554 2386 οωιί

1972 2414 2073 2455 axe
2102 2400 2424 2456 constitutus
2454 2403 2540 2458 VII
2578 2407 2856 2463 stellarum
2886 2413 3052 2466 radiis
3077 2414 3262 2485 fulget,
3297 2421 3554 2477 Ecclesia:

1973 2491 2292 2547 universalis
2331 2495 2673 2564 exprimitur,
2718 2516 2836 2568 quae
2886 2503 2939 2556 in
2990 2509 3430 2581 Apoc..|oan.per
3472 2516 3558 2571 \‘II

1973 2582 2179 2637 Eccles.
2211 2592 2265 2637 et
2297 2584 2381 2638 VII
2413 2587 2737 2644 candelabra
2770 2593 3027 2660 ﬁguratur
3055 2597 3296 2666 (Apocal.
3344 2619 3389 2667 ι,
3439 2603 3551 2673 20).

1971 2671 2197 2726 Oriones
2249 2674 2300 2726 in
2335 2677 2572 2742 pondere
2621 2677 2813 2734 hiemis
2841 2684 3098 2751 orientes,
3150 2699 3368 2747 sanctos
3405 2671 3552 2750 desi~

1971 2775 2135 2833 gnant
2163 2777 2454 2838 martyres,
2475 2771 2613 2838 quod
2644 2774 2852 2840 pondus
2883 2783 3318 2849 persequentium
3342 2797 3394 2840 et
3417 2789 3554 2845 hanc

1970 2858 2132 2911 vitam
2163 2861 2454 2914 amantium
2486 2866 2845 2934 pertulerunt,
2875 2878 2930 2923 et
2949 2872 3016 2924 ad
3036 2875 3156 2928 cmli
3187 2877 3372 2932 faciem
3397 2883 3552 2950 quasi

1972 2947 2024 3001 in
2060 2947 2234 3005 hieme
2278 2965 2562 3011 venerunt.
2621 2956 2833 3025 Hyades
2861 2976 2890 3014 a
2922 2961 3108 3018 Grteca
3152 2965 3329 3022 littera
3358 2993 3388 3023 υ
3414 2947 3553 3027 nun-

1971 3049 2197 3106 cupatas,
2242 3056 2272 3095 a
2320 3043 2476 3112 cujus
2520 3049 2687 3100 forma
2737 3066 2841 3104 non
2886 3052 3195 3122 discrepant
3241 3060 3465 3127 visione,
3498 3077 3550 3116 et

1971 3138 2104 3183 orta:
2149 3132 2358 3199 pluvias
2403 3136 2668 3192 alierum:
2711 3151 2927 3196 sanctos
2964 3148 3364 3214 praedicatores,
3408 3155 3550 3222 quod

1970 3221 2148 3276 verbis
2177 3223 2364 3291 pluunt
2393 3235 2447 3279 et
2482 3229 2642 3282 corda
2672 3229 2947 3287 hominum
2989 3238 3279 3294 salubriter
3304 3221 3548 3312 irrigant,

1969 3311 2310 3381 signiﬁcant:
2342 3318 2488 3379 sua;
2529 3334 2756 3390 namque
2789 3324 2996 3391 Griece,
3043 3328 3200 3384 imber
3253 3311 3440 3390 Latine
3469 3337 3552 3390 di-

1969 3415 2128 3459 Cllur.

2549 3479 2820 3538 CAPUT
2879 3487 2977 3545 IV.

2583 3595 2660 3648 De
2693 3596 2946 3653 Terrenis.

2042 3679 2226 3746 Terra,
2261 3681 2421 3737 homo
2449 3683 2585 3751 ipse.
2617 3684 2673 3737 In
2710 3686 2950 3756 Evang.:
2983 3691 3141 3744 Aliud
3161 3696 3340 3747 cecidit
3360 3698 3412 3751 in
3439 3707 3545 3753 ter-

1968 3789 2078 3824 ram
2101 3774 2283 3826 bonam
2315 3773 2505 3843 (Marc.
2537 3791 2610 3839 tv,
2635 3777 2714 3846 8).
2735 3777 2864 3831 Item
2893 3796 2906 3832 :
2932 3779 3090 3834 Terra
3112 3800 3184 3847 es,
3215 3799 3261 3839 et
3289 3789 3338 3841 in
3362 3799 3547 3845 terram

1967 3862 2063 3915 ibis
2103 3860 2252 3932 (Gen.
2295 3878 2374 3929 ιιι,
2412 3863 2520 3930 19).
2560 3865 2690 3918 Item
2724 3868 2775 3919 in
2810 3869 3002 3922 malam
3044 3887 3280 3942 partem,
3326 3877 3392 3932 de
3426 3896 3548 3946 pec-

1968 3965 2150 4009 catore
2176 3971 2189 4009 :
2223 3954 2430 4008 Terram
2454 3959 2567 4010 edes
2593 3958 2823 4011 omnibus
2852 3960 3027 4014 diibus
3049 3965 3162 4016 vitta
3179 3977 3278 4019 tua:
3299 3967 3450 4039 (Gen.
3467 3988 3544 4032 ιιι.

1971 4048 2081 4115 li).
2111 4048 2297 4114 Aliter,
2344 4058 2482 4103 terra
2532 4050 2901 4119 intelliguntur
2935 4054 3025 4121 qui
3071 4060 3297 4113 terrenis
3341 4060 3551 4117 actibus

1969 4141 2249 4208 occupati,
2299 4152 2394 4208 per
2438 4141 2813 4212 eleemosynas
2856 4154 2907 4198 et
2954 4146 3218 4216 lacrymas
3262 4151 3326 4204 ad
3383 4154 3548 4206 vitam

1969 4241 2222 4285 teternam
2245 4237 2566 4300 perveniunt
2590 4249 2604 4288 :
2629 4235 2769 4288 unde
2789 4237 2920 4303 psal.
2946 4239 3438 4296 :Advocavitcwlum
3455 4247 3550 4298 de-

1966 4339 2191 4385 sursum,
2208 4334 2255 4375 et
2271 4335 2453 4376 (errant
2467 4325 2752 4378 discernere
2764 4328 3009 4394 populum
3023 4332 3191 4401 suum(
3203 4331 3290 4385 Ps.
3309 4351 3334 4387 ς
3347 4352 3449 4392 th.
3468 4339 3544 4404 4).

1972 4415 2154 4480 Arida,
2188 4415 2500 4468 infructuosi
2551 4415 2827 4470 homine»:
2863 4420 2915 4470 in
2951 4419 3105 4474 Salo:
3143 4422 3409 4493 (IOOpet-t‘re
3438 4432 3546 4480 ari-

291 4494 532 4565 Evang.:
566 4496 690 4551 Erat
711 4500 799 4552 lna:
823 4517 937 4554 vero
963 4478 1081 4571 quae
1103 4504 1357 4558 illuminat
1387 4478 1583 4560 omnem
1612 4478 1864 4564 nominent
1893 4478 1945 4538 Β
1972 4508 2093 4561 dam
2136 4509 2336 4560 malitia
2365 4518 2409 4560 et
2453 4507 2723 4560 dolositate
2766 4508 3182 4577 (Eccli.xxxvu,
3230 4515 3306 4584 5).
3345 4517 3550 4580 ΡυΙνὶέ.

287 4588 570 4640 uenientem
603 4590 655 4642 in
686 4589 823 4644 hunc
851 4597 1099 4648 mundum
1145 4595 1320 4662 (latin.
1356 4613 1394 4660 ι.
1428 4601 1504 4669 9).
1541 4602 1607 4656 Ει
1632 4606 1862 4670 Aposto-

288 4677 413 4730 lus:
462 4675 659 4733 Fuistis
687 4682 965 4748 aliquando
1012 4687 1248 4751 tenebrae,
1302 4705 1437 4742 nunc
1465 4701 1635 4745 autem
1682 4693 1772 4746 lux
1811 4694 1867 4746 in

295 4768 513 4823 Domino
543 4772 704 4842 (Eph.
736 4790 789 4838 v,
823 4774 902 4845 8).
937 4775 1155 4832 Ponitur
1174 4781 1334 4832 etiam
1357 4798 1455 4849 pro
1477 4783 1866 4842 illuminatione

292 4859 440 4929 fidei,
474 4871 528 4915 et
555 4879 650 4951 pro
674 4865 798 4918 vita.
832 4866 994 4931 Hora,
1019 4872 1294 4939 quingenti
1319 4873 1395 4941 (ut
1422 4884 1607 4942 putant
1626 4878 1863 4951 quidam)

290 4953 457 5007 anni:
508 4955 551 5008 si
583 4947 802 5023 quando
830 4959 946 5014 dies
992 4976 1088 5028 pro
1121 4972 1231 5016 toto
1278 4967 1459 5020 mundi
1490 4968 1640 5022 istius
1670 4947 1868 5025 szeculo

292 5045 591 5110 accipitur:
615 5047 668 5100 in
689 5048 928 5116 Epistola
950 5052 1068 5108 Jo.:
1098 5052 1279 5109 Filioli
1306 5059 1422 5120 mei,
1453 5062 1723 5113 novissima
1741 5063 1870 5117 Itnra

297 5161 372 5204 est
399 5131 438 5204 (VI
462 5147 622 5200 Joan.
643 5162 703 5205 ιι.
726 5143 1065 5213 l8):0riens,
1087 5144 1214 5212 quia
1239 5140 1410 5194 ahilla
1439 5147 1589 5207 parte
1622 5139 1712 5192 lux
1752 5139 1866 5191 ori-

297 5248 411 5302 tur,
437 5236 1034 5292 Salvalorzmaximein
1064 5234 1244 5288 Luca:
1281 5232 1521 5285 Visitavit
1553 5247 1644 5284 nos
1680 5229 1866 5285 Oriens

297 5351 362 5388 ea:
381 5334 492 5386 alto
513 5333 661 5396 (Luc.
684 5348 720 5396 ι,
739 5332 853 5393 78).
875 5330 934 5384 Et
952 5333 1002 5384 in
1024 5329 1213 5384 Zach.:
1234 5333 1367 5382 Ecce
1383 5330 1456 5383 vir
1476 5329 1663 5382 Oriens
1682 5345 1868 5381 nomen

296 5426 414 5487 eius
450 5423 636 5492 (Zttclt.
661 5441 734 5487 vi,
771 5423 878 5485 1‘2).
914 5422 1203 5480 Occidens,
1245 5421 1366 5473 vitm
1423 5421 1666 5473 melioris
1715 5420 1866 5474 defe-

296 5530 449 5575 ctus.
474 5520 532 5571 In
564 5519 826 5586 prepheta
853 5514 1241 5580 (Amos.vttt,9)
1273 5533 1285 5567 :
1317 5515 1527 5569 Occidet
1551 5513 1690 5568 vobis
1716 5515 1796 5567 sol
1816 5518 1870 5568 in

297 5613 542 5667 meridie.
577 5611 920 5680 Aquilonaris
959 5626 1084 5678 pars
1116 5624 1330 5677 semper
1374 5609 1426 5662 in
1455 5608 1683 5661 adverso
1710 5608 1869 5677 poni-

299 5716 416 5768 tur,
457 5715 518 5758 ut
563 5700 826 5773 prolihcta
857 5702 925 5757 de
958 5701 1175 5757 diabolo
1208 5718 1222 5754 :
1257 5699 1458 5754 Ponant
1493 5701 1663 5755 sedem
1695 5716 1866 5754 meam

1972 4608 2304 4668 peccatores,
2331 4600 2413 4652 vel
2434 4599 2610 4652 carnis
2637 4600 2870 4653 vanitas:
2899 4603 2949 4654 in
2971 4603 3160 4669 psalm.
3183 4621 3195 4656 :
3216 4605 3363 4660 Sicut
3385 4612 3549 4677 ριιιιιίι

1971 4710 2117 4762 quem
2149 4694 2352 4765 projicit
2383 4702 2558 4746 ventus
2606 4692 2720 4763 (Ps.
2767 4709 2802 4757 ι,
2832 4694 2911 4766 4).
2957 4695 3168 4765 Lutum,
3204 4715 3548 4768 peccatorum

1972 4786 2235 4855 glutinum
2268 4802 2281 4838 :
2326 4786 2377 4839 in
2412 4801 2491 4853 ps.
2528 4804 2538 4837 :
2574 4785 2733 4855 Eripe
2773 4805 2851 4842 me
2895 4792 2957 4842 de
2990 4791 3094 4843 luto
3133 4802 3184 4844 ut
3216 4812 3316 4847 non
3360 4798 3549 4866 inﬁgar

1975 4876 2091 4948 (Ps.
2117 4893 2299 4943 vattt,
2325 4875 2431 4942 15).
2457 4879 2586 4932 Item
2615 4879 2666 4932 in
2697 4879 2853 4932 aliam
2880 4892 3107 4948 partem.
3136 4883 3192 4937 In
3222 4885 3410 4940 Joan.:
3445 4888 3549 4942 Lu-

1974 4979 2082 5024 tum
2110 4971 2248 5038 fecit,
2280 4980 2322 5022 et
2347 4971 2508 5022 linivit
2528 4972 2700 5025 oculos
2727 4989 2860 5025 meos
2883 4972 3064 5043 (Joan.
3100 4993 3172 5045 ix,
3211 4977 3316 5047 11).
3344 4981 3548 5036 Montes

1976 5062 2252 5126 Dominus,
2284 5062 2544 5125 Ecclesia,
2564 5064 2814 5130 apostoli,
2835 5067 2946 5117 sive
2966 5068 3156 5131 sancti,
3181 5085 3208 5120 a
3233 5072 3550 5126 celsitudine

1973 5156 2225 5206 virtutum
2259 5170 2270 5204 :
2306 5152 2356 5205 in
2390 5167 2506 5219 ps.:
2545 5153 2644 5218 Qui
2683 5155 2936 5206 descendit
2979 5173 3128 5226 super
3155 5169 3372 5214 montem
3419 5164 3546 5217 Sion

1975 5242 2092 5316 (Ps.
2118 5257 2318 5305 cuxu,
2344 5243 2420 5310 ὖ).
2449 5242 2574 5295 Item
2602 5244 2856 5311 propheta
2881 5261 2893 5297 :
2924 5243 3039 5297 Erit
3067 5262 3209 5299 mons
3238 5251 3416 5303 domus
3447 5253 3548 5304 Do-

1978 5333 2100 5383 mini
2147 5348 2299 5394 super
2343 5333 2573 5384 verticem
2622 5336 2866 5386 montium
2920 5334 3049 5405 (lsa.
3090 5353 3150 5400 ιι,
3197 5339 3275 5410 ‘2).
3316 5342 3441 5395 Item
3495 5347 3545 5397 in

1977 5423 2136 5474 aliam
2170 5422 2362 5490 proph.
2393 5440 2404 5475 ε
2442 5422 2523 5476 Ne
2568 5424 2770 5491 quando
2808 5425 3062 5492 offendant
3101 5429 3250 5492 pedes
3297 5436 3446 5484 restri
3483 5438 3549 5488 ad

1975 5525 2167 5567 montes
2207 5513 2511 5585 caliginoso:
2545 5515 2676 5584 (Jer.
2725 5533 2834 5582 xm,
2885 5520 2992 5587 16),
3024 5521 3073 5573 id
3103 5532 3203 5583 est,
3242 5522 3544 5577 haereticog.

1975 5604 2175 5669 Colles,
2205 5607 2397 5669 sancti,
2432 5607 2524 5659 sed
2563 5608 2784 5660 minoris
2818 5611 2991 5663 meriti
3023 5630 3033 5663 :
3066 5613 3117 5665 in
3148 5612 3312 5681 psal.:
3349 5612 3548 5671 Montes

1974 5710 2021 5754 et
2041 5715 2212 5754 omnes
2235 5699 2385 5752 colles
2410 5698 2527 5764 (Ps.
2554 5714 2776 5764 curnt,
2795 5700 2869 5767 9).
2890 5701 3019 5758 ltcm
3049 5705 3098 5757 in
3122 5705 3277 5758 aliam
3300 5715 3538 5773 partem.
