3932 6170
316 224 419 280 745
1078 225 1280 282 ιλιιιιιι
1320 225 1801 283 ιὐιιιιιιιιιιωι
1845 228 1869 281 Ε

2042 227 2221 283 l‘ALlS
2264 226 2669 285 INTELLIGLN
2691 232 2702 281 ἓ
2724 228 2833 282 ΗΞ.
3496 240 3595 295 768

314 338 588 391 viventium
621 335 715 407 (Ps
754 352 827 399 ιι,
858 336 928 404 7).
962 338 1353 402 Arlmermn,
1386 356 1413 393 a
1439 344 1609 393 lructu
1642 350 1896 409 operum:
1934 342 1981 397 Α
2011 337 2193 392 tentia:
2226 340 2324 393 viri
2351 360 2362 394 :
2399 342 2452 393 ln
2494 355 2576 409 ps.
2606 358 2619 392 :
2656 339 2724 395 Ut
2750 342 2932 395 cedrus
2958 340 3141 396 Libani
3177 344 3604 416 multiplieabtmr

314 429 367 482 in
403 429 639 495 Evang.:
674 430 772 480 Aut
802 426 953 498 [urite
976 427 1207 480 arborem
1236 429 1442 493 bonam,
1470 441 1512 484 et
1538 432 1762 500 fructum
1791 434 1902 501 ejus
2012 427 2129 501 (Ps.
2167 447 2272 497 ιρι,
2314 434 2430 499 Ιὸ);
2468 446 2521 487 et
2561 433 2610 487 in
2643 434 2838 487 malam
2875 446 3112 502 partem,
3154 441 3396 508 superbi,
3434 444 3556 498 elati
3588 466 3597 499 :

315 522 507 573 bonum
539 518 754 588 (Matth.
790 535 882 583 xu,
914 521 1035 589 33);
1076 534 1128 573 et
1174 522 1226 574 in
1268 524 1460 575 malam
1501 532 1703 592 partem
1749 540 1761 576 :
1806 524 1903 575 Aut
2008 534 2065 576 ut
2106 524 2158 578 in
2194 526 2331 594 psal.
2380 542 2390 578 :
2441 524 2503 579 Et
2555 525 2844 596 confringet
2888 524 3139 582 Dominus
3185 532 3360 586 cedros
3418 533 3605 589 Libani

316 613 472 682 facite
490 612 722 664 arborem
745 613 955 674 malam,
980 624 1026 665 et
1055 614 1276 682 fructum
1299 615 1411 678 ejus
1436 615 1648 668 malum.
1675 615 1900 682 Quidam
2010 613 2126 690 (Ps.
2162 632 2352 683 χιιι-ιιι,
2376 616 2454 685 5).
2482 617 2634 683 Olea,
2662 630 2883 673 sanctus
2907 618 3293 677 misericordim
3320 625 3602 683 abundans

318 703 370 754 in
400 700 504 755 hoc
531 701 863 763 testimonio,
897 704 1144 756 arborem
1172 705 1330 769 hanc,
1362 705 1696 759 Voluntatem
1731 706 1905 760 homi-
2007 708 2269 763 fructibus
2298 726 2310 761 :
2342 709 2392 763 in
2428 724 2541 777 ps.:
2580 709 2689 783 Ego
2717 722 2887 764 autem
2927 715 3056 765 sicut
3087 715 3222 768 oliva
3251 717 3522 789 fructifera
3554 726 3602 775 in

318 792 401 847 nis
443 794 613 863 magis
652 808 808 863 quam
846 793 1017 864 ipsum
1054 794 1325 869 hominem
1378 796 1748 864 accipiendam
1805 813 1901 862 pu-
2007 800 2160 853 domo
2201 800 2409 855 Domini
2445 801 2562 873 (Ps.
2591 820 2661 869 LI,
2697 805 2806 874 10).
2851 805 3117 872 Ulcaster,
3155 808 3317 863 homo
3343 812 3463 869 sine
3496 812 3569 870 ἰιι

317 896 452 942 tant.
491 887 669 941 Arbor
696 888 857 941 etiam
896 887 993 941 fuit
1024 886 1274 942 Christus
1304 904 1424 943 cum
1454 893 1771 957 resurrexit,
1814 890 1903 958 qui
2007 902 2119 957 ctu,
2141 894 2219 944 vel
2245 895 2458 960 gentilis
2483 912 2494 946 :
2530 893 2580 947 in
2608 896 2865 961 Apostolo
2885 915 2895 948 :
2918 898 2979 951 Si
3000 910 3171 952 autem
3199 912 3254 953 tu
3284 918 3347 957 ea:
3377 909 3606 961 naturali

317 994 441 1032 cum
492 990 791 1032 moreretur
819 995 1040 1047 granum
1074 979 1189 1034 fuit.
1229 982 1451 1039 llatnus.
1484 989 1799 1037 Successio:
1851 980 1911 1036 in
2007 983 2207 1035 excisus
2248 1000 2299 1036 es
2346 985 2565 1037 oleastro
2620 984 2799 1056 (liam.
2848 1002 2921 1053 XI,
2952 986 3069 1058 24).
3115 988 3294 1059 Ficus,
3334 1008 3606 1067 synagoga

318 1073 609 1141 Apostolo:
645 1072 793 1139 Quod
818 1074 860 1127 si
887 1075 1037 1126 rt.de
1064 1090 1260 1133 sancta,
1295 1087 1340 1126 et
1369 1076 1498 1127 rami
1524 1072 1701 1141 (Rom.
1731 1075 1929 1144 XI,16).
2011 1074 2311 1128 interdum:
2347 1074 2399 1129 in
2438 1075 2673 1145 Evang.:
2708 1074 2775 1128 Et
2804 1079 3033 1146 arefacta
3066 1091 3138 1132 est
3169 1082 3413 1137 continuo
3460 1086 3609 1154 ﬁcal-

321 1164 451 1218 ltetu
494 1164 546 1217 in
588 1166 744 1218 aliam
787 1176 1031 1236 partem:
1067 1169 1117 1221 in
1152 1168 1392 1222 Daniel.:
1434 1166 1710 1221 Prwcidite
1740 1184 1906 1219 ramos
2010 1181 2104 1219 nea
2136 1164 2317 1237 (Matt.
2345 1182 2454 1232 χιιι,
2483 1166 2592 1238 19);
2617 1177 2668 1222 et
2702 1169 2751 1220 in
2790 1168 3036 1224 llabacuc
3077 1188 3088 1222 :
3123 1168 3279 1226 Ficus
3300 1191 3401 1227 non
3431 1176 3610 1244 aleret
3705 1229 3708 1232 .

320 1257 430 1328 ejus
456 1253 620 1326 (Dan.
654 1270 726 1321 tv,
759 1256 868 1328 ll).
904 1257 1032 1312 Item
1059 1261 1192 1313 rami
1221 1270 1341 1313 sunt
1376 1259 1665 1313 sententiae
1693 1268 1908 1313 sancto-
2012 1261 2234 1327 [tatarum
2273 1258 2446 1329 (Hab.
2485 1275 2564 1317 ιιι.
2597 1258 2706 1330 ιτ).
2751 1259 2911 1315 Ficus
2937 1273 2991 1315 et
3023 1263 3072 1317 in
3113 1264 3254 1320 bono
3284 1276 3340 1321 et
3376 1267 3428 1323 in
3466 1272 3612 1326 malo

323 1365 440 1403 rum
478 1350 694 1403 Patrum
722 1369 734 1403 :
771 1351 824 1405 in
852 1352 1059 1421 EVang.
1080 1371 1093 1405 :
1114 1344 1217 1407 Alii
1244 1353 1503 1408 ca’debant
1534 1370 1703 1407 ramos
1733 1354 1796 1405 de
1826 1370 1911 1406 ar-
2013 1346 2305 1416 accipitur:
2333 1354 2390 1401 ut
2413 1344 2678 1401 Jeremias
2709 1366 2720 1400 :
2758 1348 2826 1404 Et
2864 1353 3081 1406 ostendit
3122 1354 3247 1409 mihi
3292 1357 3423 1426 ﬁcus
3451 1359 3610 1415 bona;

324 1439 527 1492 boribus
568 1439 748 1511 (Matt.
786 1457 897 1505 ut,
933 1444 1010 1510 8).
1054 1441 1285 1509 Folium,
1319 1458 1494 1497 sermo
1525 1444 1819 1497 doctrinm:
1857 1444 1907 1497 in
2013 1440 2181 1506 valde,
2212 1452 2257 1494 et
2290 1442 2451 1493 malas
2493 1442 2643 1495 valde
2676 1440 2814 1511 (Jcr.
2848 1458 2995 1509 XXIV,
3030 1446 3106 1516 5);
3138 1448 3193 1502 et
3228 1447 3489 1506 Dominus
3510 1452 3612 1507 Na-

326 1531 499 1596 psal.:
547 1527 616 1582 Et
654 1531 836 1600 folium
862 1533 969 1601 ejus
1001 1548 1101 1585 non
1141 1533 1325 1603 deﬂuet
1359 1532 1474 1603 (Ps.
1508 1549 1545 1599 t,
1585 1528 1660 1603 '5).
1695 1531 1762 1586 Et
1807 1532 1909 1584 ali-
2018 1530 2292 1586 tltauaeli:
2346 1531 2475 1586 Cum
2504 1549 2636 1587 esses
2678 1533 2768 1587 sub
2818 1535 2921 1601 ﬁcu
2966 1536 3040 1609 (id
3082 1547 3185 1607 est,
3239 1542 3339 1597 sub
3392 1556 3614 1614 peccato

325 1630 427 1687 ter,
470 1621 678 1682 folium.
722 1624 947 1676 vestitus
987 1633 1041 1679 et
1074 1624 1242 1678 decor
1287 1642 1407 1679 cum
1455 1624 1785 1689 preteetione
1827 1624 1909 1678 di-
1958 1700 1995 1706 _
2020 1624 2326 1695 originali),
2360 1625 2462 1678 vidi
2502 1635 2551 1678 te
2591 1626 2974 1696 redempturus
3003 1629 3184 1702 (Joan.
3216 1650 3257 1699 ι,
3296 1636 3413 1706 48).
3458 1636 3616 1692 Ficus

327 1716 469 1767 vina:
500 1715 712 1783 gratim;
742 1722 796 1766 et
829 1713 880 1768 itt
912 1716 1103 1768 malam
1138 1725 1376 1783 partem:
1411 1715 1532 1768 Non
1570 1716 1752 1768 inrenit
1784 1716 1831 1766 in
1863 1733 1921 1768 ea
1956 1700 2001 1759 Β
2029 1715 2189 1769 etiam
2236 1714 2556 1784 intelligitur
2588 1716 2816 1771 humana
2854 1700 3066 1785 natura,
3100 1724 3179 1776 vel
3214 1700 3488 1779 incredula
3529 1743 3617 1800 ty—

329 1808 554 1877 fructum
598 1820 792 1877 prwter
839 1808 965 1878 folia
1004 1807 1181 1876 (Matt.
1219 1824 1327 1872 XXI,
1374 1807 1487 1875 19),
1534 1808 1583 1861 id
1622 1818 1729 1874 est,
1762 1807 1923 1861 verba
2030 1822 2273 1876 nagoga;
2307 1824 2428 1877 qua:
2455 1807 2591 1863 bene
2618 1810 2833 1883 condita
2866 1813 3083 1880 propria
3112 1824 3304 1881 Sponte
3334 1824 3419 1871 est
3443 1815 3614 1887 lapsa.

328 1902 450 1953 sine
479 1898 654 1953 fructu
685 1917 697 1952 :
730 1899 870 1954 unde
896 1909 1079 1953 monet
1111 1899 1424 1964 Apostolus,
1446 1909 1496 1953 ut
1517 1898 1795 1969 diligamus
1825 1916 1926 1952 non
2029 1908 2082 1953 et
2114 1898 2341 1953 fructum
2377 1901 2631 1972 praecepti
2665 1900 2783 1969 Dei,
2817 1904 2899 1959 vel
2939 1904 3094 1958 bona:
3130 1908 3463 1975 operationis
3510 1924 3616 1963 non

328 1994 479 2046 verba
503 2009 663 2061 neque
684 1993 880 2061 lingua,
903 1994 992 2046 sed
1016 2010 1165 2061 opere
1181 2004 1227 2045 et
1251 1992 1511 2063 veritate(l
1536 1991 1693 2047 Joan.
1712 2009 1788 2056 ιιι,
1815 1992 1924 2061 le),
2032 1990 2253 2057 protulit
2279 2004 2291 2042 :
2329 1991 2472 2047 unde
2503 1990 2557 2047 in
2586 2008 2649 2049 ea
2680 1997 2909 2048 fructum
2962 1995 3219 2049 Dominus
3252 1996 3426 2053 tribus
3465 2001 3619 2054 anuis

327 2082 693 2153 Comparatur
722 2084 881 2139 etiam
913 2084 1075 2138 hon'to
1106 2085 1254 2150 lolio,
1286 2086 1372 2155 qui
1412 2085 1481 2139 ab
1514 2085 1706 2138 arbore
1736 2085 1931 2139 cecidit
2049 2086 2485 2153 exquisivitmec
2522 2086 2729 2139 invenit
2757 2085 2911 2155 (Luc.
2947 2100 3062 2151 xm,
3096 2086 3150 2154 7)
3186 2104 3200 2140 :
3234 2088 3327 2154 qui
3364 2100 3485 2140 eam
3518 2086 3619 2139 Sub

331 2178 383 2230 in
420 2176 690 2247 paradiso.
728 2177 912 2241 Poma,
944 2188 1256 2230 sanctorum
1293 2177 1343 2229 in
1376 2176 1664 2229 virtutibus
1696 2175 1927 2228 fructus:
2051 2179 2218 2231 tribus
2251 2179 2594 2246 temporibus,
2620 2177 2669 2231 id
2696 2186 2803 2240 est,
2841 2184 2968 2231 ante
2987 2175 3187 2246 legem,
3224 2176 3325 2230 sub
3355 2174 3498 2248 lege,
3520 2173 3624 2227 snb

332 2269 383 2322 in
417 2266 641 2323 Cantica
668 2277 844 2321 cant.:
875 2266 941 2319 Et
971 2268 1239 2320 manducet
1268 2270 1491 2331 fructum
1524 2281 1790 2337 pomorum
1812 2281 1933 2318 διιο-
2034 2268 2206 2339 gratia
2235 2268 2600 2349 admonendo,
2636 2267 2900 2321 visitando
2931 2271 3229 2339 requisivit.
3275 2254 3620 2342 Antcﬁlegrm

331 2377 451 2414 rum
492 2358 666 2430 (Cant.
699 2375 752 2425 ν,
789 2359 864 2429 l).
902 2358 1105 2423 Palma,
1150 2357 1410 2428 perfectio
1449 2358 1535 2412 vel
1574 2358 1840 2412 victoria:
1881 2358 1931 2413 in
2037 2362 2306 2433 parcendo
2344 2360 2634 2427 sustinuit;
2681 2362 2783 2416 sub
2826 2364 3022 2435 gratia,
3067 2366 3189 2434 quia
3236 2364 3621 2421 incarnatioitis

334 2452 509 2520 ρεειισε
544 2448 727 2503 Justus
757 2462 811 2503 υτ
843 2450 1018 2521 Palma
1044 2450 1245 2519 Ποτεὺίῑ
1286 2447 1404 2521 (Ρδσ
1450 2464 1561 2515 ιω,
1594 2448 1702 2520 ίῦ)ο
1750 2449 1926 2502 Ριιτιιιὶ
2033 2468 2145 2509 Suae
2170 2455 2510 2524 praesentiam
2537 2453 2840 2509 exhibendo
2871 2456 3220 2521 monstravit;
3254 2454 3308 2509 in
3336 2456 3477 2527 lege,
3499 2459 3620 2525 qo‘a

333 2544 477 2597 enim
512 2542 669 2596 tarde
712 2542 946 2610 proﬁcit,
986 2542 1080 2596 sed
1110 2542 1199 2596 diu
1238 2542 1290 2595 in
1341 2542 1619 2597 viriditate
1656 2543 1896 2612 persi~t.t
1920 2581 1932 2593 .
2039 2547 2398 2616 przecipiendo
2425 2545 2642 2600 docuit:
2668 2545 2866 2615 quibus
2888 2557 3065 2600 tamen
3096 2546 3268 2600 tribus
3293 2550 3624 2615 temporibus

334 2636 409 2689 ita
441 2644 625 2690 sancta
650 2634 891 2689 Ecclesia
916 2650 1038 2689 cum
1069 2635 1254 2690 multis
1277 2633 1690 2690 difﬁcultatibus
1713 2635 1778 2688 ad
1811 2634 1933 2689 ﬁdei
2037 2640 2370 2695 infructuosa
2414 2640 2695 2705 remansit,
2725 2648 2780 2694 et
2805 2656 2833 2692 a
2860 2638 3134 2693 radicibus
3162 2642 3322 2694 aruit.
3366 2639 3625 2712 Syconm-

336 2743 537 2788 statum
569 2735 736 2798 venit,
764 2741 817 2787 et
846 2747 942 2802 pro
973 2732 1296 2788 collectione
1328 2733 1683 2803 plurimorum
1715 2735 1767 2786 in
1801 2732 1937 2801 ejus-
2038 2748 2150 2799 rus,
2181 2733 2313 2787 ﬁcus
2353 2733 2493 2786 fatua
2522 2731 2746 2786 dicitur:
2770 2746 2928 2800 quam
2955 2729 3179 2800 pusillus
3200 2729 3450 2787 Zacltreus
3472 2731 3625 2786 subiit

334 2827 459 2880 dem
502 2824 623 2879 ﬁdei
676 2825 842 2895 gloria
897 2825 1101 2880 diutius
1151 2834 1298 2881 stare
1342 2825 1704 2895 concupiscit.
1754 2825 1934 2879 Palma
2038 2824 2337 2896 (Luc.x1x,
2378 2824 2460 2892 4),
2501 2833 2555 2879 et
2604 2823 2888 2877 Dominum
2922 2824 3089 2878 vidit:
3141 2823 3263 2893 quia
3305 2829 3393 2894 qui
3441 2830 3624 2881 mundi

337 2917 565 2972 inferius
588 2920 849 2972 corticum
876 2933 1095 2972 suarum
1127 2918 1556 2974 involutionibus
1587 2927 1933 2989 angustatur,
2037 2919 2358 2989 sapientiam
2412 2917 2687 2973 humiliter
2735 2918 2963 2986 eligunt,
3012 2916 3113 2986 ipsi
3167 2917 3257 2971 Dei
3307 2918 3625 2987 sapientiam

337 3010 432 3064 sed
466 3010 714 3080 superius
760 3010 1116 3081 amplitudine
1146 3012 1383 3080 pulchr-.12
1415 3012 1702 3065 viriditatis
1731 3027 1934 3081 expau-
1964 3063 2004 3081 η
2040 3011 2313 3066 subtiliter
2357 3010 2647 3079 aSpiciuut.
2678 3008 2977 3063 Prudenter
3006 3023 3349 3079 sycomorqu
3382 3013 3629 3066 ascendi-

337 3103 511 3158 ditur:
554 3102 633 3157 sic
666 3103 961 3159 electorum
994 3104 1105 3157 vita
1134 3103 1361 3158 inferius
1403 3114 1487 3159 est
1516 3105 1794 3175 despecta,
1833 3106 1927 3161 sed
1960 3063 2005 3125 C
2039 3119 2179 3169 mus,
2210 3102 2255 3157 si
2293 3101 2517 3173 prmide
2544 3116 2661 3157 eam
2702 3116 2821 3169 qua:
2851 3099 3108 3155 divinitus
3146 3102 3476 3170 praccipitur,
3514 3101 3629 3156 Ιςιιιο

339 3195 593 3264 superius
610 3193 855 3265 pulchra.
886 3194 1056 3250 liabet
1077 3194 1334 3265 quiddam
1354 3207 1408 3250 et
1430 3196 1579 3252 aliud
1602 3197 1800 3267 palma,
1822 3211 1930 3267 quo
2037 3196 2272 3250 dabilem
2294 3205 2347 3249 et
2376 3193 2673 3261 sapientem
2700 3190 2996 3245 fatuitatem
3022 3202 3290 3245 tenemus.
3320 3190 3460 3259 Quid
3483 3192 3626 3247 enim

340 3302 367 3339 a
417 3287 627 3341 cunctis
667 3285 918 3341 arborum
958 3287 1246 3357 generibus
1276 3287 1456 3342 differt
1502 3305 1514 3342 :
1568 3289 1745 3343 omnis
1787 3288 1931 3344 enim
2035 3290 2088 3343 in
2122 3287 2224 3342 hoc
2265 3287 2467 3341 mundo
2507 3284 2847 3354 insipientius
2876 3299 3034 3351 quam
3068 3284 3266 3339 amissa
3314 3300 3420 3339 non
3483 3301 3627 3354 qua:-

338 3378 504 3431 arbor
528 3392 646 3447 quat
676 3376 728 3431 in
757 3393 854 3432 suo
882 3378 1080 3433 robore
1105 3379 1472 3447 juxtaterram
1490 3390 1639 3435 vaste
1664 3381 1930 3446 subsistit,
2037 3395 2193 3436 rere:
2222 3392 2471 3450 possessa
2518 3376 2721 3448 largiri,
2756 3376 3092 3445 rapientibus
3131 3377 3398 3445 relaxare,
3430 3379 3629 3434 nullius

339 3468 639 3523 crescendo
686 3470 933 3537 superius
978 3477 1326 3537 angustatur;
1368 3480 1421 3526 et
1461 3483 1717 3540 quntum
1769 3474 1935 3541 paoii—
2039 3490 2135 3544 pro
2182 3472 2418 3541 acceptis
2478 3469 2691 3540 injuriis
2748 3466 2998 3537 injurimt
3047 3467 3436 3524 reddere:sed
3475 3471 3631 3538 juvta

340 3573 469 3628 sper
497 3559 803 3627 sublimior,
840 3570 1047 3623 tantum
1083 3560 1134 3614 in
1174 3562 1339 3614 altum
1379 3560 1622 3615 redditur
1652 3564 1930 3616 subtilior:
2041 3574 2367 3637 prmceptum
2395 3560 2755 3624 Dominicum,
2792 3559 2843 3611 in
2875 3557 3130 3611 omnibus
3155 3558 3466 3626 patientiam
3496 3576 3632 3629 pm:-

343 3649 519 3717 palma
567 3664 694 3704 vero
725 3649 793 3703 ab
826 3650 948 3705 imis
989 3650 1228 3715 inchoat,
1258 3662 1310 3706 et
1333 3651 1481 3721 juxta
1514 3668 1693 3707 ramos
1722 3668 1784 3707 ac
1823 3652 1937 3707 fru-
2040 3660 2200 3714 bere?
2246 3657 2544 3727 liysSopus,
2573 3651 2737 3705 herba
2772 3650 3008 3709 humilis,
3043 3657 3096 3701 ct
3120 3648 3286 3716 lapidi
3319 3650 3368 3702 in
3402 3664 3507 3718 quo
3538 3669 3631 3703 ιιι.-

341 3752 461 3794 etus
482 3741 733 3811 ampliori
762 3742 958 3797 robore
976 3743 1253 3813 exsurgit:
1288 3753 1341 3797 et
1370 3758 1487 3812 quae
1516 3745 1691 3798 tenuis
1718 3744 1785 3799 ab
1816 3744 1935 3798 imis
2038 3752 2210 3806 scitur
2234 3745 2476 3808 astricta,
2529 3740 2684 3810 cujus
2722 3738 2935 3793 radices
2980 3751 3169 3791 saxum
3218 3749 3506 3806 penetrare
3546 3743 3629 3795 di-

344 3831 582 3899 proﬁcit,
614 3835 817 3889 vastior
851 3835 919 3889 ad
950 3850 1215 3889 summam
1246 3836 1557 3890 succrescit.
1594 3835 1800 3902 Quibus
1829 3836 1933 3890 ita-
2037 3850 2263 3896 cuntur:
2299 3836 2412 3906 ipsa
2442 3847 2568 3888 vero
2599 3832 2869 3900 praecipue
2901 3828 3186 3899 pulmones
3216 3841 3389 3886 curat.
3421 3831 3480 3888 lu
3510 3836 3629 3903 pul-

342 3939 451 3994 que
477 3924 604 3978 talia
633 3925 871 3990 arbu5ta,
901 3926 1003 3980 nisi
1029 3927 1259 3981 terrenis
1290 3928 1561 3982 mentibus
1587 3929 1937 3982 inveniuntur
2041 3918 2201 3988 mone
2232 3938 2445 3983 notatur
2473 3922 2723 3993 superbia
2749 3939 2760 3974 :
2789 3922 2901 3976 illic
2933 3919 3156 3984 inﬂatio,
3191 3921 3305 3977 illic
3334 3922 3627 3979 anhelitus.

341 4031 466 4071 esse
510 4016 733 4081 similia,
782 4018 1004 4073 inferius
1037 4029 1207 4083 vasta,
1239 4022 1489 4088 superius
1519 4030 1782 4089 angusta:
1814 4022 1934 4091 quia
2042 4025 2097 4078 In
2128 4024 2364 4094 hyssopo
2402 4018 2564 4088 igitur
2594 4013 2907 4084 designatur
2950 4012 3225 4068 humilitas
3254 4022 3310 4069 et
3352 4016 3628 4083 patientia.

343 4109 603 4164 nimirum
629 4125 818 4164 omnes
854 4111 1014 4179 hujus
1044 4112 1222 4166 smculi
1250 4113 1590 4181 dilectioues,
1624 4114 1675 4166 in
1708 4114 1938 4167 terrenis
2043 4116 2342 4178 Rhamnus,
2367 4113 2570 4173 urticae,
2599 4106 2804 4173 cardui,
2837 4117 3043 4173 sentes,
3070 4106 3282 4173 paliuri,
3301 4106 3482 4164 herba:
3502 4124 3629 4165 acu-

345 4203 510 4256 rebus
546 4210 673 4255 sunt
706 4200 892 4267 fortes,
938 4204 988 4256 in
1030 4203 1340 4258 cmlestibus
1370 4204 1617 4259 debiles:
1662 4220 1760 4275 pro
1798 4216 1933 4261 tem-
2042 4210 2142 4265 icis
2174 4206 2421 4262 refertae:
2452 4200 2758 4272 signiﬁcant
2785 4199 3046 4266 immites,
3071 4197 3315 4270 dolosos,
3343 4201 3629 4272 superbos,

346 4297 520 4365 porali
561 4296 728 4367 gloria
773 4313 938 4366 usque
980 4297 1046 4350 ad
1079 4309 1308 4353 mortem
1344 4297 1613 4352 desudare
1652 4309 1935 4368 appetant,
2043 4314 2097 4357 et
2141 4313 2332 4355 omnes
2360 4295 2654 4365 improbos,
2689 4306 2825 4362 quos
2854 4291 3033 4344 nullus
3061 4290 3323 4346 bonorum
3357 4295 3435 4348 vel
3482 4309 3629 4349 man-

344 4400 399 4442 et
434 4404 532 4457 pro
558 4403 655 4457 spe
688 4401 941 4457 perpetua
972 4404 1039 4442 ne
1070 4404 1253 4457 parum
1282 4389 1498 4457 quidem
1532 4390 1582 4442 in
1609 4389 1795 4444 labore
1817 4389 1938 4445 sub—
1970 4439 2015 4459 η
2046 4374 2321 4448 Suetorum
2344 4398 2516 4459 patest
2540 4384 2874 4452 contingere,
2903 4384 2982 4437 vel
3006 4382 3269 4452 castigare
3290 4384 3408 4439 sine
3429 4386 3630 4442 doloris

352 4439 395 4442 ρ
434 4439 520 4457 τη
563 4439 648 4457 κτ-
688 4439 742 4457 ,κ
1533 4439 1581 4442 ρ
1628 4439 1686 4443 μν-
1738 4439 1916 4445 -----
2046 4439 2404 4459 --η---η---τν
2446 4439 2492 4443 μ
2730 4439 2757 4452 ν
2863 4439 2874 4449 ι
3143 4439 3172 4452 ν
3438 4439 3450 4440 κ

344 4482 589 4535 sistunt:
635 4496 730 4545 pro
772 4480 1000 4534 terrenis
1037 4480 1203 4534 lucris
1242 4479 1505 4550 quaslibet
1541 4480 1766 4551 injurias
1805 4483 1938 4536 tole-
1967 4439 2018 4499 Β
2045 4478 2482 4550 compunctione.
2517 4471 2975 4555 ltemsigoiﬁcant
3001 4471 3152 4539 vitia,
3192 4482 3245 4528 et
3278 4476 3631 4556 tentationunn

346 4584 492 4638 rant,
521 4583 574 4626 et
609 4588 707 4642 pro
734 4573 939 4627 cmlesti
984 4573 1232 4628 mercede
1276 4574 1359 4629 vel
1393 4574 1734 4629 tenuissimas
1780 4576 1939 4629 unius
2045 4573 2372 4629 inflictiones
2399 4586 2411 4619 :
2454 4574 2507 4620 ut
2540 4566 2592 4620 in
2625 4564 2817 4620 Genesi
2845 4579 2857 4614 :
2903 4562 3096 4628 Spinas
3122 4571 3169 4616 et
3199 4564 3413 4619 tribulos
3441 4584 3631 4637 gerun-

348 4668 499 4720 verbi
546 4668 904 4721 contumelias
946 4666 1085 4720 ferre
1132 4677 1404 4720 l‘etflhattl.
1445 4667 1577 4723 Nam
1620 4678 1676 4722 ut
1722 4679 1939 4723 terreno
2046 4666 2182 4721 nabit
2232 4662 2323 4715 tibi
2379 4657 2529 4728 (Gen.
2562 4672 2643 4722 tu,
2694 4653 2802 4726 18).
2846 4654 3226 4724 Malagranata,
3280 4656 3521 4713 Ecclesia
3568 4663 3634 4713 de

341 4758 518 4831 judici
552 4768 692 4812 lotus
721 4758 840 4811 dies
871 4758 1145 4825 assistant,
1183 4758 1344 4812 fortes
1386 4770 1551 4813 sunt:
1596 4761 1648 4814 in
1695 4759 1940 4816 oratione
2046 4759 2228 4815 multis
2250 4755 2499 4827 gentibus
2522 4751 2638 4805 sive
2664 4749 3123 4816 diversasgratias
3150 4748 3387 4806 habens:
3413 4751 3467 4808 in
3495 4752 3634 4808 Can-

348 4867 480 4904 vero
511 4867 694 4905 coram
742 4850 996 4917 Domino,
1034 4851 1114 4905 vel
1153 4851 1310 4904 unius
1349 4852 1494 4906 horae
1534 4854 1807 4908 momento
1836 4856 1941 4908 las—
2045 4854 2169 4908 ticis
2194 4849 2528 4905 canticorum
2556 4861 2571 4895 :
2603 4840 2918 4895 Emissiones
2949 4848 3051 4893 tua:
3083 4842 3351 4907 paradisus
3378 4845 3635 4915 malagm-

345 4955 557 4997 sanlor.
589 4944 746 5009 Sarpe
776 4944 1093 5006 nuditatem,
1130 4943 1357 5013 vigilias,
1384 4945 1600 5008 fonnem,
1638 4962 1731 5015 pro
1759 4947 1942 5017 acqui—
2052 4956 2289 4999 natorum
2312 4955 2428 4992 cum
2452 4938 2623 5008 fructu
2646 4948 2912 5001 pomorum
2936 4930 3198 5002 (Cant.tv,
3227 4932 3467 5003 5).Alias
3495 4937 3631 4988 mala

346 5038 535 5093 rendis
574 5037 781 5091 diVitiis
831 5049 882 5091 et
923 5037 1220 5091 honoribus
1269 5040 1527 5098 tolerant,
1572 5050 1626 5093 et
1670 5040 1832 5094 multa
1883 5056 1941 5094 se
2050 5034 2424 5103 intelliguntur
2470 5028 2677 5081 fructus
2730 5024 2883 5079 bona:
2936 5022 3268 5106 operationis
3317 5037 3439 5079 cum
3493 5025 3634 5081 bona

348 5130 676 5185 abstinentia
717 5130 979 5183 cruciant.
1023 5130 1089 5183 At
1128 5143 1317 5185 contra
1371 5147 1437 5184 ex
1482 5131 1789 5199 mqualitate
1831 5116 1943 5200 μιιζ
2047 5129 2238 5192 odore,
2262 5124 2311 5179 id
2336 5130 2437 5185 est,
2467 5118 2638 5189 gratia
2662 5116 2815 5171 bona:
2839 5113 3014 5180 famur.
3039 5124 3323 5170 ClmOfum
3350 5114 3581 5173 fruetibu
3607 5158 3633 5200 _.

348 5240 560 5279 marum
591 5221 902 5292 designatur
944 5223 1231 5292 proﬁciens
1258 5224 1364 5277 vita
1400 5208 1691 5294 justorum,
1728 5226 1819 5293 qui
1852 5242 1943 5280 ne-
2050 5216 2292 5279 Arundo,
2336 5217 2607 5283 peccator,
2653 5206 2733 5262 νει
2763 5205 2965 5275 fragilis
3007 5205 3061 5260 ίη
3091 5206 3219 5273 “de.
3251 5206 3337 5261 νει
3371 5210 3425 5263 in
3458 5209 3635 5280 διὶίιιι·

348 5329 619 5385 quaquam
664 5314 716 5367 in
757 5313 988 5367 terrenis
1030 5312 1230 5369 studiis
1265 5326 1388 5369 sunt
1422 5316 1610 5379 fortes,
1640 5324 1697 5370 et
1741 5317 1792 5369 in
1825 5332 1937 5372 em.
2047 5308 2370 5366 tentatione:
2404 5303 2457 5357 in
2488 5298 2820 5370 Evangelia:
2867 5296 3184 5352 Arundinem
3212 5308 3505 5369 quassatam
3537 5320 3568 5355 η
3592 5323 3636 5354 »ιι

349 5407 583 5463 lestibus
617 5405 855 5471 debiles;
888 5402 997 5460 'sed
1041 5404 1254 5475 longius
1295 5417 1457 5475 atque
1500 5406 1789 5462 distanttns
1837 5421 1942 5461 sm-
2047 5402 2329 5472 confringet
2370 5392 2587 5464 (Matth.
2636 5405 2732 5456 xu,
2764 5388 2891 5458 20).,
2924 5387 3054 5443 Item
3100 5388 3328 5456 arundo,
3361 5390 3635 5447 inﬁnito...

351 5497 540 5552 diosas
565 5512 626 5552 se
651 5497 757 5551 Deo
780 5496 1059 5561 exhibent,
1086 5512 1243 5566 quam
1276 5497 1473 5551 sreculo
1492 5496 1657 5553 fuisse
1680 5499 1943 5553 metui..e-
2048 5493 2340 5551 auxilium:
2373 5489 2424 5541 in
2459 5485 2646 5540 Esaia:
2671 5482 2809 5549 Quid
2838 5481 3055 5550 conﬁdis
3080 5481 3134 5535 in
3162 5482 3343 5538 baculo
3365 5485 3464 5540 isto
3478 5502 3636 5541 arua.

354 5598 505 5645 ruot.
534 5588 807 5658 Scriptura
837 5597 920 5641 est
944 5588 1125 5657 itaque
1157 5600 1325 5655 recte,
1362 5599 1417 5641 ut
1444 5587 1733 5644 admonui:
1761 5588 1907 5643 .ln.~tu

2082 5594 2200 5641 meo
2223 5578 2513 5651 IEgyptio?
2538 5577 2624 5631 cui
2656 5574 2699 5629 si
2720 5571 2837 5643 quis
2863 5574 3168 5641 incubuerit,
3193 5578 3635 5649 comwabimr.

354 5698 413 5741 ut
446 5687 618 5756 palma
660 5684 900 5747 ﬂorehit;
937 5696 988 5738 et
1022 5693 1235 5738 rmtera.
1271 5684 1451 5753 (Iedri,
1494 5685 1811 5739 excelsioris
1847 5701 1941 5755 po-
2051 5694 2095 5736 et
2128 5676 2406 5762 perforabit
2433 5683 2635 5724 manum
2679 5665 2859 5734 ejus...
2904 5660 3056 5762 (Isin.
3100 5681 3281 5733 vxvvt,
3317 5666 3399 5739 ϐ).
3424 5667 3636 5739 Rubos,

684 5777 956 5839 l’srnoL.
1012 5778 1069 5834 l..
2313 5758 2317 5762 ’
2959 5752 3035 5813 24
