3932 6170
326 183 426 238 719

1071 179 1277 236 LIBER
1318 175 1798 236 FORMULABUM
1840 175 2221 235 SPIRITALIS
2262 174 2843 232 INTEILIGENTME.

3503 183 3604 241 τιςο

326 300 614 370 Εγαημὶδ
663 297 725 352 Et
757 298 876 368 fecit
906 314 1074 350 mutas
1107 313 1319 366 magnos
1345 336 1360 359 .
1393 296 1467 348 ita
1497 301 1552 346 ut
1579 303 1785 366 possent
1814 292 1910 346 sub
1938 302 1983 356 Α
2015 292 2203 364 (Prov.
2237 309 2370 359 xxx,
2409 293 2517 363 17).
2549 292 2679 348 Item
2713 292 2764 347 in
2789 294 2982 347 bonam
3012 303 3238 364 partem.
3286 296 3342 352 In
3372 298 3607 356 Canticis

327 390 507 448 deum
532 393 642 463 ejus
682 406 798 445 aues
837 390 948 443 cadi
977 389 1208 442 habitare
1231 386 1423 458 (Marc.
1457 402 1528 451 tv,
1554 385 1667 454 εἳ).
1712 384 1917 439 Intelli-

278 533 283 537 .
324 497 525 557 gum"
561 487 723 543 etiam
760 498 851 553 per
882 500 1006 536 aves
1040 482 1321 549 supernum
1347 479 1700 549 cogitationes
1721 519 1737 539 .
1769 476 1911 544 quod

326 586 784 645 monstraturper
830 573 1111 635 Alraliam,
1165 572 1252 639 qui
1295 587 1409 622 cum
1449 568 1764 635 sacriﬁcium
1811 565 1915 619 Deo

325 665 531 734 οσανν-ει
563 707 578 728 ,
630 667 945 741 insistentes
968 678 1095 717 aves
1126 662 1431 729 perferebat
1459 699 1475 724 ,
1524 674 1654 729 quas
1682 657 1915 728 abigebat

327 758 481 828 (Gen.
511 773 607 823 xv,
634 756 759 826 ll):
809 755 953 824 quod
981 754 1133 809 enim
1178 756 1229 807 in
1259 750 1518 819 orationis
1545 748 1811 804 sacriﬁcio
1855 763 1913 802 se

328 852 653 921 importuna:
679 845 1035 916 cogitationes
1061 842 1348 913 ingrruut.
1370 850 1425 894 et
1453 839 1688 903 subortu:
1707 879 1723 903 ,
1750 838 1911 891 corda

322 944 587 1013 jus-torum
617 940 705 1011 pot
732 922 897 994 nunt:
932 938 1026 993 sed
1052 940 1180 990 dum
1204 936 1368 991 citius
1391 950 1551 991 manu
1569 932 1914 987 discretionis

323 1033 1092 1109 abiguntur.festiveagitur.
1150 1045 1217 1085 ne
1261 1026 1443 1083 cordis
1498 1028 1687 1086 [aciem
1735 1025 1915 1093 caligo

328 1127 641 1184 tentationis
663 1127 892 1197 operiat.
922 1141 1041 1195 qius:
1070 1133 1197 1179 ante
1221 1121 1334 1191 jam
1376 1134 1444 1174 ex
1474 1117 1655 1173 illicita
1680 1115 1915 1170 delecta-

327 1223 469 1275 tione
531 1218 801 1289 tangebat.
877 1216 1137 1273 Vbialils,
1196 1220 1504 1265 sanctorum
1552 1221 1810 1262 excessus
1861 1206 1913 1259 in

327 1317 519 1383 Deum,
551 1318 631 1371 vel
662 1315 714 1369 in
746 1311 1041 1382 Scripturis
1074 1307 1399 1362 intellectus.
1442 1304 1497 1358 In
1522 1303 1696 1357 Psal.:
1730 1299 1797 1354 Et
1827 1316 1887 1354 vo

325 1409 437 1463 laba
476 1419 522 1463 et
568 1407 882 1477 requiescant
913 1399 1013 1473 (Ps
1060 1417 1168 1461 LIV.
1204 1397 1282 1468 7).
1336 1397 1620 1461 volucre,
1674 1395 1724 1448 iu
1772 1396 1914 1447 bono

324 1500 672 1570 accipiuntur
703 1539 718 1561 .
751 1509 803 1548 ut
828 1494 897 1553 de
925 1492 1113 1546 avibus
1139 1490 1390 1543 diximus.
1428 1488 1485 1541 lu
1519 1487 1660 1540 malo
1689 1493 1866 1549 autem
1892 1523 1911 1549 ,

325 1593 557 1661 superba
589 1587 851 1644 dicmOItia
874 1586 1184 1656 designant,
1232 1593 1291 1637 ut
1338 1582 1389 1635 in
1433 1579 1685 1648 Evattgel.
1734 1577 1913 1632 Domi-

2018 386 2349 443 canticorum
2386 387 2453 442 de
2479 400 2716 456 sponsn:
2752 387 2925 441 Crines
2944 390 3057 457 ejus
3103 400 3157 443 ut
3184 390 3369 445 abietes
3392 433 3407 457 ,
3468 395 3603 467 nigri

2014 481 2148 533 sicut
2174 475 2509 546 corvi.(Cant.
2537 493 2588 542 v.
2620 477 2726 547 11).
2786 478 2998 542 Perdix.
3046 480 3311 536 diabolus.
3359 482 3412 538 lit
3475 499 3603 552 pro-

2018 571 2174 638 pheta
2203 587 2218 622 :
2253 567 2501 623 Clamavit
2531 571 2714 641 perdia:
2740 616 2752 635 .
2785 573 3111 643 congregavit
3141 590 3254 641 qua:
3278 592 3378 628 non
3408 578 3603 647 peperit

2015 663 2152 732 (Jer.
2187 679 2321 725 xvii.
2361 663 2466 733 11).
2491 662 2775 726 Columbi.
2808 666 3043 733 Spiritus
3069 683 3144 719 sai
3170 679 3306 722 ctus.
3335 667 3391 724 lu
3422 671 3600 726 Evan—

2016 758 2188 824 gelio:
2224 754 2288 809 Et
2314 757 2419 810 uidi
2465 757 2722 827 Spiritum
2769 757 2859 811 Dei
2906 759 3293 815 descendentem
3329 762 3463 817 sicut
3507 781 3599 818 co-

2016 846 2240 900 lumbam
2271 845 2452 919 (Joan.
2486 864 2523 913 t,
2556 848 2667 911 δὲ).
2699 849 2827 903 Item
2875 850 2925 903 in
2956 856 3149 905 tua'am
3180 862 3415 919 partem.
3449 865 3506 911 nt
3547 858 3598 912 in

2020 943 2275 1007 preplieta
2298 956 2310 991 :
2332 938 2399 992 Et
2422 942 2587 1009 factus
2608 939 2855 1010 Epliraim
2878 944 3025 1006 quasi
3050 944 3282 999 columba
3307 948 3597 1013 sinesensst.

2015 1045 2116 1081 non
2141 1029 2331 1082 habens
2353 1046 2438 1082 cor
2468 1027 2621 1098 (03c.
2714 1046 2804 1093 vn.
2837 1029 2947 1099 11).
2979 1032 3195 1103 Turtur,
3220 1035 3450 1104 Spiritus
3476 1055 3598 1093 δυη-

2016 1129 2136 1174 ctus
2157 1160 2172 1184 .
2201 1129 2291 1175 aut
2314 1121 2394 1174 vir
2414 1134 2633 1175 sanctus
2666 1166 2678 1184 .
2704 1130 2796 1175 aut
2828 1122 3180 1191 intelligentia
3208 1129 3489 1194 spiritalis.
3542 1131 3596 1186 In

2016 1212 2253 1267 Cunticis
2293 1213 2660 1269 «uilliconum:
2703 1211 2817 1267 νοτ
2845 1216 3057 1270 turturis
3084 1219 3264 1271 audita
3294 1229 3364 1273 est
3386 1221 3439 1274 in
3468 1233 3603 1279 terra

2018 1315 2192 1357 ucstra
2224 1302 2390 1374 (Cant.
2416 1319 2471 1368 ll,
2512 1303 2622 1373 12).
2643 1308 2744 1359 Sed
2782 1316 2905 1359 tunc
2933 1309 3181 1362 columba
3216 1310 3449 1380 Spiritus
3477 1329 3601 1369 san-

2016 1408 2133 1453 ctus
2163 1397 2362 1451 dicitur
2385 1400 2597 1467 quando
2637 1398 2929 1469 Scriptum:
2957 1416 3124 1455 sacra:
3156 1402 3435 1459 manifesta
3484 1408 3597 1461 dia-

2017 1490 2185 1543 sertio
2215 1496 2317 1543 est.
2353 1490 2503 1543 Tunc
2537 1505 2663 1545 vero
2694 1502 2868 1545 tnrtur
2894 1493 3126 1560 Spiritus
3153 1506 3371 1549 sanctus
3403 1498 3603 1554 in'elli-

2019 1582 2185 1651 gitur,
2212 1596 2334 1636 cum
2388 1581 2679 1649 Scriptum
2709 1582 2831 1636 altis
2878 1593 3037 1653 atque
3064 1585 3309 1640 obscuris
3334 1593 3603 1660 mytteriis

328 1701 464 1739 nus:
498 1684 655 1739 Aliud
680 1699 850 1736 semen
879 1679 1056 1734 cecidit
1084 1694 1231 1731 secus
1277 1677 1431 1739 vium,
1465 1681 1510 1728 et
1540 1673 1767 1727 volucres
1803 1669 1915 1724 caeli
1952 1676 1992 1737 Β
2019 1673 2318 1730 elevantur.
2373 1672 2634 1729 Columba
2668 1678 2828 1729 etiam
2858 1676 3277 1744 simplicitatem,
3307 1688 3482 1737 turtur
3517 1684 3600 1737 in~

323 1777 649 1829 comederunt
673 1772 806 1827 illud
828 1771 984 1844 (Luc.
1018 1767 1253 1839 no.5):
1286 1768 1410 1837 quia
1449 1765 1662 1835 maligni
1694 1761 1916 1833 spiritus

326 1875 590 1923 humanas
613 1876 822 1922 mentes
842 1863 1177 1931 obsidentes,
1204 1861 1328 1913 dum
1353 1858 1706 1928 cogitationes
1731 1857 1917 1910 noxias

326 1960 596 2030 ingerunt,
624 1958 850 2014 verbum
878 1959 1000 2009 vita:
1029 1974 1059 2010 e
1082 1953 1344 2008 memoria
1367 1952 1630 2007 evellant.
1666 1948 1918 2014 Alauiuo

325 2051 694 2107 Testamenta.
723 2051 776 2121 lu
806 2049 879 2104 Et
901 2046 1119 2103 citiele:
1155 2044 1570 2115 Unumquodque
1596 2041 1799 2095 duabus
1818 2041 1918 2097 alis

323 2144 524 2196 velabat
548 2159 736 2213 corpus
766 2157 915 2194 suum
940 2138 1156 2210 (Eucti.
1187 2153 1227 2204 ι,
1254 2136 1369 2206 25).
1414 2134 1553 2191 Sunt
1578 2133 1744 2189 etiam
1774 2131 1875 2185 ala-
1894 2170 1914 2196 .

328 2238 555 2290 virtutes
604 2244 959 2297 sanctorum.
991 2245 1085 2299 per
1113 2243 1251 2300 quas
1288 2228 1354 2281 ad
1403 2226 1917 2296 contemplationem

330 2334 411 2384 vel
443 2328 511 2381 ad
534 2325 775 2382 coalestia
803 2326 1058 2380 evolant:
1084 2322 1163 2378 vel
1194 2320 1458 2391 preteetio
1487 2319 1686 2374 divina.
1720 2318 1919 2389 Pontia

327 2421 646 2489 Scriptum.
688 2419 746 2475 In
796 2418 1043 2488 psalmo:
1103 2415 1292 2470 Penno:
1338 2412 1588 2469 columba
1638 2420 1921 2480 argentata:

326 2511 448 2584 (Ps.
480 2528 655 2577 ιινιι,
685 2512 798 2583 14).
829 2510 1017 2576 Nidus,
1048 2508 1313 2569 Ecclesia.
1337 2516 1430 2561 aut
1456 2504 1671 2578 requies
1708 2507 1916 2561 excelsa

327 2608 547 2661 sanctis.
574 2604 632 2658 In
658 2605 825 2674 psal.:
855 2602 922 2656 Et
962 2612 1128 2656 turtur
1158 2601 1339 2655 nidum
1381 2600 1477 2654 sibi
1501 2640 1516 2665 ,
1566 2600 1651 2653 ubi
1704 2611 1921 2674 reponat

326 2700 495 2768 pullos
518 2714 647 2753 suos
662 2668 796 2767 (Ps.
821 2710 1046 2760 thxnt,
1093 2692 1176 2763 ι).
1207 2693 1270 2747 Ει
1302 2692 1462 2746 aliter
1485 2731 1500 2757 ,
1547 2690 1705 2743 nidus
1731 2728 1744 2750 .
1778 2668 1925 2741 Ιιυιιείχ

327 2788 659 2843 conscientia
688 2828 703 2848 .
754 2788 805 2839 in
831 2802 932 2855 qua
964 2785 1226 2841 bOoarum
1257 2782 1641 2853 cogitationum
1666 2779 1807 2833 l‘etus
1832 2778 1915 2832 l‘o-

328 2890 521 2936 veutur
545 2925 559 2947 .
586 2891 746 2949 atque
771 2880 823 2943 in
855 2893 1023 2948 opere
1046 2876 1328 2946 pariuntur
1350 2916 1366 2941 .
1397 2882 1453 2929 ut
1486 2884 1670 2943 postea
1698 2873 1792 2927 lilii
1821 2887 1918 2942 ap-

328 2973 618 3043 pellentur.
665 2970 721 3025 In
755 2970 994 3039 psalmo:
1030 2965 1160 3021 Filii
1188 2968 1259 3021 tui
1283 3009 1298 3033 ,
1343 2968 1473 3019 sicut
1505 2964 1717 3020 novella:
1757 2965 1919 3018 oliva-

2017 1766 2162 1820 dicat
2180 1775 2508 1830 castitatem.
2538 1768 2659 1836 quia
2681 1808 2696 1831 ,
2732 1768 2932 1820 amisso
2975 1768 3149 1835 primo
3178 1772 3425 1843 conjuge,
3458 1775 3595 1830 ultra

2018 1856 2223 1912 socium
2251 1873 2357 1912 non
2388 1859 2850 1927 requirit.-l\lilvus
2879 1861 3162 1930 Significat,
3187 1873 3244 1916 ut
3275 1875 3421 1932 puto,
3445 1881 3601 1937 rapa-

2017 1965 2135 2006 cem
2167 1991 2181 2014 .
2218 1952 2299 2006 vel
2330 1951 2551 2005 elatum.
2604 1952 2659 2005 ln
2689 1954 2925 2021 psalmo.
2978 1944 3271 2009 secundum
3305 1957 3558 2013 Hebrum
3586 1979 3597 2015 :

2010 2042 2167 2098 Milvi
2186 2042 2346 2107 abies
2373 2044 2568 2097 domus
2595 2054 2701 2098 e-t.
2731 2045 3000 2112 Accipiter
3019 2089 3034 2113 ,
3065 2048 3330 2102 interdum
3358 2060 3600 2114 sanctus.

2023 2146 2079 2188 ut
2103 2145 2252 2204 puto.
2269 2137 2486 2204 rapiens
2505 2150 2723 2204 regnum
2742 2135 2846 2189 Dei
2864 2153 2878 2189 :
2895 2137 2982 2204 qui
3006 2147 3204 2190 mutata
3235 2141 3399 2195 veteri
3429 2156 3601 2210 pe..na

2019 2235 2386 2285 renovatur.el
2406 2226 2999 2295 projirie'nsinveterata
3015 2228 3187 2283 studia
3209 2230 3410 2286 dolone
3434 2236 3575 2287 actio
3590 2266 3603 2274 -

2022 2317 2105 2371 uis
2126 2358 2143 2384 .
2191 2317 2468 2387 simplices
2495 2326 2649 2373 actus
2688 2318 2914 2373 assumit
2940 2319 3077 2376 bene
3108 2321 3348 2379 vivendi.
3377 2324 3430 2379 In
3460 2326 3563 2381 ιιειι
3588 2344 3602 2379 :

2023 2408 2288 2477 Numquid
2312 2410 2368 2462 in
2397 2411 2649 2478 sapientia
2695 2419 2784 2462 tua
2814 2412 3085 2479 plumeseit
3109 2415 3396 2483 accipiter?
3424 2417 3609 2489 Nycti-

2016 2515 2181 2556 corax
2219 2499 2469 2554 Christus
2491 2541 2506 2565 ,
2540 2501 2621 2555 vel
2650 2501 2731 2555 vir
2756 2510 2995 2574 sanctus
3019 2503 3322 2563 inﬁdelibus
3361 2509 3606 2579 despica-

2019 2595 2072 2649 bi
2094 2594 2164 2650 is.
2190 2594 2246 2648 lu
2282 2596 2518 2664 psalmo:
2545 2592 2739 2651 Factus
2767 2614 2881 2651 sum
2924 2600 3056 2653 sicut
3084 2603 3387 2673 ngeticoraa:
3413 2607 3466 2662 in
3508 2610 3607 2663 do-

2019 2689 2208 2741 micilio
2242 2687 2359 2760 (Ps.
2392 2704 2465 2755 cr,
2498 2686 2574 2759 7).
2606 2689 2800 2745 Passer
2824 2731 2840 2756 .
2891 2706 3291 2765 nonnumquam
3324 2698 3603 2765 Dominus.

2017 2792 2111 2836 aut
2143 2782 2224 2835 vir
2252 2791 2495 2836 sanctus.
2521 2781 2582 2835 in
2613 2783 2847 2850 psalmo:
2872 2782 3077 2839 Etenim
3101 2804 3279 2856 passer
3300 2788 3488 2845 invenit
3506 2794 3604 2846 sibi

2018 2873 2226 2927 domum
2249 2870 2369 2946 (Ps.
2402 2872 2719 2945 maximni).
2749 2875 2813 2929 lit
2832 2874 2985 2943 alibi,
3006 2877 3601 2952 quilibetChristianus.

2017 2963 2106 3018 cui
2123 2963 2191 3017 ab
2203 2962 2474 3018 haereticis
2488 2963 2703 3026 dicitur.
2719 2964 2811 3032 qui
2844 2965 3231 3037 Christum.qui
3249 2970 3298 3025 iu
3314 2973 3604 3041 Scripturis

326 3080 441 3116 rum
482 3064 534 3115 in
586 3062 805 3116 c‘rcuitu
859 3075 1044 3113 mensa:
1081 3068 1184 3112 tute
1240 3055 1359 3127 (Ps.
1406 3070 1612 3124 cxxvn,
1641 3057 1719 3123 5).
1751 3054 1911 3121 Pulli,
1941 3052 1988 3115 C
2020 3071 2174 3111 mons
2218 3058 2549 3120 nominatur.
2584 3072 2704 3112 sese
2747 3057 3094 3116 solummodo
3132 3073 3318 3132 putant
3370 3066 3600 3125 habere;

328 3154 518 3209 sancti.
560 3153 615 3207 In
650 3153 781 3221 psal.
808 3162 864 3205 ut
887 3165 1069 3220 supra.
1117 3149 1267 3204 Sicut
1313 3148 1364 3202 in
1402 3148 1544 3203 libro
1572 3148 1710 3205 Joh:
1772 3145 1918 3201 Pulli

328 3249 438 3318 ejus
487 3245 707 3301 lambent
751 3244 1055 3313 sanguinem
1103 3239 1224 3309 (Job
1266 3257 1429 3297 xxxix
1461 3282 1474 3303 .
1505 3240 1635 3304 50):
1682 3240 1823 3310 quod
1848 3239 1919 3295 de

329 3339 456 3392 tiliis
482 3350 685 3392 saneta:
710 3334 967 3391 Ecclesia:
993 3333 1191 3387 dicitur
1220 3373 1234 3396 ,
1262 3334 1351 3401 qui
1380 3336 1692 3401 sanguinem
1714 3331 1919 3386 Christi

329 3428 541 3483 bibunt.
568 3428 636 3483 Et
665 3428 717 3481 iu
750 3426 943 3480 malam
971 3435 1199 3493 partem.
1236 3424 1291 3477 lu
1318 3423 1643 3485 Salomone:
1680 3423 1745 3477 Et
1786 3423 1919 3493 pulli

328 3520 621 3589 aquilarum
646 3517 884 3572 devorent
926 3532 1041 3577 eum
1087 3514 1275 3587 (Prov.
1335 3531 1472 3581 xxx,
1529 3513 1635 3579 17).
1693 3516 1918 3585 Aquilio.

331 3612 527 3671 sancti.
548 3610 615 3673 (In
649 3610 968 3679 Evangelii):
1000 3609 1101 3664 Ubi
1125 3609 1278 3679 fuerit
1302 3623 1487 3679 corpus
1512 3649 1526 3673 ,
1578 3608 1686 3663 illic
1708 3623 1922 3677 congre-

329 3706 592 3774 gabantur
614 3702 799 3770 aquifaz
825 3700 1042 3770 (Matth.
1076 3716 1226 3766 xxiv,
1248 3696 1372 3768 28):
1418 3698 1539 3766 quia
1580 3697 1922 3768 egredientes

332 3802 534 3849 strictae
564 3795 757 3849 animae
783 3791 850 3846 de
876 3807 1106 3858 corpore
1134 3792 1200 3844 ad
1230 3789 1502 3844 Christum
1530 3830 1546 3855 ,
1578 3790 1667 3858 qui
1700 3806 1795 3858 pro
1818 3791 1921 3846 illis

333 3885 616 3951 moriendo
643 3884 875 3938 cadaver
916 3884 1091 3937 factus
1120 3893 1198 3937 est
1227 3924 1242 3945 .
1274 3893 1648 3952 aggregantur.
1686 3883 1877 3951 Aquila
1906 3924 1922 3949 ,

332 3979 608 4032 Christum
628 3978 790 4035 etiam
822 3974 1109 4046 signiﬁcat.
1142 3982 1201 4028 ut
1226 3974 1523 4030 Salomon:
1576 3972 1684 4026 νεα
1735 3976 1924 4043 aquilis

330 4077 384 4127 in
416 4074 544 4129 calo
568 4070 753 4143 (Prov.
779 4085 915 4134 xxx.
949 4067 1059 4139 19),
1084 4066 1136 4123 id
1165 4077 1246 4141 est
1269 4110 1283 4133 .
1314 4065 1514 4122 Christi
1559 4067 1820 4120 ascensio.
1855 4067 1925 4121 Et

332 4168 385 4219 in
421 4165 617 4229 malum
662 4174 904 4232 partem:
957 4160 1093 4217 Pulli
1140 4161 1440 4230 aquilarum
1486 4160 1746 4213 devorent
1774 4174 1919 4213 eum.

334 4258 404 4311 Ut
446 4259 496 4307 in
533 4256 798 4310 llieremia
824 4296 838 4316 .
896 4252 963 4309 de
989 4254 1234 4320 malignis
1260 4252 1573 4321 spiritibus:
1641 4250 1923 4305 Velociores

334 4348 541 4416 [uerunt
564 4355 908 4424 persecutores
938 4346 1095 4398 nostri
1114 4344 1303 4411 aquilis
1334 4342 1553 4413 (Thren.
1582 4358 1657 4409 tv,
1690 4343 1796 4409 l9).
1821 4342 1923 4398 Per

2026 3147 2354 3219 Transmigra
2367 3148 2417 3200 in
2428 3157 2648 3203 montem
2659 3149 2789 3202 sicut
2804 3152 3006 3221 passer(
3016 3150 3169 3216 Ps.x.
3184 3155 3264 3224 Ξ).
3283 3155 3490 3225 Gallus,
3510 3160 3606 3216 Du.

2022 3239 2277 3307 minus,ut
2297 3249 2539 3309 puto,aut
2556 3250 2795 3296 sanctus.
2815 3240 2871 3295 1η
2888 3241 3178 3302 Salomone
3196 3262 3211 3303 :
3230 3246 3293 3301 Et
3310 3251 3481 3322 gallus
3496 3270 3580 3309 ain
3594 3286 3609 3300 ο

2018 3333 2203 3387 bulans
2219 3335 2347 3386 inter
2360 3333 2580 3403 gallinas
2597 3333 2741 3387 la'tus
2757 3333 2877 3405 (Pr.
2895 3351 3029 3399 xxx.
3049 3336 3161 3407 51).
3183 3339 3248 3393 Ει
3261 3342 3313 3396 in
3330 3343 3461 3399 Job:
3484 3346 3604 3414 Quis

2022 3424 2159 3477 dedit
2172 3423 2313 3495 gallo
2324 3424 2708 3496 intelligentiam
2727 3424 2745 3497 (
2749 3425 2849 3479 Job
2866 3442 2895 3480 κ
2908 3442 3091 3492 sxvru,
3105 3427 3218 3501 36).
3238 3433 3296 3486 Et
3312 3434 3362 3487 iu
3378 3436 3604 3494 alterum

2025 3523 2229 3585 partem
2253 3531 2266 3565 :
2297 3514 2363 3567 Et
2392 3516 2653 3586 asportari
2682 3525 2731 3568 te
2748 3517 2943 3585 faciam
2965 3518 3094 3571 sicut
3119 3531 3417 3588 asportatur
3436 3527 3606 3597 gallus

2021 3610 2339 3679 gallinaceus
2368 3607 2502 3678 (Isa.
2539 3624 2671 3671 xxtt,
2706 3609 2813 3678 17).
2848 3610 2985 3664 Galli
3010 3613 3228 3668 nomine
3260 3616 3607 3689 designantur
3700 3604 3705 3607 ’

2022 3702 2406 3771 ιιι-ιάἱοειιυιθε
2427 3703 2597 3754 sancti
2624 3703 2734 3769 qui,
2770 3702 2910 3756 inter
2939 3702 3189 3759 tenebras
3213 3707 3336 3762 vitae
3368 3726 3602 3779 Ιηέεδθη.

2024 3792 2113 3857 tis,
2146 3791 2366 3846 student
2392 3800 2669 3845 venturam
2704 3792 2875 3847 lui-em
2915 3793 3256 3862 pratdicando
3283 3801 3434 3869 quasi
3481 3818 3608 3859 can-

2022 3884 2184 3940 tando
2226 3882 2505 3939 nuntiare:
2558 3886 2743 3938 dicunt
2768 3886 2951 3941 enim:
2996 3886 3110 3943 Nox
3136 3894 3447 3962 praecessit,
3491 3897 3607 3952 die.

2023 3988 2203 4031 autem
2229 3976 2702 4045 appmpiuquavit.
2735 3974 2919 4033 Gallus
2940 3979 3101 4035 etiam
3121 3983 3394 4039 succinctis
3424 3988 3608 4043 lumbis

2022 4069 2256 4123 incedere
2278 4068 2517 4121 scribitur
2543 4066 2725 4139 (Prov.
2762 4085 2887 4133 ut.
2910 4069 3025 4141 31),
3069 4073 3192 4143 quia
3226 4074 3324 4144 ipsi
3350 4092 3441 4146 pra
3460 4079 3608 4135 dica-

2029 4170 2175 4213 tores
2195 4164 2367 4213 sancti
2397 4163 2537 4214 inter
2567 4159 2726 4227 hujus
2757 4161 2931 4216 noctis
2960 4164 3209 4220 tenebras
3240 4181 3423 4224 verum
3448 4186 3607 4230 niane

2025 4255 2336 4305 nuntiantes
2358 4290 2376 4315 ,
2437 4252 2490 4304 in
2521 4251 2779 4305 membris
2825 4254 2936 4307 suis
2962 4255 3188 4311 luxuriae
3220 4255 3362 4315 ﬂuxa
3385 4264 3580 4319 restrin

2024 4349 2178 4410 gout,
2203 4342 2397 4410 quibus
2423 4356 2452 4395 a
2481 4340 2704 4395 Domino
2721 4342 2939 4409 dicitur.
2969 4345 3086 4400 Sint
3107 4347 3264 4402 lumbi
3290 4354 3447 4409 vestri
3472 4372 3611 4427 ρνε.

330 4437 567 4505 aquilam
619 4433 936 4504 designatur
961 4434 1122 4489 etiam
1154 4443 1365 4488 terrena
1396 4442 1709 4505 tempestas.
1763 4434 1887 4489 Stru
1949 4430 2347 4499 Dcincti(Luc.
2398 4448 2491 4494 xu.
2519 4434 2629 4502 55).
2689 4432 2842 4488 Gallo
2895 4435 3053 4490 etiam
3102 4439 3453 4511 intelligentia
3511 4448 3608 4503 de.

338 4536 485 4596 tlno.
516 4532 740 4603 quilibet
766 4530 1072 4589 Μῖνι-αλιυδ,
1109 4529 1203 4588 vel.
1226 4525 1598 4594 philosophus.
1635 4520 1714 4570 vel
1749 4520 1920 4588 hypo-

336 4629 511 4688 crita.
544 4629 633 4693 qui
675 4621 825 4689 quasi
873 4636 995 4674 cum
1040 4618 1229 4688 pennis
1256 4613 1533 4684 sapientiae
1582 4620 1699 4673 est.
1743 4618 1919 4665 tamen

340 4735 444 4768 non
472 4715 669 4773 evolat.
698 4712 757 4769 1η
785 4712 917 4766 Isaia
952 4728 965 4763 :
1004 4708 1113 4763 Erit
1134 4708 1301 4763 cubile
1321 4707 1626 4761 draconum.
1649 4710 1694 4752 et
1728 4715 1919 4765 p'iscua

336 4808 685 4861 struthionum
728 4803 862 4875 (Isa.
896 4819 1078 4865 xxxiv.
1114 4801 1224 4862 15).
1264 4799 1329 4853 Et
1356 4794 1591 4851 struthio
1619 4808 1717 4845 ova
1748 4792 1880 4859 parit
1903 4830 1919 4853 .

336 4899 433 4951 sed
471 4896 644 4964 pullos
672 4895 796 4948 inde
828 4908 930 4947 non
965 4892 1132 4945 nutrit
1163 4908 1175 4941 :
1218 4889 1340 4958 quia
1372 4883 1649 4956 hypocrita
1681 4883 1923 4951 quamvis

338 5001 487 5044 recto
517 4986 790 5055 (uindicet.
819 4994 997 5039 tamen
1030 4998 1121 5051 per
1149 4978 1455 5046 exemplum
1480 4978 1633 5029 home
1662 4978 1783 5025 vine
1810 4972 1927 5025 nul-

342 5084 421 5132 los
444 5080 581 5135 lilo-
602 5085 849 5147 generat,
880 5089 933 5127 ut
957 5077 1010 5128 in
1034 5074 1173 5128 libro
1194 5072 1294 5126 Job
1321 5088 1332 5121 :
1361 5068 1595 5123 Strut/iio
1618 5067 1671 5118 in
1695 5075 1826 5125 terra
1847 5079 1928 5116 re-

341 5176 528 5241 linquit
572 5189 664 5225 ooa
706 5187 800 5224 sua
823 5212 838 5235 ,
868 5180 912 5221 et
944 5165 1253 5221 obliviscitur
1276 5162 1409 5230 quod
1438 5176 1524 5229 pes
1562 5157 1821 5211 conculcet
1866 5171 1927 5207 ea

340 5266 439 5334 (Jo
477 5306 489 5320 .
518 5281 709 5325 xxxix.
766 5262 873 5331 ll).
920 5261 1230 5323 Palicanus.
1289 5256 1548 5317 Dominus
1595 5251 1841 5306 Christus
1872 5252 1925 5305 in

345 5358 478 5412 l'ass
500 5373 625 5419 one.
657 5366 746 5409 aut
770 5356 846 5409 vir
874 5364 1090 5408 sanctus
1113 5350 1385 5405 solitudini
1408 5347 1640 5400 deditus.
1668 5346 1720 5398 In
1752 5348 1914 5414 psal.:

347 5448 549 5509 Similis
594 5450 757 5517 [artus
804 5463 912 5498 sum
945 5445 1175 5511 pelicano
1214 5439 1508 5493 solitudinis
1554 5434 1671 5506 (Ps.
1722 5450 1806 5499 et,
1853 5437 1924 5501 ἲ).

347 5541 580 5608 Corvus,
607 5540 826 5610 nigredo
859 5547 1232 5607 peccatorum.
1263 5534 1342 5586 μοι
1371 5531 1664 5587 demimus.
1695 5528 1747 5581 In
1781 5527 1928 5581 Sal..-

2023 4539 2187 4592 super
2218 4523 2486 4588 tribuitur.
2537 4527 2660 4595 quia
2711 4525 2919 4581 doctori
2966 4528 3215 4586 veritatis
3262 4533 3608 4594 discretionis

2024 4616 2214 4677 virtus.
2245 4626 2302 4670 ut
2333 4617 2543 4672 noverit
2563 4656 2581 4683 ,
2610 4617 2806 4687 quibus
2830 4660 2845 4683 .
2879 4619 3004 4689 quid
3033 4662 3047 4685 .
3076 4624 3293 4693 quando
3316 4667 3332 4692 .
3362 4629 3446 4684 vel
3475 4648 3607 4700 quo.

2028 4710 2189 4762 modo
2236 4710 2434 4764 inserat
2463 4752 2477 4775 ,
2506 4709 2764 4767 divinitus
2788 4710 3143 4771 ministratur.
3176 4714 3292 4773 Non
3324 4722 3468 4777 enim
3499 4740 3604 4779 una

2025 4802 2322 4870 eademque
2367 4801 2579 4856 cunctis
2635 4803 2939 4858 exhortatio
2984 4809 3280 4875 convenit.
3326 4814 3454 4881 quia
3498 4830 3607 4871 'ni-c

2030 4902 2251 4945 tum-tos
2274 4906 2370 4961 par
2395 4907 2604 4947 tuorum
2632 4894 2860 4962 qualitas
2880 4899 3219 4969 constringit.
3249 4900 3484 4969 Gallina.
3515 4922 3604 4960 ta-

2025 4982 2247 5051 pientia,
2287 4983 2402 5037 sive
2446 4984 2712 5051 lict-leua.
2758 4988 2871 5041 sive
2914 4987 3113 5045 anima.
3165 4991 3220 5047 ln
3275 4992 3604 5068 Evangelia:

2027 5076 2175 5130 Sicut
2202 5077 2399 5145 gallina
2420 5088 2691 5149 congregat
2710 5078 2879 5149 pullos
2902 5097 3019 5137 suos
3044 5084 3136 5138 sub
3154 5085 3253 5141 alis
3268 5089 3374 5143 suis
3390 5090 3603 5161 (Manli.

2024 5184 2173 5231 xxiii.
2197 5168 2311 5228 57).
2340 5168 2766 5239 Vespertiliones
2788 5212 2805 5238 .
2855 5173 3123 5229 idolorum
3169 5189 3409 5235 monstra
3454 5194 3605 5240 tene-

2028 5258 2137 5313 bris
2165 5260 2370 5313 dedita.
2402 5259 2455 5314 lu
2483 5261 2775 5330 prapheta:
2813 5262 2881 5319 Ut
2903 5267 3124 5321 adoretis
3149 5269 3316 5335 talpas
3338 5283 3382 5326 et
3414 5290 3607 5344 vesper.

2026 5352 2225 5407 tilioncs
2268 5351 2422 5424 (lsai.
2474 5368 2534 5417 tl.
2565 5351 2678 5422 ΞΟ).
2721 5355 2856 5409 Sunt
2901 5358 3062 5411 etiam
3112 5358 3232 5429 cogi
3258 5362 3467 5421 ationi-s
3508 5366 3608 5422 im.

2031 5448 2267 5508 tnnmlze.
2294 5464 2412 5512 quae
2443 5462 2538 5512 per
2563 5447 2836 5502 daemones
2862 5450 3081 5505 intrant.
3111 5453 3423 5513 Scarabmus
3448 5499 3464 5522 .
3491 5474 3606 5526 pro.

2030 5540 2215 5606 phntu:
2272 5539 2331 5591 Et
2364 5540 2667 5593 st'araba-us
2708 5540 2775 5594 dc.
2801 5542 2945 5610 ligno
2971 5544 3223 5602 clamabit
3251 5590 3266 5613 .
3320 5560 3374 5605 ut
3428 5564 3607 5622 pttlat-t

350 5650 514 5690 suone
542 5653 555 5689 :
594 5633 854 5703 Effodiant
876 5645 990 5685 eum
1018 5628 1153 5682 corvi
1176 5626 1239 5679 de
1275 5637 1495 5679 torren'e
1526 5625 1601 5676 vel
1632 5628 1692 5675 de
1722 5620 1932 5687 rupibus
2031 5630 2265 5695 quidun.
2300 5628 2363 5680 de
2401 5629 2645 5682 finitimo.
2687 5629 2949 5697 Locusta",
2977 5636 3176 5703 populi.
3202 5637 3258 5691 ιη
3288 5620 3604 5705 ενίιιίαθηο.
