3932 6170
296 342 392 397 731

1273 336 1332 393 S.
1377 334 1695 393 EUCllERll
1738 330 2221 392 LUGDUNENSIS
2259 327 2565 388 EPISCOPI

3470 324 3576 383 τ’Ξί

299 450 433 508 Esca
459 458 631 504 autem
657 448 766 518 ejus
791 455 899 501 erat
922 444 1118 500 locusta
1141 444 1360 514 (Matth.
1394 460 1470 512 tn,
1505 444 1586 516 1).
1622 443 1879 500 Locusta-
1911 448 1955 505 Α
1987 441 2133 497 ribus
2162 451 2462 497 versantur.
2512 440 2567 495 lu
2595 437 2726 493 Job:
2762 436 2889 503 Quis
2916 437 3134 493 dimittet
3159 453 3413 511 onagrum
3442 440 3574 496 libe-

299 556 417 605 rum
442 539 655 595 nomine
673 535 961 606 aliquando
986 534 1304 592 Judmorum
1330 535 1578 605 pupulas,
1597 534 1887 605 aliquando

297 645 559 687 conversa
605 628 878 699 gentilitas
904 668 921 694 ,
974 626 1264 694 aliquando
1295 627 1631 681 adulantium
1659 625 1842 695 lingua
1869 666 1884 689 ,

299 720 588 790 aliquando
617 734 715 789 per
740 719 1199 787 comparationem
1245 721 1575 773 resurrectio
1606 716 1885 771 Domiuira

299 813 634 881 designatur,
653 808 942 880 aliquando
966 809 1070 862 vita
1098 807 1508 878 praedicatorum
1529 806 1882 877 signiﬁcatur.

298 901 630 972 Apis,lorttta
656 900 1000 969 virginitatis,
1029 900 1141 954 sive
1164 900 1463 970 sapientius.
1484 898 1540 953 In
1558 898 1885 956 Salomone:

309 994 449 1050 Vade
471 994 540 1047 ad
568 1010 718 1063 apem
745 1003 793 1046 et
816 994 955 1046 disce
974 1009 1125 1062 quam
1145 993 1407 1063 operatria:
1433 993 1502 1047 sit
1521 989 1701 1061 (Prov.
1719 1006 1796 1052 vt.
1816 992 1870 1044 (il

302 1088 363 1144 lit
393 1088 445 1141 in
475 1086 668 1140 malam
698 1095 939 1155 partem:
966 1086 1018 1137 in
1048 1084 1343 1155 propltela:
1370 1083 1437 1137 Et
1460 1086 1572 1152 apis
1586 1099 1707 1155 quae
1735 1093 1804 1136 est
1837 1084 1886 1132 tu

301 1179 457 1231 Assur
483 1174 636 1247 (Isai.
671 1191 763 1241 vn,
801 1173 909 1246 l8).
942 1174 1007 1228 Et
1035 1174 1477 1229 circumdederunt
1506 1190 1585 1228 me
1610 1175 1740 1228 sicut
1766 1188 1887 1244 apes

304 1266 421 1336 (Ps.
446 1282 607 1329 cxvtt,
644 1264 733 1336 12)
760 1307 776 1333 ,
810 1266 862 1319 id
887 1274 971 1321 est
993 1306 1007 1329 ,
1060 1264 1316 1320 malitiosi
1353 1273 1411 1320 et
1455 1263 1714 1320 iracundi.
1741 1264 1887 1334 Apes

299 1357 461 1411 eziam
492 1373 611 1427 quae
634 1357 738 1410 mel
772 1358 823 1409 in
849 1371 944 1411 ore
977 1355 1174 1411 habent
1203 1397 1218 1422 ,
1271 1366 1326 1412 et
1355 1357 1407 1411 in
1459 1356 1669 1411 occulto
1697 1357 1886 1411 eandm

302 1448 516 1521 miluus,
563 1464 664 1502 suo
714 1448 932 1503 nomine
980 1447 1284 1517 signiﬁcant
1331 1462 1522 1502 omnes
1565 1448 1657 1517 qui
1704 1448 1885 1518 lingu:

300 1544 682 1612 It‘andiuntnr,
732 1542 826 1597 sed
858 1542 1092 1596 latenter
1134 1558 1199 1596 ex
1242 1541 1445 1596 ntalitia
1482 1541 1706 1596 feriunt:
1762 1542 1885 1611 quia

301 1635 568 1704 loqui-mlo
596 1633 934 1689 dulcedinem
969 1633 1146 1688 mellis
1179 1633 1490 1704 propinant,
1518 1633 1611 1687 sed
1646 1632 1887 1688 feriendo

300 1729 493 1783 vulnus
516 1729 775 1782 inferunt.
809 1727 1045 1782 Possunt
1074 1728 1238 1781 etiam
1272 1726 1374 1782 hoc
1405 1727 1624 1781 nomine
1655 1717 1888 1792 pruden-

1987 550 2101 587 rum
2134 532 2254 606 (Job
2300 531 2595 603 xxxix,5)?
2614 532 2795 585 Potest
2819 540 2872 585 et
2901 529 3130 601 populus
3160 529 3573 587 illeludmorum

1987 640 2189 696 onager
2216 625 2344 692 dici,
2377 626 2500 696 quia
2531 622 2776 691 sequitur
2807 622 2858 676 in
2904 620 3095 677 eodem
3138 620 3318 678 libro:
3352 623 3419 678 Et
3459 624 3577 678 vin-

1986 723 2104 775 cula
2153 721 2269 790 ejus
2312 720 2433 789 quis
2458 714 2874 774 solvit?vincula
2921 716 3106 787 utique
3154 724 3567 787 praceptorum.

1989 811 2274 880 liinnulus,
2307 810 2578 877 Christus,
2606 815 2699 863 aut
2728 810 2924 875 sancti,
2954 822 3052 877 pro
3078 807 3370 878 gratiarum
3400 808 3579 863 varie-

1989 911 2117 958 tate.
2146 903 2202 957 ln
2226 903 2518 960 Salomone
2544 918 2557 954 :
2592 900 2792 955 Similis
2817 915 2870 954 es
2899 913 2973 963 tu,
3005 898 3270 970 fratruelis
3298 914 3456 966 meus,
3481 898 3577 952 da-

1987 998 2162 1061 mulce,
2190 1005 2279 1049 aut
2303 994 2519 1049 hinnulo
2541 1008 2804 1047 cervorum
2825 988 3001 1061 (Cant.
3033 1004 3094 1057 ιι,
3120 989 3201 1060 9).
3226 989 3412 1059 Dama,
3432 988 3575 1044 idem

1987 1090 2128 1158 quod
2160 1102 2342 1156 supra.
2378 1086 2575 1155 Lepus,
2601 1085 2796 1138 timens
2834 1082 3027 1137 Deum.
3056 1080 3114 1136 In
3143 1081 3383 1153 psalmo:
3413 1079 3577 1137 Petro

1986 1181 2243 1254 refugium
2264 1180 2517 1250 leporibus
2537 1187 2585 1233 et
2607 1176 2841 1232 erinaciis
2864 1173 2986 1246 (Ps.
3008 1189 3123 1241 cut,
3139 1172 3250 1245 18).
3270 1174 3573 1240 Erinacius,

1990 1274 2130 1327 idem
2154 1272 2295 1342 quod
2324 1285 2486 1339 supra
2509 1287 2523 1323 :
2552 1279 2607 1325 et
2628 1267 2850 1324 erinaeii
2878 1281 3012 1337 gens
3041 1264 3297 1333 invalida,
3319 1265 3410 1336 qui
3432 1263 3580 1322 lece—

1988 1373 2116 1419 runt
2144 1364 2196 1418 in
2232 1363 2395 1431 petris
2421 1361 2611 1415 domos
2637 1359 2762 1415 sibi.

2063 1455 2284 1525 Vulpes,
2313 1454 2599 1509 haereticus
2633 1451 2716 1506 vel
2746 1449 2995 1506 diabolus
3022 1491 3037 1515 ,
3068 1448 3152 1506 vel
3173 1456 3437 1529 peccator
3464 1449 3580 1505 cal-

1989 1549 2222 1605 lidus.ln
2256 1545 2699 1619 Evangeliozlte,
2723 1546 2876 1600 dicite
2904 1544 3045 1617 vulpi
3066 1545 3144 1600 illi
3158 1544 3309 1615 (Luc.
3328 1545 3577 1615 “11.52).

1990 1643 2229 1708 Animal,
2260 1642 2422 1696 homo
2442 1639 2697 1695 carnalis.
2722 1639 2778 1693 In
2811 1637 3105 1707 Apostolo:
3131 1636 3384 1692 Animalis
3408 1646 3581 1692 autem

1989 1731 2145 1787 homo
2183 1749 2286 1787 non
2328 1732 2541 1803 percipit
2564 1744 2625 1785 ea
2650 1745 2764 1801 qua
2785 1739 2903 1784 sunt
2926 1728 3138 1798 spiritus
3168 1727 3266 1784 Dei
3293 1728 3338 1801 (Ι
3367 1727 3485 1783 Cor.
3512 1742 3576 1794 ιι,

302 1821 430 1874 tium
460 1820 598 1875 dicta
632 1820 857 1889 signari,
887 1828 945 1873 ut
966 1828 1048 1872 est
1075 1818 1236 1874 illud:
1272 1818 1317 1870 F
1319 1834 1444 1872 avus
1489 1817 1656 1872 mellis
1684 1834 1880 1871 sernto-
1913 1814 1960 1873 B
1988 1825 2102 1892 14).
2131 1824 2461 1888 .Iumentum,
2496 1822 2765 1877 intellectu
2799 1821 2883 1875 vel
2907 1821 3126 1891 eloquio
3148 1835 3345 1875 carens
3371 1862 3386 1884 ,
3411 1820 3582 1875 inter-

299 1928 385 1966 nes
407 1912 524 1966 boni
552 1909 731 1980 (Prov.
768 1926 874 1974 xvi,
897 1910 1015 1981 ‘24).
1048 1910 1224 1965 Musca
1250 1951 1264 1977 ,
1297 1909 1542 1966 diabolus
1566 1949 1579 1974 ,
1609 1910 1698 1965 vel
1730 1909 1888 1964 mini.

299 2013 411 2058 ster
441 2005 557 2074 ejus
584 2046 598 2070 ,
648 2004 735 2059 vel
773 2003 1048 2073 spurcitiae
1079 2004 1424 2060 idololatria.
1470 2004 1526 2059 In
1557 2005 1884 2059 Salomone:

303 2095 497 2150 Musca:
536 2096 801 2151 moritura:
830 2097 1171 2149 exterminant
1209 2096 1311 2151 olei
1354 2097 1653 2151 suavitatem
1708 2092 1912 2167 (Eccle.

298 2202 353 2255 ιι,
390 2189 468 2258 1).
502 2186 1002 2252 Bestim.diabolus,
1029 2187 1115 2242 vel
1146 2188 1394 2244 homines
1418 2188 1536 2243 feri.
1566 2188 1622 2242 ln
1647 2188 1884 2260 psalmo:

306 2278 385 2332 Ne
413 2280 588 2333 tradas
616 2278 788 2332 bestiis
826 2277 1027 2332 animos
1054 2279 1352 2348 conﬁtentes
1401 2280 1489 2336 tibi
1526 2278 1646 2350 (Ps.
1697 2293 1884 2344 ιιιιιιι,

306 2369 413 2441 19).
448 2369 574 2424 Leo.
612 2367 890 2433 Dominus,
922 2378 982 2424 ut
1017 2367 1339 2438 Aposwlus:
1378 2369 1515 2424 Vicit
1557 2369 1636 2423 leo
1663 2369 1727 2424 de
1754 2368 1889 2423 tribu

299 2460 441 2516 Iuda
466 2460 652 2533 (Apoc.
685 2475 740 2527 v,
765 2460 845 2531 5).
878 2458 1008 2514 Item
1034 2463 1086 2513 in
1107 2461 1297 2514 malam
1320 2471 1560 2531 partem:
1584 2459 1669 2515 Ne
1686 2461 1889 2531 quando

300 2555 465 2627 rapiat
491 2564 543 2608 ut
572 2553 650 2608 leo
678 2553 906 2606 animam
936 2569 1098 2606 meam
1127 2552 1245 2624 (Ps.
1272 2569 1369 2617 vn,
1398 2554 1474 2622 5).
1502 2553 1663 2608 Item:
1699 2553 1891 2607 Adver-

301 2649 467 2700 sarius
493 2657 661 2700 noster
688 2644 923 2699 diabolus
949 2646 1097 2714 quasi
1128 2644 1205 2699 leo
1248 2646 1429 2701 circuit
1459 2644 1502 2716 (l
1547 2644 1694 2699 Petr.
1730 2660 1782 2709 v,
1812 2645 1887 2714 8).

299 2739 495 2796 Leonta
539 2738 807 2810 s’gnilicat
840 2738 1105 2808 superbos
1135 2738 1221 2793 vel
1268 2737 1596 2808 prmcipites.
1639 2736 1845 2792 Pardus
1870 2774 1886 2802 ,

304 2832 574 2898 diabolus,
605 2832 689 2886 vel
720 2839 968 2903 peccator
1000 2831 1242 2888 moribus
1268 2831 1472 2889 variis:
1502 2832 1554 2886 in
1587 2830 1847 2901 prepheta
1875 2847 1889 2884 :

304 2924 451 2979 Sicut
483 2921 731 2994 ίΕιΙιὶορε
758 2939 860 2978 non
888 2923 1105 2978 mutabit
1134 2923 1343 2995 pellem,
1373 2931 1420 2977 et
1450 2922 1642 2991 pasdus
1668 2921 1889 2976 varieta-

303 3027 402 3089 tem
449 3013 580 3086 (Jer.
616 3030 734 3081 χιιι,
778 3012 895 3082 25).
942 3011 1473 3083 Elephas,peccator
1508 3012 1779 3069 immanis.
1836 3012 1890 3067 lu

1988 1917 2115 1970 dum
2146 1916 2480 1971 obedientes.
2514 1914 2571 1969 lo
2598 1913 2839 1983 psalmo:
2874 1911 2941 1967 Ut
2960 1913 3248 1985 jumentum
3278 1916 3446 1983 [actas
3463 1927 3581 1966 sum

1988 2006 2129 2075 apud
2158 2016 2205 2060 te
2231 2005 2348 2078 (Ps.
2380 2020 2547 2073 Lxxu,
2573 2001 2686 2073 23),
2717 2002 2991 2058 interdum
3019 2002 3302 2069 luxuriosi,
3333 2010 3390 2057 ut
3410 2001 3577 2057 illud:

1988 2099 2419 2169 Computruerunt
2441 2100 2683 2171 jumenta
2711 2097 2761 2149 in
2793 2105 3017 2151 stercore
3044 2111 3139 2150 suo
3168 2092 3309 2167 (Joel
3371 2108 3388 2149 ι
3417 2133 3434 2158 ,
3464 2094 3576 2164 1⁸1).

1991 2192 2196 2258 Equus,
2219 2191 2304 2244 vir
2323 2199 2564 2243 sanctus.
2595 2186 2651 2242 In
2685 2187 2900 2242 Abacue
2924 2202 2939 2240 :
2991 2186 3093 2253 Qui
3121 2186 3399 2240 ascendens
3425 2173 3585 2250 super

1989 2273 2143 2354 equos
2172 2292 2283 2335 tuos
2307 2279 2491 2351 (Altae.
2516 2295 2594 2340 ιιι,
2625 2279 2704 2349 8).
2734 2277 2803 2332 Et
2822 2278 2876 2331 in
2900 2275 3092 2331 malam
3121 2284 3359 2345 partem:
3385 2271 3583 2329 Fallax

1989 2391 2146 2446 equus
2176 2373 2246 2427 ad
2280 2374 2494 2428 salutem
2520 2371 2640 2442 (Ps.
2666 2368 3295 2440 xsxu,l7).irrationalis
3327 2368 3578 2439 quisque.

1993 2468 2050 2522 In
2081 2467 2289 2538 psalmo
2316 2483 2328 2521 :
2362 2465 2539 2521 Nolite
2558 2466 2671 2534 ﬁeri
2708 2467 2837 2520 sicut
2879 2480 3036 2533 equus
3062 2468 3113 2516 et
3155 2460 3327 2516 mulus
3350 2502 3366 2527 ,
3397 2461 3582 2529 quibus

1990 2577 2091 2615 non
2119 2571 2193 2616 est
2214 2561 2503 2616 intellectus
2533 2559 2650 2630 (Ps.
2684 2574 2811 2614 xxxi
2833 2599 2847 2621 ,
2879 2558 2959 2631 9).
2990 2553 3217 2623 Asinus,
3252 2571 3453 2625 corpus
3483 2555 3584 2609 hu.

1992 2668 2210 2707 manum
2241 2695 2256 2720 ,
2288 2651 2373 2707 vel
2424 2651 2653 2721 populus
2677 2650 2980 2721 gentilium.
3029 2648 3086 2704 In
3119 2649 3461 2721 Evangelio:
3513 2646 3583 2702 Et

1991 2742 2321 2797 adduxerunt
2358 2741 2428 2795 ad
2451 2739 2629 2794 Iesum
2659 2741 2855 2794 asinam
2891 2748 2940 2794 et
2970 2740 3168 2811 pullam
3189 2742 3304 2812 ejus
3334 2780 3350 2805 ,
3388 2749 3440 2793 et
3466 2754 3583 2792 eum

1992 2833 2211 2903 desuper
2244 2831 2422 2886 sedere
2468 2833 2698 2905 fecerunt
2733 2829 2955 2902 (Matth.
2998 2846 3109 2897 ιιι,
3160 2830 3239 2901 7).
3290 2830 3581 2884 Asinoruin

1995 2927 2216 2981 nomine
2241 2924 2528 2981 stultorum
2554 2924 2766 2995 pigritia
2792 2923 3154 2994 signiﬁcatur,
3199 2922 3329 2977 dum
3370 2921 3584 2995 May-es

1994 3026 2250 3075 testatur:
2277 3018 2398 3073 Non
2424 3017 2597 3072 orabis
2622 3018 2673 3070 in
2696 3016 2818 3071 bore
2837 3017 2994 3071 simul
3021 3025 3069 3070 et
3092 3016 3237 3070 asino
3261 3014 3583 3087 (Datum,

305 3108 547 3178 lli-gum:
580 3106 644 3160 Et
666 3105 1006 3162 adducebant
1037 3104 1105 3159 ad
1130 3105 1475 3160 Salomonem
1499 3105 1680 3158 simias
1714 3111 1762 3158 et
1792 3102 1897 3157 ele-
1934 3178 1957 3180 _
1998 3111 2114 3180 10),
2146 3110 2249 3166 hoc
2277 3120 2381 3176 est,
2412 3111 2464 3164 in
2499 3108 2880 3179 praedicatione
2901 3124 3010 3164 non
3036 3108 3332 3178 coniungas
3351 3108 3587 3178 pruden-

307 3198 525 3266 phantos
557 3187 649 3265 (lll
683 3196 811 3264 Reg.
846 3211 901 3261 ι.
925 3194 1037 3265 22).
1068 3194 1270 3262 Ursus,
1299 3195 1546 3251 diabolus
1570 3237 1585 3262 ,
1613 3205 1705 3251 aut
1725 3196 1891 3250 duces
1916 3178 1962 3239 Ο
1998 3178 2105 3257 tem
2133 3216 2259 3256 cum
2291 3201 2467 3255 fatuo:
2502 3178 2835 3270 simplicitas
2882 3200 3025 3254 enim
3071 3199 3310 3254 ﬁdelium
3356 3198 3462 3255 hoc
3488 3216 3586 3255 no-

306 3292 458 3358 smvi,
490 3289 572 3343 vel
617 3288 982 3367 insidiatores.
1010 3287 1067 3343 ιη
1099 3287 1439 3356 Regnorum:
1469 3286 1535 3342 Et
1564 3288 1750 3359 egressi
1774 3298 1892 3342 sunt

305 3384 409 3436 duo
433 3382 539 3435 ursi
565 3420 582 3446 ,
628 3388 675 3435 et
717 3378 1046 3432 comederunt
1083 3394 1167 3432 eos
1192 3377 1279 3447 (IV
1310 3377 1433 3447 Reg.
1462 3392 1498 3434 tl
1527 3417 1545 3444 ,
1571 3377 1666 3449 24)
1693 3417 1710 3445 ,
1768 3380 1891 3448 quia

308 3478 670 3550 Vespasianus
707 3485 764 3533 et
807 3476 957 3531 Titos
1005 3475 1233 3531 Romani
1280 3476 1636 3546 imperatores
1677 3475 1894 3533 Judzeos

306 3572 641 3628 deleverunt.
670 3570 895 3636 Cervus,
923 3556 1191 3639 Christus,
1224 3567 1313 3624 vel
1340 3569 1533 3624 sancti.
1568 3568 1623 3622 In
1652 3568 1890 3638 psalmo:

308 3665 454 3721 Sicut
474 3679 648 3719 cervus
666 3660 920 3717 desiderat
950 3660 1020 3714 ad
1043 3660 1212 3731 fontes
1238 3676 1491 3731 aquarum
1518 3659 1637 3731 (Ps.
1672 3675 1780 3720 xu,
1812 3657 1890 3731 2).

308 3758 371 3813 Et
403 3772 590 3813 rursus
616 3757 670 3811 in
699 3754 926 3825 psalm.:
960 3752 1158 3810 Montes
1199 3755 1389 3810 excelsi
1410 3754 1568 3809 cervis
1589 3795 1604 3819 ,
1635 3764 1777 3825 petra
1815 3770 1898 3808 re-

270 3836 274 3915 ί
307 3851 508 3923 fugiam
532 3847 778 3902 erinaceis
825 3846 944 3918 (Ps.
977 3861 1092 3912 cui,
1141 3844 1264 3917 18):
1316 3860 1440 3901 nam
1473 3845 1561 3899 hic
1604 3847 1729 3901 vita:
1759 3860 1893 3901 con-

309 3943 633 4012 templativa:
656 3940 822 3995 dediti
853 3939 1246 4010 significantur.
1275 3938 1462 4009 Lupus
1485 3982 1499 4008 ,
1532 3938 1780 3993 diabolus
1811 3936 1896 3993 vel

312 4035 621 4090 hmretieus.
654 4033 711 4087 In
746 4032 1035 4100 Evangelio
1061 4048 1070 4084 :
1106 4029 1423 4085 lntrinsecus
1451 4040 1621 4084 autem
1642 4040 1757 4084 sunt
1788 4030 1896 4100 lupi

308 4142 520 4196 rapaces
567 4123 783 4196 (Matth.
833 4121 1075 4193 vn,15).
1128 4122 1258 4177 Item
1309 4121 1361 4176 in
1413 4122 1606 4177 bonam
1648 4133 1893 4192 partem:

310 4215 583 4289 Benjamin
624 4214 780 4286 lupus
825 4229 992 4283 rapax
1042 4211 1197 4285 (Gen.
1243 4228 1398 4279 χιιι,
1438 4213 1554 4278 ει),
1594 4214 1896 4284 apostolum
1938 4282 1941 4287 η

312 4309 541 4363 Paulum
587 4306 916 4377 signiﬁcans.
979 4308 1164 4373 Aper,
1215 4303 1484 4359 diabolus.
1538 4302 1598 4361 In
1652 4306 1895 4375 psalmo:

313 4397 687 4454 Eat-terminabit
715 4413 828 4450 eam
857 4411 981 4468 aper
1007 4394 1071 4449 dc
1101 4396 1230 4450 silva
1279 4393 1398 4467 (Ps.
1450 4411 1634 4466 una,
1669 4394 1777 4468 14).
1803 4397 1895 4453 Ti-

309 4495 419 4562 gris
446 4532 459 4549 .
490 4492 713 4545 leininea
745 4487 1014 4543 interdum
1050 4497 1379 4558 arrogantia.
1418 4489 1473 4542 ln
1521 4488 1659 4545 libro
1684 4489 1787 4546 Job
1813 4507 1899 4546 se-

1996 3294 2141 3350 mine
2167 3295 2487 3364 esprimitur
2512 3333 2527 3361 ,
2576 3309 2738 3364 quam
2766 3292 3017 3348 Christus
3041 3292 3283 3363 regendo
3312 3299 3369 3349 et
3400 3294 3587 3362 prasi-

1995 3384 2175 3441 dendo
2202 3384 2267 3439 ad
2300 3384 2651 3449 Hierusalem,
2681 3383 2733 3439 id
2759 3393 2863 3451 est,
2885 3384 3147 3440 visionem
3176 3384 3326 3454 pacis
3346 3384 3583 3440 deducit.

1998 3479 2153 3537 Unde
2180 3480 2407 3536 dicitur:
2460 3479 2675 3551 Agnovit
2715 3489 2761 3535 et
2796 3479 2973 3534 asinus
3010 3496 3238 3549 ιιι-ωερε
3279 3479 3482 3535 domini
3504 3481 3589 3535 sui

1998 3570 2147 3643 (Isai.
2183 3587 2222 3637 ι,
2256 3570 2342 3644 5);
2374 3586 2563 3627 rursus
2591 3572 2744 3625 asino
2774 3569 3086 3641 designatur
3114 3571 3468 3627 immoderata
3495 3587 3590 3642 pe-

2000 3663 2281 3718 tnlantium
2311 3662 2543 3732 luxuria,
2576 3670 2635 3716 ut
2656 3661 2912 3733 propheta
2940 3679 2953 3714 :
3007 3661 3241 3729 Quorum
3266 3677 3448 3718 carnes
3468 3672 3590 3717 sunt

1998 3765 2054 3808 ut
2077 3770 2256 3808 carnes
2278 3754 2542 3808 asinorum
2569 3752 2781 3825 (Ezech.
2813 3769 2965 3820 xxnt,
2995 3752 3112 3823 90).

2070 3845 2256 3910 A~ina,
2287 3860 2415 3900 caro
2446 3844 2528 3899 vel
2554 3846 2705 3914 plebs
2729 3858 2922 3899 carens
2961 3843 3055 3899 Dei
3077 3846 3286 3900 notitia.
3317 3844 3374 3900 ln
3402 3845 3584 3901 Evan-

1999 3936 2160 4005 gelio,
2215 3937 2354 3991 idem
2409 3936 2550 4006 quod
2603 3951 2786 4005 supra.
2841 3936 3117 4000 Camelus,
3174 3934 3370 3991 divites
3421 3936 3588 3992 rebus

2000 4028 2182 4081 sa-culi
2210 4029 2385 4081 oonsti
2415 4066 2429 4091 ,
2476 4028 2560 4079 vel
2608 4025 2852 4080 moribus
2882 4025 3117 4079 distorti.
3167 4023 3226 4079 lu
3253 4026 3588 4098 Evangelio.

2003 4120 2235 4176 Facilius
2263 4131 2334 4174 est
2356 4120 2603 4174 cometam
2631 4134 2719 4189 per
2744 4121 2975 4188 foramen
3012 4133 3134 4172 acus
3160 4119 3399 4186 transire,
3431 4135 3590 4189 quam

2002 4214 2209 4266 divitem
2250 4213 2443 4265 intrare
2487 4211 2539 4263 in
2583 4226 2742 4281 regna
2778 4210 3020 4264 caelorum
3067 4208 3281 4281 (Matth.
3327 4224 3441 4277 ιιι,
3466 4210 3586 4283 24).

2001 4303 2206 4359 Canteli
2237 4304 2455 4358 nomine
2481 4304 2640 4356 etiam
2674 4302 2788 4372 ipse
2814 4302 3069 4357 Dominus
3099 4302 3454 4373 significatur,
3486 4313 3589 4359 ut:

2002 4396 2278 4465 Liquantes
2300 4396 2512 4450 culicem
2529 4409 2547 4446 ε
2569 4394 2818 4448 camelum
2835 4405 3003 4449 autem
3026 4395 3358 4466 deglutientes
3371 4394 3585 4469 (usus.

2005 4504 2154 4557 uin,
2183 4488 2313 4561 24):
2345 4490 2446 4544 hoc
2476 4489 2529 4543 in
2560 4489 2678 4543 loco
2715 4487 2975 4541 Dominus
3018 4497 3205 4558 aperte
3231 4487 3548 4559 designatur
3571 4531 3588 4557 ,

310 4582 545 4636 cundum
576 4581 890 4635 Hebraeum:
917 4577 1082 4651 Tigris
1111 4556 1279 4646 periit,
1301 4597 1360 4633 eo
1379 4582 1514 4648 quod
1543 4598 1642 4635 non
1667 4580 1899 4637 habuerit
1926 4556 1979 4617 Β
2004 4582 2091 4648 qui
2120 4556 2311 4650 sponte
2342 4580 2651 4634 humiliatus
2675 4621 2689 4645 ,
2721 4556 3278 4635 inﬁrmitatisnostra
3308 4556 3475 4637 ouera
3498 4556 3593 4637 su-

314 4674 547 4739 prtcdam
574 4670 698 4742 (Job
750 4687 822 4736 tv,
862 4670 968 4740 ll).
995 4671 1345 4735 Monocerou,
1371 4673 1473 4726 hoc
1495 4679 1579 4727 est
1600 4674 1893 4730 unicornis.

314 4767 371 4820 In
404 4765 644 4839 psalmo:
691 4761 759 4816 Et
807 4762 1019 4816 dilectus
1059 4765 1488 4832 quemadmodum
1529 4766 1665 4832 ﬁlius
1691 4766 1898 4821 unicor-

312 4857 457 4911 nium
485 4852 604 4931 (Ps.
639 4868 821 4919 ιιι-ιιι,
853 4855 925 4923 ti),
975 4853 1028 4908 id
1056 4863 1159 4917 est,
1191 4841 1483 4923 singularis
1512 4858 1784 4925 potentia),
1814 4859 1896 4912 vel

313 4959 624 5005 sanctorum
668 4946 757 5015 qni
803 4956 1013 4999 teneant
1054 4945 1268 5001 unicum
1302 4946 1396 5002 Dei
1441 4946 1690 5003 verbum.
1733 4948 1798 5003 Et
1844 4952 1896 5005 in

311 5045 469 5099 aliam
500 5048 705 5113 partem
727 5057 742 5094 :
796 5037 862 5093 Et
884 5057 914 5090 ιι
936 5039 1179 5093 cornibus
1202 5041 1529 5094 unicornium
1556 5040 1897 5095 humilitatem

312 5156 474 5194 meam
501 5133 724 5207 (Psalut.
758 5150 864 5200 xu,
892 5131 1008 5204 9.2).
1033 5132 1088 5187 lu
1113 5133 1307 5188 malam
1338 5144 1544 5204 partem
1566 5135 1785 5204 ponitur
1802 5150 1899 5206 pro

311 5231 553 5301 quolibet
595 5227 830 5298 superbo
881 5224 1153 5294 violento,
1201 5225 1286 5281 vel
1327 5242 1491 5281 unum
1519 5234 1896 5285 testamentum

313 5334 528 5397 tenente
552 5365 567 5391 ,
609 5332 667 5378 ut
700 5318 984 5377 Psalmista
1030 5317 1084 5373 in
1126 5333 1355 5388 persona
1388 5319 1594 5386 passuri
1642 5318 1851 5374 Domini
1882 5337 1897 5375 :

314 5412 507 5473 Libera
562 5429 670 5478 me,
699 5410 943 5475 Domine,
974 5422 1004 5463 a
1056 5408 1315 5464 cornibus
1362 5408 1725 5470 unicornium.
1769 5410 1901 5464 Rhi-

315 5521 548 5562 noceron
577 5548 592 5573 ,
625 5506 1021 5578 lortisqnisque
1042 5503 1156 5559 :vel
1189 5502 1243 5557 in
1271 5504 1467 5559 bonam
1494 5503 1579 5558 vel
1609 5504 1662 5558 in
1699 5505 1896 5559 malam

314 5610 540 5670 partem.
562 5599 620 5655 In
652 5598 791 5656 libro
816 5597 1248 5662 Job,secundnm
1281 5598 1563 5652 llebrzeum
1587 5614 1600 5651 :
1624 5596 1895 5667 Numquid

313 5689 444 5746 volet
468 5692 759 5744 rhinoceros
785 5689 970 5742 servire
991 5688 1079 5741 tibi
1104 5684 1227 5758 (Job
1289 5702 1481 5751 xxxix,
1514 5688 1594 5757 9).

382 5780 628 5853 Onager,
660 5779 880 5833 ert-inita
907 5819 922 5846 ,
951 5778 1035 5833 vel
1068 5779 1156 5847 qui
1190 5780 1378 5834 remoti
1407 5793 1436 5833 a
1469 5778 1638 5835 turbis
1668 5780 1895 5850 pepula-

2002 4671 2175 4741 sxulit,
2206 4684 2259 4726 et
2280 4687 2433 4726 acum
2463 4671 2788 4739 punctionis,
2818 4672 3200 4741 angustiasque
3228 4670 3510 4727 foraminis
3537 4674 3591 4727 in

2002 4765 2187 4821 dolore
2225 4781 2337 4819 suae
2380 4765 2664 4834 passionis.
2716 4764 2883 4819 Culex
2926 4763 3262 4819 susurrando
3302 4765 3592 4828 vulnerat,

2003 4857 2241 4912 camelos
2272 4866 2451 4911 autem
2479 4867 2672 4925 sponte
2716 4872 2775 4910 se
2810 4855 2879 4909 ad
2918 4854 3259 4924 suscipienda
3300 4871 3465 4910 onera
3498 4855 3593 4910 iu-

2002 4951 2205 5006 clinat:
2237 4951 2575 5021 liquaverunt
2606 4962 2736 5018 ergo
2765 4946 2937 5002 Judzei
2978 4946 3207 5002 culicem
3234 4988 3248 5012 ,
3289 4948 3412 5017 quia
3444 4946 3594 5002 sedi-

2002 5045 2198 5097 tiosum
2229 5043 2489 5095 latronem
2518 5039 2712 5094 dimitti
2746 5038 3016 5106 petierunt
3042 5054 3057 5091 :
3111 5037 3377 5091 camelnm
3408 5045 3592 5092 autem

2000 5135 2317 5205 glutierunt,
2348 5132 2468 5201 quia
2493 5147 2613 5185 cuin
2638 5132 2727 5199 qui
2760 5133 2827 5184 ad
2857 5130 3201 5198 suscipienda
3225 5139 3426 5185 nostra:
3452 5145 3593 5183 niur-

2006 5225 2228 5280 talitatis
2258 5238 2422 5278 onera
2454 5231 2644 5292 sponte
2675 5222 3037 5277 descenderat
3065 5262 3079 5284 ,
3109 5222 3454 5292 exstinguere
3478 5223 3595 5277 cla-

2004 5319 2202 5373 mando
2230 5316 2409 5371 conati
2437 5327 2583 5371 sunt.
2615 5315 2799 5378 Tauri,
2835 5315 3107 5385 principes
3134 5315 3475 5384 populorum.
3528 5314 3590 5372 In

2004 5413 2244 5482 psalmo:
2277 5408 2436 5463 Tauri
2466 5409 2678 5479 pingurs
2707 5406 3013 5461 obsederunt
3036 5422 3116 5460 me
3159 5404 3279 5477 (Ps.
3308 5422 3397 5461 nt
3422 5447 3438 5472 ,
3474 5404 3589 5479 13).

2005 5502 2175 5556 Boves
2199 5542 2213 5563 .
2262 5497 2492 5568 apostoli
2518 5537 2534 5565 ,
2565 5499 2653 5567 qui
2683 5507 2934 5568 suscepto
2976 5498 3105 5567 iugo
3133 5495 3334 5551 Christi
3362 5537 3376 5562 ,
3411 5496 3594 5552 Evan-

1999 5595 2123 5665 gelii
2182 5606 2401 5648 vomere
2457 5588 2716 5645 mundum
2773 5599 3158 5644 exaraverunt.
3223 5589 3281 5642 In
3336 5587 3586 5657 psalmo:

2003 5684 2233 5751 0ﬂ'eram
2283 5683 2372 5736 tibi
2415 5681 2561 5737 boves
2598 5696 2715 5735 cum
2744 5680 2899 5735 hircis
2944 5678 3060 5749 (Ps.
3102 5692 3224 5746 va,
3264 5677 3377 5750 15).
3411 5677 3589 5734 Boves

1999 5780 2159 5834 etiam
2189 5775 2474 5832 stultorum
2503 5771 2806 5831 vecordiam
2831 5771 3133 5843 signiﬁcant
3161 5814 3179 5843 ,
3233 5778 3288 5825 ut
3314 5778 3461 5825 recte
3491 5783 3585 5839 per
