3932 6170
378 313 476 367 739

1358 313 1414 368 S.
1463 311 1778 367 liL'Cnliﬁllll
1824 309 2298 368 LL'GDl'NENSlS
2339 315 2642 371 Ei‘lSCOPI
3539 321 3629 380 7'70

371 428 516 492 pitur
548 442 562 480 :
597 425 785 480 Leria:
823 425 1008 478 rodant
1041 442 1215 479 omnes
1255 428 1388 498 pilos
1423 429 1594 482 carnis
1623 445 1731 482 sua:
1758 427 1946 498 (Num.
1983 432 2022 486 Α
2060 443 2153 495 per
2185 430 2365 484 vinum
2407 433 2752 486 morde-antur
2784 431 3024 494 vulnera,
3068 447 3163 502 per
3194 433 3370 486 oleum
3421 433 3626 489 lutea...

373 533 482 584 ειη,
509 519 590 584 7).
621 517 870 585 Sanguis,
904 517 1144 586 operatio
1165 519 1428 584 carnalis;
1463 521 1516 574 in
1548 519 1683 592 psal.
1717 537 1731 573 :
1769 517 1955 572 Libera

371 611 449 662 me
478 610 540 661 de
561 607 916 676 sanguinibus,
955 607 1109 669 Deus,
1153 607 1289 663 Deus
1326 610 1508 664 salutis
1537 627 1660 665 mete
1690 607 1864 680 (Psul.
1901 626 1949 668 ι..

377 700 482 765 '6).
517 699 582 752 Et
609 699 736 752 item
771 715 782 750 :
819 695 950 751 Caro
975 710 1022 752 et
1049 701 1258 771 sanguis
1301 719 1510 771 regnum
1545 701 1639 755 Dei
1665 720 1765 755 non
1793 703 1954 772 possi-

367 788 554 843 debunt
585 787 627 858 (1
656 786 778 842 Cor.
815 805 914 855 xv,
959 791 1075 860 50).
1116 793 1179 846 Et
1217 793 1400 849 0508.:
1469 794 1698 867 Sanguis
1735 790 1949 866 sangui-

367 895 481 933 nem
506 880 672 950 tetigit
703 879 850 947 (Ose.
881 879 1051 950 ιν,2).
1087 883 1218 938 Item
1269 885 1320 939 in
1364 886 1558 941 bonam
1602 899 1807 956 partem
1837 930 1852 955 ,
1896 897 1952 938 ut

366 971 692 1038 Apostolus:
725 971 790 1024 Et
820 975 1031 1042 sanguis
1067 973 1192 1028 Jcsu
1246 975 1440 1032 Christi
1479 981 1724 1033 emundat
1760 997 1852 1034 nos
1888 979 1950 1034 ab

359 1063 502 1146 ‘omni
540 1073 748 1133 peccato
772 1063 1457 1135 (Heb.iV,-li);earo,homo
1497 1071 1756 1124 exterior.
1792 1071 1846 1124 1η
1882 1073 1949 1126 A-

365 1155 578 1221 postolo
603 1169 616 1208 :
648 1152 782 1208 Caro
812 1156 946 1208 enim
976 1160 1542 1226 concupiscitadversus
1559 1163 1947 1232 spiritnm,spi-

365 1247 496 1300 ritus
513 1255 686 1299 autem
705 1247 947 1300 adversus
975 1263 1181 1302 carnem
1210 1249 1352 1322 (Gal.
1389 1268 1439 1314 ν,
1476 1251 1584 1322 17).
1619 1251 1760 1306 Caro
1799 1253 1947 1321 juxta

367 1347 634 1399 naturam,
657 1344 714 1391 ut
747 1352 759 1388 :
791 1334 906 1389 Hoc
934 1353 1071 1390 nunc
1091 1356 1147 1392 os
1175 1356 1237 1393 ea:
1265 1342 1461 1395 ossibus
1487 1345 1628 1408 meis,
1660 1351 1705 1396 et
1733 1358 1854 1395 caro
1888 1344 1950 1396 de

363 1445 516 1482 carne
550 1445 663 1482 mea
686 1426 838 1497 (Gen.
869 1443 928 1492 tt,
957 1428 1085 1504 ‘23),
1106 1442 1160 1485 et
1188 1433 1261 1486 ibi
1295 1452 1305 1486 τ
1349 1433 1567 1486 Verbum
1599 1451 1719 1488 caro
1745 1434 1948 1502 factum

365 1531 440 1575 est
473 1519 670 1591 (Joau.
703 1537 741 1582 ι.
796 1523 904 1594 11).
941 1520 1093 1577 Unde
1140 1525 1430 1593 Apostolus
1464 1543 1476 1579 :
1535 1525 1634 1579 Vos
1670 1536 1841 1578 autem
1895 1526 1948 1578 in

337 1629 515 1666 .rarne
554 1629 657 1667 non
694 1616 843 1679 estis,
890 1617 978 1670 sed
1010 1617 1060 1669 in
1087 1617 1273 1687 spiritu
1308 1617 1324 1684 (
1353 1616 1500 1670 Rom.
1532 1631 1647 1680 vm.
1682 1617 1773 1685 9).
1818 1617 1946 1671 Item

365 1718 492 1758 caro
513 1704 667 1775 juxta
681 1707 917 1774 culpam,
951 1718 1009 1763 ut
1040 1727 1053 1762 :
1099 1707 1220 1762 Non
1249 1710 1559 1776 permanebit
1581 1711 1789 1778 spiritus
1809 1726 1948 1764 meus

2057 528 2164 573 tur.
2197 519 2413 587 Oleum,
2442 522 2850 589 (misericordia.
2894 524 2972 578 \el
3021 523 3258 593 Spiritus
3298 532 3536 580 sanctus.
3581 529 3627 580 In

2059 612 2218 678 psaL,
2254 607 2318 665 In
2342 614 2454 666 oleo
2480 623 2657 666 sancto
2687 630 2794 667 meo
2816 610 3192 682 linivieum(Ps
3242 630 3501 678 Lxxsvm,
3521 617 3627 688 21).

2057 702 2110 756 lu
2144 703 2302 758 aliam
2337 715 2540 773 partem
2568 723 2580 757 :
2616 705 2796 758 Oleum
2827 717 2997 760 autem
3019 711 3298 773 peccatoris
3325 725 3428 761 non
3453 711 3627 780 impia.

2053 804 2171 863 gurt
2198 805 2348 867 caput
2375 812 2546 849 meum
2580 797 2696 866 (Ps.
2727 813 2850 860 cu,
2885 799 2962 863 5),
2993 797 3043 850 id
3082 806 3189 860 est,
3222 799 3481 853 adulatio.
3514 801 3609 854 I’or

2054 887 2196 948 cina,
2223 898 2456 954 peccata.
2485 891 2537 941 In
2563 890 2779 958 psaltn.,
2804 890 3086 942 Satin-atus
3101 905 3218 942 smn
3245 891 3483 957 porcina.
3506 897 3607 964 λη

2055 994 2220 1043 mum,
2255 979 2542 1034 sinceritas
2569 981 2769 1045 cordis,
2822 981 2939 1034 sine
2991 979 3256 1034 fermento
3297 982 3534 1036 malitim.
3583 985 3628 1036 lu

2054 1074 2312 1138 Apostolo
2333 1092 2345 1124 :
2369 1070 2434 1125 In
2469 1075 2664 1143 azymis
2703 1073 3007 1127 sinceritatis
3038 1083 3085 1125 et
3115 1075 3340 1126 veritatis
3371 1074 3414 1144 (Ι
3442 1073 3559 1128 Cor.
3583 1091 3629 1141 ν,

2053 1163 2131 1233 8).
2160 1164 2359 1228 Ovum,
2393 1179 2517 1234 spes
2551 1174 2697 1219 certa
2738 1165 2994 1219 ﬁdelium.
3027 1165 3157 1219 ltcm
3201 1166 3250 1217 in
3291 1167 3485 1219 malam
3514 1184 3628 1237 par-

2053 1261 2158 1306 tem
2194 1271 2206 1305 :
2245 1255 2347 1320 Qui
2397 1255 2669 1308 comederit
2719 1254 2783 1307 de
2819 1256 2925 1308 ovis
2965 1271 3140 1308 eorum
3193 1257 3438 1308 morietur
3483 1256 3628 1328 (lsai.

2053 1361 2167 1408 Litt,
2187 1345 2266 1413 5),
2289 1344 2632 1414 deimprobis
2661 1354 2713 1400 et
2738 1346 2881 1400 male
2906 1345 3099 1400 doctis.
3126 1345 3405 1417 Similago,
3438 1350 3631 1415 paritas

2053 1437 2266 1500 tuentis,
2297 1446 2350 1491 et
2373 1436 2628 1492 fortitudo
2655 1438 2950 1491 Charilaus.
2983 1435 3036 1490 lu
3071 1437 3310 1491 chitico
3336 1455 3350 1490 :
3379 1438 3442 1492 Si
3470 1450 3633 1493 autrm

2051 1528 2226 1579 animo
2252 1525 2400 1592 oﬂ'e‘rt
2439 1543 2628 1580 munus
2662 1527 2975 1596 sacri/icium
3010 1526 3136 1590 Deo,
3168 1529 3402 1597 similago
3440 1530 3506 1583 sit
3533 1549 3632 1583 mu-

2053 1633 2147 1668 nus
2198 1619 2310 1686 ejus
2369 1615 2529 1687 (Lev.
2581 1632 2648 1676 Il.
2701 1615 2790 1686 1).
2842 1616 3267 1672 Subcinericium
3324 1617 3634 1672 humilitatis

2053 1709 2273 1763 oblatio.
2312 1710 2368 1763 In
2399 1709 2599 1765 Genesi
2631 1726 2643 1761 :
2681 1705 3008 1762 Festinanter
3044 1725 3320 1779 consperge
3361 1720 3464 1762 tres
3498 1728 3630 1765 men-

363 1800 416 1851 in
445 1797 734 1854 hominibus
764 1801 895 1864 istis,
917 1803 1040 1873 quia
1067 1819 1185 1855 caro
1214 1813 1334 1857 sunt
1364 1801 1518 1868 (Gen.
1553 1818 1627 1867 vt,
1659 1801 1736 1866 5).
1762 1804 2022 1870 Genua,“
2053 1819 2201 1856 suras
2229 1803 2557 1873 similaginis,
2587 1812 2633 1855 et
2679 1801 2760 1868 fac
2791 1800 3155 1855 subcinericios
3178 1798 3340 1866 (Gen.
3375 1817 3524 1858 nm.
3559 1802 3631 1872 6).
3720 1878 3726 1883 ι

362 1890 630 1945 confessio
664 1891 998 1948 humilitatis.
1035 1895 1090 1949 lu
1122 1894 1358 1964 Ephes.,
1392 1893 1456 1947 Et
1497 1911 1632 1948 nunc
1667 1896 1819 1964 ﬂecto
1861 1913 1947 1967 ge-

360 2000 464 2037 nua
510 1986 680 2040 cordis
717 1989 814 2042 mei
846 1987 1020 2060 (Eph.
1067 2005 1142 2052 Ill,
1177 1991 1291 2057 ll),
1324 1989 1464 2044 etin
1489 1991 1735 2058 psalmo:
1767 1989 1946 2045 Genua

373 2093 471 2130 nea
489 2077 752 2147 inﬁrmata
779 2089 898 2133 sunt
928 2099 958 2133 a
975 2082 1179 2154 jejunio
1207 2081 1324 2152 (Ps.
1357 2098 1508 2145 cvm,
1538 2081 1654 2152 21).
1687 2082 1917 2152 Aliquan

359 2171 429 2224 tlo
469 2169 640 2225 virtus
679 2172 842 2227 ﬁdei:
886 2173 939 2227 in
984 2173 1248 2242 propheta
1294 2193 1306 2226 :
1353 2173 1554 2243 Reliqui
1594 2173 1721 2226 mihi
1753 2186 1946 2246 septem

362 2265 527 2316 millia
558 2265 818 2328 riromm,
862 2267 952 2335 qui
989 2280 1092 2320 non
1131 2277 1466 2322 curvaverant
1491 2285 1657 2340 genua
1676 2278 1794 2323 ante
1820 2267 1948 2321 Baal

367 2345 454 2416 (lll
486 2344 610 2416 Reg.
645 2363 760 2413 sis,
795 2350 904 2418 18).
939 2352 1130 2418 Pedes,
1151 2368 1346 2408 cursus
1372 2355 1522 2417 vitae,
1547 2352 1633 2407 vel
1667 2353 1936 2408 stabilitas

365 2438 584 2502 mentis,
624 2439 709 2492 vel
745 2440 893 2494 tidei.
922 2440 983 2494 lu
1051 2443 1257 2511 psalmo
1295 2460 1312 2497 :
1363 2443 1575 2498 Stantes
1600 2454 1752 2497 erant
1778 2446 1927 2514 pedes

359 2530 527 2582 nostri
546 2527 658 2599 (Ps.
681 2543 828 2594 οχχι,
848 2533 942 2602 2).
969 2532 1037 2586 Ει
1063 2538 1115 2587 in
1141 2535 1331 2589 malam
1356 2545 1599 2606 partem;
1625 2538 1677 2592 in
1704 2537 1936 2608 prophe-

363 2628 414 2672 ta
450 2635 464 2671 :
489 2618 596 2673 Cur
617 2619 934 2676 claudicatis
957 2634 1177 2679 utroaue
1201 2627 1328 2696 pede
1352 2628 1443 2699 (Ill
1477 2627 1602 2699 Reg.
1629 2645 1784 2690 xvm,
1815 2629 1930 2697 21).

362 2717 446 2782 ΕΙ,
487 2714 700 2774 Veloces
726 2720 882 2792 pedes
917 2738 1090 2776 eorum
1125 2723 1193 2776 ad
1225 2723 1594 2788 e/I'undendum
1643 2727 1945 2798 sanguinem

360 2809 478 2870 (Ps.
510 2827 630 2879 xm,
662 2812 742 2884 5).
769 2812 1130 2880 Caleaneum,
1165 2817 1534 2884 supplantatio
1580 2819 1855 2872 vitiorum.
1891 2819 1943 2874 In

357 2904 557 2962 Genesi
595 2924 608 2959 :
644 2905 762 2978 Ipse
807 2917 950 2961 tuum
981 2907 1260 2964 observabit
1295 2919 1488 2976 caput,
1521 2921 1565 2962 et
1587 2920 1640 2964 tu
1670 2911 1812 2966 illius
1839 2914 1946 2966 cal-

359 3015 572 3054 raneum
609 2997 763 3069 (Gen.
790 2999 1026 3071 tu,,l5).
1059 3000 1211 3064 Item,
1239 3003 1498 3056 terminus
1527 3005 1779 3070 actionis,
1809 3017 1865 3058 ut
1891 3006 1945 3060 in

362 3091 570 3145 nsalmo
603 3105 619 3144 :
653 3087 767 3153 Ipsi
812 3090 1111 3144 calcaneum
1147 3108 1316 3146 meum
1357 3094 1825 3166 obsert-abunt(Ps.
1860 3113 1946 3155 ιν.

2053 1893 2119 1946 Et
2147 1893 2200 1946 in
2233 1893 2424 1947 malam
2459 1899 2666 1961 partem
2705 1907 2717 1943 :
2756 1889 2945 1944 Fac-tus
2977 1899 3048 1943 est
3080 1887 3329 1960 Ephraim
3357 1891 3634 1942 subcineri-

2043 1988 2152 2044 cius
2181 1987 2334 2057 (Osee
2401 2002 2470 2040 vn
2500 2027 2513 2046 .
2544 1980 2624 2054 8).
2659 1983 2785 2047 Lac,
2833 1983 3031 2038 mentis
3058 1982 3359 2035 sinceritas.
3417 1981 3470 2034 In
3519 1982 3634 2049 Epi-

2050 2079 2185 2130 stola
2226 2077 2366 2130 Petri
2412 2095 2424 2130 :
2482 2075 2804 2130 Ratiouabile
2875 2076 2983 2128 sine
3019 2073 3135 2126 dolo
3174 2075 3251 2126 lac
3296 2075 3637 2137 concupiscite

2051 2171 2089 2236 (I
2131 2171 2274 2223 Petr.
2301 2185 2359 2230 lt,
2392 2168 2473 2234 2).
2510 2169 2639 2222 Item
2672 2172 2722 2220 in
2753 2167 2912 2221 aliam
2966 2177 3197 2235 partem,
3227 2164 3295 2219 de
3338 2165 3564 2218 rudibus
3589 2167 3635 2218 iu

2054 2262 2290 2316 Ecclesia
2327 2278 2338 2312 :
2376 2259 2479 2314 Lac
2506 2261 2643 2314 vobis
2675 2269 2852 2327 potum
2882 2259 3021 2321 dedi,
3049 2273 3152 2310 non
3180 2272 3383 2322 escam;
3411 2257 3634 2309 nondum

2048 2355 2182 2407 enim
2211 2354 2454 2424 poteratis
2487 2353 2526 2422 (1
2558 2350 2680 2405 Cor.
2727 2365 2805 2415 ut,
2837 2350 2921 2418 2).
2955 2350 3050 2403 llic
3092 2348 3482 2417 lac,exiguitas
3523 2363 3637 2402 seu-

2049 2463 2162 2500 sus.
2216 2445 2323 2500 Lac
2368 2445 2732 2513 coagulatum,
2776 2444 2921 2496 vitiis
2967 2448 3301 2496 concretum.
3360 2439 3417 2492 ln
3450 2439 3629 2508 psal..

2050 2538 2390 2612 Coagnlatum
2432 2547 2508 2592 est
2543 2538 2674 2591 sicut
2703 2535 2787 2589 lac
2815 2552 2904 2589 cor
2933 2552 3108 2588 eorum
3151 2533 3268 2604 (Ps.
3302 2549 3495 2596 cxvut,
3525 2533 3635 2602 70).

2051 2631 2161 2693 Sal,
2193 2630 2594 2686 condimentum
2629 2629 2930 2696 sapientius.
2984 2626 3040 2680 lu
3086 2627 3330 2696 Evang.:
3363 2624 3473 2680 Vos
3524 2625 3634 2678 estis

2047 2725 2128 2778 sal
2151 2733 2298 2776 terra:
2320 2721 2530 2787 (Matth.
2555 2739 2606 2783 v,
2635 2719 2746 2792 15).
2764 2730 2814 2775 et
2833 2721 3009 2774 habete
3029 2718 3106 2773 sal
3135 2721 3185 2772 in
3213 2719 3348 2772 vobis
3367 2717 3542 2788 (Mar.
3567 2733 3633 2774 ts.

2048 2814 2164 2885 49).
2197 2814 2319 2877 Mel,
2343 2813 2572 2868 dulcedo
2605 2821 2994 2882 praeceptorum
3027 2812 3139 2864 Dei.
3168 2810 3225 2863 in
3257 2809 3391 2880 psal.
3419 2826 3433 2862 :
3473 2809 3635 2875 Quam

2049 2909 2221 2962 dulcia
2255 2907 2485 2978 faucibus
2516 2907 2639 2959 meis
2663 2905 2862 2972 eloquia
2886 2915 2996 2968 tua,
3025 2901 3260 2971 Domine,
3287 2918 3444 2973 super
3466 2903 3570 2956 mel
3593 2910 3636 2954 et

2051 3005 2220 3068 {tivum
2249 3001 2326 3052 ori
2353 3015 2462 3052 meo
2492 2996 2817 3066 (Ps.C\'vm,
2839 2997 2980 3066 103).
3025 2995 3155 3051 item
3189 2996 3366 3058 aliter,
3398 2997 3452 3048 in
3489 2995 3639 3051 Salo-

2055 3108 2213 3148 mone
2248 3109 2260 3145 :
2310 3072 2581 3145 Invenietis
2629 3089 2747 3149 mel.
2798 3089 3054 3141 manduca
3093 3088 3230 3156 quod
3268 3089 3393 3141 satis
3428 3099 3532 3151 est,
3583 3103 3641 3139 ns

361 3180 452 3249 7).
483 3179 720 3236 Gressus
743 3221 757 3242 .
790 3181 1066 3244 proiectus
1121 3197 1365 3248 operum.
1420 3185 1474 3237 lu
1525 3187 1660 3252 psal.
1698 3205 1710 3239 :
1747 3185 1947 3256 Perfice
1974 3165 2018 3228 C
2053 3189 2182 3255 forte
2208 3185 2421 3236 satiatus
2450 3197 2649 3236 cvomas
2695 3179 2873 3253 (Prov.
2908 3194 3031 3241 xxv,
3061 3179 3174 3247 16),
3209 3179 3259 3233 id
3302 3187 3404 3243 est,
3451 3178 3643 3232 altiora

367 3287 567 3339 gressus
597 3287 731 3325 meos
761 3272 812 3325 in
841 3272 1030 3325 semitis
1056 3273 1158 3328 tuis
1187 3272 1306 3339 (Ps.
1339 3290 1446 3337 xvr,
1471 3275 1549 3344 5),
1581 3275 1842 3348 Vestigia,
1877 3278 1948 3333 si-

365 3377 466 3429 gna
495 3361 781 3417 virtutum.
816 3361 870 3416 In
898 3363 1148 3432 psalmo:
1182 3364 1250 3420 Ut
1273 3382 1374 3418 non
1397 3379 1698 3422 moveantur
1739 3371 1948 3440 vestigia

363 3467 495 3507 mea.
532 3453 596 3508 Et
624 3454 678 3508 in
708 3456 938 3510 alteram
969 3465 1196 3523 partem,
1225 3457 1279 3511 in
1305 3457 1597 3514 Salomone
1625 3479 1638 3516 :
1670 3459 1737 3515 Et
1766 3471 1944 3516 trans-

381 3553 436 3599 et
472 3544 577 3600 vita
611 3543 951 3617 (impiorum)
981 3555 1252 3617 tamquam
1297 3550 1576 3618 vestigium
1605 3553 1797 3606 maris.
1823 3553 1946 3609 Sto-

364 3641 441 3706 la,
491 3637 868 3695 indumentum
911 3640 1163 3711 baptismi
1203 3643 1282 3696 vel
1317 3644 1462 3698 lidci.
1499 3645 1552 3698 In
1596 3646 1894 3716 Evangelia
1931 3665 1945 3700 :

362 3731 473 3786 Cito
503 3735 726 3802 proferte
745 3735 931 3788 stolam
961 3735 1181 3805 primam
1214 3734 1365 3807 (Luc.
1402 3754 1488 3800 xv,
1523 3737 1638 3806 22).
1668 3739 1942 3804 Cilicium,

365 3824 700 3891 poenitentia:
743 3826 1133 3882 testimonium.
1178 3827 1233 3880 In
1279 3828 1476 3897 Evang.
1531 3828 1666 3882 Olim
1701 3832 1752 3884 in
1783 3832 1949 3885 cinere

360 3927 408 3970 et
435 3917 603 3971 cilicio
633 3919 980 3984 pceniteutiam
1007 3920 1222 3988 egissent
1253 3920 1432 3993 (Matt.
1483 3939 1557 3988 st,
1600 3923 1715 3992 21).
1751 3925 1942 3992 Cingu-

364 4012 492 4077 lum,
525 4010 784 4078 spiritalis
810 4010 989 4079 operis
1020 4011 1313 4068 accinctus.
1349 4014 1402 4066 In
1437 4014 1682 4081 psalmo:
1719 4015 1785 4068 Et
1817 4032 1946 4084 pra:-

361 4103 568 4157 cina'isti
599 4118 678 4157 me
707 4103 885 4156 ltetitia
917 4101 1034 4173 (Ps.
1069 4119 1216 4166 nix,
1248 4104 1358 4172 12).
1380 4104 1546 4169 Zona,
1580 4107 1759 4160 cordis
1788 4123 1940 4160 mun-

359 4195 512 4249 ditia.
547 4194 836 4262 Apostolus
873 4210 888 4249 :
935 4193 1207 4248 Prtecincti
1242 4196 1378 4249 circa
1419 4198 1616 4250 lumbos
1660 4200 1801 4252 zonis
1850 4217 1944 4252 au-

359 4285 460 4340 reis
489 4286 675 4355 (Apoc.
709 4300 798 4346 xv.
834 4285 910 4355 6).
951 4283 1356 4351 Calciamenta,
1403 4287 1726 4357 prteparatio
1776 4289 1940 4356 pacis.

361 4382 415 4433 In
447 4377 707 4445 Apostolo
735 4395 750 4434 :
783 4377 1000 4434 Calciati
1032 4379 1182 4449 pedes
1213 4380 1267 4432 in
1306 4381 1731 4446 prteparatioaem
1774 4381 1946 4435 Eran-

358 4473 479 4541 gelii
506 4471 670 4543 pacis.
718 4473 879 4526 Arma
922 4473 1197 4527 interioris
1246 4472 1499 4534 hominis,
1535 4474 1585 4525 in
1643 4475 1940 4542 Apostolo:

2050 3286 2098 3329 te
2127 3291 2189 3330 ne
2214 3275 2478 3346 quasiet-is
2519 3271 2706 3340 (Eccli.
2731 3287 2810 3336 ut,
2833 3268 2948 3340 22).
3004 3269 3121 3335 Fel,
3151 3269 3460 3323 amaritudo
3492 3269 3643 3324 mali-

2051 3371 2158 3425 tite.
2193 3369 2246 3423 In
2281 3369 2526 3438 psalmo:
2561 3366 2821 3419 Dederunt
2867 3365 2919 3418 in
2967 3381 3132 3416 escam
3187 3379 3350 3416 meam
3393 3365 3468 3432 fel
3523 3361 3639 3432 (Ps.

2051 3475 2230 3524 ut‘ttt,
2259 3460 2376 3529 22).

2122 3552 2370 3618 Acetum,
2403 3551 2663 3620 aSperitas
2709 3558 2974 3616 eorruptm
3005 3545 3222 3602 mentis.
3275 3544 3331 3598 In
3382 3545 3641 3613 psalmo:

2053 3643 2117 3697 Et
2144 3646 2195 3698 in
2224 3644 2308 3696 siti
2337 3658 2448 3695 mea
2496 3649 2793 3705 potat'erunt
2838 3656 2918 3693 me
2955 3645 3098 3691 aceto
3145 3635 3268 3706 (Ps.
3305 3650 3495 3700 t.xvm,
3527 3633 3639 3704 22).

2049 3736 2179 3790 Item
2221 3745 2457 3792 acetum,
2500 3734 2769 3799 correptio
2814 3731 3121 3788 doctorum,
3158 3729 3297 3781 unde
3327 3727 3594 3782 Salomon
3627 3742 3644 3777 :

2051 3828 2259 3880 Acetum
2313 3827 2364 3877 in
2412 3825 2546 3877 nitro
2586 3823 2671 3893 qui
2717 3833 2888 3877 cantat
2938 3823 3167 3874 carmina
3216 3821 3368 3873 corde
3418 3821 3645 3888 pessimo

2003 3911 2023 3926 ⁸
2054 3916 2233 3988 (Prov.
2266 3933 2398 3980 xxv,
2423 3917 2517 3979 20)
2573 3915 2688 3979 Pis,
2724 3916 3182 3984 inquinamentum
3208 3914 3526 3978 et'nigrcdo
3555 3912 3645 3965 de-

2051 4009 2318 4062 lictorum.
2351 4009 2403 4062 lu
2434 4008 2722 4062 Salomone
2748 4026 2757 4058 :
2797 4006 2898 4071 Qui
2927 4005 3089 4075 tangit
3120 4005 3303 4072 picem,
3338 4003 3644 4071 inquinabi-

2050 4113 2132 4155 tur
2162 4103 2224 4155 ab
2260 4120 2318 4156 ea
2349 4102 2672 4170 (licclnxm,
2711 4101 2783 4171 1).
2830 4100 3038 4161 Sicera,
3079 4097 3348 4152 confectio
3391 4097 3642 4164 qumdnm

2051 4196 2266 4248 malitite
2294 4206 2340 4248 et
2377 4196 2650 4263 m-quitim.
2681 4192 2732 4246 1ιι
2773 4191 3061 4260 Evangelio
3088 4208 3101 4244 :
3136 4189 3318 4242 Vinum
3347 4197 3394 4242 et
3421 4191 3647 4242 siceram

2049 4305 2146 4341 non
2179 4287 2309 4341 bibet
2332 4285 2484 4358 (Luc.
2518 4301 2555 4348 ι,
2589 4286 2695 4353 I5).
2721 4285 2894 4349 Calix,
2928 4283 3136 4338 Domini
3169 4279 3366 4349 passio.
3396 4281 3457 4334 lo
3505 4281 3648 4348 psal-

2051 4399 2139 4434 mo
2167 4401 2178 4434 :
2213 4381 2433 4435 Calicem
2463 4379 2706 4433 salutaris
2733 4378 2980 4445 accipiam
3004 4375 3124 4444 (Ps.
3152 4390 3273 4436 cxv,
3296 4373 3404 4438 15).
3439 4374 3508 4427 Et
3533 4375 3648 4442 ipse

2050 4472 2307 4528 Dominus
2328 4491 2338 4524 :
2361 4472 2536 4537 Pater,
2553 4474 2773 4538 transfer
2798 4470 3004 4522 calicem
3032 4469 3164 4519 hunc
3181 4483 3210 4516 a
3239 4482 3315 4517 me
3337 4463 3508 4535 (Mar.
3537 4482 3643 4522 xw.

360 4536 541 4617 induti
589 4563 803 4618 loricam
859 4566 1112 4636 justitite,
1153 4575 1200 4619 et
1229 4573 1428 4619 scutum
1465 4565 1611 4633 ﬁdei,
1655 4536 1704 4620 el
1741 4567 1940 4636 galeam
1977 4536 2156 4638 D"56).
2205 4565 2270 4620 Et
2302 4566 2352 4617 in
2385 4536 2579 4617 malam
2631 4536 2830 4628 partem
2872 4577 2884 4612 :
2927 4558 3076 4613 Catia:
3118 4574 3304 4611 aureus
3355 4555 3646 4626 Babylonis

355 4654 576 4721 salutis,
623 4665 672 4710 et
715 4655 950 4726 gladium
998 4659 1242 4728 spiritus,
1287 4659 1422 4728 quod
1464 4669 1536 4712 est
1574 4657 1800 4713 Verbum
1847 4660 1941 4716 Dei

355 4747 518 4817 (Epit.
546 4764 618 4814 τι,
651 4745 760 4817 15).

955 4819 1183 4875 CAPUT
1217 4819 1348 4875 Vlll.

503 4907 584 4964 De
611 4909 691 4964 Itis
720 4926 832 4980 qua'
868 4910 918 4963 in
949 4927 1047 4964 usu
1073 4920 1225 4983 atque
1253 4913 1303 4965 in
1335 4911 1504 4965 medio
1530 4913 1802 4968 habentur.

427 5027 609 5092 Panis,
657 5025 928 5092 Christus,
976 5027 1064 5082 vel
1107 5041 1290 5082 sermo
1334 5027 1450 5082 Dei.
1505 5027 1561 5082 ln
1597 5027 1936 5099 Evangelio:

358 5121 469 5190 Ego
489 5138 604 5175 sum
636 5123 783 5190 panis
814 5124 950 5177 vivus
982 5119 1160 5195 (Joan.
1194 5137 1266 5188 vr,
1297 5121 1390 5192 li)
1419 5138 1432 5182 :
1465 5131 1516 5177 et
1548 5121 1678 5176 alilii
1712 5139 1726 5174 ε
1762 5122 1942 5177 Mitta-

351 5227 465 5267 mus
489 5214 686 5286 lignum
714 5215 765 5266 in
794 5230 976 5284 panem
1003 5218 1113 5285 ejus
1136 5211 1272 5286 (Jer.
1307 5231 1380 5281 st,
1418 5213 1508 5282 19)
1541 5231 1556 5268 :
1591 5214 1641 5268 id
1672 5224 1779 5280 est,
1817 5230 1938 5269 cru-

353 5321 471 5360 cem
497 5305 551 5360 in
577 5321 776 5374 corpus
801 5305 940 5376 ejus,
967 5314 1019 5359 et
1053 5306 1204 5373 panis
1243 5305 1701 5370 queinatlmodum
1733 5304 1935 5360 doctri-

357 5410 500 5457 nam.
525 5398 596 5450 ita
619 5406 674 5452 et
699 5399 896 5451 malam
924 5397 1212 5464 signiﬁcat,
1246 5407 1304 5449 ut
1337 5395 1406 5448 ibi
1443 5415 1453 5447 :
1484 5395 1644 5449 Panis
1665 5396 1931 5450 abscondi

354 5496 435 5538 tus
460 5487 664 5542 suavior
693 5487 874 5559 (Prov.
907 5504 984 5553 ts,
1019 5487 1131 5560 17).
1163 5487 1356 5542 Vinum
1406 5489 1547 5542 idem
1579 5489 1718 5556 quod
1749 5503 1938 5556 supra,

355 5582 406 5632 in
437 5580 645 5635 Salom.
680 5598 692 5634 :
727 5581 790 5635 Et
816 5581 968 5636 bibite
991 5581 1161 5636 vinum
1191 5581 1330 5645 quod
1359 5583 1541 5635 miscui
1571 5581 1708 5635 vobis
1750 5579 1932 5649 (Prov.

251 5673 254 5678 ’
350 5687 426 5729 ιτ.
460 5673 537 5741 5).
572 5670 766 5724 Vinum
797 5671 962 5727 etiam
994 5674 1336 5727 securitatem
1367 5673 1702 5727 reetitudiuis
1733 5672 1936 5742 signiﬁ-

355 5773 457 5825 νιιε.
495 5772 587 5814 ηῑτ
620 5760 908 5822 Infundas
939 5763 1103 5816 oleum
1136 5774 1182 5816 et
1211 5767 1382 5818 vinum
1434 5764 1583 5835 (Luc.
1619 5780 1672 5832 ι,
1705 5765 1829 5831 Si);
1879 5775 1938 5816 ut

2048 4654 2260 4724 (larem.
2295 4670 2368 4718 LI,
2401 4653 2480 4723 '7).
2517 4654 2743 4714 Merum,
2781 4652 3062 4705 sinceritas
3089 4647 3271 4715 iudicii
3306 4658 3393 4700 aut
3443 4647 3644 4700 verita-

2046 4748 2136 4804 tis.
2170 4747 2251 4800 vel
2283 4746 2433 4799 calor
2485 4744 2629 4797 ﬁdei.
2684 4744 2739 4796 ln
2784 4742 2991 4811 psalmo
3035 4758 3047 4792 :
3110 4739 3229 4791 Vini
3275 4740 3399 4790 mrri
3457 4738 3648 4803 plenus

2047 4841 2202 4891 mixto
2235 4837 2353 4909 (Ps.
2385 4852 2566 4900 Lutv,
2593 4837 2672 4905 9).
2709 4835 2838 4900 Fex,
2874 4835 3117 4887 ultimum
3144 4831 3354 4900 judieii.
3390 4831 3448 4883 In
3495 4834 3646 4901 psal-

2047 4948 2160 4985 mo:
2192 4927 2544 4983 Verumtamen
2576 4930 2662 4999 [επ
2689 4931 2798 4999 ejus
2825 4944 2926 4981 non
2955 4937 3028 4979 est
3052 4926 3338 4979 exinanita.
3370 4924 3538 4989 item,
3570 4924 3646 4978 illi

2044 5028 2130 5092 qui
2172 5037 2360 5077 secure
2408 5024 2458 5074 in
2501 5022 2737 5090 peccatis
2781 5021 3094 5086 quiescunt;
3147 5017 3289 5070 unde
3326 5017 3642 5084 propheta:

2047 5115 2302 5180 Ilequievit
2333 5113 2383 5165 in
2416 5111 2610 5181 facibus
2652 5111 2756 5164 suis
2789 5108 3004 5178 (Jerem.
3049 5123 3236 5169 xum,
3287 5107 3402 5173 11).
3446 5106 3646 5164 Cibus.

2041 5221 2220 5260 sermo
2245 5204 2325 5260 vel
2357 5206 2602 5257 voluntas
2629 5202 2862 5257 Domini.
2896 5203 2949 5254 In
2977 5201 3264 5269 Evangelio
3286 5216 3298 5251 :
3321 5197 3476 5251 Meus
3499 5198 3644 5251 cibus

2038 5309 2111 5350 est
2165 5307 2221 5349 ut
2261 5296 2446 5364 faciam
2494 5294 2802 5348 t'oluntatem
2854 5293 2964 5362 ejus
3008 5291 3096 5357 qui
3138 5305 3220 5342 me
3269 5288 3404 5340 misit
3459 5285 3644 5340 Patris

2045 5390 2224 5463 (Joun.
2257 5406 2330 5446 tv.
2362 5391 2476 5458 51).
2507 5389 2695 5453 Potus,
2729 5387 2874 5440 idem
2900 5385 3039 5455 quod
3071 5397 3253 5452 supra.
3285 5382 3340 5436 In
3371 5381 3597 5449 psalmo
3627 5399 3641 5430 .-

2045 5485 2106 5538 Et
2146 5492 2363 5537 torrente
2392 5473 2664 5552 uoluptatis
2698 5490 2801 5532 tute
2847 5477 3044 5549 potabis
3072 5491 3156 5528 eos
3204 5473 3320 5547 (Ps.
3355 5487 3529 5531 xxxv,
3561 5475 3643 5540 9),

2040 5577 2090 5631 id
2125 5586 2203 5630 est
2229 5575 2428 5645 Spiritu
2459 5581 2667 5628 sancto.
2695 5571 2758 5626 Et
2784 5569 3072 5624 Psalmista
3095 5584 3110 5619 :
3136 5565 3192 5619 ln
3213 5563 3642 5633 compungendo

2040 5682 2213 5739 potum
2241 5684 2406 5720 meum
2437 5683 2554 5718 cum
2580 5667 2705 5735 [ictu
2736 5660 3080 5729 temperabant
3108 5657 3222 5728 (Ps.
3251 5670 3322 5720 Ct,
3352 5653 3466 5722 10).
3507 5656 3640 5708 Item

2043 5764 2093 5816 iu
2128 5763 2286 5817 aliam
2335 5769 2538 5831 partem
2571 5776 2582 5808 τ
2622 5753 2739 5810 Non
2773 5765 2845 5809 cst
2887 5771 3097 5824 reg-tum
3133 5751 3226 5805 Dei
3260 5765 3370 5805 esca
3395 5758 3450 5801 et
3481 5759 3642 5818 potus
3723 5812 3726 5838 ἑ
