3932 6170
283 305 374 361 781

1039 293 1241 348 LIBER
1287 290 1758 348 FOIi.\lUl.\liU'z!
1804 289 2181 346 SI'IRITAHS
2225 292 2795 353 INTELLIGENTIAS.

3444 309 3545 366 762

284 422 455 487 (Rom.
490 432 595 483 xtv,
632 412 740 485 17).
773 412 1168 479 Promptuaria,
1203 409 1385 463 cordis
1409 406 1765 475 receptaculis.
1801 406 1855 456 In
1888 413 1935 464 Α
1964 406 2137 459 nullus
2165 412 2289 461 ordo
2318 406 2456 479 (Job.
2505 428 2556 477 x,
2593 412 2707 483 9.2).
2760 414 2826 467 Et
2866 416 2988 484 quia
3021 418 3207 474 umbra
3250 436 3354 477 non
3390 424 3547 494 longe

278 512 487 564 cantico
513 504 910 563 Deuteronomii
942 521 954 555 :
984 503 1039 556 lu
1063 501 1444 572 promptuariis
1468 513 1652 552 eorum
1682 498 1857 550 timor.

278 604 434 664 Pera,
466 601 639 655 victus
667 595 991 657 sollicitudo,
1022 608 1075 647 et
1119 593 1504 660 impedimenta
1550 589 1750 644 surculi.
1804 589 1858 640 In

278 690 611 762 Evangelio‘:
647 689 765 743 Non
790 706 965 755 peram
992 689 1043 740 in
1066 689 1146 740 via
1179 684 1353 755 (Matt.
1378 678 1572 751 1.10).
1604 680 1881 740 Saeculns,

277 785 656 840 thesaurizttio
686 783 735 834 in
768 782 897 834 Deo.
931 777 986 831 In
1014 778 1303 846 Evangelio
1335 792 1347 827 :
1378 772 1563 826 Facite
1591 774 1727 826 vobis
1747 789 1860 825 sac-

275 878 417 931 culos
448 877 535 946 qui
564 892 663 928 non
707 882 1018 927 veteruscunt
1048 872 1201 944 (Luc.
1233 886 1328 933 xu,
1357 866 1471 939 '55).
1520 868 1588 922 Et
1620 867 1670 919 in
1700 869 1855 919 aliam

275 978 482 1037 partem
518 986 530 1020 :
566 967 844 1023 Saeculum
875 981 1195 1017 communem
1225 964 1576 1034 possideamus
1605 960 1787 1025 (Prov.
1818 974 1854 1021 I,

274 1064 392 1129 14),
426 1061 477 1116 id
507 1070 610 1127 est,
663 1059 962 1112 avaritiam.
1020 1057 1273 1119 Pecunia,
1331 1055 1490 1108 verba
1541 1054 1740 1107 divina.
1804 1053 1858 1104 In

275 1157 569 1225 Evangelia
598 1172 612 1209 :
649 1152 891 1224 Oportuit
935 1169 1057 1224 ergo
1083 1162 1130 1204 te
1173 1151 1370 1204 mittere
1400 1148 1666 1215 pecuniam
1692 1160 1857 1198 meam

272 1248 582 1302 numulariis
613 1247 925 1318 (Matt.xxv,
962 1247 1078 1315 2°).
1128 1245 1192 1297 Et
1219 1242 1498 1311 sapientia,
1532 1240 1675 1293 unde
1704 1237 1858 1290 Salo-

272 1356 398 1393 mon
430 1356 445 1394 :
479 1339 748 1408 Sapientia
776 1339 975 1390 occulta
1005 1347 1049 1390 et
1081 1336 1352 1389 thesaurus
1382 1332 1600 1391 invisus,
1626 1345 1737 1397 quo:
1760 1329 1858 1381 uti-

272 1434 389 1485 litas
418 1433 471 1485 in
500 1432 728 1500 utrisque
769 1428 1063 1500 (Eccli.xx,
1101 1427 1213 1498 32).
1247 1426 1456 1489 Vellus,
1501 1424 1746 1491 pupulas.
1802 1422 1854 1474 In

270 1525 480 1591 psalmo
508 1541 520 1575 :
556 1522 621 1576 Et
651 1523 911 1576 descendit
955 1531 1211 1588 tamquam
1256 1520 1426 1586 pluvia
1457 1519 1509 1570 in
1548 1517 1707 1569 uellus
1738 1514 1853 1583 (Ps.

269 1629 414 1675 uxr,
447 1612 528 1682 6).
570 1613 783 1675 Linum,
814 1611 1072 1679 spiritalis
1103 1610 1381 1677 fortitudo,
1412 1609 1498 1662 vel
1520 1608 1744 1666 candor,
1771 1606 1856 1659 vel

266 1708 538 1761 subtilitas
566 1705 986 1774 scripturarum.
1013 1705 1067 1758 In
1089 1703 1280 1757 Exodo
1310 1721 1322 1756 :
1354 1702 1518 1755 Porro
1539 1701 1661 1765 [iliis
1685 1699 1855 1751 Aaron

1966 505 2049 549 est
2077 497 2144 551 ab
2172 514 2233 552 ea
2267 515 2325 553 re
2355 502 2506 570 cujus
2537 515 2617 557 e-t
2650 504 2857 571 umbra,
2893 507 2966 559 ita
3000 520 3053 562 ct
3081 526 3226 565 mors
3257 530 3360 567 non
3393 516 3548 586 longe

1965 598 2047 642 est
2075 605 2103 642 a
2136 606 2289 659 pmna
2313 608 2433 661 qua:
2464 595 2626 650 infert
2651 588 2898 652 mortem.
2932 599 3130 656 Umbra
3158 607 3442 676 aliquando
3467 622 3547 664 t'st

1964 684 2252 741 delectatio
2282 702 2657 756 peccatorum;
2687 692 2737 745 in
2767 692 2869 746 Job
2891 694 2957 748 de
2985 696 3199 750 diabolo
3234 716 3247 750 :
3279 701 3389 755 Suo
3429 722 3536 755 utn-

1963 773 2054 827 bra
2080 777 2267 831 dormit
2296 780 2348 831 in
2371 789 2562 834 secreto
2588 781 2776 835 calami
2807 784 2857 837 in
2912 787 3035 839 locis
3066 789 3391 846 humentibus
3422 793 3544 863 (Job

1963 883 2051 927 ιι..
2088 870 2195 935 16).
2226 873 2289 925 Iit
2320 887 2503 928 rursus
2525 878 2733 945 species
2754 877 2948 947 aliqum
2973 881 3150 948 specie
3176 900 3275 936 una
3302 900 3387 939 res
3410 888 3544 942 mul-

1964 966 2043 1011 tas
2071 960 2393 1028 signiﬁcant.

2038 1052 2149 1105 Duo
2179 1061 2520 1121 testamenta,
2548 1072 2613 1111 eo
2644 1058 2786 1126 quod
2820 1059 2904 1114 hic
2951 1062 3058 1115 duo
3089 1063 3162 1116 illi
3194 1063 3399 1134 lapides
3429 1085 3544 1123 mo-

1964 1144 2102 1196 lares
2130 1145 2692 1217 possinttsignilicare,
2724 1154 3157 1206 memoravimus.
3187 1157 3252 1209 Et
3284 1157 3407 1210 itent
3437 1160 3543 1213 duo

1960 1238 2301 1298 testamenta,
2320 1237 2427 1290 duo
2454 1239 2751 1306 Cherubin,
2777 1244 2827 1295 iu
2855 1244 3039 1298 Exodo
3059 1244 3255 1316 (Exod.
3286 1264 3405 1307 xxv,
3431 1248 3541 1319 In);

1960 1325 2067 1380 duo
2113 1329 2389 1393 animalia,
2444 1332 2494 1384 in
2554 1332 2834 1400 Ilahacuc;
2880 1336 3001 1389 dum
3033 1348 3220 1404 petra',
3267 1340 3319 1392 in
3363 1341 3543 1394 Exodo

1962 1418 2158 1489 (Exod.
2202 1438 2325 1483 xvn,
2360 1424 2415 1493 6)
2452 1435 2506 1477 et
2554 1427 2602 1478 in
2633 1428 2868 1482 Canticis
2896 1432 3226 1483 canticmnm
3280 1431 3453 1494 (Cant.

1961 1509 2076 1579 M),
2105 1526 2328 1580 quarum
2362 1514 2685 1581 velamento,
2731 1535 2920 1585 sponsa
2958 1531 3003 1573 et
3040 1522 3243 1590 Moyses
3274 1534 3544 1593 protegit-:-

1961 1611 2076 1667 tur;
2099 1603 2203 1657 duo
2232 1616 2423 1659 montes
2448 1610 2594 1673 a’nei,
2623 1610 2673 1661 in
2699 1610 2979 1678 Zacharia,
3010 1614 3075 1666 de
3098 1631 3314 1683 quorum
3344 1618 3543 1685 [γυιειὶκ

1962 1698 2217 1765 myrtinis,
2253 1711 2308 1752 ct
2337 1699 2564 1754 obscura
2597 1704 2862 1769 opacitate
2891 1706 3240 1774 egrediuntur
3269 1710 3540 1776 quadrigzn

266 1798 469 1850 tunicas
499 1797 659 1850 lineas
690 1797 899 1867 parabis
925 1795 1120 1865 (Exod.
1153 1808 1335 1849 xxvnt.
1360 1792 1474 1862 40).
1502 1791 1632 1844 Item
1662 1791 1712 1842 in
1744 1804 1856 1841 ma-
1888 1775 1927 1832 Β
1958 1804 2081 1842 cum
2112 1792 2263 1860 equis
2292 1791 2439 1858 ruli-,
2477 1793 2663 1861 nigris,
2697 1795 2834 1848 albis
2865 1807 2916 1849 et
2948 1797 3106 1850 variis
3153 1775 3335 1867 (Zach.
3363 1814 3436 1862 vt,
3470 1775 3538 1867 I).

264 1890 370 1943 lam
404 1898 611 1955 partem
641 1902 655 1939 :
693 1886 814 1940 Non
837 1887 1014 1939 indues
1046 1895 1226 1937 vestem
1256 1899 1317 1935 ea:
1342 1882 1464 1934 lana
1506 1882 1711 1947 linoque
1736 1894 1857 1931 con-

265 1987 461 2033 textam
492 1978 666 2050 (Deut.
702 1993 833 2044 xxtt,
876 1977 984 2048 11).
1026 1976 1200 2038 Utres,
1234 1989 1357 2027 va-a
1409 1974 1623 2026 humani
1657 1987 1854 2038 Corpo-

262 2072 357 2124 τίς.
396 2070 450 2123 Itt
485 2070 775 2138 Evangelia
808 2086 821 2122 :
864 2068 1051 2121 Vinum
1081 2083 1267 2119 novum
1300 2067 1349 2117 in
1380 2077 1518 2119 utres
1546 2079 1699 2117 novos
1726 2064 1857 2117 mitti

258 2163 410 2215 debet
442 2161 591 2232 (Luc.
619 2177 672 2225 v,
695 2162 808 2231 38).
844 2159 1059 2225 Farina,
1086 2173 1223 2226 opus
1250 2157 1469 2219 bonum,
1498 2156 1576 2209 vel
1605 2154 1851 2209 scientia.

268 2256 321 2312 In
375 2253 670 2320 Evangelio
718 2269 732 2306 :
782 2252 1063 2305 Abscondit
1092 2247 1275 2301 mulier
1306 2249 1358 2300 in
1402 2248 1589 2315 farina:
1617 2256 1730 2298 sata
1754 2245 1855 2297 tria

267 2344 423 2412 (Luc.
455 2359 574 2409 xm,
605 2343 715 2414 2|).
753 2344 879 2397 Item
913 2343 965 2396 in
997 2341 1191 2394 malam
1222 2350 1425 2407 partem
1459 2354 1475 2393 :
1508 2350 1676 2391 vanas
1704 2335 1853 2403 cogi-

261 2436 523 2502 tationes,
558 2444 617 2488 ut
653 2436 911 2503 propheta
948 2451 961 2486 :
994 2432 1143 2486 Tolle
1172 2433 1356 2485 molam
1387 2441 1433 2487 et
1471 2430 1606 2482 mole
1634 2428 1853 2495 farinam

262 2525 402 2594 (lsa.
433 2541 596 2590 vatt,
628 2524 704 2595 2).
734 2525 891 2584 Mula,
917 2527 1042 2577 vita:
1067 2533 1424 2578 conversatio.
1454 2521 1851 2585 In-Evangelio:

263 2613 403 2670 Duce
422 2616 666 2670 molentes
694 2617 745 2668 in
774 2616 915 2669 mola
966 2615 1177 2677 (Matth.
1216 2630 1373 2679 xxiv,
1405 2614 1517 2680 41).
1554 2615 1782 2665 Possunt
1803 2619 1853 2661 et

260 2706 376 2761 duo
417 2715 741 2761 testamenta
786 2705 994 2775 lapides
1033 2706 1186 2759 molat
1231 2704 1553 2773 signiﬁcare,
1590 2718 1684 2771 per
1721 2716 1856 2770 quos

264 2798 457 2852 labore
494 2796 872 2851 disserentium
923 2797 1157 2851 triticum
1186 2795 1386 2850 veteris
1427 2796 1767 2848 Instrumenta
1803 2794 1853 2845 in

263 2890 497 2944 farinam
532 2888 807 2957 Evangelii
834 2898 1195 2943 convertatur.

334 2982 469 3037 Haec
514 2983 677 3052 igitur
716 2981 928 3036 nomina
977 2997 1096 3037 cum
1148 2982 1199 3034 in
1241 2988 1387 3035 textu
1418 2994 1582 3035 sacrae
1610 2981 1854 3034 lectionis

262 3084 582 3138 occurrunt,
632 3075 705 3130 ita
744 3078 829 3128 vi-I
861 3077 1094 3129 maxime
1122 3085 1180 3128 ιιι
1207 3074 1581 3141 exprimuntur
1616 3074 1853 3144 apertio—

1961 1880 2066 1933 Sed
2100 1880 2195 1933 hos
2245 1892 2348 1934 tam
2402 1882 2743 1939 multimodas
2786 1886 3203 1954 significationes
3236 1890 3287 1941 in
3318 1890 3541 1957 singulis

1959 1970 2215 2037 prosequi
2264 1971 2587 2035 nominibus,
2631 1990 2736 2027 non
2795 1978 2965 2029 solum
3015 1977 3215 2031 laboris
3266 1978 3538 2044 immensi,

1960 2075 2143 2114 verum
2176 2066 2337 2117 etiam
2371 2066 2700 2134 impossibile
2730 2068 2971 2122 arbitrati
3003 2087 3205 2126 sumus.
3236 2071 3388 2126 Nunc
3412 2089 3542 2142 ergo

1959 2150 2025 2203 ad
2046 2169 2167 2205 eum
2192 2155 2650 2225 interpretationis
2675 2158 2890 2214 modum
2914 2170 3074 2227 atque
3099 2163 3365 2223 ordinem.
3382 2182 3538 2234 quem

1961 2243 2233 2311 paululum
2265 2263 2364 2314 pro
2410 2249 2732 2305 necessizate
2773 2252 3079 2322 disputandi
3126 2254 3538 2325 interrupitnus,

1958 2346 2313 2392 revertamur.

2029 2428 2278 2497 Cophiui,
2311 2434 2563 2498 ﬂpttsItIII.
2611 2434 2667 2488 In
2698 2435 2953 2506 Evangel.
2988 2456 3001 2490 :
3037 2438 3100 2490 Et
3141 2439 3371 2494 tulerunt
3419 2444 3540 2495 reli-

1958 2517 2102 2583 quias
2134 2519 2399 2572 duodecim
2429 2523 2674 2590 cophinos
2717 2528 3123 2595 fragmentorum
3169 2528 3539 2599 plenos(Matt.

1959 2621 2067 2674 xlv,
2101 2608 2214 2679 20).
2247 2608 2376 2664 Item
2424 2611 2475 2665 in
2506 2614 2665 2667 aliam
2714 2628 2916 2683 partem
2964 2636 2976 2670 :
3024 2618 3211 2673 Manus
3239 2622 3350 2691 ejus
3374 2628 3425 2674 in
3456 2640 3540 2676 co-

1958 2697 2119 2765 phino
2148 2702 2423 2755 servierunt
2471 2701 2587 2772 (Ps.
2618 2719 2777 2770 Lxxx,
2812 2705 2887 2775 7),
2936 2709 2985 2761 id
3028 2720 3131 2776 est,
3180 2711 3230 2763 in
3261 2713 3541 2777 servitute.

1960 2790 2043 2843 vel
2075 2789 2442 2857 tribulatione,
2476 2808 2632 2862 quam
2666 2795 2904 2865 Algyptii
2940 2800 3253 2853 intulerunt.

2030 2883 2319 2949 Cathedra,
2347 2884 2609 2939 doctrina.
2643 2885 2699 2941 In
2733 2888 2937 2953 pSJIlllO
2966 2885 3066 2944 :Et
3095 2892 3148 2943 in
3194 2891 3440 2945 cathedra
3465 2910 3544 2947 sev

1958 2975 2161 3027 niorum
2188 2969 2542 3029 laudent‘eum
2574 2976 2693 3044 (Ps.
2718 2992 2824 3044 εισι,
2855 2978 2971 3047 52).
3002 2980 3131 3035 Item
3158 2982 3210 3035 in
3237 2982 3394 3036 aliam
3426 2999 3544 3052 par-

1960 3075 2067 3120 tem
2103 3083 2116 3121 :
2149 3067 2217 3120 Et
2244 3070 2294 3121 in
2336 3071 2581 3122 cathedra
2608 3072 2910 3140 pestilentiw
2950 3088 3054 3124 non
3083 3073 3212 3126 sedit
3245 3072 3361 3143 (Ps.
3397 3091 3435 3137 ι,
3464 3075 3541 3145 1),

263 3167 419 3221 ribus
446 3166 755 3233 accipienda
786 3167 1097 3230 traduntur,
1131 3168 1253 3220 licet
1277 3167 1328 3219 in
1349 3167 1589 3220 diversas
1620 3166 1848 3232 plerum-
1881 3145 1923 3205 (ἶ
1959 3162 2134 3225 idest,
2166 3163 2217 3215 in
2242 3163 2483 3217 doctrina
2510 3163 2907 3218 haereticorum.
2935 3164 3264 3231 Scabellum,
3298 3167 3544 3223 humilia-

262 3270 374 3325 que
402 3256 822 3326 significationes
854 3272 953 3327 pro
977 3272 1206 3326 person
1238 3258 1319 3309 vel
1353 3267 1595 3325 tempore
1626 3255 1704 3309 vel
1736 3255 1855 3309 Ioco

264 3358 487 3415 exeant,
518 3360 680 3416 atque
709 3351 762 3402 in
796 3348 990 3418 figuras
1040 3349 1173 3403 locis
1217 3364 1480 3418 Cungrtlns
1524 3365 1619 3415 pro
1650 3348 1856 3402 ratione

264 3442 575 3511 allegorica:
608 3440 1069 3509 interpretationis
1098 3450 1405 3508 erumpant.
1455 3440 1583 3494 Nam
1612 3450 1667 3493 et
1694 3442 1853 3508 abys-

265 3545 365 3585 stts
415 3531 759 3600 intelligitur,
816 3534 956 3586 sicut
1006 3546 1168 3600 supra
1218 3531 1470 3591 diximus,
1521 3530 1855 3597 profunditas

267 3624 700 3692 Scripturarutn,
725 3632 781 3677 et
812 3623 938 3677 item
965 3622 1369 3693 abyssusmqute
1392 3621 1720 3674 immensitas
1744 3638 1757 3673 :
1789 3620 1856 3675 Et

263 3716 409 3777 rupti
439 3724 557 3768 sunt
606 3714 772 3783 fontes
814 3714 985 3783 abyssi
1026 3729 1225 3783 magua’
1255 3710 1406 3783 (Cen.
1439 3726 1528 3777 ιιι,
1565 3711 1675 3780 ll).
1724 3712 1852 3764 Item

264 3804 528 3872 abyssus,
575 3804 864 3858 ineffabilia
889 3803 1088 3871 judicia
1123 3802 1236 3857 Dei.
1272 3803 1327 3856 lu
1363 3803 1566 3869 psnlmo
1599 3818 1614 3856 :
1645 3802 1855 3855 Judicia

265 3906 360 3949 tua
402 3897 614 3966 abyssus
646 3897 806 3949 multa
852 3894 970 3967 (Ps.
1004 3912 1165 3960 xxxv,
1199 3897 1274 3963 7).
1308 3895 1437 3948 Item
1477 3895 1725 3963 abyssos,
1774 3894 1857 3949 in-

266 3986 495 4042 fernus:
529 3986 631 4039 Aut
657 3988 769 4052 quis
799 3987 1056 4041 descendit
1096 3987 1150 4039 in
1179 3986 1418 4055 abyssum
1457 3985 1633 4053 (Rom.
1676 4002 1728 4051 ιι,
1761 3985 1855 4053 7)?

267 4077 319 4133 id
376 4088 481 4142 est,
523 4076 784 4131 Christum
821 4080 882 4132 de
910 4077 1123 4131 mortuis
1150 4087 1366 4131 revocat.
1426 4078 1552 4129 Itcnt
1602 4077 1851 4147 abyssns,

265 4170 433 4225 corda
468 4169 742 4222 hominum
776 4169 1100 4223 facinoribus
1154 4170 1436 4223 tenebrosa
1470 4187 1480 4220 :
1514 4171 1737 4238 Abyssus
1768 4170 1851 4221 di-

262 4262 342 4314 xit
359 4275 379 4313 :
397 4258 520 4313 Non
539 4270 608 4313 est
632 4276 825 4312 mecum
856 4258 978 4328 (Job
1003 4275 1192 4324 xxvttt,
1222 4259 1331 4329 l4),
1366 4260 1414 4313 id
1440 4270 1541 4320 est.
1567 4260 1849 4329 sapientia.

266 4352 433 4421 Ignis,
458 4352 595 4407 sicut
623 4354 869 4421 superius
899 4352 1343 4415 memoravimus,
1388 4352 1650 4417 accipitur
1689 4352 1856 4419 Spiri-

267 4452 362 4499 tus
390 4454 631 4508 sanatus,
663 4451 719 4496 ut
749 4443 942 4498 Paulus
974 4460 988 4497 :
1022 4442 1158 4496 Deus
1189 4455 1361 4496 noster
1390 4444 1519 4513 ignis
1558 4460 1851 4496 consumens

1958 3264 2131 3307 torum
2163 3254 2450 3321 stthjectio.
2507 3256 2561 3309 In
2607 3256 2813 3323 psalmo
2841 3273 2853 3307 :
2889 3255 3064 3309 Donec
3094 3274 3281 3325 ponam
3309 3258 3542 3313 inimicos

1955 3355 2068 3399 tuos
2099 3346 2377 3399 scabellum
2402 3348 2587 3417 pedum
2617 3357 2818 3400 tuorum
2847 3346 2967 3417 (Ps.
3000 3363 3107 3414 cu,
3145 3346 3217 3417 1).
3258 3348 3411 3412 Item,
3446 3349 3544 3404 ltu-

1956 3438 2186 3490 manitas
2215 3436 2439 3500 Christi,
2472 3447 2528 3491 nt
2556 3437 2608 3489 in
2635 3440 2874 3504 psalmo:
2908 3437 3134 3491 Adorate
3160 3439 3435 3492 scabellum
3459 3457 3543 3507 pe-

1959 3530 2083 3584 dum
2105 3533 2214 3599 ejus
2241 3527 2360 3599 (Ps.
2395 3546 2572 3584 xcvttl.
2605 3529 2681 3598 5).
2735 3530 2967 3593 Slatera,
3016 3532 3265 3597 aequitas,
3293 3531 3374 3584 vel
3403 3532 3537 3584 divi-

1957 3634 2037 3670 nte
2068 3618 2472 3685 gubernationis
2521 3619 2778 3685 putentia.
2831 3620 2885 3670 In
2933 3619 3068 3672 ls-tia
3100 3636 3115 3673 :
3149 3618 3215 3671 Et
3256 3621 3457 3672 libravit
3490 3625 3543 3674 in

1957 3711 2179 3776 pondere
2198 3720 2412 3770 montes,
2444 3720 2489 3761 et
2513 3710 2665 3762 colles
2687 3710 2740 3761 in
2773 3719 2957 3761 statera
2986 3709 3119 3778 (lsa.
3154 3726 3241 3775 XL,
3282 3713 3394 3781 12).

2028 3800 2197 3863 Linis,
2233 3802 2480 3853 humana:
2511 3802 2815 3870 fragilitalis
2848 3800 3102 3875 inanitas.
3132 3801 3186 3853 In
3211 3802 3537 3858 Salomone:

1960 3892 2097 3960 Quid
2122 3893 2376 3959 superbis,
2410 3902 2549 3945 terra
2579 3903 2625 3945 et
2673 3895 2799 3945 cinis
2831 3891 3000 3962 (Eccl.
3030 3910 3079 3954 x,
3112 3895 3202 3964 9)?
3243 3896 3383 3961 (Illa,
3419 3915 3542 3965 pro-

1956 3986 2123 4053 sapia.
2154 3984 2209 4037 ln
2243 3986 2447 4049 psalmo
2475 4000 2488 4035 :
2525 3983 2679 4038 Moab
2710 3986 2812 4037 olla
2839 3986 2946 4053 spei
2977 4000 3099 4039 metu
3128 3985 3244 4055 (Ps.
3280 3976 3535 4056 ιιι.’10).

1956 4076 2007 4131 id
2051 4088 2153 4142 eat,
2185 4076 2327 4146 quod
2367 4070 2433 4130 de
2477 4076 2619 4129 Ruth
2662 4076 2948 4131 Moabitide
2996 4077 3194 4133 Christi
3242 4083 3536 4136 secundum

1955 4185 2174 4223 carnem
2209 4167 2452 4236 prosapia
2477 4168 2835 4223 descenderit.
2873 4169 2999 4224 Item
3032 4171 3083 4223 in
3115 4171 3272 4224 aliam
3305 4182 3536 4240 partem,

1956 4262 2471 4330 oIIa,trihuIationis
2501 4263 2772 4329 cxcoctio;
2810 4262 2865 4317 in
2897 4266 3155 4333 propheta
3191 4283 3203 4318 :
3237 4265 3301 4318 Et
3333 4267 3435 4319 ridi
3464 4270 3539 4321 ol-

1957 4356 2060 4409 lam
2083 4372 2373 4409 succensam
2401 4372 2432 4408 a
2472 4355 2605 4423 facie
2633 4354 2884 4423 aquilonis
2913 4352 3127 4422 (lenm.
3158 4370 3195 4418 ι,
3228 4357 3336 4423 15).
3385 4358 3541 4410 Lam-

1960 4448 2144 4511 pades,
2185 4447 2379 4500 animm
2412 4446 2621 4513 justitia
2664 4445 2951 4513 fulgentes.
3002 4445 3056 4498 Itt
3106 4446 3436 4515 Evangelio:
3477 4450 3539 4502 Et

266 4547 344 4590 est
376 4534 535 4607 (lleb.
568 4552 663 4601 xtt,
702 4534 817 4603 2%)).
846 4535 910 4589 Et
939 4535 1156 4599 iterum,
1193 4536 1328 4604 ignis
1357 4510 1589 4588 cliaritas
1620 4536 1850 4588 circum-
1885 4510 1931 4568 Ι)
1958 4549 2265 4609 paraverunt
2294 4510 2558 4607 lampades
2585 4510 2895 4607 suas(Ma't.
2927 4552 3051 4599 xxv,
3085 4538 3159 4607 7).
3196 4510 3348 4605 Ite'm,
3381 4540 3539 4594 ('IdlI-

267 4635 424 4696 septa
450 4627 592 4696 ejus,
647 4627 1005 4694 circumsepta
1055 4626 1195 4695 ignis
1225 4626 1456 4679 ﬂamma:
1504 4627 1644 4693 ejus.
1688 4624 1848 4693 Ignis,

269 4718 577 4774 tribulatio.
628 4720 682 4772 In
716 4718 977 4771 Psalterio
1011 4735 1023 4770 :
1062 4715 1189 4787 Igne
1234 4735 1326 4771 nos
1355 4718 1683 4781 examinasti,
1722 4718 1852 4769 sicut

212 4797 229 4819 '
273 4802 397 4871 igne
417 4803 755 4857 examinatur
772 4813 1044 4872 argentum
1067 4806 1179 4873 (ἱέ.
1205 4819 1323 4866 t.xv,
1356 4808 1459 4872 ιθ).
1490 4806 1622 4859 Item
1646 4815 1863 4871 :,lrans-

1956 4639 2039 4682 tas
2069 4629 2471 4693 miraculorum,
2499 4629 2579 4682 vel
2603 4629 2763 4681 verha
2792 4630 3362 4697 prmtlicatorutn,qtia:
3386 4631 3535 4684 stulti

1955 4729 2328 4784 contemnunt,
2362 4730 2420 4773 ut
2457 4719 2561 4773 Job
2601 4737 2613 4769 :
2656 4718 2873 4788 Lampus
2912 4726 3204 4787 contempta
3234 4720 3373 4789 apud
3401 4720 3539 4790 cogi-

1957 4811 2175 4864 lationes
2234 4809 2375 4863 stulti
2423 4808 2540 4881 (Job
2573 4825 2672 4874 xu,
2700 4810 2780 4876 5).
2833 4808 3119 4878 Tenebrar,
3152 4810 3539 4865 delectationes

275 4897 468 4949 inimus
498 4912 593 4965 per
642 4898 813 4965 ignem
844 4903 892 4949 et
924 4912 1118 4965 aquam
1150 4896 1254 4967 (Id.
1292 4898 1404 4967 1'2).
1431 4900 1595 4969 Ignis,
1628 4900 1705 4952 ira
1738 4915 1751 4951 :
1797 4900 1865 4954 Et
1960 4906 2043 4958 ιιι-Ι
2072 4904 2330 4959 doctrina:
2361 4920 2558 4972 prava‘,
2615 4912 2670 4955 ut
2716 4903 2765 4956 in
2798 4904 3003 4972 psalmo
3031 4920 3044 4957 ε
3082 4901 3147 4956 In
3189 4903 3403 4957 tenebris
3429 4920 3540 4957 arn-

274 5006 599 5046 consutnam
622 5005 717 5045 eos
740 4990 793 5043 in
819 4990 944 5059 igne
983 4992 1076 5044 ira:
1113 4988 1265 5056 tuere,
1288 4996 1364 5046 ait
1382 4994 1663 5048 Dominus.
1690 4994 1803 5065 Igttt
1819 5016 1861 5060 ς,

278 5085 569 5154 voluptas:
589 5082 793 5138 Omnes
812 5084 1196 5139 adulterautur
1242 5086 1390 5141 sicut
1409 5088 1664 5143 clibanus
1691 5092 1857 5145 corda

278 5185 494 5231 eurum.
516 5176 647 5231 Item
664 5179 826 5245 ignis,
847 5178 1050 5233 mentis
1071 5178 1275 5232 malitia
1300 5193 1317 5244 ;
1342 5188 1400 5232 ut
1421 5194 1438 5235 ;
1459 5177 1602 5233 Tunc
1622 5182 1756 5249 ignis
1781 5182 1870 5242 ad,

278 5270 539 5321 ocrsarios
554 5271 812 5322 consumit
831 5269 1021 5338 (Hebr.
1042 5270 1213 5339 x,27).
1235 5270 1367 5326 Item
1386 5269 1863 5327 virtus’charitatis

281 5372 344 5416 ut
376 5380 392 5416 :
427 5361 625 5415 Curras
643 5362 735 5414 Dei
768 5363 990 5432 [lamina
1014 5363 1174 5432 ignis,
1208 5374 1335 5417 rota:
1359 5364 1473 5431 ejus
1507 5366 1643 5433 ignis
1664 5381 1862 5417 accen-

279 5456 554 5524 sns(Dan.
592 5472 691 5522 vtt,
721 5456 802 5525 9).
828 5454 1055 5520 Umbra,
1089 5468 1146 5510 ut
1169 5456 1863 5527 indicavitnus,signilic.t-

284 5560 374 5603 tur
389 5552 655 5620 protectio
670 5550 877 5604 divina.
895 5550 1027 5604 Item
1049 5550 1238 5604 umbra
1252 5550 1569 5619 aliquando,
1595 5563 1815 5620 peccata
1843 5570 1856 5606 :

282 5641 528 5697 Sedentes
551 5645 605 5696 in
636 5642 858 5696 tenebris
882 5651 931 5695 et
961 5642 1013 5694 in
1038 5643 1218 5696 umbra
1242 5646 1421 5700 mortis
1452 5642 1570 5713 (Ps.
1604 5661 1712 5706 ενι,
1746 5646 1853 5713 10).

289 5733 487 5791 υιιιιη
526 5737 817 5806 aliquando
868 5754 1044 5807 pinna,
1078 5740 1128 5793 in
1169 5738 1268 5792 Job
1305 5754 1318 5792 ;
1356 5737 1550 5793 Umbra
1580 5742 1759 5793 mortis
1796 5751 1842 5793 ct

1965 4997 2139 5049 bulant
2169 4995 2287 5064 (Ps.
2310 5011 2498 5060 Lxxxt,
2524 4994 2604 5065 ὅ).
2634 4993 2784 5057 Item,
2816 4993 3237 5061 occultajudicia
3266 4993 3385 5059 Dei,
3404 5002 3460 5046 ut
3486 4994 3538 5050 in

1964 5087 2099 5157 psal.
2127 5105 2140 5139 :
2177 5087 2358 5140 Posuit
2383 5086 2609 5139 tenebras
2638 5084 2906 5137 latibulum
2929 5100 3077 5137 suum
3107 5082 3225 5153 (Ps.
3258 5100 3387 5143 xvtt,
3428 5086 3535 5149 Η).

1963 5176 2121 5244 Item,
2154 5177 2441 5245 castigatio
2471 5174 2557 5229 Vel
2595 5174 2917 5239 adversitas,
2966 5184 3022 5227 ut
3051 5173 3213 5227 ls..ias
3247 5190 3261 5226 :
3296 5172 3405 5242 Ego
3437 5173 3539 5227 Do-

1964 5269 2132 5323 minus
2163 5273 2388 5338 formans
2418 5270 2605 5332 lucem,
2629 5278 2677 5321 et
2699 5283 2877 5321 creans
2897 5266 3127 5319 tenebras
3149 5266 3287 5335 (lsa.
3315 5284 3434 5331 xu,
3464 5268 3537 5335 7).

1962 5359 2231 5425 Lucerna,
2258 5360 2517 5425 Ecclesia,
2569 5362 2648 5413 vel
2705 5360 2901 5412 anima.
2954 5358 3008 5410 In
3060 5356 3539 5427 Evangelio:Siut

1962 5451 2119 5505 lumbi
2148 5451 2298 5505 vestri
2319 5451 2535 5503 accincti
2562 5461 2609 5505 et
2635 5450 2857 5505 lucerna
2880 5448 3115 5503 ardentes
3138 5447 3288 5515 (Luc.
3315 5464 3403 5513 xu,
3430 5452 3537 5520 55).

1964 5541 2265 5613 Aliqumies
2282 5541 2537 5607 lucerncc,
2554 5556 2712 5611 opera
2737 5542 2872 5594 bona
2898 5556 2913 5595 :
2936 5541 3024 5597 Sic
3045 5540 3212 5595 luceat
3237 5538 3404 5595 lumen
3434 5558 3539 5595 ves-

1964 5643 2119 5700 trum,
2148 5643 2201 5686 ut
2228 5632 2428 5686 uideant
2448 5649 2603 5701 opera
2624 5644 2785 5686 vestra
2814 5634 2945 5685 bona
2975 5632 3189 5705 (Matth.
3215 5650 3266 5699 v,
3295 5632 3403 5702 16).
3430 5634 3538 5687 Mo-

1966 5724 2106 5791 dius,
2138 5739 2329 5794 c0rpus
2356 5724 2665 5790 humanum,
2693 5722 2773 5777 vel
2795 5722 2923 5792 legis
2968 5724 3170 5793 littera,
3203 5728 3279 5780 vel
3310 5728 3539 5795 populus
