3932 6170
175 240 278 297 765

919 240 1118 295 LIBER
1160 239 1636 298 FOIUIUIARUM
1679 243 2060 298 SPIILITAIJS
2101 244 2674 302 INTELI.ICENTI£.

3337 260 3440 314 766

173 335 227 386 in
255 331 458 386 civitate
481 328 632 398 (Luc.
661 329 947 400 ntv,49).
976 331 1184 397 Jacere,
1214 342 1301 383 aut
1335 332 1501 395 νίιίἰί,
1524 343 1614 384 aut
1640 342 1756 385 ten-
1785 337 1832 396 Α
1860 345 2004 387 sanat
2031 353 2202 390 omnes
2233 337 2502 408 languores
2531 349 2645 392 tuos
2664 339 2780 412 (Ps.
2801 357 2892 406 cn,
2918 341 2992 410 5).
3021 343 3084 398 Et
3115 347 3166 400 In
3199 346 3438 419 Evange-

175 425 470 480 taliouibus
489 422 860 478 succumbere.
885 425 937 478 In
957 422 1236 491 Evangel.:
1261 422 1320 474 Et
1346 425 1529 475 invenit
1547 440 1654 475 eam
1669 427 1755 495 ja-

172 527 365 571 centem
391 517 446 569 in
481 516 609 570 lecto
646 514 839 586 (Marc.
861 529 955 578 vn,
983 515 1095 584 '50).
1129 515 1384 594 Currere,
1419 516 1468 567 iu
1499 515 1753 583 operibus

168 605 330 663 bonis
373 621 683 676 properare.
716 607 772 662 In
811 607 1089 675 Apostolo.
1116 605 1206 661 Sic
1223 607 1410 660 currite
1437 614 1492 658 at
1523 620 1754 675 compre-

168 701 410 758 hendatis
442 700 487 772 (ι
516 699 636 754 Cor.
671 715 746 765 ιι,
769 697 885 768 21).

243 791 503 861 Vigilare,
536 791 834 845 custodiam
860 790 1041 845 cordis
1061 790 1337 856 adhibere,
1373 792 1451 842 vel
1499 792 1550 842 iu
1586 791 1749 844 Deum

165 898 477 953 resurgere.
525 882 580 936 In
630 882 838 950 psalmo
865 899 880 935 :
907 883 952 934 A
991 882 1162 952 vigilia
1202 883 1450 934 matutina
1489 899 1641 950 usque
1684 887 1753 935 ad

165 989 369 1030 noctem
397 974 516 1046 (Ps.
541 991 725 1040 cutx,
753 974 830 1046 ti).
857 975 924 1030 Et.
955 976 1237 1040 Apostolus
1267 991 1280 1026 :
1315 972 1753 1044 Evigilatejusti,

164 1081 212 1122 et
235 1070 395 1122 nolite
417 1083 625 1137 peccare
650 1065 694 1138 (I
715 1065 832 1120 Cor.
867 1082 954 1132 xv,
979 1066 1091 1136 34).
1123 1065 1255 1120 Item
1284 1065 1410 1118 alibi
1448 1083 1460 1117 :
1506 1065 1748 1135 Vigilate,

165 1178 187 1212 s
215 1172 298 1212 ate
327 1160 379 1211 in
408 1159 530 1227 ﬁde,
563 1158 778 1211 uiriliter
805 1158 939 1226 agite
969 1156 1012 1228 (Ι
1040 1155 1154 1210 Cor.
1189 1171 1296 1224 xvt,
1331 1155 1437 1225 15).
1482 1154 1748 1221 Dormire,

163 1259 290 1319 post
319 1251 600 1304 transitum
635 1250 773 1318 apud
824 1249 986 1302 Deum
1019 1251 1378 1318 requiescere.
1409 1248 1467 1302 In
1499 1248 1745 1317 psalmo:

165 1339 442 1408 Numquid
465 1342 554 1412 qui
579 1341 790 1404 dormit,
814 1355 913 1394 non
939 1341 1149 1412 adjiciet
1179 1348 1231 1392 ut
1255 1348 1486 1410 resurgat
1516 1338 1611 1409 (Ps
1661 1355 1744 1405 η,

162 1433 259 1503 9)?
305 1433 377 1487 Et
413 1434 589 1496 aliter,
639 1431 896 1495 dormire,
939 1439 1277 1500 peccatorum
1326 1444 1521 1498 soliore
1571 1439 1746 1499 torpe-

162 1540 337 1580 scere.
375 1523 431 1578 In
461 1523 723 1592 Apostolo
751 1538 767 1576 :
799 1521 1089 1593 Surge,qui
1118 1520 1308 1573 dormis
1346 1520 1511 1591 (Eph.
1545 1536 1595 1584 v,
1635 1519 1744 1591 M).

164 1619 502 1671 Erubescere
543 1616 594 1668 in
641 1615 781 1667 malo
815 1615 1096 1682 optimum,
1129 1613 1181 1667 in
1226 1613 1365 1667 bono
1412 1613 1742 1680 pessimum;

1860 427 1930 480 lio
1961 469 1972 480 .
2000 426 2413 500 lpselanguores
2434 441 2632 484 nostros
2663 433 2778 484 tulit
2815 431 2964 503 (lsai.
2998 451 3105 500 ult,
3133 439 3206 506 4).
3243 439 3434 506 Lepra,

1857 529 2196 587 peccatorum
2221 521 2626 576 contaminatio.
2655 524 2708 575 In
2735 524 3060 594 Evangelio:
3087 528 3149 581 Et
3171 531 3434 600 confestim

1854 613 2096 665 mundata
2122 623 2196 666 est
2222 614 2364 684 lepra
2395 616 2505 685 ejus
2539 613 2749 685 (Matth.
2776 631 2886 677 vttt.
2913 615 2991 688 5).

2482 747 2708 805 CAI'UT
2748 752 2814 805 Χ.

2155 862 2230 918 De
2255 863 2612 929 Hierusalem,
2642 864 2718 918 vel
2747 865 2974 920 aduersis
3013 871 3145 939 ejus.

1927 975 2278 1040 Ilierusalem,
2297 977 2531 1030 Ecclesia
2555 977 2637 1031 vel
2661 983 2852 1031 anima.
2880 979 2935 1033 In
2961 981 3197 1048 psalmo:
3221 981 3424 1047 Lauda,

1855 1065 2188 1120 Hierusalem
2219 1065 2335 1138 (Ps.
2389 1082 2586 1132 cmn,
2621 1067 2733 1136 i2).
2793 1069 2860 1122 Et
2908 1071 3239 1139 notandum,
3288 1074 3428 1142 quod

1849 1172 2199 1226 quascumque
2226 1161 2278 1210 in
2313 1158 2549 1211 Ecclesia
2581 1157 2904 1228 generaliter
2932 1159 3282 1229 conveniunt,
3313 1161 3430 1217 haec

1851 1249 1916 1302 ad
1941 1248 2173 1302 animum
2206 1248 2397 1302 referri
2429 1259 2672 1318 possunt.
2710 1248 2862 1315 Sion,
2889 1249 3029 1304 idem
3059 1250 3200 1319 quod
3244 1265 3426 1321 supra.

1852 1339 1906 1391 In
1941 1340 2145 1408 psalmo
2179 1356 2191 1392 :
2226 1338 2408 1392 Lauda
2456 1339 2623 1392 Deum
2652 1350 2797 1393 tuum
2821 1382 2836 1406 ,
2889 1341 3019 1396 SiOn
3062 1340 3280 1410 (Ibid.).
3313 1343 3430 1397 Filii

1849 1431 2000 1497 Sion,
2034 1431 2126 1484 lilii
2150 1429 2424 1484 Ecclesim.
2459 1431 2514 1484 In
2549 1432 2753 1500 psalmo
2784 1448 2798 1487 :
2831 1431 2895 1484 Et
2918 1433 3017 1502 filii
3047 1435 3175 1488 Sion
3197 1436 3427 1489 exsulta-

1848 1537 2024 1580 verunt
2051 1543 2205 1595 super
2230 1543 2395 1597 regem
2426 1542 2574 1579 suum
2605 1525 2722 1594 (Ps.
2754 1528 3033 1596 cxr.tx,2).
3068 1527 3215 1583 Filia:
3241 1529 3432 1584 Hieru-

1849 1619 2042 1679 salem.
2071 1619 2213 1672 idem
2260 1626 2316 1670 ut
2361 1633 2518 1686 supra
2552 1602 2567 1671 Ξ
2602 1616 2653 1670 id
2679 1626 2789 1679 est,
2823 1618 3014 1670 anima:
3061 1619 3266 1672 caelesti
3309 1622 3431 1674 vitae

164 1709 312 1761 unde
333 1707 529 1760 dicitur
559 1724 571 1757 :
598 1704 688 1758 Est
717 1705 952 1773 confusio
973 1704 1231 1756 adducens
1255 1713 1537 1772 peccatum,
1561 1713 1606 1757 et
1629 1720 1751 1758 con-

1873 1710 2069 1765 leditaa.
2104 1709 2401 1778 Alias,ﬁ|i:e
2445 1719 2567 1762 sunt
2599 1709 2821 1763 inferna:
2871 1712 3089 1774 animae,
3122 1723 3176 1765 ut
3210 1713 3259 1766 in
3296 1712 3432 1768 libro

162 1802 302 1870 fusio
331 1799 593 1852 adducens
625 1799 842 1868 gloriam
873 1795 1045 1866 (Eccl.
1075 1813 1148 1862 IV,
1177 1798 1286 1866 25).

233 1898 529 1957 Ascensus,
563 1890 832 1958 profectus
862 1891 916 1943 in
950 1890 1114 1943 Deum
1145 1907 1156 1941 :
1193 1890 1246 1942 In
1281 1889 1524 1958 psalmo:
1557 1891 1748 1943 Ascen-

161 2002 246 2037 sus
278 1985 332 2036 in
360 1984 514 2036 corde
542 1983 650 2050 eius
673 1980 1030 2052 (Ps.t.uxm,
1058 1979 1136 2051 6).
1169 1981 1489 2045 Descensus,
1513 1981 1752 2036 delectus

162 2093 184 2127 ι
218 2076 351 2129 Deo.
376 2077 432 2130 In
459 2076 658 2145 Evang.
679 2093 690 2128 :
710 2074 879 2128 Homo
901 2074 1110 2143 quidam
1127 2073 1456 2127 descendi-bat
1480 2074 1542 2127 ab
1562 2074 1609 2126 Η
1619 2079 1750 2128 ieru-

161 2167 327 2224 salem
375 2169 427 2222 in
475 2168 684 2222 Jericho
741 2166 891 2238 (Luc.
928 2183 979 2232 κ,
1027 2166 1140 2236 50).
1201 2166 1322 2232 Via,
1379 2165 1646 2221 Christus.
1695 2168 1750 2220 In

165 2263 412 2331 Evang.:
447 2260 558 2328 Ego
586 2277 698 2314 sum
729 2262 827 2324 via,
860 2260 1042 2312 ueritas
1081 2266 1128 2312 et
1167 2259 1266 2312 vita
1303 2258 1483 2327 (Joan.
1525 2274 1631 2321 xxv,
1671 2258 1750 2326 6).

165 2354 231 2408 Et
271 2353 454 2416 aliter,
487 2352 716 2418 via,vita
756 2349 1009 2403 hominis.
1056 2350 1109 2402 In
1154 2349 1402 2418 psalmo:
1458 2347 1574 2401 Vias
1619 2364 1754 2403 meas

165 2445 456 2509 enuntiaui,
485 2452 531 2495 et
560 2443 814 2495 exaudisti
845 2456 922 2493 me
966 2439 1082 2508 (Ps.
1112 2454 1295 2500 cxvnt,
1328 2437 1438 2510 26).
1491 2440 1555 2493 Et
1594 2438 1749 2494 Salo-

167 2553 294 2590 ntnn
331 2553 347 2589 :
377 2532 656 2587 Comedent
684 2532 909 2601 fructum
936 2531 1134 2584 viarum
1172 2548 1378 2584 suarum
1408 2530 1591 2598 (Prov.
1613 2546 1652 2596 ι,
1677 2533 1750 2601 ὅ).

236 2626 527 2696 Speciosa,
559 2624 806 2678 vitiorum
837 2622 1105 2677 illecebris
1131 2622 1316 2674 dilata.
1349 2623 1401 2674 In
1428 2621 1752 2690 Evangelia:

167 2718 302 2772 Lata
330 2727 480 2788 porta
511 2725 558 2771 et
595 2716 821 2785 spatiosa
862 2715 965 2779 via,
993 2729 1108 2784 qua:
1144 2715 1286 2767 ducit
1311 2713 1378 2766 ad
1419 2714 1756 2780 perditionem

169 2815 388 2886 (Matth.
413 2828 506 2879 vn,
530 2810 658 2880 15).
696 2813 879 2873 Arcta,
911 2809 1176 2868 districta.
1214 2816 1295 2863 vel
1328 2807 1755 2865 tribulationibus

168 2922 377 2976 pressa,
405 2920 525 2974 qua:
553 2904 697 2958 ducit
719 2903 785 2956 ad
809 2904 994 2957 vitam.
1029 2903 1082 2956 In
1117 2902 1406 2971 Evangelio
1431 2919 1443 2953 :
1477 2901 1643 2967 Quam
1664 2918 1757 2957 an-

166 3009 317 3070 gusta
347 3007 497 3069 porta
517 3005 564 3050 et
586 3005 726 3049 arcta
750 2997 831 3047 via
856 3010 970 3064 quae
998 2994 1135 3046 ducit
1156 2995 1222 3046 ad
1251 2995 1402 3047 vitam
1428 2992 1590 3058 (Ibid.
1613 2993 1719 3061 14).

1854 1804 2141 1871 Sapientia!
2174 1820 2185 1853 :
2214 1799 2368 1854 Filia:
2391 1802 2480 1853 tibi
2505 1811 2640 1866 sunt,
2667 1817 2806 1854 serva
2831 1818 3012 1872 corpus
3035 1803 3435 1873 illarum(Eccli

1857 1911 1952 1961 vn,
1974 1893 2087 1965 26).
2115 1892 2561 1957 Taberuaculum,
2586 1907 2781 1960 corpus
2807 1893 3138 1958 Domini,vel
3171 1894 3426 1947 Ecclesia.

1855 1985 1909 2038 In
1944 1985 2147 2053 psalmo
2179 2001 2190 2035 :
2246 1981 2312 2035 In
2356 1985 2462 2035 sole
2492 1984 2661 2050 posuit
2711 1983 3094 2036 tabernaculum
3133 2001 3278 2037 suum
3311 1984 3429 2054 (Ps.

1857 2091 2010 2137 xvtn,
2035 2074 2112 2144 6).
2147 2075 2297 2136 Item,
2332 2075 2565 2128 cte'estis
2599 2076 2787 2138 patria,
2816 2083 2874 2127 ut
2902 2075 2954 2127 in
2981 2077 3216 2143 psalmo:
3244 2073 3430 2146 Ingre-
3512 2144 3521 2152 _

1855 2169 1970 2219 diar
1998 2165 2050 2218 in
2078 2165 2246 2218 locum
2273 2165 2588 2216 tabernaculi
2610 2163 2727 2232 (Ps.
2761 2179 2864 2233 xu,
2891 2165 2970 2234 5).
3142 2223 3147 2228 η

1929 2265 2086 2324 Area,
2119 2277 2245 2315 caro
2279 2262 2574 2324 Dominica,
2624 2263 2707 2316 vel
2757 2262 2919 2316 corda
2967 2271 3272 2318 sanctorum
3322 2265 3434 2318 Deo

1856 2354 2035 2423 plena.
2077 2353 2132 2406 In
2179 2355 2381 2420 psalmo
2419 2369 2431 2404 :
2465 2351 2544 2405 Tu
2586 2364 2632 2406 et
2690 2370 2812 2405 arca
2861 2354 3279 2422 sanctiﬁcationis
3334 2366 3435 2408 tute

1857 2443 1974 2514 (Ps.
1998 2458 2184 2508 cun,
2207 2444 2286 2514 8).
2317 2444 2468 2505 Item,
2504 2458 2649 2507 arca,
2684 2443 2942 2507 Ecclesia,
2971 2445 3107 2497 intra
3133 2461 3291 2512 quam
3328 2445 3437 2498 sal-

1855 2535 2028 2588 vauda
2064 2534 2406 2589 clauduntur.
2437 2534 2490 2587 In
2517 2533 2715 2588 Genesi
2751 2552 2762 2586 :
2799 2533 3058 2587 Remansit
3087 2545 3257 2588 autent
3295 2538 3436 2590 solas

1860 2627 1996 2692 Noe,
2021 2638 2066 2681 et
2091 2629 2178 2698 qui
2203 2645 2318 2681 cum
2347 2643 2404 2681 eo
2435 2639 2578 2681 erant
2605 2628 2658 2679 in
2680 2644 2800 2679 arra
2833 2627 2986 2696 (Gen.
3021 2643 3113 2692 vn,
3141 2627 3256 2700 23).

1929 2721 2146 2775 Tabulae
2188 2721 2414 2791 lapidea:
2434 2720 2575 2785 duae,
2606 2730 2662 2773 ut
2691 2729 2837 2786 puto,
2873 2730 3090 2788 propter
3116 2730 3435 2776 tesmmenta

1857 2813 1985 2878 duo,
2035 2812 2122 2866 vel
2152 2823 2370 2882 propter
2421 2811 2528 2865 duo
2573 2822 2837 2878 pra-cepta
2893 2811 3195 2866 dilectionis
3250 2813 3342 2867 Dei
3383 2823 3436 2870 et

1858 2903 2108 2973 prmitni.
2156 2903 2214 2956 In
2260 2901 2442 2956 Exodo
2475 2918 2489 2955 :
2524 2901 2592 2954 Et
2626 2901 2760 2955 dixit
2791 2902 3048 2955 Dominus
3077 2902 3140 2954 ad
3171 2903 3385 2973 Moysen
3417 2920 3430 2956 :

1864 2995 2057 3048 Excide
2095 2995 2187 3047 tibi
2213 2995 2342 3046 duas
2373 2993 2572 3047 tabulas
2604 2993 2794 3064 (Exod.
2830 3009 3010 3054 χχχιιι,
3037 2994 3110 3060 1).
3139 2993 3267 3053 Lex.
3301 3009 3437 3062 prte-

238 3090 480 3154 Directa,
515 3085 796 3156 przeccptis
829 3085 920 3138 Dei
950 3084 1216 3137 Ordinata.
1255 3083 1312 3136 In
1357 3082 1530 3137 Isaia:
1577 3082 1757 3137 Rectus
1787 3079 1830 3142 C
1862 3099 2012 3154 cepta
2043 3088 2243 3140 divina.
2279 3086 2333 3140 In
2381 3087 2590 3156 psalmo
2630 3104 2642 3138 :
2693 3085 2800 3139 Lex
2850 3085 3058 3140 Domini
3106 3087 3435 3141 immaculata

169 3181 324 3249 facite
365 3180 572 3234 semitas
601 3181 711 3250 ejus
757 3175 913 3249 (Isai.
940 3192 1025 3238 ιι,
1055 3177 1133 3243 3).
1184 3175 1374 3238 Prava,
1417 3189 1445 3226 a
1493 3174 1584 3228 Dei
1622 3189 1759 3244 pra:-

167 3271 341 3341 ccptis
373 3272 549 3325 devia.
582 3269 639 3323 In
671 3268 805 3324 Isaia
837 3285 848 3319 :
887 3267 950 3320 Et
990 3278 1137 3320 erunt
1175 3281 1328 3337 prava
1369 3267 1420 3319 in
1459 3265 1668 3333 directa,
1711 3276 1756 3320 et

168 3383 358 3438 aspera
388 3367 439 3418 in
468 3366 574 3419 vias
600 3362 784 3434 planas
807 3360 1020 3434 (Ibid.).
1051 3361 1237 3426 Plana,
1270 3358 1575 3413 obedientia
1617 3375 1752 3428 przeo

168 3467 454 3523 ceptorum
488 3463 788 3521 exaequata.
821 3452 874 3504 In
911 3451 1068 3515 Isaia,
1103 3461 1159 3505 ut
1194 3465 1378 3517 supra.
1415 3451 1642 3517 ASpera,
1677 3451 1752 3504 in-

168 3548 498 3602 obedieutize
526 3545 813 3613 asperitate
835 3544 1074 3609 horrida,
1108 3552 1164 3594 ut
1193 3557 1376 3609 supra.
1405 3541 1447 3594 Α
1471 3543 1697 3604 dextris,
1727 3557 1755 3595 a

171 3653 329 3709 parte
353 3639 598 3708 iustitiae.
647 3636 701 3692 lu
737 3638 1067 3707 Evangelia:
1103 3637 1303 3691 Statuet
1336 3636 1540 3704 quidem
1572 3651 1684 3688 ores
1727 3651 1758 3685 a

168 3734 392 3794 dextris,
417 3732 593 3785 luedos
613 3741 780 3784 autem
801 3748 833 3782 a
853 3722 1295 3800 sinistris(MattIt.
1317 3743 1450 3791 xxv,
1483 3726 1590 3796 55).
1624 3726 1669 3780 Α
1691 3728 1757 3780 si-

174 3827 386 3888 nistris,
427 3840 457 3876 a
500 3835 650 3892 parte
688 3824 986 3891 iniustitiae.
1033 3825 1087 3876 lu
1124 3821 1439 3887 Evangelia,
1479 3829 1538 3874 ut
1575 3835 1756 3886 supra.

175 3915 375 3977 Fovea,
408 3916 588 3981 dolus,
623 3916 706 3968 vel
732 3918 910 3983 lapsus
933 3916 982 3966 iu
1017 3926 1262 3966 mortem.
1297 3914 1350 3966 In
1388 3913 1626 3979 (salino:
1656 3911 1762 3963 Fo—

172 4010 363 4061 derunt
387 4017 506 4061 ante
526 4008 708 4076 [aciem
731 4023 890 4059 meam
916 4007 1112 4073 foveam
1135 4003 1249 4069 (Ps.
1270 4018 1379 4070 xxi,
1404 4005 1516 4068 17).
1540 4004 1758 4066 Puteus,

171 4102 444 4168 diabolus,
478 4100 564 4154 vel
596 4101 854 4154 infernus.
881 4100 934 4152 Iu
961 4098 1146 4166 psaltn.
1178 4115 1190 4148 :
1219 4096 1394 4165 Neque
1415 4106 1588 4165 urgcat
1611 4113 1764 4163 super

172 4213 254 4248 me
275 4205 457 4264 puteus
488 4211 543 4247 os
571 4211 720 4247 suum
740 4191 860 4261 (Ps.
895 4205 1078 4249 LXVIII.
1117 4190 1221 4258 t6).
1255 4189 1320 4242 Et
1344 4189 1395 4241 in
1420 4191 1612 4241 bonam
1643 4204 1765 4256 par-

173 4299 316 4348 tem;
353 4288 404 4339 in
437 4285 633 4340 Genesi
663 4302 676 4336 :
711 4284 789 4337 Ad
813 4295 1015 4352 puteum
1029 4281 1312 4353 jurnmenti
1338 4279 1487 4347 (Gen.
1511 4295 1659 4348 aut,
1686 4280 1760 4348 I),

172 4379 224 4428 id
263 4389 367 4439 cst,
399 4376 466 4431 ad
497 4392 685 4447 aquam
715 4376 858 4429 fidei.
894 4375 1045 4432 ltt-m,
1076 4373 1287 4426 initium
1309 4372 1450 4433 ﬁdei,
1477 4372 1605 4427 utin
1627 4372 1763 4423 Can-

1860 3179 1980 3249 (Ps.
2003 3195 2157 3245 xvttt,
2178 3178 2255 3248 8).

1927 3269 2398 3339 Chirographum,
2465 3269 2793 3338 conscriptio
2848 3268 3082 3324 hominis
3141 3269 3438 3338 peccatoris

1858 3380 1978 3417 cum
2010 3362 2227 3416 diabolo
2277 3377 2374 3432 per
2401 3376 2614 3416 manum
2669 3361 2987 3430 iniquitatis.
3036 3359 3091 3415 In
3135 3361 3434 3429 Apostolo:

1863 3455 2273 3526 Cbirographum
2330 3455 2521 3521 peccati
2580 3454 2715 3521 quod
2769 3462 2878 3505 erat
2927 3452 3247 3506 contrarium
3295 3450 3438 3504 nobis

1861 3544 2085 3613 (Coloss.
2109 3559 2166 3608 ll,
2197 3545 2314 3611 Ib).

1931 3639 2173 3704 Pactum,
2208 3637 2591 3692 confoederatio
2618 3638 2804 3705 gratiae
2835 3635 3028 3687 divina
3055 3649 3176 3687 cum
3198 3633 3359 3686 homit
3384 3647 3436 3685 ρ.

1862 3729 1917 3783 In
1944 3729 2149 3798 psalmo
2182 3746 2195 3780 :
2231 3727 2354 3780 Vidi
2383 3744 2486 3780 non
2533 3735 2788 3779 servantes
2840 3736 3067 3795 pactum.
3117 3723 3436 3777 Testamen-

1864 3830 1996 3880 tum.
2023 3818 2360 3874 conﬁrmatio
2387 3818 2681 3871 voluntatis
2707 3817 2920 3871 divinae.
2955 3816 3012 3869 In
3044 3814 3298 3883 propheta
3333 3833 3344 3865 ;
3372 3810 3440 3865 Et

1867 3913 2181 3981 confirmabo
2234 3919 2586 3965 testamentum
2639 3925 2802 3960 meum
2847 3923 3000 3977 super
3052 3907 3254 3957 domum
3297 3904 3439 3956 Juda

1861 4003 2023 4073 (ΗΛ).
2052 4017 2166 4067 νιιι,
2220 4000 2296 4070 8).
2333 3999 2518 4069 Stylus
2569 4000 2760 4069 ferreus
2791 3997 2912 4067 (Job
2962 4011 3072 4059 ιιι,
3103 3995 3169 4049 2b
3196 3995 3238 4066 ),
3290 3994 3440 4049 I'tvrtis

1865 4097 2127 4152 sententia
2159 4095 2324 4149 divini
2351 4094 2520 4148 verbi.

1937 4187 2281 4255 Prmputium,
2312 4185 2416 4238 vita
2449 4182 2682 4254 gentilis.
2723 4183 2776 4236 In
2813 4182 3072 4250 Apostolo
3103 4198 3115 4233 :
3141 4179 3207 4232 In
3237 4195 3442 4250 prwptt-

1866 4283 1938 4334 tio
1970 4279 2154 4346 aliquis
2179 4288 2382 4330 vocatus
2404 4286 2497 4340 est,
2520 4292 2621 4328 non
2667 4274 3066 4328 circumcidatur
3096 4272 3147 4343 (I
3175 4273 3293 4326 Cor.
3337 4286 3439 4334 vn,

1870 4373 1981 4440 18),
2018 4372 2067 4423 id
2100 4378 2205 4434 est,
2232 4369 2393 4424 etiam
2425 4369 2511 4436 qui
2548 4382 2612 4422 ex
2643 4366 2892 4435 gentibus
2933 4363 2999 4418 ad
3043 4365 3202 4417 tidem
3242 4361 3442 4416 Christi

172 4479 191 4520 ι
217 4470 302 4521 cis
336 4487 347 4520 :
380 4465 525 4522 Fons
549 4467 811 4520 hortorum
836 4467 952 4534 fons
993 4481 1240 4532 aquarum
1279 4463 1548 4516 viventium
1587 4460 1756 4529 (Cant.
1793 4451 1840 4509 1)
1867 4464 2030 4526 venit,
2055 4475 2280 4530 corpore
2311 4475 2416 4512 non
2447 4457 2882 4512 circumcidatur.

170 4574 247 4619 tv,
289 4559 399 4629 15).
436 4558 599 4623 Fons,
629 4557 896 4619 Christus,
940 4567 994 4606 III.
1026 4558 1078 4606 in
1111 4554 1316 4621 psalmo
1348 4570 1360 4604 :
1397 4552 1763 4608 Sitivitanima

170 4669 292 4703 utea
324 4654 391 4705 ad
435 4651 712 4704 Dominum
743 4652 934 4718 fontem
971 4648 1136 4698 rit-um
1184 4644 1301 4714 (Ps.
1339 4659 1447 4708 xu,
1487 4643 1565 4712 3).
1607 4645 1758 4708 Item,

169 4744 316 4795 dona
346 4743 463 4806 Dei,
493 4743 624 4795 utin
657 4741 864 4807 psalmo
889 4756 902 4790 :
936 4736 1003 4789 Et
1025 4743 1382 4804 apparuerunt
1405 4735 1572 4803 fontes
1601 4750 1765 4804 aqua-

170 4852 296 4886 rum
325 4832 440 4902 (Ps.
479 4848 612 4897 XHI,
639 4830 746 4902 16).
777 4831 902 4884 Item
929 4830 980 4883 iu
1004 4833 1197 4881 malam
1229 4838 1454 4894 partem,
1486 4840 1758 4893 perverso-

170 4945 298 4981 rnsn
321 4929 626 4996 dogmatth
651 4926 922 4988 ductores,
941 4933 995 4976 et
1019 4923 1195 4987 iniqua
1211 4931 1453 4988 agentes,
1469 4927 1523 4971 ut
1540 4918 1760 4972 Petrus:

172 5015 249 5070 Hi
272 5031 384 5071 sunt
413 5018 578 5086 fontes
609 5017 719 5070 sine
732 5030 866 5085 aqua
887 5013 953 5086 (II
978 5011 1117 5065 Petr.
1142 5025 1202 5074 lt,
1230 5007 1319 5078 17)
1369 5008 1626 5071 Torrens,
1651 5017 1766 5062 ten-

171 5110 439 5163 talionum
472 5111 552 5162 vis
577 5119 811 5163 mentem
847 5107 1152 5176 impellens,
1191 5115 1244 5156 ut
1277 5105 1328 5156 iu
1362 5102 1609 5168 psalmo:
1637 5099 1766 5153 Tor-

164 5215 368 5255 rentem
398 5204 723 5269 pertransivit
753 5203 924 5254 anima
947 5208 1121 5252 nostra
1139 5197 1256 5265 (Ps.
1281 5211 1450 5250 cum
1468 5236 1482 5258 ,
1506 5195 1585 5260 5).
1614 5194 1762 5258 Item,

165 5293 347 5364 frg...
374 5306 735 5362 peccaturum.
777 5307 805 5346 a
856 5307 960 5359 quo
994 5289 1154 5344 David
1197 5288 1411 5342 liberari
1452 5286 1762 5340 desiderans

159 5392 240 5439 ait
263 5406 278 5441 :
304 5387 566 5450 Converte,
598 5385 834 5448 Domine,
864 5384 1207 5455 captivitatem
1235 5394 1480 5442 nostram,
1510 5381 1639 5433 sicut
1657 5389 1736 5431 tor

163 5497 293 5532 rens
319 5478 365 5529 in
393 5490 568 5531 austro
590 5475 705 5547 (I’s.
733 5491 890 5539 cxxv,
923 5474 1000 5544 tl).
1032 5473 1270 5534 Semitas,
1307 5474 1501 5525 utentis
1539 5470 1758 5538 in-‘egri-

163 5580 290 5631 tas;
336 5567 385 5620 in
411 5569 650 5636 psalmo:
689 5565 916 5620 Clamatn'
960 5564 1026 5616 ad
1064 5573 1132 5630 te,
1176 5571 1222 5615 et
1270 5562 1469 5614 sanasti
1517 5578 1594 5612 me
1636 5558 1757 5627 (Ps.

164 5679 188 5714 ι
208 5680 324 5720 ux.
345 5663 416 5728 5).
446 5662 710 5732 ιμτιιειιον,
737 5661 984 5713 vitiorum
1010 5658 1255 5719 morbus;
1307 5656 1358 5709 in
1384 5655 1584 5725 psalmo
1612 5671 1623 5704 :
1660 5652 1760 5720 Qui

1937 4552 2321 4615 Circumcisio,
2381 4549 2698 4618 exspoliatio
2738 4548 3010 4602 vitiorum.
3051 4543 3106 4598 In
3138 4543 3438 4612 Apostolo:

1871 4643 2172 4699 Circumcisi
2199 4642 2319 4696 estis
2367 4639 2754 4694 circumcisione
2780 4653 2878 4690 non
2908 4651 3063 4688 manu
3090 4635 3242 4705 facta,
3273 4633 3326 4686 in
3349 4647 3440 4685 es-

1867 4738 2172 4808 spoliatione
2190 4735 2422 4803 corporis
2443 4733 2614 4785 carnis
2637 4729 2858 4800 (Coloss.
2888 4745 2946 4791 II,
2979 4727 3305 4798 II).Cornu,
3332 4725 3443 4777 fur-

1869 4828 2072 4890 titudo,
2120 4826 2204 4879 vel
2253 4839 2500 4892 regnum.
2548 4822 2601 4876 In
2639 4821 2988 4890 [Reg-norum
3021 4858 3033 4870 .
3091 4815 3157 4870 Et
3199 4816 3446 4870 exultavit

1867 4935 2026 4972 cornu
2057 4916 2249 4971 Chris‘i
2277 4916 2358 4969 sui
2387 4914 2429 4984 (I
2461 4915 2585 4983 Reg.
2629 4929 2664 4966 ιι
2689 4954 2704 4978 ,
2748 4912 2858 4979 10).
2908 4910 3171 4978 Purpura,
3201 4909 3445 4976 martyrii

1866 5012 2073 5079 species
2098 5024 2193 5075 per
2221 5021 2488 5061 cruorem.
2531 5005 2585 5058 In
2614 5003 2794 5057 Exodo
2828 5020 2840 5054 :
2890 5001 3070 5055 Omnis
3113 5000 3198 5068 qui
3231 4998 3446 5069 percipit

1866 5102 2040 5167 corde,
2071 5099 2249 5166 afferet
2280 5099 2426 5151 initia
2459 5095 2705 5160 Domino,
2730 5109 2950 5155 aurum,
2979 5099 3272 5161 argentum,
3312 5103 3445 5142 tera-

1873 5198 2126 5252 mentum,
2155 5191 2522 5258 ltyaciu-tlmm,
2557 5205 2865 5258 purpuram,
2889 5201 3097 5239 coccum
3115 5186 3190 5237 bis
3226 5188 3445 5238 tinctum

1870 5291 1919 5335 et
1946 5283 2154 5348 byssum
2180 5281 2376 5351 (Exod.
2412 5298 2571 5340 xxxv,
2605 5285 2680 5332 In.

1943 5375 2216 5437 Ριιιιέιΐὶιιξ,
2251 5372 2416 5427 verba
2460 5370 2582 5424 ﬁdei
2612 5369 2896 5437 diligenter
2925 5365 3201 5420 retinenda
3228 5406 3243 5425 ,
3292 5376 3348 5418 ut
3394 5368 3446 5419 in

1865 5470 2057 5535 psalm.
2088 5481 2102 5518 :
2135 5461 2317 5518 Omnis
2345 5464 2514 5534 gloria
2537 5465 2648 5532 ejus
2691 5461 2814 5528 ﬁlia:
2841 5459 2973 5527 regis
3001 5457 3064 5510 ab
3093 5458 3231 5510 intus
3260 5459 3311 5510 in
3333 5457 3444 5525 ﬁm-

1862 5559 1971 5612 bria
2005 5556 2105 5627 (Ps
2135 5571 2275 5618 sLtv,
2311 5554 2417 5623 11).
2472 5553 2713 5616 Coccus,
2750 5550 2888 5604 idem
2937 5548 3077 5617 quod
3134 5562 3325 5618 Supra;
3361 5549 3444 5602 vel

1866 5649 2144 5705 chari'atis
2167 5647 2356 5709 ardor,
2386 5646 2464 5700 vel
2497 5643 2674 5699 crucis
2707 5641 2928 5697 mentio.
2963 5638 3020 5698 In
3055 5639 3261 5709 Exodo,
3307 5639 3446 5696 sicut
