3932 6170
208 350 213 359 .
247 310 342 366 7L9

986 308 1198 375 ιιιιιῖιι,
1237 308 1371 363 FOli
1384 312 1524 367 \lL‘l.
1546 312 1723 368 \RUM
1768 315 1793 368 Ε

1909 317 2147 377 llT.tLlS
2189 322 2767 382 ltVTtLlJGl‘lNTHS.

3424 298 3545 393 71o

243 429 332 484 Dei
353 436 403 482 et
438 425 687 496 proximi.
720 424 776 477 lu
812 423 1017 492 psalmo
1046 440 1057 474 :
1092 423 1323 476 Laudare
1346 440 1461 478 eum
1493 427 1545 478 in
1575 428 1821 497 rymbalis
1852 429 1895 486 Α
1927 429 2029 486 duo
2060 434 2111 488 in
2138 436 2451 501 molendino,
2484 439 2584 492 duo
2624 440 2674 492 in
2701 439 2829 494 lecto
2858 438 3008 512 (Luc.
3041 457 3169 509 ιιι-ιι,
3198 440 3294 516 56)
3325 443 3514 514 legun-

240 523 357 576 bene
386 518 683 572 sonantibus
708 514 826 588 (Ps.
859 532 944 579 CL,
979 515 1058 585 5).
1092 514 1367 582 Juhilatio,
1403 518 1609 572 clamor
1665 518 1823 585 Spiri-

238 615 325 668 tali
359 612 569 667 fervore
599 609 923 677 expressior
964 608 1019 663 ln
1066 609 1256 676 p.alm.
1294 627 1304 661 :
1364 609 1600 664 Laudute
1631 630 1742 665 eum
1770 613 1833 665 iu‘

236 702 476 775 cymbalis
505 701 824 765 iubilationis
848 697 1066 770 (Ibid).

302 795 590 866 Egyptus,
625 792 860 847 mundus
892 792 1002 855 hic,
1037 792 1119 845 vel
1151 792 1431 860 gentilium
1459 796 1704 864 populus.
1765 796 1820 850 lu

232 889 481 957 psalmo;
516 884 731 944 Venient
755 884 911 955 legati
951 901 1014 938 ea:
1060 883 1293 955 .qupto
1326 882 1449 954 (Ps.
1496 903 1665 949 ιιι-ιι,
1703 887 1817 957 32).

233 978 527 1046 EthiOpia,
561 976 799 1030 Ecclesia
824 992 886 1029 ex
919 975 1183 1044 gentibus.
1218 973 1273 1027 lu
1310 977 1519 1045 psalmo
1557 997 1568 1031 :
1604 978 1821 1033 .Ethio-

192 1140 195 1143 Α
233 1073 317 1140 pia
340 1077 612 1138 praeveniet
630 1084 812 1119 manus
838 1070 948 1138 ejus
973 1064 1083 1119 Deo
1108 1065 1324 1138 (Ibid.).
1350 1066 1482 1122 Item
1501 1071 1552 1123 in
1575 1072 1732 1123 aliam
1756 1088 1876 1140 par-

228 1174 359 1228 tem,
398 1165 450 1220 in
485 1161 692 1230 psalmo
725 1177 738 1214 :
770 1158 973 1212 Dedisti
1012 1177 1124 1212 eum
1169 1177 1336 1213 escam
1382 1161 1576 1233 papula
1606 1161 1817 1217 rEthio-

224 1271 345 1326 pum
373 1255 496 1325 (με.
529 1267 719 1318 Lxxttt,
750 1250 859 1321 Μ).
889 1251 1147 1321 Bthylon,
1177 1263 1266 1304 aut
1309 1254 1565 1319 mundus,
1591 1263 1682 1308 aut
1707 1255 1812 1308 Ιὶο-

224 1362 328 1400 ma.
378 1346 431 1399 In
457 1344 818 1414 Apocalypsi:
863 1342 923 1398 Et
949 1341 1177 1413 Babylon
1223 1360 1410 1411 magna
1455 1346 1586 1397 venit
1628 1346 1679 1398 in
1710 1363 1816 1399 me-

190 1426 195 1430 .
223 1438 443 1491 moriam
470 1450 587 1489 ante
622 1435 781 1487 Deum
806 1435 927 1487 dare
972 1436 1014 1486 ei
1043 1432 1251 1486 calicem
1298 1433 1401 1486 vini
1447 1435 1813 1503 indignationis

220 1533 310 1586 ire
351 1532 467 1603 ejus
493 1529 672 1599 (Apoc.
703 1543 809 1587 XVI,
846 1525 954 1595 19).
982 1524 1214 1588 lnimici,
1246 1525 1512 1581 diabolus.
1548 1528 1626 1579 vel
1662 1526 1809 1581 vitia.

219 1621 268 1676 lu
307 1624 507 1692 ps.ilm.
543 1637 554 1671 :
596 1618 715 1671 Non
767 1616 1111 1685 confundetur
1162 1632 1276 1670 cum
1315 1619 1549 1685 loquetur
1590 1620 1812 1671 inimicis

216 1718 321 1770 suis
355 1716 409 1768 in
439 1723 587 1787 porta
620 1710 736 1778 (Ps.
777 1725 957 1773 cvxvt,
995 1710 1072 1779 5).

1931 534 2016 581 tur
2038 527 2089 581 in
2114 537 2301 583 sancto
2336 531 2646 599 Evangelto.

2003 619 2093 674 lll.
2126 622 2207 674 Ad
2241 623 2589 686 Trinitatem;
2623 626 2675 679 in
2699 625 2919 679 Joannis
2948 626 3186 695 Epistola
3218 646 3230 680 ε
3261 628 3383 684 Tres
3404 640 3525 685 sunt

1926 712 2015 780 qui
2042 714 2388 767 testimonium
2425 714 2547 773 dant
2579 716 2631 767 in
2660 717 2808 781 caelo,
2835 714 3015 778 Pater.
3052 717 3296 783 Verbum,
3321 731 3366 772 et
3396 721 3524 790 Spi-

1926 806 2055 855 ritus
2086 815 2317 868 sanctus,
2342 814 2389 858 et
2423 815 2524 859 tres
2550 817 2668 860 sunt
2698 809 2787 877 qui
2822 808 3166 863 testimonium
3191 811 3314 863 dant
3337 811 3389 864 in
3417 822 3519 864 ter-

1926 911 2019 960 ra,
2062 897 2306 965 spiritus,
2354 915 2490 967 aqua
2531 908 2575 951 et
2603 901 2814 967 sanguis
2863 900 2918 967 (l
2957 900 3116 955 Joun.
3156 919 3209 968 ν,
3244 903 3321 972 7).
3359 903 3425 957 Ει
3462 904 3515 957 itt

1925 984 2063 1039 Gen.
2095 1003 2106 1038 :
2142 985 2266 1040 Tres
2297 989 2603 1060 propagines
2639 987 2796 1056 (Gen.
2829 1007 2918 1056 XL,
2945 990 3057 1061 10).

1997 1074 2082 1128 ιγ.
2118 1076 2195 1129 Ad
2249 1089 2478 1145 quatuor
2522 1078 2835 1145 Evangelia,
2885 1078 2939 1132 in
2994 1080 3323 1135 Ezechiele:
3362 1083 3422 1135 Et
3451 1099 3517 1136 ex

1921 1167 2089 1220 medio
2111 1183 2309 1233 eorum,
2340 1168 2627 1221 similitudo
2650 1179 2873 1240 quatuor
2902 1170 3208 1224 animalium
3234 1171 3446 1244 (Ezech.
3472 1189 3510 1237 ι,

1921 1260 1997 1329 5).
2030 1259 2183 1313 Sicut
2231 1268 2284 1313 et
2324 1268 2548 1327 quatuor
2596 1262 2816 1331 ﬂumina
2848 1262 3078 1330 paradisi
3128 1259 3278 1331 (Gen.
3308 1279 3365 1329 tt,
3395 1263 3509 1328 10).

1920 1350 2126 1405 Nomen
2169 1361 2650 1421 tetragrammaton
2693 1363 2928 1423 quatuor
2982 1355 3177 1410 litteris
3234 1356 3510 1410 Hebraicis

1918 1444 2197 1498 scribitur.
2227 1446 2469 1512 Quatuor
2496 1446 2751 1500 cornibus
2800 1456 2985 1500 Sancta
3017 1462 3147 1502 crux
3198 1448 3504 1518 iusignitur,

1919 1542 1973 1585 ut
2000 1532 2250 1587 llabacuc
2276 1552 2288 1587 :
2328 1532 2532 1587 Cornua
2560 1536 2609 1587 in
2641 1536 2876 1590 manibus
2899 1538 3010 1607 ejus
3031 1536 3195 1607 (Hab.
3225 1555 3306 1603 ut,
3335 1539 3414 1610 4).

1990 1623 2052 1677 γ.
2076 1624 2157 1678 Ad
2190 1626 2425 1692 quinque
2455 1625 2625 1680 libros
2666 1628 2856 1697 Moysi,
2893 1630 2959 1680 ad
3007 1630 3229 1699 quinque
3270 1630 3500 1701 porticus

1914 1713 2096 1786 (Joan.
2132 1732 2183 1779 v,
2210 1715 2288 1784 2),
2322 1716 2389 1768 ad
2410 1718 2631 1786 quinque
2664 1735 2818 1780 partes
2844 1720 3025 1789 (lcan.
3052 1736 3126 1783 vt,
3154 1718 3235 1791 9),
3256 1721 3324 1773 ad
3350 1721 3504 1789 quiu-

288 1809 484 1870 Furus,
516 1805 749 1857 lnrretici
777 1818 822 1855 et
854 1802 1371 1870 psru-loprnphetv;
1395 1802 1444 1852 in
1467 1802 1758 1869 Evangelio
1786 1819 1798 1854 :
1840 1808 1877 1864 Β
1908 1823 2003 1875 que
2036 1806 2212 1875 plagas
2242 1806 2418 1877 (Joan.
2446 1825 2539 1875 xx,
2570 1807 2661 1877 9.5)
2697 1811 2747 1861 in
2771 1825 2997 1879 corpore
3031 1810 3326 1866 Dominicn.
3358 1816 3502 1882 Αρη-

218 1900 411 1954 Omnes
442 1909 680 1967 quotquot
705 1906 940 1947 venerunt
961 1904 1078 1946 attfe
1111 1910 1206 1956 me,
1242 1898 1377 1963 [ures
1407 1896 1610 1963 fuerunt
1647 1904 1693 1947 et
1730 1896 1809 1947 la-

214 2004 388 2045 trones
419 1989 597 2063 (loun.
628 2005 681 2052 ι,
712 1986 789 2057 8).
825 1987 1045 2050 Gentes,
1102 1986 1247 2039 vitia.
1291 1985 1344 2038 lu
1392 1985 1756 2041 Pentatvttt-ho
1790 2006 1802 2041 :

213 2084 342 2137 Cum
388 2081 727 2135 introduxerit
762 2089 808 2131 te
852 2078 1101 2129 Dominus
1144 2077 1278 2129 Deus
1335 2077 1388 2127 in
1417 2088 1605 2129 terram
1652 2094 1804 2146 quam

210 2194 542 2254 possessurus
572 2175 893 2246 ingredieris,
925 2183 970 2225 et
1000 2173 1241 2225 deleverit
1287 2183 1458 2240 gentes
1500 2174 1683 2226 multas
1711 2190 1801 2225 co-

212 2291 321 2327 ram
359 2283 406 2325 te
430 2271 608 2339 (Deut.
646 2285 733 2330 vn,
776 2268 846 2335 1).
880 2267 1008 2321 Item
1040 2266 1089 2319 in
1133 2268 1291 2319 aliam
1335 2276 1574 2334 partem:
1615 2266 1800 2319 Omnes

208 2376 408 2437 gentes,
431 2363 660 2437 plaudite
682 2360 918 2412 manibus
948 2357 1065 2429 (Pr.
1098 2374 1237 2423 λιιι,
1272 2357 1354 2428 2).
1388 2355 1590 2427 Pugna,
1626 2369 1799 2411 certa-

214 2476 336 2513 tncu
372 2458 633 2509 adversus
667 2453 932 2520 nequitias
963 2452 1253 2518 Spiriiales.
1282 2452 1361 2517 vel
1393 2453 1650 2503 adversus
1674 2451 1797 2505 vitia

207 2552 519 2608 cuttﬂietus.
551 2550 608 2602 lu
645 2548 903 2617 Apostolo
935 2564 945 2576 '
985 2545 1072 2600 Sic
1094 2562 1265 2614 pugno
1307 2559 1407 2596 non
1447 2544 1597 2613 quasi
1627 2560 1798 2597 aerem

206 2645 482 2698 verberans
521 2642 562 2713 (I
592 2640 712 2695 Cor.
746 2657 822 2705 ιχ,
852 2641 963 2707 ‘16).
1002 2638 1132 2700 Pax,
1159 2638 1339 2690 carnis
1397 2638 1446 2690 in
1495 2637 1692 2691 bOnum
1744 2646 1800 2693 et

205 2736 431 2804 spiritus
460 2732 769 2787 Concordia.
798 2730 852 2786 lt:
886 2730 1094 2798 palmo
1121 2746 1131 2780 :
1158 2727 1355 2796 Rogate
1376 2744 1489 2797 qua:
1517 2729 1658 2798 pacis
1678 2740 1798 2782 sunt

212 2825 544 2879 Hierusalem
577 2822 691 2893 (Ps.
744 2837 887 2889 ωλι,
922 2819 1002 2891 6).
1046 2820 1171 2873 Item
1225 2836 1323 2887 pax
1352 2860 1368 2885 ,
1420 2820 1687 2874 Christus.
1737 2821 1795 2876 In

205 2916 473 2988 Apostolo
501 2932 516 2970 :
546 2912 671 2983 Ipse
704 2914 839 2966 enim
882 2920 955 2965 est
996 2927 1100 2982 pax
1146 2922 1321 2964 nostra
1367 2910 1539 2983 (Eph.
1572 2928 1642 2977 ιι,
1681 2910 1793 2981 14).

210 3006 475 3069 Victoria,
508 3005 573 3059 de
601 3004 834 3067 diabolo,
866 3003 953 3057 vel
982 3003 1047 3056 de
1076 3002 1324 3055 adversis
1365 3000 1687 3071 triumphus.
1736 3001 1792 3055 ln

203 3100 454 3171 Apostol.
486 3115 499 3152 :
527 3095 637 3149 Deo
666 3106 835 3149 autem
860 3094 1169 3166 gratias,qui
1192 3093 1330 3145 dedit
1355 3093 1498 3145 nobis
1528 3093 1794 3145 victoriam

1913 1898 2123 1950 stolus:
2156 1898 2210 1951 lu
2244 1899 2487 1954 Ecclesia
2514 1899 2631 1953 volo
2660 1903 2881 1971 quinque
2911 1903 3060 1956 verba
3097 1920 3244 1957 sensu
3276 1921 3385 1958 meo
3422 1907 3473 1958 lo

1910 1989 1996 2056 qui
2023 1989 2060 2054 (l
2088 1987 2205 2041 Cor.
2238 1991 2471 2062 anniti),

1982 2079 2068 2133 Vl.
2095 2083 2173 2135 Ad
2202 2083 2343 2135 diem
2373 2094 2602 2146 sextum,
2636 2101 2707 2153 qu
2734 2112 2740 2132 ι
2765 2085 3025 2139 Dominus
3064 2087 3338 2142 hominem
3372 2104 3494 2143 cum

1909 2172 2174 2227 UttiVCI‘SiS
2204 2186 2356 2228 terrm
2384 2176 2747 2230 animantibus
2776 2178 2918 2231 fecit.
2946 2177 3003 2232 In
3032 2180 3226 2234 Genesi
3256 2198 3268 2233 :
3299 2178 3497 2234 Facia-

1906 2283 2020 2318 mus
2062 2268 2319 2319 hominem
2344 2269 2408 2319 ad
2434 2268 2708 2340 imaginem
2753 2280 2797 2324 et
2827 2271 3218 2326 similitudinem
3258 2284 3493 2327 nostram

1906 2358 2062 2428 (Cen.
2090 2378 2125 2423 ι,
2152 2360 2263 2427 ὶϐ).
2297 2362 2425 2415 ltem
2459 2366 2617 2431 paulo
2643 2374 2762 2433 post
2789 2381 2801 2417 :
2844 2362 2913 2417 Et
2945 2369 3135 2434 factum
3164 2374 3237 2420 est
3266 2383 3487 2437 vespere.

1902 2459 1950 2504 et
1982 2452 2176 2521 factum
2207 2462 2283 2505 est
2323 2469 2472 2507 mane
2524 2455 2633 2507 dies
2661 2467 2832 2508 sextus
2865 2454 3064 2524 (Ibid.,
3098 2458 3213 2525 5i).
3264 2457 3491 2511 Senariu

1902 2558 2129 2596 numero
2159 2546 2414 2612 perfectio
2445 2547 2926 2614 comprehenditur
2961 2565 2972 2599 :
3020 2558 3308 2617 propterea
3342 2548 3489 2603 Deus

1900 2648 1993 2689 sex
2023 2635 2213 2689 diebus
2262 2636 2521 2691 mundum
2570 2638 2861 2708 perfecisse
2890 2638 3242 2706 describitur,
3273 2650 3328 2695 et
3357 2639 3489 2709 ipsis

1900 2727 2137 2798 quinque
2183 2744 2322 2783 unus
2347 2730 2620 2800 adjicitur,
2647 2738 2706 2784 ut
2754 2732 2838 2785 lex
2869 2747 2966 2801 per
2995 2732 3350 2801 Evangelium
3381 2733 3488 2787 im-

1902 2823 2131 2889 pleatur.
2159 2820 2265 2877 Sex
2295 2831 2423 2875 sunt
2475 2832 2663 2877 :ctates
2690 2824 2871 2877 sazculi
2905 2838 2918 2876 :
2972 2823 3211 2894 quinque
3257 2825 3488 2880 transie-

1870 2920 2046 2976 .runt,
2075 2924 2225 2966 sesta
2247 2926 2276 2965 a
2305 2911 2512 2967 Joanne
2546 2913 2781 2981 Baptista
2806 2920 2860 2967 et
2888 2913 3241 2968 iuhumanato
3266 2914 3485 2970 Christo

1899 3003 2137 3058 decurrit
2164 3003 2230 3057 ad
2263 3005 2424 3057 linem
2463 3005 2682 3069 saeculi;
2730 3004 2872 3058 unde
2917 3013 2973 3059 et
3019 3015 3170 3060 sexta
3214 3005 3301 3061 die
3356 3004 3485 3060 fecit

1903 3094 2050 3149 Deus
2078 3087 2353 3150 hominem
2379 3094 2446 3149 ad
2478 3096 2766 3165 imaginem
2804 3112 2981 3162 suam,
3014 3098 3138 3166 quia
3181 3105 3333 3152 sexta
3379 3096 3481 3152 ista

204 3210 292 3263 per
318 3188 605 3243 Dominum
636 3195 866 3239 nostrum
906 3185 1088 3238 Jesum
1144 3181 1407 3237 Christum
1462 3184 1516 3254 (l
1554 3183 1672 3237 Cor.
1706 3199 1793 3249 xv,
1826 3183 1871 3244 C
1904 3194 2064 3240 :etate
2096 3187 2475 3241 manifestatur
2498 3202 2591 3257 per
2616 3187 2964 3255 Evangelium
2999 3188 3484 3244 relomtatiomen-

204 3286 320 3355 57).
345 3282 618 3346 Bravium,
638 3287 1129 3334 consummatorum
1152 3275 1429 3345 printuium
1457 3274 1790 3335 meritorum.

204 3377 257 3432 lu
284 3379 484 3446 Apost.
514 3392 525 3425 :
561 3372 639 3425 Ad
677 3370 990 3424 destinatum
1027 3383 1320 3449 persequor,
1347 3368 1413 3420 ad
1447 3367 1673 3420 bravium
1700 3384 1787 3420 su-

204 3484 380 3540 perna:
408 3464 685 3519 vocationis
716 3459 813 3514 Dei
844 3459 1007 3531 (Phil.
1044 3475 1129 3524 ιιι,
1167 3458 1274 3531 14).
1308 3457 1541 3524 Corona,
1575 3468 1791 3513 internae

202 3562 394 3628 gloria:
427 3573 523 3629 pro
546 3555 756 3626 justitia
786 3568 1013 3608 merces.
1045 3551 1103 3605 In
1133 3551 1398 3620 Apostolo
1424 3568 1438 3605 :
1470 3549 1548 3604 De
1596 3552 1791 3620 reliquo

199 3652 431 3724 reposita
464 3659 536 3703 est
563 3648 691 3702 mihi
718 3661 910 3700 corona
925 3645 1151 3714 justitia:
1190 3643 1257 3711 (ll
1285 3642 1417 3696 Tim.
1450 3659 1520 3709 tv,
1546 3644 1623 3711 8).
1645 3644 1791 3709 Quo-

199 3748 343 3800 niam
376 3742 703 3813 spiritalium
736 3738 1070 3809 profectuum
1118 3735 1510 3791 consummatio
1542 3736 1789 3803 provehit

199 3836 261 3890 ad
294 3848 583 3898 coronam,
614 3839 756 3885 recte
788 3828 979 3884 horum
1008 3843 1218 3896 quoque
1265 3826 1561 3896 spiritalem
1611 3828 1788 3881 nomi-

198 3944 326 3984 num
360 3924 862 3995 interpretationem
892 3935 1091 3976 coroua
1123 3930 1487 3973 consummat.
1543 3918 1673 3987 Quae
1708 3928 1786 3972 ta-

198 4038 321 4077 men
374 4016 590 4073 nomina
624 3990 872 4069 univers‘a
895 4011 1180 4082 complecti
1230 4010 1458 4064 arduum
1497 4009 1780 4075 duximus,

194 4118 331 4169 sicut
356 4113 519 4168 etiam
550 4108 702 4175 illud,
748 4115 805 4162 ut
833 4107 1291 4176 depromerentur
1332 4113 1519 4157 cuncta
1565 4118 1683 4172 qua:
1725 4118 1784 4157 se

194 4212 243 4263 in
299 4222 586 4276 utramque
635 4213 839 4274 partem
887 4201 1100 4270 gemina
1148 4197 1539 4267 significatione
1588 4194 1783 4249 diffun-

193 4303 344 4356 dunt.

813 4389 1040 4445 CAPUT
1086 4388 1173 4442 XI.

812 4482 888 4535 De
928 4482 1171 4533 numeris.

259 4602 403 4657 Sane
440 4599 657 4653 tandem
710 4595 791 4649 his
823 4593 1131 4648 nominibus
1175 4591 1472 4656 absolutis,
1520 4607 1778 4645 numeros

188 4715 256 4766 qu
282 4712 403 4767 tque
436 4693 675 4747 hre\iter
714 4690 1042 4761 digeramus,
1069 4701 1201 4756 quos
1242 4688 1463 4755 mystica
1503 4686 1777 4755 exemplo-

186 4808 304 4845 rum
330 4788 471 4844 ratio
500 4786 638 4841 inter
669 4799 852 4838 sacros
882 4782 1208 4837 celebriores
1238 4777 1383 4832 fecit.

257 4884 295 4934 I.
332 4882 438 4934 tlic
459 4891 716 4931 numerus
743 4876 805 4928 ad
838 4875 1093 4926 unitatem
1128 4870 1349 4924 l)e.tatis
1390 4868 1623 4924 refertur
1653 4887 1664 4921 :
1720 4869 1770 4922 in

186 4975 257 5028 Pe
282 4946 554 5026 natencho
581 4987 592 5019 ;
623 4968 779 5031 Audi,
814 4964 1001 5031 Israel,
1033 4963 1283 5015 Dominus
1319 4960 1453 5014 Deus
1494 4970 1610 5013 tuus
1640 4977 1771 5014 unus

184 5079 255 5120 est
288 5065 475 5137 (Deut.
508 5079 581 5125 vt,
612 5060 689 5131 4).
715 5060 785 5112 Et
825 5057 1120 5126 Apostolus
1153 5072 1164 5107 :
1199 5053 1345 5125 Unus
1379 5053 1536 5118 Deus,
1580 5070 1685 5106 una
1711 5055 1771 5121 [i-

181 5165 292 5222 des,
328 5174 490 5211 unum
515 5154 769 5222 baptisma
801 5149 1015 5218 (Ephes.
1050 5164 1123 5212 tv,
1155 5147 1233 5217 5).
1271 5147 1332 5199 Et
1362 5162 1483 5199 arca
1511 5145 1643 5211 Noe,
1670 5162 1771 5214 qua

181 5261 369 5305 sancta
412 5248 648 5301 Ecclesia
679 5244 1012 5312 designatur,
1046 5241 1097 5292 in
1125 5256 1225 5291 uno
1256 5237 1424 5290 cubito
1451 5253 1773 5290 consumma-

183 5356 269 5397 tur
302 5343 459 5416 (Gen.
491 5359 563 5405 Vl,
610 5338 721 5408 l6).
747 5338 867 5406 quia
903 5339 953 5389 in
988 5334 1147 5388 unius
1176 5332 1274 5386 Dei
1307 5331 1771 5399 contemplatione
1800 5390 1822 5405 ο

178 5440 338 5507 quies
368 5446 569 5488 aeterna
605 5432 897 5502 perlicitur.

254 5529 319 5582 ll.
354 5526 433 5580 Αιι
464 5526 571 5578 duo
598 5530 915 5579 testamenta
950 5518 1145 5573 divina:
1173 5515 1310 5585 legis
1358 5513 1688 5578 referuntur,
1716 5514 1765 5567 in

177 5623 313 5689 Reg.
334 5639 347 5673 :
371 5617 437 5672 Et
467 5618 561 5688 {eri
610 5618 660 5669 in
685 5615 844 5668 Dabir
867 5615 968 5667 duo
995 5611 1251 5666 Cherubin
1281 5612 1451 5663 decem
1482 5610 1765 5663 cubitorum

180 5719 474 5771 altitudine
567 5708 656 5780 (lll
690 5705 817 5777 Reg.
851 5716 926 5772 vl,
966 5704 1081 5774 εδ).
1127 5702 1244 5756 Duo
1276 5712 1547 5770 praecepta
1579 5699 1762 5754 chari-

180 5804 547 5869 tatis,an.oris
576 5800 829 5857 videlicet
854 5798 946 5853 Dei
974 5807 1026 5853 et
1074 5794 1303 5866 proximi
1365 5793 1482 5848 Duo
1514 5795 1563 5846 in
1596 5807 1719 5863 agro
1744 5832 1759 5860 ,

1900 3279 1967 3331 tis
1997 3289 2236 3342 nostrae,
2288 3277 2585 3332 secundum
2640 3277 2926 3346 imaginem
2979 3277 3092 3348 ejus
3136 3278 3226 3348 qui
3273 3278 3480 3339 creavit

1898 3390 2014 3425 nos.
2043 3374 2144 3427 Sex
2172 3373 2269 3427 has
2301 3379 2485 3426 aetates
2508 3372 2613 3426 illa:
2644 3386 2740 3425 sex
2770 3370 2974 3442 hydria:
2997 3371 3322 3440 signilicant,
3354 3390 3481 3442 quas

1899 3466 2150 3520 Dominus
2180 3465 2384 3532 impleri
2426 3465 2586 3536 jussit
2612 3481 2769 3535 aqua,
2820 3474 2874 3519 et
2899 3464 2951 3519 in
2981 3465 3046 3519 iis
3071 3482 3205 3534 aqua
3236 3482 3481 3521 conversa

1893 3569 1963 3612 est
1994 3561 2045 3610 in
2083 3557 2253 3610 vinum
2278 3554 2456 3627 (Joan.
2487 3571 2545 3618 ιι,
2573 3555 2653 3624 6),
2688 3555 2872 3623 utjam
2905 3555 3301 3613 manifestatum
3326 3557 3481 3614 Chri-

1896 3659 2034 3701 stum
2071 3664 2122 3701 ιιι
2156 3649 2272 3718 lege
2300 3657 2354 3701 et
2380 3646 2657 3716 prophetis
2680 3647 3056 3717 intelligamus.
3078 3649 3169 3701 Illa
3192 3666 3321 3718 ergo
3342 3660 3478 3719 teut-

1895 3754 2027 3809 pora
2056 3754 2170 3803 sex,
2200 3736 2355 3807 quasi
2390 3751 2484 3805 per
2504 3737 2759 3789 articulos
2787 3737 3071 3792 distributa
3097 3747 3261 3807 atque
3283 3739 3477 3794 distin-

1890 3841 1996 3895 cta,
2030 3831 2182 3901 quasi
2216 3844 2338 3883 vasa
2370 3836 2552 3883 essent
2578 3827 2754 3881 inania
2778 3869 2791 3893 ,
2833 3828 2937 3881 nisi
2967 3844 2996 3882 a
3027 3828 3243 3883 Christo
3288 3832 3478 3901 imple-

1889 3930 2097 3977 rentur.
2133 3920 2400 3989 Tempora
2431 3918 2614 3985 utique
2647 3918 2878 3971 inaniter
2898 3918 3257 3985 prmterirent,
3284 3921 3387 3975 nisi
3418 3922 3471 3975 in

1888 4018 1966 4072 eis
1997 4015 2254 4069 Dominus
2291 4013 2447 4068 JeStts
2491 4012 2739 4066 Christus
2774 4011 3177 4079 praedicaretur.
3233 4012 3473 4083 lmpleta:

1888 4120 2015 4165 sunt
2046 4110 2204 4180 igitur
2238 4107 2465 4179 hydrite,
2492 4105 2545 4160 id
2579 4112 2685 4171 est,
2731 4103 3039 4174 adimpleta:
3089 4105 3469 4178 suntprophe-

1886 4206 1995 4260 tiae.

1961 4297 2070 4353 Vll.
2112 4295 2192 4350 Ad
2220 4295 2361 4349 diem
2393 4293 2700 4361 septimum,
2726 4292 2777 4345 in
2811 4306 2916 4360 quo
2942 4291 3194 4361 perfectis
3222 4292 3472 4350 omnibus

1891 4389 2147 4445 Dominus
2176 4388 2461 4457 requievit.
2494 4384 2551 4439 ln
2579 4382 2775 4436 Cenes.
2815 4400 2827 4434 ι
2862 4382 2928 4436 Et
2951 4385 3192 4453 requievit
3216 4384 3354 4439 Deus
3385 4387 3470 4440 die

1887 4485 2101 4555 septimo
2134 4484 2195 4535 ab
2226 4480 2366 4534 omni
2391 4493 2543 4545 opere
2564 4477 2700 4545 quod
2732 4485 2962 4543 patrarat
2995 4474 3145 4546 (Gen.
3172 4493 3228 4539 tt,
3255 4476 3330 4547 2).
3363 4478 3468 4531 Nu-

1810 4547 1856 4606 D
1888 4594 2070 4635 merus
2100 4579 2144 4631 is
2174 4576 2421 4629 humana:
2446 4569 2670 4625 rationis
2697 4584 2855 4623 causa
2886 4584 3146 4625 summam
3179 4573 3467 4650 perfectio-

1889 4687 2009 4726 nem
2030 4668 2295 4736 signiftcat
2320 4708 2333 4728 ,
2368 4663 2488 4733 quia
2525 4677 2590 4717 ex
2624 4662 2797 4727 primo
2821 4661 2935 4730 pari
2967 4671 3020 4715 et
3060 4677 3123 4718 ex
3159 4665 3332 4734 primo
3369 4670 3469 4723 im~

1887 4769 2001 4840 pari
2031 4772 2243 4821 constat
2271 4780 2282 4814 :
2340 4776 2405 4814 ex
2437 4758 2609 4827 primo
2640 4754 2903 4825 siquidem
2935 4756 3026 4825 qui
3057 4755 3222 4813 dividi
3257 4773 3464 4832 potest,

1883 4872 1939 4919 et
1959 4877 2023 4916 ex
2050 4858 2223 4929 primo
2252 4852 2340 4925 qui
2373 4850 2536 4905 dividi
2561 4864 2667 4902 non
2699 4856 2893 4917 potest.
2916 4849 3051 4904 Hinc
3074 4849 3351 4922 jubilaeus,
3374 4858 3465 4925 qui

1887 4953 2123 5023 perfecta
2170 4943 2384 5013 requies
2429 4939 2748 5009 exprimitur
2777 4979 2793 5003 ,
2853 4947 3063 5008 septem
3111 4938 3465 5000 hebdomadis

1879 5053 2112 5102 constat.
2147 5042 2281 5094 lli'tc
2310 5046 2499 5106 septem
2527 5032 2767 5103 spiritusf,
2794 5034 2877 5099 qui
2931 5045 3050 5087 sunt
3076 5045 3195 5088 ante
3224 5036 3463 5091 thronum

1881 5140 1977 5193 Dei
1999 5136 2180 5209 (Apoc.
2216 5148 2254 5195 ι,
2285 5131 2367 5199 4).
2404 5128 2471 5181 Et
2523 5124 2888 5194 septiformetn
2945 5124 3172 5194 gratiam
3227 5126 3462 5196 Spiritus

1878 5228 2048 5286 sancti
2080 5223 2518 5295 significaverunt
2565 5227 2756 5287 septem
2792 5233 2968 5284 partes,
2994 5217 3184 5286 quibus
3227 5217 3460 5274 Christus

1873 5333 2093 5395 quatuor
2118 5316 2379 5371 hominum
2408 5310 2573 5365 millia
2594 5309 2794 5363 satiavit
2816 5307 3028 5379 (Matth.
3051 5325 3144 5373 xv,

1956 5412 2090 5465 Vill.
2120 5409 2199 5463 Ad
2231 5406 2370 5461 diem
2418 5402 2748 5458 Dominicum
2780 5399 3220 5468 l'CaUl’l’CCliUlliS,
3248 5400 3300 5456 id
3330 5412 3413 5457 e-t
3442 5447 3456 5469 ,

1879 5518 2163 5563 octavum..
2188 5512 2243 5554 tn
2279 5498 2434 5552 titulo
2477 5496 2666 5564 p-almi
2688 5536 2701 5559 ,
2734 5491 2798 5544 In
2823 5493 2976 5560 ﬁnem
3003 5509 3098 5548 ora
3128 5506 3308 5549 octava
3337 5494 3456 5566 (Ps.

1876 5617 1947 5664 νι,
1988 5599 2059 5667 t).

1948 5691 2037 5746 IX.
2074 5687 2153 5743 Ad
2205 5690 2603 5740 sacramentum
2650 5679 2795 5733 hune
2839 5692 3151 5750 nonte,qua
3200 5679 3455 5735 Dominus

1872 5788 2121 5860 Spiritum
2150 5778 2349 5838 emisit.
2382 5776 2439 5830 lu
2468 5773 2754 5845 Evangelio
2780 5787 2792 5827 :
2820 5769 2889 5825 Et
2911 5772 3045 5826 circa
3069 5774 3247 5828 horam
3267 5790 3455 5830 nonam
