3932 6170
460 342 557 398 771

1443 334 1503 391 S.
1547 332 1872 394 EUCHEIIII
1906 330 2389 391 LUGDUNENSIS
2430 328 2735 387 EPI‘CUPI
3644 324 3734 384 773

461 457 696 513 clamarit
725 454 875 511 Iesus
898 470 1018 509 voce
1046 468 1229 522 magna
1259 449 1477 521 (Matth.
1506 466 1669 514 uvtt,
1696 449 1785 516 46)
1839 449 2051 504 Suntet
2081 456 2122 512 Α
2230 447 2342 501 XL.
2378 446 2456 501 Ad
2511 445 2935 514 quadragesima}
2992 452 3421 499 sacramentum.
3454 440 3514 499 In
3568 442 3734 499 Evan-

467 564 656 603 nmem
692 548 907 601 nomina
944 547 1302 612 pretiosorum
1328 541 1589 611 lapidum,
1614 549 1671 595 et
1692 555 1888 594 novem
1920 550 2048 593 sunt

459 640 681 694 ordines
706 638 1043 706 angelorum.

531 729 599 784 X.
636 729 715 783 Ad
746 727 1062 796 decaIOgum
1090 768 1105 791 ,
1148 724 1203 781 id
1231 733 1316 780 est
1339 766 1353 790 ,
1388 722 1575 777 decem
1604 721 1790 787 verba,
1850 735 1968 790 qua:
1999 718 2050 771 in

458 822 653 875 tabulis
687 820 893 874 duabus
920 819 1123 887 scripta
1154 825 1299 871 sunt.
1332 816 1389 870 In
1420 816 1617 883 'psalm.
1645 830 1659 867 :
1696 813 1761 866 In
1804 811 2051 884 psalterio

456 913 782 967 decachordo
812 912 1038 984 psallam
1068 910 1158 963 tibi
1191 908 1307 979 (Ps.
1337 924 1523 970 cum,
1556 903 1637 975 9).

534 1007 623 1062 XI.
660 1006 738 1061 Ad
768 1004 1064 1074 apostolos.
1097 1001 1152 1056 In
1198 1002 1496 1069 Evangelta
1524 1016 1537 1053 :
1602 997 1853 1053 Undecim
1881 1005 2053 1049 autem

459 1099 699 1170 discipuli
722 1097 952 1151 abierunt
995 1096 1048 1148 in
1090 1093 1367 1149 Galiltram
1410 1091 1634 1160 (Matth.
1669 1098 1831 1144 xs'vttt
1860 1132 1874 1155 ,
1938 1087 2051 1156 I6).

462 1187 806 1245 Undenarius
847 1185 1009 1241 etiam
1044 1200 1303 1238 numerus
1325 1228 1340 1250 ,
1375 1181 1591 1249 quando
1620 1180 1901 1233 denarium
1936 1195 2052 1231 mo-

464 1282 604 1337 nade
634 1270 875 1345 excedit,
909 1294 1007 1347 pra
1053 1286 1490 1346 trait-grcs-tune
1534 1283 1588 1326 et
1630 1270 2055 1340 reprehensione

467 1377 712 1446 ponitur;
741 1374 883 1429 unde
919 1382 974 1427 et
1019 1368 1218 1425 Petrus
1260 1368 1541 1437 apostolus
1589 1382 1693 1419 nou
1755 1379 1945 1433 passus
1974 1371 2059 1416 est

468 1486 753 1523 numerum
782 1466 1151 1536 apostolorum
1187 1462 1239 1515 in
1268 1461 1568 1514 undenaria
1594 1459 1921 1522 eonsistere,
1960 1454 2055 1509 sed

469 1564 617 1632 elegit
650 1558 925 1613 Matthiam
955 1557 1090 1626 (Act.
1125 1571 1174 1623 ι,
1206 1554 1303 1621 ‘26)
1337 1552 1719 1607 duodecimum
1752 1549 1804 1603 in
1834 1549 2052 1603 ordine.

475 1652 609 1705 llinc
641 1650 871 1703 undecim
896 1665 1020 1719 saga
1047 1648 1252 1699 cilicina
1281 1646 1335 1698 in
1367 1644 1521 1697 veteri
1548 1642 1659 1715 lege
1706 1641 1821 1710 ﬁeri
1872 1641 2059 1709 pra'ci-

467 1749 681 1816 p-‘untur
705 1744 905 1813 (Exod.
939 1758 1083 1802 uvr,
1107 1742 1182 1810 7),
1207 1755 1327 1807 qua:
1353 1736 1660 1808 signiﬁcant
1683 1734 2057 1805 paenitentiam

2155 538 2297 604 pelio
2334 555 2346 591 :
2379 536 2439 590 Et
2468 537 2713 607 agebatur
2736 554 2766 589 a
2796 537 2981 604 spiritu
3013 538 3063 589 in
3096 536 3295 589 deserto
3315 536 3494 590 diebus
3523 537 3738 604 quadra-

2154 630 2294 694 ginta
2342 626 2491 697 (Luc.
2539 644 2614 689 tv,
2639 627 2723 697 ι).
2762 628 2824 681 Et
2854 644 3025 681 vtrtus
3057 628 3304 697 Decalagi
3330 668 3345 690 ,
3381 644 3479 697 per
3508 638 3738 699 quatuor

2156 720 2323 774 libras
2358 719 2634 789 Evangelii
2685 718 2975 788 impletur;
2997 719 3250 788 Decalogi
3279 728 3460 774 autem
3493 720 3737 775 mandata

2158 811 2488 878 perﬁcimus,
2519 812 2563 865 si
2594 822 2824 881 quatuor
2852 811 3025 866 sancti
3081 811 3351 881 Evangelii
3400 811 3577 866 libros
3626 827 3740 882 per-

2156 904 2296 958 fecte
2325 904 2663 957 custodimus
2693 922 2705 955 :
2734 904 2811 958 sic
2845 919 2937 972 per
2959 905 3380 970 continentiam,
3413 904 3659 973 vigilias.
3689 914 3739 960 et

2158 999 2453 1061 orationes,
2478 1006 2531 1050 et
2556 1006 2747 1050 eastern
2771 1036 2786 1057 ,
2816 1012 2936 1064 quin
2966 996 3258 1062 Apostolus
3312 1006 3736 1057 commemorat.

2156 1102 2300 1144 arma
2326 1089 2546 1159 justitise
2572 1089 2649 1161 (Il
2676 1088 2793 1143 Cor.
2819 1105 2893 1154 vt,
2919 1089 2972 1161 ἶ)
3003 1091 3069 1145 ad
3102 1089 3427 1145 immortalis
3461 1090 3588 1144 vita
3616 1104 3745 1158 prac-

2128 1254 2133 1259 '
2167 1184 2271 1236 mia
2303 1184 2665 1251 pervenimus.

2230 1274 2389 1331 XLII.
2427 1276 2505 1331 Ad
2540 1291 2822 1331 numerum
2864 1277 2915 1330 in
2945 1290 3129 1332 eremo
3158 1275 3500 1331 mansionum
3526 1318 3543 1343 ,
3566 1275 3655 1332 vel
3682 1276 3740 1332 ad

2161 1384 2441 1422 numerum
2517 1369 2959 1438 generationum,
3004 1383 3126 1438 quae
3170 1368 3241 1422 ab
3287 1367 3567 1423 Abraham
3623 1378 3744 1425 sunt

2160 1475 2332 1530 usque
2360 1460 2424 1513 ad
2458 1459 2742 1513 Dominutn
2774 1458 2956 1515 Jt-sutu
2986 1460 3260 1514 Christum
3293 1457 3518 1530 (Matth.
3553 1460 3614 1531 t).

2233 1548 2419 1607 XLVI.
2459 1552 2816 1619 Quadraginta
2837 1564 2886 1606 et
2907 1569 2999 1608 sea:
3017 1553 3164 1606 annis
3193 1540 3505 1622 tediﬁcatttm
3532 1562 3608 1607 est
3634 1562 3747 1608 teat-

2162 1642 2305 1711 plum
2352 1644 2533 1714 (Joan.
2564 1661 2621 1707 ιι,
2652 1645 2771 1714 20),
2804 1660 2832 1697 a
2869 1644 3340 1715 trausmigratione
3390 1644 3745 1701 redeuntibus

2162 1736 2390 1800 Judmis,
2424 1738 2659 1790 secunda
2696 1737 3053 1792 adiuratione
3078 1748 3202 1807 post
3246 1737 3621 1794 Salomonem.
3649 1738 3747 1807 jIlic

467 1848 618 1891 nctus
643 1850 738 1906 pro
763 1833 1066 1887 commissis
1095 1835 1349 1899 pet-catis.
1384 1830 1466 1882 Ad
1492 1829 1813 1881 undecimam
1840 1826 2054 1878 tandem
2096 1850 2140 1909 Β
2168 1844 2431 1882 annorum
2494 1844 2751 1883 numerus
2811 1828 3129 1897 terfectioni
3185 1828 3453 1884 Dominici
3512 1831 3748 1901 corporis

466 1927 648 1980 horam
681 1924 897 1996 (Matth.
930 1941 1021 1988 xx,
1052 1922 1128 1993 6),
1154 1922 1383 1992 gentiles
1409 1930 1465 1976 et
1504 1927 1637 1973 artas
1664 1918 1937 1986 decrepita
1966 1932 2055 1969 vo-

467 2028 641 2071 Cultu“.

545 2104 658 2163 XII.
695 2105 772 2161 Ad
796 2106 1073 2172 apo-talos
1098 2103 1149 2157 in
1182 2103 1477 2172 Evangelia
1506 2121 1519 2155 :
1558 2101 1841 2156 Duodecim
1887 2113 2060 2154 autent

468 2200 817 2270 apostolorum
848 2197 1055 2250 nomina
1080 2204 1199 2247 sunt
1227 2194 1335 2247 haec
1366 2194 1483 2264 (Ma
1508 2194 1582 2246 th.
1612 2210 1666 2263 ι,
1696 2192 1777 2265 2).
1813 2193 1925 2248 Iloc
1964 2207 2063 2247 nu-

472 2309 623 2348 mero
662 2291 1010 2361 ‘signilicatur
1065 2290 1305 2342 universa
1358 2289 1709 2358 judicantium
1778 2286 2062 2340 multitudo

470 2386 684 2459 (Matth.
712 2401 823 2454 six,
850 2382 968 2454 ‘28),
1002 2394 1223 2453 propter
1252 2382 1385 2438 duas
1411 2394 1590 2451 partes
1617 2380 1934 2449 septenarii,
1955 2395 2059 2449 qua

472 2483 792 2549 plerumque
817 2478 1150 2547 signiﬁcatur
1174 2476 1500 2528 universitas
1524 2492 1535 2527 :
1561 2490 1680 2543 qua:
1703 2472 1822 2525 dua:
1849 2484 2057 2540 partes,

473 2572 524 2625 id
576 2579 700 2636 est,
743 2569 843 2623 tria
884 2578 938 2623 et
994 2578 1245 2637 qu:ttunr,
1275 2564 1443 2620 alteta
1477 2580 1571 2635 per
1600 2565 1821 2618 alterum
1855 2574 2058 2633 partem

473 2662 867 2734 multiplicate,
885 2652 1170 2717 duodecim
1199 2659 1421 2715 faciunt.

538 2748 681 2811 XIV.
712 2757 789 2810 Ad
820 2746 1329 2809 sacramentum'Do
1352 2752 1543 2806 ninicl'e
1572 2750 1956 2820 generationis.
1995 2748 2051 2804 lu

473 2850 782 2919 Evangelia,
812 2847 887 2901 Ab
912 2845 1171 2901 Abraham
1196 2861 1352 2916 usque
1381 2844 1447 2897 ad
1473 2843 1642 2897 David
1658 2885 1672 2910 ,
1703 2843 2058 2914 generationes

469 2953 586 2996 sunt
616 2940 999 3013 quatuordecim
1032 2930 1249 3004 (Matth.
1282 2953 1321 3003 ι,
1348 2932 1459 3008 {7).

546 3033 660 3087 XV.
694 3032 773 3088 Ad
798 3032 1108 3101 quindecim
1141 3033 1339 3102 gradus
1387 3032 1604 3101 templi,
1631 3044 1767 3101 quos
1800 3029 1926 3085 fecit
1958 3030 2059 3086 Sa-

473 3126 685 3189 lomon,
714 3124 779 3177 ad
807 3139 1035 3194 quorum
1071 3140 1353 3177 numerum
1374 3165 1387 3188 ,
1417 3124 1721 3192 quindecim
1755 3123 1944 3192 psalmi
1968 3123 2057 3191 qui

2164 1921 2443 1989 aptissime
2479 1923 2751 1975 convenit.

2235 2015 2295 2070 L.
2330 2016 2406 2069 Ad
2442 2014 2830 2075 Petttccostcn;
2861 2014 2913 2067 iu
2961 2014 3062 2068 Act
3087 2013 3185 2068 bus
3224 2013 3610 2081 Apostolorum
3647 2032 3661 2067 :
3694 2014 3750 2071 Et

2163 2124 2279 2160 cum
2312 2108 2688 2177 complerentur
2720 2108 2827 2159 dtes
2855 2104 3180 2159 Pentreostes
3207 2105 3344 2176 (Act.
3377 2122 3436 2172 ιι,
3465 2106 3545 2178 1).

2236 2199 2351 2256 LX.
2390 2203 2467 2254 Ad
2501 2200 2733 2255 fructum
2764 2199 2970 2261 viduis.
3003 2200 3117 2255 sive
3153 2201 3563 2256 continentibus
3608 2201 3753 2257 delii-

2167 2302 2295 2346 tum.
2331 2292 2385 2347 In
2420 2292 2751 2360 Evangelia:
2785 2290 2849 2345 Et
2898 2291 3094 2345 dabunt
3143 2292 3400 2361 fructum,
3433 2292 3582 2347 aliud
3612 2312 3751 2349 sexa-

2168 2387 2417 2456 gesimum
2450 2386 2669 2457 (.llatth.
2701 2402 2817 2454 xm,
2847 2384 2924 2457 8).

2238 2476 2449 2532 LXXII.
2484 2477 2563 2531 Ad
2598 2495 2879 2532 numerum
2929 2479 3340 2548 presbyterorum
3366 2476 3543 2549 Moysi
3568 2478 3748 2551 (Nunt.

2166 2584 2241 2635 ιιι,
2284 2567 2402 2639 ει),
2432 2568 2515 2622 vel
2547 2567 2939 2637 discipulorum
2991 2585 3129 2640 quos
3172 2570 3438 2625 Dominus
3482 2572 3678 2639 elegit,
3708 2573 3750 2625 in

2168 2661 2464 2729 Evangelia
2495 2680 2506 2714 :
2537 2660 2663 2715 Post
2702 2664 2822 2729 ha'c
2868 2674 3037 2715 aufem
3087 2662 3370 2734 designavit
3419 2661 3672 2716 Dominus
3712 2672 3752 2716 et

2164 2754 2295 2807 al‘os
2333 2754 2663 2823 septuaginta
2694 2752 2846 2821 duos,
2871 2762 2915 2807 et
2947 2755 3082 2805 misit
3112 2754 3228 2806 illos
3255 2753 3401 2807 binos
3432 2765 3551 2807 ante
3575 2756 3752 2825 facient

2164 2861 2311 2900 suam
2341 2845 2393 2898 in
2424 2860 2625 2897 omnem
2653 2843 2907 2897 civitatem
2940 2841 3089 2914 (Luc.
3117 2860 3169 2908 ιι,
3198 2844 3271 2913 1).

2228 2932 2299 2993 Ὀ.
2329 2936 2409 2992 Ad
2442 2948 2741 3006 martyrum
2771 2938 3003 2991 tractum
3038 2940 3153 2992 sive
3187 2937 3480 3006 virginum.
3505 2936 3562 2990 In
3585 2937 3754 2992 Evan-

2166 3032 2306 3100 gelia
2329 3051 2339 3085 ;
2362 3029 2570 3085 Dabunt
2587 3031 2808 3102 fructum
2830 3029 2974 3083 aliud
2990 3029 3318 3083 centesimum
3333 3028 3751 3099 (Matt/imitus).

2166 3124 2435 3178 Numerus
2463 3124 2553 3178 ille
2572 3122 2873 3177 absolutam
2904 3120 3294 3189 perfectionem
3317 3120 3610 3191 signiﬁcat,
3626 3121 3753 3175 sicut

473 3218 844 3273 inscribuntur
882 3218 1164 3271 Canticum
1222 3218 1482 3288 graduum
1504 3258 1517 3280 ,
1565 3219 1849 3287 compositi
1891 3226 2061 3282 sunt;
2096 3222 2140 3284 C
2173 3216 2240 3272 de
2270 3216 2459 3271 electis
2488 3216 2683 3270 dicitur
2707 3232 2719 3269 :
2747 3214 2849 3282 Qui
2872 3213 3138 3285 reliquerit
3159 3212 3398 3280 domum,
3429 3222 3519 3265 aut
3553 3217 3749 3284 fratres,

477 3311 526 3365 id
573 3320 686 3377 est,
722 3311 1018 3379 a'psalmo.
1060 3309 1139 3362 Ad
1174 3310 1445 3363 Dominum
1476 3326 1591 3363 cum
1634 3309 1908 3363 tribularer
1938 3309 2060 3381 (Ps.

473 3419 620 3468 cxnx,
652 3403 727 3476 I),
764 3408 932 3473 usque
962 3402 1049 3463 ad.
1080 3392 1309 3455 Lattttate
1335 3418 1517 3454 nomen
1547 3397 1780 3454 Domini.

548 3495 692 3550 XVI.
722 3495 801 3551 Ad
838 3509 1122 3549 numerum
1154 3494 1560 3563 prophetarum.

548 3576 717 3645 XXII.
752 3585 833 3642 Ad
883 3595 1279 3641 sacramentum
1328 3572 1633 3640 divinorum
1686 3583 2059 3650 voluminum,

479 3678 776 3734 secundum
812 3678 1014 3733 litteras
1045 3678 1419 3732 Ileltrmurum.

551 3772 745 3829 XXIV.
774 3772 857 3827 Ad
890 3772 1204 3841 mysterium
1250 3770 1463 3824 numeri
1495 3769 1797 3825 seniorum.
1831 3766 1886 3821 Iu
1920 3768 2062 3833 Apo-

480 3868 687 3939 calypsi
718 3886 730 3921 :
762 3854 827 3920 Et
859 3882 1009 3938 super
1052 3867 1261 3919 thronos
1290 3864 1469 3934 viginti
1500 3872 1546 3916 et
1574 3872 1795 3931 quatuor
1842 3862 2062 3916 seniores

476 3962 660 4029 (Apoc.
691 3974 768 4024 tv,
798 3958 878 4027 4).
916 3956 1403 4027 Etvigintiquatuor
1424 3955 1645 4009 sortibus
1677 3956 1729 4008 in
1764 3952 2063 4007 ministeria

484 4051 670 4123 templi
718 4049 991 4105 distributi
1044 4053 1259 4101 luerunt
1305 4049 1618 4102 sacerdotes
1658 4064 1689 4099 a
1731 4063 1847 4116 rege
1895 4043 2063 4097 David

474 4144 525 4210 (I
565 4142 688 4195 Par.
722 4157 868 4207 xxiv,
898 4140 975 4210 7).

545 4233 720 4289 XXX.
751 4233 831 4289 Ad
864 4232 1070 4287 fructus
1094 4230 1331 4285 ﬁdelium
1357 4228 1754 4298 canjugiorum.
1790 4228 1846 4281 In
1882 4227 2063 4281 Evan-

471 4326 656 4396 gelia:
695 4324 758 4379 Et
807 4325 997 4379 da!unt
1046 4306 1465 4393 [ructum‘aliud
1509 4320 1869 4385 centesimum,
1917 4320 2064 4373 aliud

468 4420 875 4490 sexagesimum,
907 4416 1051 4472 aliud
1075 4416 1383 4470 tricesimum
1412 4412 1629 4483 (Matth.
1662 4427 1778 4478 χιιι,
1808 4410 1887 4480 8),
1917 4413 2060 4476 quod

469 4513 536 4566 ad
567 4512 828 4582 conjuges
849 4553 864 4576 ,
895 4510 1294 4580 sexagesimum
1341 4508 1409 4563 ad
1449 4506 1669 4573 viduas,
1701 4508 2061 4560 centesimum

467 4607 533 4661 ad
558 4607 797 4676 virgines
828 4606 1084 4675 pertinet.

542 4697 783 4753 XXXIII.
816 4696 896 4752 Ad
930 4696 1244 4767 mysterium
1295 4694 1474 4749 aetatis
1500 4734 1514 4758 ,
1556 4710 1657 4761 qua
1706 4693 1969 4748 Dominus
2002 4692 2054 4746 in

471 4805 637 4844 carne
660 4799 902 4843 versatus
929 4798 1044 4855 est;
1072 4790 1125 4844 in
1150 4788 1437 4859 Apostolo,
1468 4787 1607 4842 sicut
1636 4786 1957 4857 quibusdam
1990 4801 2058 4841 ex

466 4882 567 4937 hac
616 4881 857 4949 videtur,
904 4882 1078 4936 Donec
1126 4898 1459 4936 occurramus
1511 4883 1563 4935 in
1594 4882 1790 4934 unitate
1837 4879 1960 4951 ﬁdei
2010 4888 2056 4933 et

462 4972 738 5041 agnitionis
764 4962 861 5041 ﬁlii
891 4972 1017 5037 Dei,
1049 4974 1101 5026 in
1138 4974 1304 5025 virum
1337 4964 1618 5044 perfectam
1641 5013 1657 5039 ,
1688 4972 1739 5025 in
1762 4986 2053 5024 mensuram

457 5064 621 5117 atatis
649 5062 985 5136 plenitudinis
1016 5065 1206 5120 Christi
1236 5063 1401 5136 (Eph.
1437 5080 1514 5131 tv,
1543 5065 1656 5133 I5).

2168 3322 2260 3365 aut
2301 3326 2539 3376 sorores;
2581 3319 2635 3364 et
2678 3319 2875 3363 caetera
2924 3324 3045 3377 qum.
3090 3317 3394 3377 sequuntur
3423 3326 3435 3361 :
3462 3307 3750 3378 centuplum

2164 3404 2399 3474 accipiet,
2429 3414 2477 3456 et
2506 3402 2658 3455 vitam
2675 3411 2920 3455 aeternam
2949 3401 3223 3470 possidebit
3248 3399 3464 3471 (.llattlt.
3495 3415 3615 3465 ιιι,
3640 3397 3745 3466 29).

2164 3500 2388 3552 (ἰριιιιιιιι
2436 3499 2599 3551 etiam
2648 3498 3007 3567 quantitatem
3090 3502 3352 3564 temporis
3406 3495 3645 3555 indicat.
3699 3507 3752 3546 ut

2168 3593 2363 3655 Isaias,
2403 3590 2617 3646 Centum
2664 3606 2919 3643 annorum
2965 3606 3092 3658 puer
3134 3592 3425 3653 morietur;
3454 3597 3511 3642 et
3560 3597 3748 3642 cmtrra

2167 3682 2302 3753 (Isa.
2348 3699 2477 3751 uv,
2517 3683 2627 3751 20).
2681 3683 2775 3737 Est
2814 3692 2868 3738 et
2912 3682 2964 3737 in
3008 3682 3301 3750 Evangelia
3343 3683 3625 3735 centesima
3652 3681 3747 3733 cria

2164 3776 2316 3846 (Luc.
2345 3791 2431 3840 xv,
2455 3774 2536 3845 ι),
2568 3789 2728 3841 quam
2756 3773 3003 3829 Christus
3033 3773 3207 3829 sacris
3235 3772 3350 3827 suis
3382 3773 3627 3827 humeris
3655 3770 3749 3825 im-

2168 3881 2373 3937 ponens
2403 3867 2467 3919 ad
2497 3867 2772 3921 caelestem
2810 3865 3033 3934 patriam
3064 3865 3277 3919 detulit.

2237 3957 2306 4012 M.
2338 3957 2669 4012 Millenarius
2722 3972 2982 4015 numerus
3015 3970 3112 4025 pro
3145 3955 3480 4024 perfectione
3512 3954 3748 4009 omnium

2168 4066 2519 4105 numerorum
2562 4048 2800 4119 punitur,
2844 4058 2896 4103 et
2927 4064 3022 4117 pro
3054 4046 3294 4117 perfecta
3335 4046 3609 4101 bonorum
3638 4061 3749 4101 am-

2167 4143 2311 4196 nium
2359 4143 2591 4195 actione.
2638 4140 2729 4195 Sic
2773 4140 2967 4195 Petrus
3008 4139 3060 4193 in
3109 4138 3352 4209 Epistola
3385 4159 3399 4191 :
3428 4136 3604 4191 Unum
3642 4152 3751 4190 vero

2167 4233 2261 4285 hoc
2302 4248 2400 4285 non
2434 4231 2589 4284 lateat
2631 4247 2741 4293 vos,
2789 4229 3113 4291 cltarissimi,
3144 4229 3267 4297 quia
3296 4244 3431 4282 unus
3461 4229 3573 4281 dies
3616 4226 3750 4295 apud

2172 4324 2499 4388 Deum,sicut
2529 4322 2669 4377 mille
2696 4323 2916 4377 amtilll
2948 4321 3088 4377 Petr.
3115 4337 3199 4385 III,
3222 4320 3300 4391 8).
3326 4320 3462 4375 Nam
3494 4321 3552 4375 in
3574 4320 3753 4389 cogni-

2168 4416 2316 4472 tione
2381 4417 2506 4483 Dei,
2560 4415 2872 4486 praaterita,
2928 4414 3223 4483 praesentia
3281 4422 3339 4467 et
3400 4411 3581 4466 futura
3631 4420 3752 4465 sunt

2167 4509 2450 4579 mqualiter
2475 4509 2788 4578 praesentia;
2810 4516 2865 4562 ct
2889 4522 3013 4577 qua:
3040 4507 3229 4575 longa,
3252 4504 3370 4560 sive
3397 4504 3581 4560 brevia
3604 4502 3755 4558 nobis

2086 4601 2139 4661 D
2167 4601 2417 4655 videntur
2449 4609 2749 4670 temporum
2804 4599 3075 4655 curricula
3098 4643 3113 4667 ,
3141 4597 3371 4668 aequalis
3419 4598 3576 4666 spatii
3628 4604 3756 4651 sunt

2159 4692 2299 4760 apud
2332 4691 2526 4746 Deum.
2572 4691 2684 4746 llos
2716 4690 2879 4759 igitur
2906 4700 3086 4743 certos
3112 4697 3475 4758 sacratasque
3502 4699 3753 4743 numeros

2161 4783 2396 4851 exempli
2430 4793 2640 4839 tantum
2669 4796 2831 4838 causa
2862 4783 3206 4852 protulimus.
3236 4780 3378 4837 Sunt
3404 4796 3534 4837 vero
3557 4789 3754 4851 prater

2161 4892 2256 4931 eos
2291 4876 2538 4945 plurimi,
2573 4876 2661 4930 vel
2692 4888 2831 4946 pene
2861 4888 3053 4930 omnes
3082 4875 3315 4941 sacrati,
3343 4874 3437 4945 qui
3460 4888 3575 4944 quo
3595 4871 3755 4927 modo

2158 4969 2318 5035 ﬂant,
2347 4970 2461 5040 ipse
2488 4965 2687 5023 divina:
2720 4966 2970 5023 lectionis
2997 4975 3275 5021 scrutator
3293 4964 3571 5021 invenies.
