3932 6170
144 300 246 359 νδ

153 421 494 436 ..υ-...σ’-
560 417 845 429 ‘.-""——

1334 301 1897 359 INSl'llLCTIONUI
1938 301 2141 358 LIBER
2181 304 2223 359 1.

863 421 1641 629 me“
1716 424 2598 663 nassae

3328 305 3429 358 ΤΗ

2088 424 2463 437 ..ψ-Ψ.

2468 420 3030 439 *ΨΜ*

1300 704 1849 769 LUGDUNENSIS
1891 703 2238 768 EPISCOPI
2728 730 2735 747 ι

722 843 2839 995 lNSTRUCTIONUM

1362 1062 1520 1144 AD
1597 1058 2199 1142 SALONIUM

1562 1195 1774 1256 LIBRI
1820 1194 2003 1256 DUO.

1176 1451 1648 1558 LIBER
1730 1452 2391 1562 PRIMUS.

464 1616 833 1676 PRIEFATIO
871 1616 963 1671 AD
1004 1614 1378 1671 SALONIUM.

207 1718 373 1784 Same
402 1732 430 1768 a
461 1730 548 1770 me
578 1712 816 1784 requiris
855 1710 1149 1766 multarum
1197 1724 1380 1765 rerum
1430 1706 1730 1763 absolutio.

147 1825 306 1875 nem,
340 1800 462 1876 qua:
488 1807 541 1860 in
572 1804 773 1859 divinis
816 1801 1180 1857 voluminibus
1229 1800 1581 1870 interpretem
1635 1814 1732 1868 pos

141 1902 388 1962 stulant;
420 1899 706 1970 colligam,
753 1903 922 1967 prout
968 1892 1236 1950 redierint
1284 1894 1337 1947 in
1382 1891 1730 1957 memoriam,

137 2010 260 2064 quae
292 2010 322 2048 a
357 2003 413 2048 te
442 2036 456 2061 ,
489 1990 562 2047 mi
620 1986 841 2053 Saloni,
893 1986 1073 2041 studio
1124 1984 1486 2053 cognoscendi
1546 1983 1737 2038 sedulo

136 2086 473 2154 copioseque
529 2082 737 2151 prolata
782 2087 942 2145 sunt,
979 2086 1147 2148 atque
1197 2075 1277 2129 cis
1329 2091 1435 2131 non
1494 2090 1559 2131 ex
1612 2089 1734 2129 meo

140 2176 410 2248 ingenio,
465 2173 559 2229 sed
638 2188 703 2228 ex
771 2170 1059 2226 illustrium
1119 2169 1405 2225 doctorum
1474 2166 1732 2237 judicio,

140 2282 321 2336 neque
377 2281 442 2321 ex
517 2266 735 2336 propria
804 2264 1145 2329 temeritate,
1203 2261 1298 2317 sed
1362 2276 1429 2316 ex
1502 2261 1732 2316 aliorum

139 2360 469 2415 auctoritate
511 2357 871 2426 respondeam
897 2399 912 2423 ,
945 2363 1289 2418 consectans,
1328 2366 1433 2407 non
1475 2360 1585 2407 tam
1616 2353 1732 2407 elo-

139 2452 247 2522 quii
284 2451 615 2506 exsultantis
662 2450 925 2504 allliti'lllll
977 2464 1137 2518 quam
1182 2448 1504 2503 necessaria:
1557 2445 1737 2501 brevi-

141 2545 267 2599 tatis
300 2544 543 2595 modum.
575 2542 666 2597 Sic
695 2544 839 2597 enim
863 2553 915 2596 et
944 2541 1247 2595 innumeris
1272 2538 1524 2593 satisﬁeri
1558 2538 1737 2608 inqui-

140 2633 569 2689 sitionibus‘tuis
597 2633 831 2703 poterit,
856 2640 913 2688 et
940 2632 1071 2687 mibi
1105 2630 1330 2701 insuper
1356 2630 1587 2685 liberum
1627 2629 1736 2685 erit

139 2726 328 2795 aliqua
378 2727 721 2780 extrinsecus
764 2740 884 2793 quae
930 2723 1227 2793 cognitioni
1279 2730 1383 2777 tua:
1414 2723 1561 2776 utilia
1592 2720 1737 2776 arbi-

142 2821 332 2874 trabor
380 2820 647 2884 inserere,
679 2830 738 2872 ut
768 2824 854 2871 est
878 2825 934 2872 et
969 2815 1133 2883 illud,
1165 2814 1302 2884 Quid
1346 2813 1612 2885 signiticet
1639 2814 1735 2869 Al-

142 2914 302 2967 lelnia
325 2954 340 2978 ,
378 2912 678 2980 Diapsalma
698 2952 710 2975 ,
736 2910 945 2975 Amen;
976 2908 1103 2980 quid
1131 2909 1201 2963 sit
1227 2907 1468 2973 Cidaris,
1510 2906 1732 2977 prod,

1755 1618 1807 1674 Α
1835 1596 2279 1672 demonstremus
2328 1617 2573 1672 exordio.
2618 1615 2685 1671 In
2729 1621 3015 1691 principio,
3067 1622 3271 1694 inquit,
3314 1628 3434 1698 fecit

1837 1708 1976 1764 Deus
2003 1711 2183 1764 caelum
2213 1718 2259 1764 et
2289 1719 2496 1766 terram.
2525 1711 2592 1766 Et
2618 1710 2758 1767 infra
2785 1730 2797 1766 :
2826 1712 2893 1765 Et
2918 1716 3132 1784 spiritus
3161 1716 3258 1773 Dei
3294 1724 3429 1790 fere-

1839 1800 1986 1853 batur
2013 1816 2168 1869 super
2193 1817 2352 1870 aquas
2399 1799 2551 1871 (Gen.
2581 1816 2623 1867 1,
2654 1800 2731 1873 Ξ).
2763 1803 2820 1857 111
2854 1803 3137 1876 principio,
3180 1809 3283 1865 hoc
3311 1822 3427 1879 est,

1838 1893 1889 1947 in
1914 1893 2073 1963 Filio,
2107 1894 2229 1958 quia
2264 1908 2360 1963 per
2389 1893 2586 1949 Filium
2616 1894 2743 1951 fecit
2784 1897 2928 1954 Deus
2958 1898 3122 1955 Pater
3142 1901 3343 1957 cmlum
3376 1914 3432 1959 et

1839 1992 2061 2038 terram.
2094 1982 2192 2039 Cui
2224 1995 2282 2039 et
2315 1983 2443 2039 illud
2484 2000 2512 2039 a
2545 1985 2701 2041 Patre
2745 1986 2979 2043 dicitur:
3010 1989 3290 2048 Faciamus
3337 1995 3432 2050 Ito-

1838 2078 2022 2131 minem
2067 2079 2136 2131 ad
2176 2079 2453 2149 imaginem
2491 2087 2540 2133 et
2569 2080 2961 2137 similitudinem
3010 2094 3235 2139 nostram
3276 2085 3431 2159 (Cen.

1837 2186 1875 2237 1,
1903 2171 2022 2242 26).
2070 2170 2263 2226 Omnia
2303 2170 2448 2226 enim
2491 2186 2592 2241 per
2630 2171 2825 2229 Filium
2859 2187 3113 2243 operatus
3141 2188 3227 2232 est
3256 2196 3268 2232 :
3298 2181 3433 2244 Quia

1837 2263 2011 2317 omnia
2057 2279 2146 2331 per
2174 2263 2342 2334 ipsum
2391 2263 2530 2330 facta
2574 2274 2723 2332 sunt,
2751 2273 2800 2320 et
2823 2266 2936 2321 sine
2977 2268 3090 2337 ipso
3138 2268 3333 2339 factum
3360 2282 3435 2325 est

1838 2352 1968 2406 nihil
1996 2352 2175 2423 (Joan.
2208 2369 2245 2419 1,
2277 2352 2356 2423 5).
2392 2351 2679 2409 Ferebatur
2714 2366 2885 2411 autem
2915 2374 3070 2427 super
3097 2378 3255 2432 aquas
3285 2364 3435 2431 spiri-

1840 2456 1919 2499 tus
1959 2445 2056 2501 Dei
2102 2446 2255 2515 (Gen.
2292 2463 2329 2514 1,
2366 2447 2448 2517 2),
2483 2448 2671 2519 utique
2711 2460 2948 2508 sanctus.
3003 2452 3142 2511 Ecce
3179 2455 3349 2513 habes
3381 2466 3436 2513 et

1843 2536 2008 2592 Deum
2062 2538 2316 2603 Patrem,
2358 2547 2412 2593 et
2462 2538 2693 2605 Filium,
2737 2550 2794 2597 et
2846 2543 3108 2614 Spiritum
3166 2556 3432 2604 sanctum.

1841 2625 1976 2681 Item
2008 2627 2153 2681 aliud
2180 2625 2383 2682 :Verbo
2415 2628 2619 2684 Domini
2647 2631 2762 2685 cteli
2789 2632 2979 2703 ﬁrmati
3004 2645 3145 2699 sunt,
3177 2647 3221 2691 et
3252 2640 3437 2710 spiritu

1843 2718 1948 2773 oris
1976 2723 2090 2791 ejus
2134 2722 2300 2774 omnis
2342 2721 2502 2775 virtus
2533 2738 2709 2777 eorum
2756 2723 2929 2792 (Psal.
2974 2742 3150 2791 xxxn,
3188 2728 3267 2799 6).
3298 2730 3438 2787 Ecce

1832 2810 2043 2876 Deum,
2073 2822 2126 2868 et
2162 2814 2385 2868 verbum
2418 2814 2562 2882 quod
2593 2810 2676 2869 est
2718 2816 2908 2885 Filius,
2939 2828 2991 2873 et
3022 2819 3285 2889 Spiritum
3316 2822 3440 2891 ejus

1842 2914 2108 2958 sanctum.
2161 2903 2296 2958 Item
2349 2905 2403 2959 in
2452 2904 2916 2977 Evangeliozlte,
2949 2909 3206 2979 baptizata
3262 2929 3438 2967 omnes

141 3006 323 3061 S‘elus
352 3013 405 3058 et
433 3014 631 3058 caetera
666 3019 822 3074 :quze
869 3003 955 3057 vel
995 3003 1050 3056 in
1080 3003 1253 3058 sacris
1285 3001 1440 3055 libris
1484 3002 1737 3069 irequen-
1773 2998 1813 3057 Β
1843 3004 2011 3067 gentes
2049 3037 2063 3060 .
2116 2995 2169 3048 in
2217 2996 2422 3050 nomine
2470 2995 2676 3065 Patris,
2721 2997 2851 3054 Filii
2893 3009 2940 3056 et
2990 3001 3222 3071 Spiritus
3269 3007 3441 3060 sancti

145 3106 273 3162 tals,
318 3096 404 3151 vel
448 3097 681 3150 maxime
712 3097 765 3148 in
796 3094 1056 3149 Ecclesia:
1088 3109 1185 3147 usu
1233 3094 1439 3163 posita,
1472 3092 1731 3161 interpre-

140 3190 405 3243 tationem
468 3187 776 3258 reqnirunt.
829 3186 955 3242 llac
996 3200 1122 3240 cum
1179 3200 1238 3240 se
1285 3184 1588 3261 legentibus
1643 3196 1738 3253 per

140 3290 317 3333 tutum
344 3278 744 3343 Scripturarum
769 3291 967 3345 corpus
1000 3275 1190 3330 crebro
1220 3274 1470 3341 oll‘erant,
1502 3290 1609 3328 non
1642 3274 1737 3326 abs

144 3385 201 3425 re
239 3368 554 3425 existimavi
584 3381 647 3422 ea
694 3366 789 3422 tibi
819 3382 941 3421 cum
988 3365 1476 3435 signiﬁcatiornbus
1521 3367 1634 3420 suis
1683 3364 1738 3418 in

141 3475 308 3529 opere
335 3461 439 3513 hoc
458 3459 611 3529 quasi
635 3470 953 3513 coacervata
976 3456 1287 3512 ostendere.
1336 3455 1565 3526 Dignum
1590 3471 1741 3509 nam-

147 3570 247 3621 que
278 3562 371 3609 est
400 3566 741 3623 quacumque
769 3565 896 3604 cura
931 3563 1047 3605 mea
1078 3550 1354 3619 ingenium
1405 3559 1553 3603 11111111
1587 3563 1744 3619 repa-

146 3647 290 3711 rari,
338 3645 431 3715 qui
479 3643 700 3698 vixdum
741 3642 931 3697 decem
983 3651 1140 3696 natus
1171 3656 1342 3696 annos
1367 3656 1607 3696 eremum
1655 3642 1742 3696 in-

144 3751 397 3807 gressus,
423 3736 567 3790 inter
594 3734 711 3789 illas
739 3745 1045 3788 sanctorum
1078 3747 1272 3787 manus
1301 3747 1407 3787 non
1443 3732 1617 3788 solum
1644 3734 1745 3787 im-

145 3832 337 3894 butus,
364 3844 557 3884 verum
585 3828 748 3883 etiam
780 3827 1051 3882 enutritus
1075 3826 1153 3881 sis
1174 3826 1242 3880 ab
1266 3826 1540 3881 Ilonorato
1569 3833 1741 3895 patre,

147 3923 259 3991 illo,
281 3923 536 3992 inquam,
555 3920 787 3986 primum
817 3917 1139 3984 insularum,
1161 3924 1344 3986 postea
1375 3917 1537 3971 etiam
1558 3916 1746 3970 Eccle-

146 4014 353 4067 siarnm
421 4010 868 4078 magistro;cum
929 4020 980 4064 te
1026 4008 1138 4063 illic
1205 4008 1499 4062 beatissimi
1557 4007 1745 4061 Hilarii

147 4113 275 4161 tunc
326 4103 567 4158 insulani
614 4102 833 4166 tironis,
867 4101 961 4157 sed
1010 4101 1121 4171 jam
1155 4116 1296 4155 nunc
1338 4101 1533 4155 summi
1569 4100 1747 4154 Ponti.

1847 3086 2058 3141 ’Matth.
2078 3102 2277 3156 xxvm,
2308 3086 2418 3156 19).
2444 3087 2552 3144 Sed
2581 3088 2741 3145 Pater
2762 3090 3055 3161 ingenitus,
3086 3093 3255 3151 Filius
3286 3095 3443 3165 geni-

1848 3187 1956 3240 tus,
1989 3177 2223 3245 Spiritus
2265 3191 2487 3234 sanctus
2520 3195 2619 3235 nec
2650 3181 2866 3251 genitus
2905 3198 3005 3239 nec
3040 3183 3331 3253 ingenitus.
3364 3187 3442 3245 Ne

1839 3272 1885 3326 si
1932 3273 2230 3343 ingenitum
2283 3272 2605 3339 dixerimus,
2637 3274 2774 3330 duos
2820 3274 3014 3331 Patres
3044 3278 3232 3335 dicere
3260 3280 3442 3336 videa-

1841 3380 1991 3428 mur;
2022 3372 2076 3419 et
2117 3365 2160 3416 si
2194 3364 2437 3433 genitum
2458 3406 2474 3431 ,
2506 3366 2652 3421 duos
2686 3365 2827 3421 ﬁlios
2859 3386 2872 3422 :
2903 3368 2999 3423 sed
3033 3370 3215 3437 potius
3255 3372 3343 3441 qui
3374 3387 3441 3427 ex

1845 3456 2003 3512 Patre
2032 3468 2084 3512 et
2112 3456 2250 3512 Filio
2281 3458 2572 3527 procedat,
2616 3460 2763 3514 velut
2793 3462 3042 3530 quaedam
3090 3462 3265 3518 Patris
3297 3464 3442 3519 Filii~

1841 3564 1947 3618 qne
1987 3550 2301 3604 concordia.
2337 3549 2522 3620 Neque
2554 3552 2695 3618 apud
2728 3567 2830 3606 nos
2863 3563 3040 3620 potest
3081 3556 3199 3611 sine
3235 3555 3441 3626 Spiritu

1843 3650 2032 3696 sancto
2057 3641 2201 3708 justa
2227 3655 2347 3696 esse
2378 3641 2693 3696 concordia.
2727 3642 2874 3696 Idem
2916 3646 3149 3711 Spiritus
3179 3655 3236 3702 et
3261 3649 3441 3704 citari-

1847 3747 1926 3789 tas
1955 3745 2007 3790 et
2038 3734 2238 3788 donum
2282 3736 2374 3791 Dei
2409 3735 2625 3789 dicitur.
2674 3735 2819 3789 Idem
2850 3745 2905 3791 et
2934 3737 3127 3791 divisor
3152 3748 3222 3794 est
3247 3746 3441 3811 gratia-

1846 3842 1960 3880 rum
1992 3825 2045 3895 (l
2072 3823 2192 3880 Cor.
2216 3841 2309 3888 xn,
2339 3825 2420 3897 4).
2456 3826 2593 3895 Ergo
2623 3824 2781 3880 Pater
2802 3842 2865 3880 ex
2894 3842 3000 3895 quo
3029 3830 3244 3898 omnia,
3273 3830 3441 3887 Filius

1847 3931 1944 3986 per
1972 3931 2128 3987 quem
2168 3916 2371 3983 omnia,
2418 3917 2657 3986 Spiritus
2713 3932 2930 3973 sanctus
2981 3921 3035 3975 in
3065 3937 3175 3991 quo
3218 3926 3439 3989 omnia;

1847 4007 1981 4061 sicut
2033 4016 2086 4061 et
2127 4008 2426 4077 Apostolus
2474 4008 2601 4063 dicit
2634 4025 2648 4064 :
2686 4008 2942 4077 Quoniam
2986 4028 3050 4066 ex
3094 4013 3209 4083 ipso
3254 4025 3303 4069 et
3354 4032 3441 4083 per

1846 4098 2016 4164 ipsum
2042 4108 2087 4150 et
2120 4097 2171 4151 in
2204 4101 2312 4169 ipso
2340 4109 2460 4153 sunt
2490 4101 2691 4169 omnia,
2722 4101 2822 4169 ipsi
2847 4102 3011 4173 gloria
3039 4104 3093 4158 in
3122 4106 3315 4160 sarcula
3342 4123 3441 4161 sa:-

151 4196 288 4258 liris,
324 4194 579 4248 doctrina
606 4193 863 4247 [armaret
894 4207 989 4262 per
1018 4206 1208 4247 omnes
1255 4191 1617 4261 spiritualium
1658 4206 1749 4246 re-
1849 4189 2085 4243 culorum
2116 4189 2291 4262 (Rom.
2326 4207 2398 4258 ιι,
2426 4190 2543 4261 56).

150 4303 267 4341 111111
316 4285 659 4352 disciplinas,
691 4284 758 4338 ad
811 4283 917 4338 hoc
964 4283 1125 4338 etiam
1178 4290 1231 4337 te
1269 4294 1452 4353 postea
1496 4296 1751 4336 consum-

1928 4280 2036 4335 lnt.
2070 4282 2304 4353 Spiritus
2329 4284 2423 4339 Dei
2455 4284 2730 4354 quomodo
2761 4284 3032 4344 ferebatur
3054 4304 3218 4358 super
3244 4294 3446 4362 aquas?

147 4378 423 4432 montibus
472 4376 677 4431 sanctis
720 4375 851 4430 viris
898 4374 1154 4431 Salviano
1219 4381 1385 4444 atque
1436 4372 1743 4436 Vincentio,
1775 4364 1819 4425 C
1924 4374 2083 4444 Resp.
2137 4375 2251 4431 Non
2284 4375 2687 4446 pervagatinne,
2722 4376 2815 4431 sed
2849 4389 3116 4447 potestate
3144 4380 3270 4436 dum
3294 4397 3444 4438 crea-

148 4470 460 4543 eloquentia
495 4470 695 4539 pariter
720 4469 1091 4539 sapientiaque
1121 4466 1623 4537 praeminentibus.
1648 4465 1743 4520 llis

154 4563 318 4635 igitur
362 4573 441 4617 tot
480 4576 546 4617 ac
586 4561 786 4616 talibus
815 4574 947 4615 usus
976 4560 1281 4629 magistris,
1319 4576 1387 4614 ex
1417 4575 1503 4614 me
1531 4574 1745 4629 quoque

148 4654 378 4709 minimo
400 4653 644 4707 omnium
672 4653 860 4708 audies
885 4667 1005 4722 qua:
1027 4652 1336 4707 sciscitatus
1362 4666 1441 4705 es.
1471 4650 1526 4704 111
1551 4650 1746 4720 quibus

146 4748 257 4817 jam
298 4752 445 4801 nunc
478 4753 534 4800 et
561 4745 986 4814 interrogantem
1018 4751 1091 4809 te,
1121 4752 1175 4800 et
1205 4758 1292 4798 me
1319 4742 1743 4813 respondentem

150 4853 503 4910 recognosce.
536 4837 663 4892 Vale
690 4837 742 4892 in
770 4835 1010 4892 Christo.

654 4948 881 5004 CAPUT
923 4946 1210 5003 PRIMUM.

226 5062 302 5116 De
334 5062 715 5131 Quaauonibus
742 5042 1108 5131 diﬂicilitﬁibus
1138 5059 1317 5113 veteris
1346 5057 1671 5113 Testamenti.

804 5190 853 5227 IN
893 5188 1097 5228 GENESI.

222 5286 588 5359 Intermgatio.
606 5286 814 5352 Quibus
834 5286 1234 5353 Scripturarutu
1283 5284 1607 5338 testimoniis
1631 5280 1748 5338 Tri-

148 5406 169 5425 1.
184 5404 193 5427 1
210 5395 295 5431 ta~
328 5382 655 5447 approbauit
689 5380 709 5430 ?

226 5472 537 5539 Responsio.
586 5470 929 5525 Multtt'ariam
980 5479 1033 5524 et
1083 5472 1263 5523 multis
1322 5472 1370 5523 id
1414 5469 1630 5539 quidem
1674 5470 1748 5521 si-

146 5566 591 5633 gniﬁcationibus
632 5581 729 5634 per
757 5566 937 5619 omnia
984 5561 1097 5617 fere
1139 5578 1290 5618 sacra
1331 5564 1602 5618 volumina
1652 5563 1720 5617 de

151 5661 421 5713 uiantium
448 5657 966 5728 'mnnifestzttttntqtte
997 5657 1340 5723 diifnntlitur;
1371 5660 1465 5713 sed
1500 5673 1596 5712 nos
1628 5659 1749 5714 bre-

1850 4475 1983 4521 tnraa
2013 4483 2123 4521 sure.
2147 4467 2513 4537 supereminet
2544 4468 2780 4537 regentis
2812 4471 3059 4539 imperio.

1921 4556 2024 4611 Int.
2056 4562 2232 4624 Aquas
2260 4557 2353 4612 ubi
2380 4558 2606 4628 legimus
2631 4574 2659 4611 a
2691 4558 2800 4613 Deo
2833 4559 3036 4615 factas?

1924 4651 2077 4721 Resp.
2124 4650 2239 4705 Etsi
2270 4650 2437 4705 factas
2467 4666 2558 4705 eas
2589 4649 2641 4704 in
2685 4652 2913 4707 exordio
2942 4662 3310 4708 creaturarum
3341 4670 3447 4711 111111

1848 4741 2132 4796 evidenter
2158 4741 2353 4796 divinas
2403 4741 2651 4797 lect’onis
2702 4753 2877 4799 textus
2926 4746 3231 4815 expressit,
3264 4761 3294 4801 a
3338 4746 3449 4803 Deo

1862 4843 2038 4887 tamen
2072 4830 2225 4887 facta:
2269 4841 2413 4886 sunt.
2466 4832 2596 4887 Nam
2651 4843 2705 4887 et
2755 4834 3028 4905 aliquanta
3059 4836 3163 4891 alia
3194 4852 3315 4907 qua
3341 4853 3448 4893 non

1849 4928 2183 4992 scribuntur,
2217 4926 2491 4997 quomodo
2521 4926 2586 4981 de
2613 4927 2825 4982 caeteris
2849 4927 3241 4999 intelligantur,
3265 4940 3449 4985 osten-

1849 5018 2013 5072 ditur.
2059 5017 2209 5071 Sicut
2260 5027 2315 5072 et
2353 5016 2600 5082 ApOslnli
2644 5016 2899 5087 baptizati
2950 5017 3282 5089 intelligendi
3322 5030 3450 5074 sunt

1848 5123 1970 5165 cum
2001 5104 2299 5179 baptizatos
2328 5124 2421 5163 eos
2458 5122 2563 5163 non
2607 5108 2821 5177 penitus
2870 5108 3184 5165 manilestet
3210 5112 3448 5180 apertior

1850 5202 1966 5258 Seri
2011 5211 2250 5255 turarum
2284 5198 2665 5270 signiﬁcantia.
2702 5199 2853 5254 Licet
2876 5198 3091 5268 quidam
3122 5197 3227 5255 hoc
3254 5199 3449 5254 intelli-

1850 5293 1899 5363 gi
1940 5291 2033 5346 illo
2081 5292 2269 5346 Volunt
2320 5290 2635 5346 testimonio
2665 5289 2806 5361 quod
2840 5289 3086 5346 Salvator
3115 5289 3294 5346 dicit:
3348 5290 3449 5358 Qui

1851 5384 1983 5438 lotus
2012 5394 2106 5449 est,
2151 5401 2249 5437 non
2282 5384 2474 5453 indiget
2498 5393 2549 5435 ut
2582 5381 2712 5436 lavet
2736 5382 2922 5451 (Joan.
2952 5398 3067 5445 xm,
3100 5380 3229 5451 10).
3274 5381 3338 5437 Et
3371 5393 3448 5439 ta-

1854 5493 1973 5531 men
2007 5476 2077 5530 dc
2112 5476 2263 5544 aquis
2292 5491 2319 5527 a
2347 5474 2459 5529 Deo
2491 5474 2645 5529 lactis
2690 5474 2815 5529 iilud
2863 5490 2961 5529 nos
2998 5474 3339 5543 aliquatenus
3367 5475 3451 5531 in-

1851 5579 2060 5623 struere
2092 5569 2460 5625 testimouinm
2498 5578 2671 5637 potest
2701 5567 2841 5637 quod
2871 5568 3068 5623 dicitur
3098 5587 3109 5621 :
3134 5568 3451 5640 Separentur

1853 5676 2002 5731 aqua:
2032 5662 2082 5713 in
2110 5662 2556 5730 eangrcgationem
2580 5674 2756 5723 unam,
2781 5668 2825 5712 et
2848 5668 3095 5729 appareat
3122 5660 3271 5713 arida
3293 5658 3446 5732 (Gn.

151 5752 295 5803 riter
337 5749 442 5805 bne
492 5752 543 5802 in
596 5751 713 5816 ipso
758 5752 935 5804 statim
986 5749 1284 5803 divinarum
1344 5750 1671 5820 Scripturar.
1697 5769 1744 5804 111
1781 5744 1828 5804 D
1855 5768 1893 5821 1,
1916 5752 2012 5824 9);
2064 5754 2183 5822 quia
2214 5751 2419 5807 scilicet
2455 5765 2559 5806 non
2594 5750 2913 5824 prmeiperct
2957 5761 3015 5808 ut
3052 5767 3206 5825 aquae
3248 5762 3455 5810 atetra
