3932 6170
505 257 610 288 υ-εε

513 288 561 312 ῘἺ

579 258 610 312 5
1510 247 1570 300 S.
1619 243 1944 302 ι-.υ(;ιιι;ιιιι
1987 243 2095 298 [Et

2209 236 2470 293 INENSIS
2507 235 2811 294 EI’lSCOPI
3617 250 3694 306 776

506 387 668 443 quam
699 368 920 430 fecerat,
953 373 1306 418 secet-nentur
1331 402 1346 426 ,
1391 359 1491 412 nisi
1521 368 1574 413 et
1601 372 1768 426 aquas
1801 358 1914 426 ipse
1945 355 2102 410 fecis-
2133 358 2184 414 Α
2225 367 2320 422 per
2361 351 2624 404 humanas
2661 347 3088 420 significationes
3147 350 3348 408 divinos
3373 364 3532 412 motus
3572 363 3692 419 sdec-

506 455 607 515 set.
656 459 761 512 Nec
791 456 933 511 enim
965 461 1360 522 eoosequenter
1399 448 1449 503 in
1492 460 1863 502 creaturarum
1908 447 2099 500 ordine

510 564 690 622 postea
721 546 977 615 distingui
997 544 1233 614 juberet,
1268 541 1409 610 quod
1438 542 1555 608 ipse
1584 555 1738 592 antea
1780 553 1886 591 non
1917 552 2104 591 creas-

505 655 608 698 set.
655 641 718 694 Et
741 641 840 692 hoc
871 635 1082 706 quidem
1131 635 1201 688 ob
1240 633 1289 686 id
1324 631 1623 700 colligimus
1650 630 1770 700 quia
1809 627 2102 683 rreatioois
2136 625 2146 650 ‘

507 736 624 800 ejus
656 729 938 786 manifeste
964 727 1192 783 Genesis
1225 741 1329 777 non
1362 723 1538 776 intttltt
1559 724 1904 775 tnentionen‘t.
1935 721 2099 775 Mani-

506 825 695 879 festius
726 835 904 876 autem
947 825 1210 874 creatura:
1257 816 1414 884 linjus
1443 815 1607 868 Deum
1643 807 1893 881 designat
1917 821 2096 864 aucto-

507 933 619 968 rem
654 916 891 984 psalmus
927 912 1014 965 ille
1043 911 1132 979 qui
1163 910 1293 963 dicit
1321 929 1330 960 ;
1366 908 1620 972 Quoniam
1645 907 1806 974 ipsius
1835 914 1906 958 est
1937 919 2096 966 mare,

504 1019 548 1058 ιι
580 1007 688 1075 ipse
716 1005 831 1073 fecit
858 1003 988 1056 illud
1021 1001 1135 1070 (Ps.
1172 1015 1312 1062 λων,
1338 999 1413 1065 5).

578 1097 682 1148 litt.
719 1095 853 1161 Quid
887 1106 966 1146 ρει
999 1091 1136 1159 quod
1169 1090 1399 1143 dit‘itttt‘;
1435 1088 1500 1140 Ει
1521 1088 1644 1140 vidit
1663 1087 1800 1141 Deus
1829 1087 1941 1152 quia
1968 1087 2099 1140 bona

499 1196 621 1238 sunt
651 1183 966 1253 vam-:(Gen.
999 1199 1034 1246 t,
1069 1181 1126 1233 51
1147 1182 1208 1248 )?

579 1276 738 1342 Resp.
777 1275 936 1338 Vidit,
973 1274 1073 1325 hoc
1100 1281 1202 1332 est,
1237 1268 1568 1339 approbavit,
1599 1268 1648 1322 id
1684 1278 1788 1334 est,
1814 1284 1918 1322 non
1952 1267 2102 1337 igno-

507 1370 736 1432 ratione,
768 1371 860 1421 sed
896 1363 1350 1419 muniit-statione.

581 1460 690 1514 Ini.
721 1461 850 1527 Qum.
879 1455 1268 1524 consequentia
1316 1454 1548 1508 nominis
1579 1461 1662 1507 est
1691 1461 1748 1506 ut
1789 1453 2051 1507 scribatur
2087 1470 2098 1503 :

513 1551 644 1606 Πανί·
682 1551 857 1605 vocubi
884 1567 946 1602 nr
985 1550 1196 1612 mulier,
1230 1547 1473 1617 quoniam
1523 1561 1586 1601 ex
1635 1545 1743 1598 viro
1785 1555 1990 1610 sumpta
2030 1555 2100 1596 est

509 1639 666 1711 (Gen.
702 1657 760 1706 tt,
788 1639 915 1708 95)?

2226 452 2420 511 tesque
2447 441 2758 497 ostendere.
2809 439 2964 495 Sicut
3008 457 3128 496 cum
3179 445 3271 500 Dei
3324 447 3571 505 brachium
3598 457 3694 510 dicit

2226 535 2357 605 (Ιεα.
2412 553 2524 598 ι,ιιι,
2569 538 2642 602 1),
2669 536 2966 605 potentiam
3027 539 3142 606 eius
3166 539 3506 612 virtutemque
3544 547 3697 616 signiti-

2223 638 2357 696 cat;
2399 645 2711 683 cutnaures
2747 627 2860 700 (Ps.
2886 645 3073 695 sunt,
3126 632 3234 696 16),
3269 648 3330 686 eo
3375 637 3503 704 quod
3549 651 3698 693 cuncta

2227 722 2600 775 indubitanter
2639 723 2824 776 audiat
2851 741 2865 787 ;
2894 738 3015 776 eum
3082 724 3264 778 oculos
3298 725 3481 796 (Ibid),
3503 743 3559 782 es
3591 735 3700 799 quoi

2227 808 2527 863 indiscrete
2559 813 2815 865 univt‘rsa
2848 812 3142 880 prospiciat
3167 829 3179 868 :
3205 828 3324 866 cum
3371 817 3574 870 animam
3602 821 3701 872 ilia.

2229 913 2264 961 ι,
2300 897 2410 964 14),
2437 914 2502 951 eo
2529 899 2671 967 quod
2723 910 3050 967 perpetuum
3089 915 3395 970 semperque
3451 905 3591 967 vivat,
3637 917 3706 958 aut

2226 990 2373 1054 quod
2403 1000 2631 1040 auctore
2682 988 2800 1055 ipso
2825 991 3004 1041 omnia
3039 989 3390 1044 vivit‘ieentur.

2277 1087 2386 1142 Ιηι.
2419 1087 2552 1143 Cum
2583 1089 2762 1141 omnia
2791 1088 2930 1141 bona
2974 1087 3116 1141 Deus
3147 1087 3362 1153 fecerit,
3407 1087 3608 1158 nihilque
3631 1105 3706 1142 ttott

2205 1179 2270 1234 ab
2297 1179 2388 1233 illo
2418 1181 2611 1232 factum
2640 1177 2726 1244 sit,
2762 1177 2901 1231 unde
2934 1177 3175 1229 malum?

2281 1271 2434 1342 Resp.
2475 1271 2548 1323 De
2577 1269 2878 1340 privatione
2909 1270 3054 1337 boni,
3081 1269 3202 1322 dum
3234 1269 3282 1322 id
3314 1268 3443 1339 quod
3487 1268 3532 1323 in
3557 1269 3707 1323 bonum

2205 1375 2393 1417 anetor
2433 1363 2605 1422 bonus
2653 1362 2912 1432 protulit,
2957 1361 3009 1414 iit
3057 1361 3251 1414 malum
3292 1380 3316 1411 ει
3350 1361 3476 1414 male
3494 1362 3710 1414 utentibus

2207 1456 2546 1526 depravatttr.
2583 1455 2635 1508 In
2683 1457 2795 1524 ipsa
2825 1467 3002 1508 autem
3035 1463 3292 1506 creaturae
3326 1452 3587 1506 subStanIia
3611 1453 3707 1505 niltil

2205 1560 2288 1602 Cal
2313 1548 2454 1616 quod
2487 1557 2633 1602 recte
2668 1545 2925 1616 appellari
2954 1546 3150 1598 malum
3180 1545 3362 1612 possit.
3388 1541 3602 1596 Porroea
3621 1553 3711 1610 quae

2209 1647 2465 1708 putantur
2492 1639 2652 1706 mala,
2675 1639 2724 1691 id
2753 1645 2855 1696 est.
2875 1647 3188 1704 serpentum
3212 1645 3266 1690 et
3283 1643 3464 1688 cartera
3483 1633 3710 1688 bestiarum

585 1733 741 1805 Resp.
801 1731 1140 1804 Etymologia
1187 1744 1308 1799 qnce
1350 1727 1435 1782 liie
1465 1727 1518 1781 in
1550 1727 1740 1781 Latino
1773 1742 1881 1779 non
1919 1733 2093 1788 sonat,
2129 1734 2174 1792 B
2202 1730 2526 1793 animantia;
2567 1745 2662 1799 per
2693 1730 3160 1783 inconvetticntem
3200 1737 3397 1781 natura:
3430 1725 3609 1781 modum
3628 1722 3711 1778 eili—

510 1826 564 1878 in
620 1824 847 1879 Hebrteo
892 1823 1140 1879 sermone
1178 1830 1445 1877 servatur.
1481 1819 1574 1874 Vir
1604 1821 1745 1873 enim
1780 1828 1998 1871 vitentur
2028 1822 2092 1882 is,

505 1933 558 1970 et.
589 1917 778 1971 mulier
802 1917 924 1971 ista.
955 1916 1105 1984 Quod
1138 1913 1585 1968 animadvertitur
1618 1910 1981 1981 puli-lieirime
2015 1925 2097 1962 re-

511 2024 640 2063 cens
672 2008 971 2062 custodisee
1016 2007 1289 2060 translatio
1322 2003 1498 2058 divina
1529 2003 1716 2056 dicens
1749 2019 1760 2052 :
1793 1999 1920 2053 Ηωσ
1950 2018 2096 2052 rom-

508 2101 638 2153 titur
663 2100 860 2170 virago,
891 2099 1012 2169 quia
1055 2115 1117 2151 ea:
1149 2099 1253 2149 viro
1275 2105 1478 2163 sumpta
1511 2106 1579 2147 est
1609 2091 1819 2164 (Ibid).

574 2187 688 2244 Int.
719 2191 772 2244 In
807 2205 914 2257 quo
945 2188 1039 2243 Dei
1068 2186 1472 2241 similitudinem
1507 2183 1848 2238 retinemus?

575 2282 740 2350 Resp.
765 2282 822 2335 In
855 2289 1053 2334 mente.

590 2366 698 2424 Intl
727 2369 1014 2425 Paradisus
1046 2369 1132 2422 ubi
1169 2384 1291 2422 esse
1329 2367 1624 2423 definitur?

520 2452 522 2455 ’
575 2463 732 2529 Resp.
767 2463 983 2517 Diversa
1015 2477 1178 2532 super
1204 2461 1302 2515 bac
1339 2477 1396 2514 re
1442 2458 1711 2514 sententia
1742 2458 2093 2528 piuritnorunt

504 2569 612 2610 eat.
655 2553 834 2624 Aliqui
865 2565 1042 2607 tamen
1076 2555 1220 2607 hunc
1251 2553 1303 2605 in
1347 2560 1489 2605 terra
1538 2542 1660 2604 eSSe
1702 2551 2003 2614 definiunt,
2041 2558 2098 2603 ut

503 2665 609 2704 non
642 2648 873 2718 potuerit
918 2645 1021 2701 nisi
1065 2647 1115 2700 in
1150 2656 1291 2700 terra
1328 2644 1574 2699 habitare
1603 2655 1887 2698 terrenus:
1937 2660 2126 2712 quem.

504 2750 682 2796 tamen
731 2739 937 2795 homini
996 2738 1429 2794 inaccessibiletn
1479 2735 1622 2791 effici
1672 2738 1867 2790 virtute
1917 2736 2094 2791 divina

505 2831 847 2887 conﬁrmant.

578 2921 689 2978 Ini.
725 2922 871 2977 [ideo
924 2921 976 2977 itt
1022 2920 1219 2978 Genesi
1259 2919 1432 2984 (Gen.
1464 2935 1539 2987 tv,
1574 2919 1639 2976 16
1666 2919 1683 2991 )
1713 2919 1840 2989 quid
1870 2918 2096 2990 accipie-

504 3029 624 3068 mus
643 3013 668 3066 ἲ

2201 1822 2342 1874 citur
2366 1831 2415 1873 III
2454 1821 2610 1873 noxia
2653 1821 2780 1873 sint.
2829 1819 3103 1874 Venenum
3135 1817 3355 1888 quippe“,
3386 1815 3511 1886 quod
3535 1823 3710 1868 mortem

2202 1911 2365 1964 infert
2400 1911 2624 1974 homini,
2661 1911 2765 1963 vita
2795 1910 3065 1978 serpentis
3096 1921 3196 1964 εει.
3224 1908 3277 1964 Si
3308 1907 3440 1962 enim
3467 1907 3601 1960 homo
3622 1919 3712 1973 per-

2201 2015 2360 2072 petuo
2383 2003 2702 2056 immortalis
2733 2003 3038 2063 mansisset,
3073 2001 3262 2057 veneni
3295 1997 3555 2068 perniciem
3579 1997 3712 2049 incur-

2205 2111 2327 2149 rere
2355 2111 2462 2150 non
2493 2095 2720 2147 timeret.
2775 2095 2886 2148 Hoc
2913 2093 3075 2147 tnodo
3108 2102 3160 2145 et
3183 2092 3289 2145 alia
3319 2092 3366 2144 in
3389 2088 3526 2156 aquis
3553 2087 3712 2152 vivunt,

2198 2205 2318 2258 qua:
2379 2199 2536 2243 terra:
2597 2189 2839 2258 exp'isila
2887 2187 3238 2251 moriuntur;
3287 2195 3436 2254 atque
3474 2199 3502 2237 e
3542 2191 3706 2235 cootra~

2203 2283 2305 2346 rio,
2340 2283 2526 2334 vivunt
2553 2280 2652 2333 alia
2683 2281 2736 2333 in
2769 2291 2943 2345 terra,
2975 2297 3099 2350 qua:
3141 2282 3293 2349 aquis
3334 2279 3561 2331 immersa
3597 2274 3717 2342 depe-

2205 2382 2382 2426 I‘CUIII.

2271 2461 2380 2516 lnt.
2425 2462 2561 2530 Quia
2604 2464 2768 2516 totius
2812 2463 3114 2518 substantia
3165 2473 3420 2520 creatura:
3462 2473 3490 2513 a
3533 2457 3626 2512 Deo
3653 2470 3717 2507 au-

2201 2567 2349 2610 ctore
2381 2555 2663 2625 processit,
2695 2558 2910 2625 repnte
2941 2558 3069 2627 quid
3099 2557 3170 2611 de
3198 2557 3333 2610 tenet
3355 2553 3424 2608 ris
3448 2547 3716 2606 sentiendum

2201 2647 2288 2701 sit.

2275 2737 2430 2806 Resp.
2469 2738 2697 2806 Quidam
2730 2755 2791 2794 ex
2826 2739 2924 2792 hoc
2951 2738 3021 2791 ita
3052 2737 3337 2808 disputant
3361 2753 3376 2790 ε
3400 2732 3640 2790 Silen'iutn
3663 2727 3720 2781 tli-

2198 2830 2355 2891 citur,
2384 2829 2469 2883 ubi
2499 2844 2669 2883 sonus
2697 2830 2872 2883 nullus
2903 2829 3005 2896 est,
3034 2844 3164 2884 cum
3195 2838 3367 2882 tamen
3398 2825 3574 2879 nullam
3599 2819 3722 2874 silen-

2202 2922 2257 2975 tii
2287 2921 2595 2977 noverimus
2618 2937 2740 2978 esse
2760 2923 3147 2976 subSIantiam.
3176 2921 3266 2978 Sic
3291 2931 3343 2974 et
3362 2920 3473 2988 quia
3493 2917 3603 2970 tut-is
3623 2928 3724 2982 pra--

2199 3012 2370 3066 sentia
2403 3013 2564 3066 nullze
2591 3024 2712 3066 sunt
2744 3013 3000 3077 tenebrre,
3031 3014 3232 3067 merito
3267 3010 3486 3065 tenebm
3523 3005 3723 3072 deputan-

584 3107 738 3176 Resp.
761 3104 1192 3161 Sacratissimum
1222 3105 1398 3174 ipsum
1428 3105 1494 3160 ad
1539 3105 1817 3161 Orientem
1854 3106 2088 3176 paradisi
2119 3109 2161 3170 C
2199 3112 2286 3158 tur
2329 3105 2464 3159 lucis
2511 3104 2778 3159 absentia.
2836 3105 2933 3157 Cui
2977 3105 3228 3167 Opinioni
3280 3118 3455 3173 parum
3492 3109 3726 3166 congruere

507 3198 708 3252 locum.

577 3287 683 3342 litt.
707 3287 844 3355 Quid
870 3287 1276 3359 intelligendum
1303 3299 1388 3343 est
1415 3289 1482 3344 de
1511 3289 1706 3344 arbore
1737 3292 1822 3344 illa
1856 3294 2094 3348 scientia:

507 3380 629 3434 boni
657 3392 704 3433 et
735 3379 859 3433 mali
892 3377 1048 3448 (Gen.
1083 3393 1137 3443 tt,
1169 3381 1223 3447 9)
1251 3381 1273 3433 ?

576 3469 733 3540 Resp.
768 3468 822 3522 In
849 3470 1035 3538 primis
1059 3485 1144 3533 ne,
1191 3480 1248 3524 ut
1289 3469 1504 3539 quidam
1549 3471 1785 3526 limretici
1837 3473 2097 3544 interpre-

506 3572 685 3615 tantur
711 3604 725 3628 ,
779 3564 1041 3615 malorum
1076 3606 1088 3629 ,
1136 3563 1204 3616 ita
1237 3571 1291 3615 et
1320 3563 1583 3616 Ι›οιι(ιιίιιιι
1623 3575 1837 3632 putetur
1881 3582 1946 3620 ex
1995 3567 2097 3621 lioe

505 3654 754 3708 conditor
794 3655 958 3708 Deus.
1011 3653 1067 3708 ιιι
1116 3654 1311 3709 arbore
1360 3655 1557 3724 quippe
1609 3657 1696 3711 illa
1745 3674 2094 3729 (puerumque

506 3758 637 3810 erat,
673 3752 998 3814 pimceptum
1031 3742 1126 3798 Dei
1167 3744 1570 3814 intelligendum
1599 3757 1717 3812 est;
1767 3748 1860 3800 sed
1911 3749 1963 3801 iit
2004 3767 2094 3802 eu-

503 3838 678 3891 stndia
702 3837 954 3904 prmeepti
986 3836 1211 3890 scientia
1242 3847 1356 3890 erat
1387 3839 1509 3891 boni
1532 3881 1544 3903 ,
1582 3839 1632 3893 in
1668 3842 2095 3908 traoSgressinne

508 3931 763 3998 praacepti
789 3928 1010 3983 scientia
1027 3938 1142 3983 erat
1166 3931 1308 3982 ntali.
1338 3931 1475 3998 Ergo
1498 3933 1775 4000 dt-gttstata
1802 3934 2016 3996 arbore,
2043 3935 2092 3987 id

509 4034 592 4078 cst
618 4063 632 4085 ,
663 4021 915 4090 pra-copti
962 4020 1078 4088 lege
1111 4020 1336 4084 \iolafa,
1379 4023 1599 4076 scientia
1643 4034 1756 4076 erat
1801 4024 1943 4090 mali,
1971 4025 2092 4094 quia

508 4115 760 4182 pra-cepti
815 4113 1056 4181 legisque
1118 4122 1507 4181 transgressum
1565 4117 1994 4182 consequebatur
2043 4126 2096 4170 et

509 4222 686 4275 ιιωηπ.

586 4297 691 4352 litt.
744 4298 797 4355 Si
849 4299 988 4352 Deus
1020 4296 1290 4351 hominem
1321 4295 1679 4351 immortalem
1713 4299 1897 4353 fecerit
1935 4298 2090 4368 (Sap.

505 4407 559 4454 tt,
595 4392 711 4458 ‘25),
746 4389 1195 4459 quemadmodum
1222 4389 1394 4456 potuit
1419 4389 1599 4442 mori?

2203 3207 2390 3266 putant
2421 3196 2510 3250 alii
2545 3199 2907 3252 testimonium
2943 3197 3110 3261 illttd,
3143 3198 3286 3266 quod
3318 3194 3586 3250 scribitur:
3619 3187 3725 3241 Tm

2198 3299 2274 3344 est
2305 3290 2434 3352 dies,
2465 3300 2511 3344 et
2538 3300 2718 3344 tuaest
2741 3307 2844 3343 nox
2874 3289 2990 3360 (Ps.
3025 3307 3219 3356 Lxxttt,
3247 3290 3360 3359 to).

2272 3381 2382 3437 Iul.
2415 3383 2551 3437 Cum
2581 3385 2725 3437 nulla
2755 3399 2878 3439 esse
2909 3386 3217 3454 ignorantia
3247 3383 3385 3452 apud
3413 3381 3561 3435 Deum
3581 3373 3725 3446 possit.

2193 3476 2470 3543 quomodo
2515 3477 2632 3546 ipse
2670 3478 2723 3532 in
2774 3479 2914 3532 libro
2962 3478 3245 3534 Geneseos
3290 3479 3340 3532 in
3387 3472 3603 3532 exordiis
3637 3467 3733 3522 dict

2204 3567 2462 3622 Dominus
2488 3585 2502 3622 :
2529 3569 2717 3638 Adam,
2746 3569 2908 3623 abies
2938 3567 3095 3641 (Gen.
3128 3587 3211 3637 tit,
3244 3571 3340 3640 9)?

2273 3658 2431 3730 Resp.
2483 3660 2594 3714 lloc
2631 3670 2714 3714 e~t
2739 3660 2920 3716 dicere
2951 3679 2963 3714 :
2994 3661 3196 3727 Adam,
3243 3676 3349 3731 quo
3381 3653 3632 3715 recidisti?
3657 3664 3732 3704 non

2199 3768 2327 3821 ergo
2345 3768 2443 3806 vox
2470 3753 2569 3806 ista
2598 3755 2752 3822 quasi
2779 3768 2874 3824 pro
2900 3754 3139 3823 ambigui
3164 3753 3520 3809 sciscitatione
3542 3758 3733 3817 quaren-

2201 3847 2268 3900 tis
2293 3855 2373 3899 est
2400 3887 2414 3909 ,
2455 3847 2550 3900 sed
2581 3861 2702 3900 cum
2737 3847 3108 3916 increpatione
3158 3841 3532 3914 interrogantis
3563 3844 3648 3894 est.
3689 3830 3738 3884 Ει

2199 3941 2392 3992 aliter:
2435 3955 2618 3994 sermo
2662 3939 2748 3993 liic
2770 3979 2783 4003 ,
2816 3955 2920 3992 non
2955 3939 3126 3993 Deutu
3159 3941 3274 3994 veri
3306 3937 3522 3992 inscium
3543 3975 3556 4000 ,
3582 3929 3649 3984 vel
3672 3922 3738 3978 tibi

2201 4042 2342 4085 esset
2369 4032 2564 4100 Adam,
2590 4031 2754 4088 Deum
2785 4031 3014 4085 ostendit
3037 4031 3314 4100 ignarum,
3341 4028 3434 4084 sed
3465 4023 3582 4080 illud
3604 4018 3741 4091 potius

2200 4121 2472 4186 ostendit,
2513 4121 2654 4190 quod
2680 4121 2856 4176 omnis
2887 4122 2974 4176 ille
3003 4125 3092 4189 qui
3129 4131 3319 4191 peccat
3344 4160 3360 4185 ,
3407 4118 3541 4171 velut
3563 4114 3656 4182 jam
3678 4121 3742 4160 er-

2202 4215 2412 4267 ioribus
2440 4212 2554 4267 suis
2581 4213 2790 4274 devius,
2821 4226 2870 4266 et
2899 4227 2993 4282 per
3019 4213 3284 4267 delicmm
3316 4209 3566 4266 recedens
3599 4218 3623 4253 ιι
3645 4211 3743 4252 con-

2201 4317 2387 4374 spectu
2414 4306 2528 4373 Dei,
2557 4305 2740 4358 notitia
2773 4307 2890 4372 ejus
2920 4304 3194 4358 efﬁciatur
3220 4305 3491 4373 indignus.
3521 4293 3744 4352 Etaliterr

2205 4398 2518 4464 interrogat,
2553 4405 2611 4450 ut
2638 4398 2750 4449 suis
2775 4395 3002 4465 quisque
3036 4393 3486 4464 restionsionibus
3505 4385 3744 4444 convinca-

582 4485 736 4554 Iiesp.
765 4485 878 4540 Non
907 4484 1050 4555 quod
1082 4485 1296 4554 penitus
1335 4482 1655 4544 immortalis
1687 4487 1845 4537 homo
1875 4483 2042 4537 factus
2065 4500 2092 4537 a
2125 4480 2175 4538 Ι)
2204 4498 2324 4551 tur;
2357 4489 2480 4556 quia
2519 4489 2642 4541 licet
2685 4503 2788 4541 non
2823 4488 3035 4556 ignoret
3083 4489 3232 4555 quod
3277 4485 3384 4541 silui
3412 4483 3523 4538 vult
3549 4471 3745 4534 indit-ari.

507 4579 615 4633 Deo
647 4579 833 4641 fuerit,
864 4578 954 4632 sed
998 4587 1087 4630 aut
1123 4577 1389 4632 servando
1434 4578 1739 4630 mandatum
1779 4589 2085 4634 crescerent

505 4669 571 4722 ad
599 4677 884 4731 aitet-num,
909 4679 1002 4734 _aut
1025 4669 1425 4737 pra-varieando
1442 4668 1693 4722 caderent
1723 4671 1778 4723 in
1797 4669 2080 4725 infernum.

507 4762 568 4814 Et
601 4776 667 4814 ne
709 4762 926 4830 propria
959 4760 1074 4829 lege
1117 4761 1356 4815 viventes
1383 4760 1585 4814 similes
1615 4760 1721 4815 Deo
1751 4771 2084 4830 putarentur,

503 4863 591 4906 aut
624 4851 784 4906 nullis
812 4851 1149 4906 exstantibus
1201 4851 1410 4905 meritis
1453 4854 1839 4921 sempiternum
1888 4854 2090 4922 paradi-

504 4961 620 4999 sum
649 4943 1008 5012 possiderent.
1036 4942 1261 4997 Tamdiu
1293 4943 1434 4998 enim
1476 4943 1557 4997 vel
1583 4945 1809 5015 angelus
1834 4985 1847 5008 ,
1884 4947 1964 4998 vel
1997 4945 2090 4998 lto-

504 5053 591 5090 mo
618 5036 801 5091 divino
834 5035 1015 5089 favore
1049 5035 1376 5105 protegitur,
1430 5035 1601 5091 donec
1650 5037 1944 5105 injunctum
1987 5037 2091 5092 sibi

501 5127 740 5184 officium
771 5126 1064 5196 impleverit
1079 5163 1093 5179 .

576 5220 686 5276 Iut.
732 5220 1014 5289 Quomodo
1057 5219 1426 5289 accipiendum
1472 5231 1553 5277 est
1583 5219 1712 5274 illud
1749 5221 1886 5289 quod
1935 5222 2090 5276 nobis

502 5313 779 5383 Scriptura
824 5313 1255 5367 deainlittlantem
1310 5313 1359 5364 itt
1413 5313 1658 5380 paradiso
1701 5313 1864 5365 Dento
1910 5313 2090 5368 retulit

502 5405 660 5478 (Gen.
683 5422 763 5468 nt,
797 5407 887 5478 8)?

579 5501 740 5568 Resp.
783 5499 873 5552 Dei
905 5507 953 5553 in
981 5499 1175 5554 eodem
1218 5498 1330 5551 loco
1360 5497 1642 5565 pta-sentis
1692 5498 1790 5550 bac
1833 5497 2092 5550 deambu-

511 5590 652 5642 landi
681 5589 1038 5657 appellatione
1068 5587 1458 5642 manifestatur.
1495 5585 1785 5654 Scriptura:
1804 5589 1946 5641 enim
1975 5602 2092 5642 mos

508 5679 612 5746 est,
640 5695 748 5750 quo
778 5677 983 5736 facilius
1015 5679 1322 5736 ltoutinibus
1351 5677 1418 5735 ad
1441 5677 1844 5750 intelligentiam
1860 5677 2089 5748 clareat,
2117 5728 2120 5732 .

2195 4579 2306 4633 vult
2337 4589 2512 4632 tamen
2537 4579 2937 4648 delinquentem
2973 4580 3133 4631 etiam
3167 4574 3538 4647 responsionis
3557 4566 3754 4626 testimo-

2199 4671 2288 4724 nio
2319 4688 2468 4726 reum
2499 4672 2682 4725 statui.
2710 4671 2844 4726 Dom
2867 4673 3011 4727 enim
3045 4673 3374 4740 interrogat,
3397 4667 3606 4736 iudicat.

2269 4765 2373 4818 lnt.
2404 4765 2542 4831 Quid
2577 4763 2819 4834 estquod
2851 4764 2925 4818 ait
2959 4782 2971 4818 :
3003 4762 3291 4817 Maledicta
3320 4773 3458 4816 terra
3485 4761 3534 4811 in
3557 4750 3751 4826 θρηϋιδ

2197 4854 2304 4906 suis
2343 4852 2493 4923 (Gen.
2531 4869 2608 4918 ιιι,
2645 4853 2772 4922 i7)?

2274 4944 2429 5013 Resp.
2482 4946 2577 4999 llic
2616 4961 2777 5014 opera
2830 4960 2936 4998 non
2974 4955 3078 4998 tant
3110 4941 3410 4998 excolendi
3449 4949 3601 5008 atque
3627 4941 3733 4986 em

2199 5037 2352 5092 (έθηόὶ
2384 5038 2499 5106 agi,
2532 5053 2690 5107 quain
2721 5047 2938 5107 peccata
2984 5035 3339 5105 intelligenda
3370 5049 3492 5090 csse
3513 5072 3528 5096 ,
3573 5024 3751 5098 quidam

2198 5128 2548 5183 arbitrantur.

2270 5221 2378 5278 lnt.
2428 5222 2709 5290 Quomodo
2742 5222 3149 5290 intelligendum
3195 5233 3285 5277 est
3329 5217 3475 5292 (ιιιοό
3505 5214 3664 5273 dicit:
3707 5203 3755 5260 F1

2200 5314 2444 5368 habitavit
2483 5315 2536 5367 in
2577 5324 2713 5367 terra
2742 5313 2919 5380 Naid;
2963 5313 3068 5380 vel,
3102 5316 3245 5368 sicut
3283 5313 3338 5367 in
3367 5311 3586 5366 Hebraeo
3609 5299 3751 5356 Ιιειιιυίι

2203 5405 2314 5461 Nod
2341 5405 2494 5475 (Gen.
2529 5423 2599 5469 tv,
2633 5407 2758 5473 ιδῃ

2277 5498 2431 5569 (imp.
2474 5499 2602 5554 Νειῖά
2636 5499 2901 5555 instabilis
2933 5498 3164 5561 dicitur.
3208 5495 3345 5567 ergo
3395 5505 3551 5551 terra:
3593 5495 3753 5542 nomen

2200 5601 2311 5658 est,
2356 5590 2448 5646 sed
2492 5591 2644 5660 juxta
2672 5606 2885 5661 patiam
2915 5591 3357 5658 sententiamque
3389 5584 3615 5643 divinant
3649 5570 3761 5632 63'!"

2202 5682 2368 5742 fuisse
2396 5698 2586 5755 vagum
2619 5683 3010 5755 profugumquo
3040 5682 3302 5740 declarat.
