3932 6170
281 283 367 342 177
1465 281 1835 340 INSTRUCTi'

1950 281 2022 338 illi
2063 285 2266 342 LIBER
2307 289 2347 342 Ι.

3431 305 3535 360 ’178

340 392 446 450 ιηι.
491 392 623 450 Cum
669 396 918 464 superius
949 396 1119 450 virum
1151 403 1204 450 et
1234 393 1515 448 mulierem
1546 394 1850 448 nominibus
1879 397 1924 454 A
1957 397 2121 451 multa
2164 401 2609 469 properantibus,
2641 403 2940 460 exhibenda
2977 409 3194 476 prolatis
3231 426 3258 465 a
3293 424 3342 468 te
3377 416 3534 474 rebus

269 488 377 546 suis
408 499 697 558 utrumque
723 489 1074 559 designasset,
1106 488 1232 557 quid
1275 497 1376 552 est,
1411 488 1550 556 quod
1578 489 1628 541 in
1657 502 1847 542 conse-

267 582 552 651 quentibus
579 581 776 650 adjecit
814 589 868 635 et
893 581 1024 635 dixit
1057 599 1070 633 :
1127 581 1306 634 Virum
1343 589 1388 632 et
1427 581 1688 633 mulierem
1730 581 1846 649 fecit

266 691 368 738 eos,
400 685 449 728 et
501 672 754 726 benedixit
783 672 875 738 eis,
912 681 958 725 et
997 675 1188 725 vocavit
1238 686 1418 724 nomen
1463 686 1639 724 eorum
1682 671 1845 722 Adam

264 764 416 835 (Gen.
449 781 502 828 ν,
530 765 615 830 2γῖ

333 859 492 926 Resp.
536 857 703 911 Adam
745 855 1131 925 interpretatur
1168 854 1329 908 homo
1382 871 1393 904 :
1447 851 1677 906 hominis
1715 868 1843 906 vero

262 948 479 1004 nomine
520 945 862 1000 manifestum
925 955 1009 1000 est
1045 953 1150 998 tam
1183 945 1352 998 virum
1388 943 1646 1014 appellari
1687 958 1843 1013 posse

259 1055 415 1109 quam
450 1040 728 1093 feminam.

327 1132 439 1184 lnt.
485 1131 622 1196 Quid
651 1140 753 1196 est,
786 1129 929 1198 quod
957 1130 1009 1182 in
1039 1131 1188 1182 annis
1219 1128 1563 1182 ﬂlat/tusalem
1591 1136 1844 1198 quatuor-

258 1225 430 1279 decim
474 1224 598 1277 anni
639 1237 738 1292 per
772 1221 1080 1290 diligentem
1113 1222 1544 1291 supputationem
1582 1222 1722 1276 ultra
1762 1221 1842 1275 di-

257 1313 460 1368 luvium
492 1312 1000 1382 deprehenduntur,
1037 1326 1154 1365 cum
1188 1323 1308 1365 octo
1340 1318 1541 1366 tantum
1566 1312 1759 1366 anima:
1787 1312 1840 1366 in

257 1418 379 1456 area
409 1402 573 1456 fuisse
601 1401 905 1456 referantur
937 1399 1089 1471 (Gen.
1123 1417 1172 1465 v,
1203 1400 1330 1470 9.2)?

325 1491 487 1564 Resp.
534 1493 699 1546 Error
734 1493 786 1546 in
820 1505 1048 1546 numero
1082 1501 1165 1546 est
1197 1509 1211 1546 :
1244 1492 1441 1562 quippe
1479 1507 1598 1547 cum
1635 1493 1687 1548 in
1730 1495 1838 1549 lle-

255 1586 527 1640 brmorum
574 1585 724 1640 libris
760 1585 832 1638 ita
879 1585 1101 1654 legatur,
1146 1593 1204 1639 ut
1245 1586 1382 1640 intra
1409 1587 1594 1641 diluvii
1629 1595 1838 1656 tempus

254 1676 344 1733 hic
380 1677 786 1746 quatuordecim
817 1692 1080 1730 annorum
1110 1691 1366 1730 numerus
1397 1678 1693 1746 expleatur.

323 1764 435 1818 Int.
499 1767 638 1820 Cum
696 1767 949 1819 Dominus
1003 1766 1148 1820 dicat
1193 1781 1206 1820 :

255 1865 462 1911 centum
504 1857 681 1928 viginti
722 1858 846 1910 anni
890 1856 1044 1927 (Gen.
1085 1873 1158 1923 v1,
1205 1857 1260 1928 5)
1295 1902 1308 1926 ,
1342 1858 1612 1928 quomodo
1650 1868 1836 1928 postea

253 1950 492 2005 Abrahae
513 1991 528 2016 ,
559 1951 894 2020 aliorumque
938 1951 1226 2004 multorum
1259 1951 1380 2005 vitm
1421 1959 1664 2021 tempora
1699 1953 1834 2007 ultra

253 2043 375 2097 haec
405 2041 577 2110 spatia
605 2041 895 2096 tenduntur
917 2040 1071 2112 (Gen.
1098 2058 1224 2104 xxv,
1251 2044 1312 2106 7;
1339 2058 1504 2103 xxxv,
1529 2041 1661 2114 ‘28)?

324 2133 487 2204 Resp.
529 2133 662 2200 Quia
695 2133 779 2187 hic
812 2147 1076 2187 annorum
1110 2149 1364 2188 numerus
1399 2135 1618 2204 agenda:
1658 2139 1836 2204 potius

251 2225 588 2295 poenitentiae
627 2239 785 2294 quam
817 2225 938 2279 vitae
979 2225 1154 2280 fuerat
1189 2227 1477 2281 attributus
1538 2227 1786 2282 humana:
1819 2247 1831 2281 :

250 2322 397 2375 intra
424 2334 583 2389 quem
613 2320 983 2389 prmscriptmu
1013 2336 1294 2376 numerum
1321 2320 1645 2377 confessioni
1676 2336 1835 2376 vaca-

249 2421 400 2479 rent,
424 2422 482 2466 ut
514 2412 712 2466 diluvio
736 2399 845 2467 non
879 2413 1132 2480 perirent.
1169 2415 1276 2468 Aut
1307 2415 1351 2468 si
1377 2430 1657 2470 numerum
1685 2416 1832 2470 illum

250 2504 318 2559 ad
342 2503 635 2558 humanam
662 2504 838 2573 potius
861 2503 1054 2559 referri
1082 2505 1244 2559 vitam
1279 2505 1450 2575 placet
1475 2523 1488 2560 ε
1513 2506 1636 2576 quia
1661 2523 1836 2577 neque

249 2612 398 2651 nunc
413 2598 643 2666 amplius
661 2611 983 2666 quemquam
1033 2613 1192 2667 quam
1222 2606 1437 2653 centum
1461 2600 1641 2668 viginti
1665 2617 1834 2658 annos

247 2688 442 2742 vivere
478 2687 636 2742 liceat
678 2704 692 2740 :
743 2688 871 2742 illud
912 2689 1053 2757 quod
1085 2689 1286 2743 dictum
1331 2699 1412 2744 est
1453 2709 1465 2742 :
1511 2692 1677 2745 Erunt
1717 2691 1836 2747 dies

248 2795 443 2834 eorum
484 2789 703 2833 centum
744 2779 929 2849 viginti
970 2779 1091 2833 anni
1135 2797 1149 2833 :
1195 2795 1299 2834 non
1340 2779 1392 2835 in
1432 2795 1559 2848 eos,
1592 2783 1680 2851 qui
1711 2791 1836 2838 tunc

247 2869 526 2944 contigue,
558 2877 800 2939 tempore
843 2870 1115 2925 subsecuti
1163 2879 1318 2936 sunt,
1361 2872 1455 2926 sed
1495 2873 1546 2925 in
1591 2883 1836 2942 posteros

247 2961 614 3030 promulgavit
648 2977 660 3012 :
691 2960 813 3029 quia
848 2976 951 3014 non
982 2960 1116 3014 dixit
1145 2962 1296 3028 Sunt,
1333 2961 1425 3014 sed
1458 2963 1642 3016 Erunt.

317 3055 433 3109 Int.
478 3053 614 3120 Quid
654 3062 736 3107 est
777 3053 916 3122 quod
949 3053 1022 3106 ait
1057 3070 1069 3107 :
1102 3052 1299 3107 Dilatet
1339 3052 1478 3107 Deus
1501 3053 1757 3126 ΙιιριιειΙι,
1789 3066 1836 3111 et

246 3146 446 3199 habitet
471 3146 519 3198 in
552 3145 892 3198 tabernaculis
919 3145 1042 3199 Sent
1075 3143 1228 3216 (Gen.
1257 3161 1332 3209 Ix,
1364 3144 1482 3214 27)?

310 3237 484 3307 Resp.
529 3237 604 3292 De
647 3237 875 3306 Japbeth
903 3278 918 3302 ,
952 3238 1042 3307 qui
1083 3238 1134 3290 iu
1166 3238 1344 3307 lingua
1378 3247 1562 3292 nostra
1601 3239 1834 3295 latitudi«

244 3347 375 3386 nem
403 3340 582 3395 sonat,
611 3332 852 3400 gentium
875 3330 1109 3384 nascitur
1137 3329 1442 3399 multitudo,
1476 3331 1542 3385 de
1571 3331 1692 3386 Sem
1729 3332 1834 3388 lle-

242 3423 403 3477 hraei.
437 3421 552 3476 Hoc
580 3437 708 3490 ergo
738 3419 1098 3490 signiﬁcatum
1122 3431 1238 3486 est,
1271 3420 1369 3475 Dei
1410 3421 1836 3490 Scripturarum-

241 3529 353 3577 que
385 3514 660 3577 notitiam,
690 3512 863 3580 ejeeto
891 3511 1121 3576 Israelc,
1153 3526 1180 3564 a
1212 3511 1415 3566 nostris
1438 3512 1830 3569 vindicandam.

240 3603 553 3658 Notandum
584 3617 711 3657 vero
749 3611 862 3670 est,
908 3613 1017 3658 tres
1045 3601 1157 3657 Noe
1189 3603 1358 3666 ﬁlios,
1399 3611 1507 3658 tres
1542 3614 1664 3673 post
1689 3605 1833 3660 dilu-

238 3699 395 3750 vium
435 3704 593 3749 terra:
625 3704 805 3764 partes
832 3708 1151 3763 occupasse.
1187 3694 1312 3748 Sem
1348 3709 1577 3764 namque
1606 3698 1834 3764 posteri-

237 3797 326 3842 tas
375 3787 431 3841 in
471 3787 652 3841 Asiam
692 3786 774 3841 vel
816 3785 1120 3850 Orientem,
1165 3786 1333 3840 Cham
1378 3786 1432 3841 in
1475 3787 1709 3842 Africam
1751 3788 1834 3844 vel

237 3879 530 3935 Meridiem
556 3920 570 3943 ,
603 3878 832 3949 Japheth
865 3894 985 3933 cum
1028 3887 1181 3948 parte
1204 3880 1348 3935 Asia:
1383 3881 1436 3934 in
1476 3879 1746 3950 Europam
1776 3897 1836 3936 se

236 3973 706 4042 Occidentemque
741 3979 1117 4042 porrexerunt.

314 4064 434 4119 litt.
475 4065 616 4132 Quid
669 4075 754 4120 est
798 4063 942 4135 quod
994 4063 1192 4118 dicitur
1245 4064 1298 4116 in
1325 4063 1544 4127 Genesi,
1585 4062 1659 4116 De
1701 4072 1835 4118 terra

233 4158 374 4211 exiit
405 4155 498 4208 illa
526 4157 708 4223 Assur,
741 4165 788 4210 et
816 4155 1087 4224 aediﬁcavit
1118 4153 1342 4209 Niniven
1372 4165 1418 4208 et
1449 4155 1682 4209 Roobotlt
1713 4158 1836 4210 civi-

236 4259 410 4303 tatem
442 4247 598 4318 (Gen.
630 4265 683 4314 x,
715 4247 834 4318 H)?

311 4341 482 4409 Resp.
521 4339 639 4394 Non
665 4339 798 4416 duas
825 4341 1088 4411 significat
1112 4341 1386 4408 civitates;
1410 4341 1656 4396 Rooboth
1685 4355 1834 4395 nam-

232 4447 350 4500 que
397 4429 602 4498 plateas
629 4430 778 4486 dicit.
820 4433 914 4487 Est
955 4447 1083 4503 ergo
1123 4447 1316 4490 sensus
1357 4433 1443 4487 hic
1477 4451 1487 4485 :
1523 4433 1833 4488 Ediﬁcavit

232 4521 476 4576 Niniven
509 4530 564 4576 et
594 4521 800 4590 plateas
828 4523 1082 4580 civitatis.

309 4610 431 4666 1m.
468 4610 752 4677 Quomodo
777 4614 1167 4669 occurrendum
1191 4615 1664 4684 estarguentibus,
1689 4617 1829 4686 quod

232 4704 512 4760 Abraham
553 4707 730 4775 fratris
773 4708 852 4760 sui
893 4706 1079 4762 Saram
1118 4709 1282 4776 ﬁliam
1321 4707 1416 4761 sibi
1454 4707 1507 4762 in
1554 4709 1832 4764 matrimo-

234 4799 396 4852 nium
422 4797 713 4865 sumpserit
739 4795 897 4868 (Gen.
931 4814 1022 4864 xx,
1059 4798 1183 4866 12)?

312 4888 478 4958 Resp.
520 4887 671 4954 Quod
701 4904 819 4956 quze
845 4903 874 4942 a
908 4888 1134 4943 Domino
1168 4897 1295 4943 tunc
1329 4906 1436 4944 non
1474 4891 1684 4946 fuerant
1717 4892 1831 4961 lege

229 4980 556 5044 interdicta,
587 4978 762 5033 adhuc
793 4995 900 5033 non
928 4979 1249 5049 putabantur
1278 4980 1483 5035 illicita.

313 5070 430 5125 Int.
474 5071 612 5137 Quid
650 5071 748 5125 fuit
776 5080 832 5125 ut
860 5071 1091 5138 Iudaeis,
1123 5073 1266 5142 quod
1301 5087 1476 5142 neque
1505 5087 1602 5127 nos
1629 5073 1832 5143 absque

229 5161 574 5218 verecundia
617 5161 973 5227 sciscitamur,
1015 5163 1218 5233 signum
1254 5165 1309 5216 in
1347 5164 1438 5216 illa
1473 5163 1832 5218 verecundiam

228 5255 478 5323 corporis
503 5264 650 5325 parte
674 5265 947 5324 poneretur
973 5253 1124 5326 (Gen.
1151 5269 1260 5308 xvn
1278 5296 1294 5322 ,
1327 5254 1444 5323 H)?

314 5345 482 5413 Resp.
525 5345 791 5401 Poscebat
811 5345 1052 5415 quidem,
1079 5347 1148 5399 mi
1175 5345 1380 5414 Saloni,
1407 5355 1676 5401 tantarum
1709 5361 1832 5416 pro-

228 5436 488 5493 funditas
517 5436 870 5505 quzestiorium
893 5478 908 5504 ,
941 5437 1186 5491 ordinata
1223 5451 1286 5491 ac
1325 5437 1558 5507 spatiosa
1593 5437 1834 5506 disputa-

231 5527 399 5582 tione
433 5542 530 5580 nos
562 5529 850 5597 propositis
881 5527 1223 5594 satisfacere,
1261 5538 1317 5583 et
1353 5543 1448 5598 pro
1479 5530 1684 5585 meritis
1712 5530 1835 5585 red-

227 5619 380 5671 dere
403 5616 628 5686 singulis
649 5617 797 5671 velut
817 5618 1104 5688 quamdam
1131 5619 1452 5674 immorandi
1479 5621 1790 5692 dignitatem
1817 5637 1832 5674 :

227 5714 344 5765 sed
374 5709 501 5777 quid
540 5710 782 5776 agimus?
808 5710 1002 5774 quibus
1029 5711 1279 5769 festinato
1308 5727 1440 5783 opus
1476 5724 1589 5780 est,
1627 5713 1692 5767 ad
1727 5723 1834 5766 tam

536 5799 805 5859 l’ATnOL.
851 5800 921 5860 L.

1950 497 2035 542 est
2075 491 2216 544 nuda
2257 500 2310 546 et
2348 493 2671 548 circumcisa
2713 500 3013 566 responsio.
3065 501 3247 570 [aque
3289 505 3356 560 ad
3410 508 3531 573 hoc,

1950 582 2090 649 quod
2137 600 2277 640 nunc
2326 587 2588 655 requiris,
2629 603 2894 658 agnosce,
2928 593 3068 660 quod
3111 595 3238 649 nihil
3285 607 3440 668 turpe
3481 602 3533 658 in

1947 673 2062 742 ipsa
2091 679 2363 731 creatione
2395 679 2596 734 conditi
2630 681 2860 736 hominis
2890 684 3053 738 videri
3089 696 3264 753 potest
3291 706 3303 741 :
3335 692 3532 760 quippe

1946 778 2065 817 cum
2096 767 2239 820 utuni
2271 783 2529 837 compage
2557 771 2922 824 membrorum
2943 813 2955 833 ,
2988 784 3247 846 totumque
3273 777 3529 836 hominem

1945 852 2083 908 Deus
2118 857 2326 924 ﬁnxerit
2366 859 2516 928 (Job.
2561 875 2621 924 ιι,
2665 861 2750 929 8).
2794 862 2996 916 Deinde
3036 881 3134 920 nec
3170 866 3525 937 incongruum

1944 944 2122 1011 fuerit,
2155 959 2207 1000 ut
2240 951 2516 1017 generatio
2545 950 2631 1004 illa
2664 952 2875 1019 signum
2912 955 2965 1006 in
3001 965 3153 1023 parte
3182 960 3407 1014 membri
3434 977 3527 1031 ge-
3601 997 3604 999 -

1943 1035 2120 1091 nitalis
2159 1041 2454 1108 acceperit,
2490 1058 2582 1110 per
2611 1043 2754 1110 quod
2784 1047 3155 1110 generationis
3188 1050 3355 1117 ipsius
3395 1069 3522 1120 pro-

1945 1127 2226 1182 mebantur
2273 1133 2510 1184 exordia.
2560 1131 2827 1186 Caeterum
2876 1138 3166 1202 secundum
3211 1140 3528 1198 interiorem

1943 1216 2305 1287 intelligentia:
2347 1236 2588 1286 sensum,
2633 1239 2727 1292 per
2766 1223 2905 1278 hanc
2939 1227 3401 1286 circumcisionem
3439 1248 3525 1288 se-

1941 1309 2190 1363 cretioris
2215 1311 2380 1379 partis
2406 1314 2647 1381 corporis
2670 1314 2797 1368 illud
2828 1317 3227 1385 praeﬁguratum
3253 1328 3356 1388 est,
3381 1324 3524 1392 quod

1940 1400 2202 1454 secretior
2238 1401 2605 1467 circumcisio,
2649 1404 2700 1458 id
2742 1415 2824 1460 est
2867 1408 3079 1475 cordis,
3112 1421 3391 1479 Oporteret
3430 1414 3522 1468 ad-

1942 1489 2133 1546 hiberi.

2009 1582 2120 1636 lnt.
2161 1584 2424 1639 Scribitur
2455 1586 2506 1640 in
2537 1587 2733 1642 Genesi
2763 1605 2776 1642 :
2807 1588 3035 1644 Tentavit
3071 1591 3206 1646 Deus
3238 1595 3517 1662 Abraham,

1941 1673 2090 1742 quasi
2122 1673 2402 1743 ignorabat
2455 1678 2710 1733 Dominus
2750 1694 2815 1733 an
2848 1680 3022 1736 ﬁdelis
3051 1683 3319 1739 Abraham
3352 1686 3517 1753 foret,

1267 1766 1433 1820 Erunt
1489 1768 1596 1821 die;
1661 1784 1836 1822 eorum
1869 1763 1914 1823 Β
1940 1764 2043 1817 nisi
2074 1767 2482 1822 manifestandm
2511 1770 2588 1824 rei
2621 1771 2937 1838 probatione
2967 1781 3247 1828 tentassm.

2009 1857 2169 1926 Resp.
2209 1859 2322 1914 Non
2351 1861 2473 1931 quia
2507 1862 2666 1916 ﬁdem
2691 1864 2806 1933 ejus
2840 1864 2980 1919 Deus
3034 1867 3305 1935 ignoraret
3337 1878 3516 1926 tenta-

1938 1947 2014 2001 vit
2047 1949 2316 2004 Abraham
2346 1952 2458 2006 veri
2489 1953 2890 2020 exploratione,
2924 1955 3014 2009 sed
3051 1957 3247 2012 idcirco
3282 1969 3515 2016 tentatus

1937 2049 2041 2104 est,
2072 2048 2129 2093 ut
2157 2048 2391 2096 tentatus
2414 2044 2821 2111 justilicaretur,
2846 2054 2899 2100 et
2928 2047 3048 2100 aliis
3075 2047 3365 2104 imitandus
3395 2070 3518 2121 pro-

1937 2142 2246 2200 poneretur.

2009 2221 2116 2276 lnt.
2156 2224 2436 2291 Quomodo
2480 2226 2648 2282 Jacob
2693 2227 2864 2283 dicit:
2903 2229 3026 2283 Vidi
3065 2230 3344 2286 Dominum
3385 2237 3516 2305 [acie

1937 2317 2005 2369 ad
2016 2317 2244 2386 faciem,
2277 2331 2324 2373 et
2356 2321 2495 2374 salva
2526 2325 2664 2390 facta
2697 2332 2766 2376 est
2803 2325 2976 2376 anima
3011 2341 3119 2377 mea
3155 2325 3306 2394 (Gen.
3341 2344 3512 2392 χχχιι,

1938 2409 2064 2479 50),
2101 2426 2220 2466 cum
2267 2413 2318 2466 in
2367 2413 2656 2482 Evangcl'o
2701 2415 2953 2482 legatur:
2998 2416 3163 2468 Deum
3203 2434 3348 2471 nemo
3394 2421 3518 2473 uidit

1937 2515 2176 2569 umquam
2203 2500 2382 2568 (Joan.
2414 2518 2450 2567 ι,
2483 2502 2571 2571 18)
2592 2517 2604 2566 ;
2629 2511 2719 2557 aut
2747 2503 3015 2571 quomodo
3049 2503 3252 2574 Moyses
3275 2523 3388 2559 cum
3409 2505 3516 2562 Deo

1939 2592 2070 2662 facie
2099 2595 2166 2646 ad
2192 2593 2374 2660 facient
2404 2602 2662 2664 tamquam
2695 2611 2809 2648 cum
2840 2595 3006 2648 amico
3042 2596 3239 2650 locutus
3277 2598 3516 2651 scribitur

1941 2681 2136 2746 (Exod.
2158 2685 2453 2752 xxxmﬂl).
2480 2685 2545 2738 Et
2568 2700 2760 2738 rursus
2788 2685 2927 2738 idem
2952 2686 3075 2740 dicit
3101 2687 3167 2740 ad
3191 2687 3511 2744 Dominum:

1942 2770 2160 2826 Ostende
2191 2773 2314 2826 mihi
2338 2772 2556 2845 gloriam
2586 2783 2726 2827 tuam
2757 2773 2954 2843 (Exod.
2985 2791 3172 2840 xxxm,
3205 2777 3335 2844 18)?

2009 2863 2165 2933 Resp.
2207 2865 2339 2930 Quia
2377 2865 2546 2920 Jacob
2573 2867 2657 2920 vel
2698 2865 2907 2936 Moyses
2943 2882 3045 2919 non
3111 2868 3160 2921 in
3194 2869 3306 2936 ipsa
3341 2871 3510 2940 maje-

1938 2955 2090 3008 smtis
2119 2971 2230 3009 suae
2257 2955 2422 3025 gloria
2453 2955 2621 3010 Deum
2653 2955 2931 3023 viderant,
2971 2955 3064 3010 sed
3096 2972 3192 3024 per
3219 2958 3513 3028 subjectam

1937 3043 2136 3098 divina:
2167 3043 2420 3113 potestati
2448 3046 2682 3113 speciem
2704 3044 2932 3099 visibilis
2961 3054 3244 3112 ereaturm,
3269 3062 3387 3115 qum
3417 3048 3516 3103 hu-

1861 3125 1905 3186 C
1939 3137 2112 3192 mauis
2151 3145 2366 3207 poterat
2402 3153 2662 3208 apparere
2699 3138 3096 3207 couspectibus.
3137 3139 3193 3193 In
3233 3155 3294 3194 ea
3335 3150 3514 3196 autem

1937 3232 2231 3287 substantia
2270 3233 2590 3302 maiestatis,
2623 3233 2674 3286 in
2712 3247 2816 3301 qua
2849 3244 2964 3302 εει,
2993 3233 3260 3303 quomodo
3303 3234 3445 3290 Deus
3485 3252 3514 3290 a

1935 3323 2146 3378 mortali
2174 3323 2348 3377 adhuc
2377 3323 2594 3378 homine
2608 3323 3033 3386 videretur,cum
3065 3324 3180 3391 ipse
3207 3324 3273 3377 ad
3296 3324 3513 3396 Moysen

1935 3413 2064 3468 dicit
2096 3431 2108 3468 2
2139 3414 2258 3468 Non
2285 3416 2470 3484 poteris
2496 3415 2662 3468 videre
2688 3415 2876 3483 facient
2905 3431 3068 3467 meam
3106 3431 3124 3468 :
3153 3431 3253 3468 non
3280 3417 3414 3470 enim
3442 3418 3517 3471 vi-

1937 3505 2067 3560 debit
2099 3522 2174 3560 me
2205 3506 2356 3558 homo
2377 3547 2392 3572 ,
2423 3515 2468 3558 et
2492 3507 2616 3559 vivet
2642 3505 2834 3575 (Exod.
2868 3521 3064 3570 χχχιιι,
3095 3505 3209 3575 20).
3244 3506 3354 3562 Hac
3383 3523 3514 3578 ergo

1936 3596 2144 3648 ratione
2171 3605 2458 3665 utrumque
2485 3596 2850 3650 testimonium
2879 3609 3069 3648 verum
3104 3606 3206 3649 est.

2007 3686 2114 3738 Int.
2156 3686 2293 3754 Quid
2327 3687 2578 3755 estquod
2633 3687 2744 3740 ait:
2797 3684 2919 3751 Ipse
2971 3695 3041 3739 est
3090 3686 3232 3748 Ana,
3292 3690 3378 3758 qui
3427 3691 3513 3744 in-

1935 3779 2065 3831 venit
2090 3775 2265 3830 lamin
2293 3777 2346 3830 in
2369 3779 2585 3843 deserto,
2615 3793 2728 3830 cum
2749 3787 2972 3847 pasceret
2992 3777 3163 3831 asinos
3190 3778 3388 3835 Sebeon
3419 3799 3513 3850 pa-

1936 3871 2028 3923 tris
2058 3872 2139 3922 sui
2171 3867 2324 3940 (Gen.
2360 3884 2541 3933 xxxvr,
2571 3868 2704 3936 24)?
3395 3856 3400 3862 ’

2005 3958 2162 4030 Resp.
2204 3958 2378 4014 Jamin
2417 3958 2607 4014 Latine
2643 3959 2808 4012 maria
2854 3958 3263 4028 interpretatur,
3306 3961 3356 4016 id
3397 3973 3508 4027 est,

1935 4064 2193 4120 aquarum
2240 4049 2585 4119 congregatio
2637 4065 2650 4102 :
2701 4063 2768 4104 eo
2814 4049 2955 4118 quod
3004 4059 3246 4120 stagnum
3294 4067 3406 4107 rem
3457 4055 3508 4108 in

1935 4154 2120 4195 eremo
2159 4140 2296 4193 haud
2337 4139 2500 4195 dubie
2530 4138 2806 4194 difﬁcilem
2845 4139 2958 4207 ipse
2996 4141 3276 4210 repererit.
3309 4143 3514 4201 lndicat

1935 4230 2112 4284 Jamin
2139 4237 2195 4285 et
2222 4231 2423 4306 asinos,
2454 4231 2542 4300 qui
2576 4229 2644 4284 de
2673 4229 2886 4298 onagris
2913 4229 3032 4298 ejus
3059 4231 3390 4288 institutione
3419 4251 3513 4290 na-

1935 4331 2175 4378 scantur.
2205 4324 2339 4377 Sunt
2368 4323 2457 4392 qui
2483 4322 2771 4387 assumant,
2801 4321 2942 4390 quod
2976 4323 3393 4390 permixtionem
3427 4326 3510 4380 di-

1935 4429 2212 4470 versurum
2253 4414 2393 4469 inter
2417 4429 2476 4469 se
2506 4415 2816 4468 animalium
2853 4413 2966 4480 ipse
3005 4415 3235 4482 primus,
3273 4425 3328 4470 ut
3356 4419 3506 4485 muli,

1856 4483 1912 4546 Ῑ)
1941 4508 2021 4564 vel
2051 4508 2214 4562 mulae
2245 4516 2617 4569 nascerentur,
2645 4505 2927 4560 invenerit.

2009 4599 2117 4654 lnt.
2155 4598 2286 4665 Quae
2322 4606 2450 4654 sunt
2476 4598 2566 4653 illa
2596 4597 2979 4666 primogenita,
3011 4611 3129 4667 quae
3158 4598 3299 4654 Esau
3331 4602 3513 4657 vendi-

1937 4690 2016 4746 dit
2044 4689 2213 4745 Jacob
2243 4689 2392 4743 fratri
2422 4703 2520 4744 suo
2552 4686 2702 4759 (Gen.
2735 4703 2866 4752 xxv,
2893 4687 3021 4758 53)?
3549 4749 3562 4768 ,-

2010 4782 2166 4851 Resp.
2207 4781 2362 4835 Prior
2387 4790 2440 4834 et
2462 4779 2634 4848 major
2661 4793 2784 4848 pars
2816 4780 3187 4848 primogenitis
3215 4779 3515 4838 debebatur

1939 4876 2021 4928 vel
2050 4862 2100 4927 in
2135 4871 2358 4935 honore,
2386 4870 2468 4924 vel
2499 4870 2555 4924 in
2585 4868 2924 4924 haereditaria
2950 4870 3314 4938 successione,
3344 4873 3430 4927 vel
3462 4874 3512 4929 in

1937 4966 2109 5036 gratia
2147 4973 2382 5034 paternae
2411 4963 2820 5018 benedictionis.
2855 4962 3006 5017 Sicut
3035 4964 3147 5032 ipse
3173 4963 3360 5030 Jacob,
3400 4966 3514 5019 Ra-

1939 5057 2049 5122 ben,
2075 5055 2270 5126 inquit,
2293 5053 2652 5126 primOgenitus
2682 5069 2839 5115 meus,
2869 5053 3010 5122 prior
3037 5054 3088 5105 in
3116 5054 3264 5106 donis
3296 5070 3314 5106 :
3345 5059 3517 5126 majcr

1937 5149 2155 5215 imperio
2189 5145 2343 5217 (Gen.
2375 5161 2519 5209 χιιι,
2552 5144 2630 5214 5).
2659 5144 2726 5199 Et
2755 5145 2806 5198 in
2836 5143 2976 5198 libro
3011 5144 3418 5201 Deuterouomii
3450 5148 3517 5203 de

1940 5239 2294 5312 primogenito
2323 5238 2576 5294 scribitur
2599 5252 2614 5290 :
2637 5236 2889 5304 Dabitque
2917 5237 2962 5290 ei
2979 5277 2994 5301 ,
3026 5236 3078 5291 id
3101 5248 3210 5302 est,
3249 5250 3422 5306 pater,
3455 5243 3516 5296 de

1938 5335 2016 5388 his
2059 5349 2172 5402 quae
2201 5331 2429 5385 habuerit
2462 5329 2925 5400 cunctaduplicia.
2959 5326 3066 5383 Iste
3095 5336 3166 5382 est
3203 5330 3336 5383 enim
3370 5333 3514 5401 prin-

1934 5433 2126 5501 cipium
2168 5430 2440 5484 liberorum
2477 5431 2621 5497 ejus,
2660 5437 2707 5480 et
2741 5425 2860 5479 huic
2898 5427 3142 5480 debentur
3176 5427 3520 5499 primogenita

1935 5521 2117 5594 (Deut.
2148 5537 2260 5586 xxi,
2297 5517 2409 5588 17).
2441 5517 2596 5574 Unde
2625 5526 2682 5572 et
2708 5517 2854 5572 Isaac
2899 5515 3329 5572 benedictionem
3361 5532 3514 5572 suam

1937 5615 2003 5669 ad
2023 5614 2164 5668 Esau
2182 5619 2462 5682 potaverat
2486 5608 2967 5680 primogenitijurc
2987 5607 3334 5664 deferendam
3363 5610 3514 5681 (Gen.

1938 5703 2154 5776 xxv")?

3003 5788 3084 5851 25

3395 5885 3398 5888 -
3408 5875 3437 5893 ι·
