3932 6170
413 283 424 316 -,
448 319 456 358 ι
477 248 582 307 770

453 421 670 504 lmultas
711 421 1152 501 incontinentiam
1195 438 1437 507 patribus
1469 440 1548 494 vel
1595 439 1915 508 patriarcbis
1956 453 2049 492 no-

475 543 600 595 stris
627 535 981 606 objiciendam
1011 531 1236 602 putant?

448 623 458 640 ¹
545 631 700 699 Resp.
741 626 1010 689 Primum,
1041 623 1181 692 quod
1221 631 1347 676 tunc
1385 620 1624 674 nondum
1663 620 1779 690 lege
1810 619 2050 690 prohibi—

473 733 603 786 tum,
632 718 756 788 quia
780 714 1113 772 consuetudo
1135 722 1271 776 erat,
1299 713 1504 767 crimen
1530 727 1653 766 esse
1681 727 1786 766 non
1812 721 2046 781 poterat.

473 811 674 868 Deinde
692 851 708 876 ,
738 807 878 879 quod
905 807 995 860 illa
1018 815 1143 859 tunc
1166 803 1247 858 vel
1278 817 1374 872 pro
1395 803 1514 856 loco
1535 843 1550 865 ,
1574 803 1655 856 vel
1682 817 1778 871 pro
1805 812 2049 870 tempore

473 921 575 959 non
603 897 976 971 improbabilia
1003 895 1143 966 apud
1175 896 1338 949 Deum
1368 892 1591 948 fuerim.
1622 894 1724 946 Pro
1748 893 1888 960 loco,
1909 892 2049 948 sicut

470 1007 520 1048 ιιι
549 995 602 1049 in
634 1007 738 1047 una
765 991 924 1045 domo
951 988 1004 1042 in
1035 987 1204 1040 altero
1228 985 1422 1055 angulo
1443 983 1646 1054 aliquid
1672 984 1784 1039 fieri
1811 999 1840 1036 a
1870 984 2047 1053 quoli-

470 1088 562 1141 bet
624 1083 850 1138 Domino
892 1077 1234 1150 praecipitur,
1276 1075 1417 1146 quod
1465 1075 1516 1128 in
1558 1075 1665 1128 alio
1711 1089 2045 1144 nequaquam

469 1176 585 1229 tieri
610 1171 956 1244 permittitur.
986 1167 1092 1222 Pro
1124 1178 1364 1236 tempore
1382 1180 1530 1233 vero,
1559 1163 1700 1235 quod
1730 1166 1846 1219 rudi
1875 1165 2048 1220 adhuc

468 1267 666 1319 swculo
722 1270 1047 1332 praeceptum
1095 1258 1269 1312 fuerat
1325 1273 1339 1310 :
1387 1254 1606 1310 Crescite
1641 1265 1691 1310 et
1730 1255 2044 1322 multiplica-

470 1359 594 1412 mini
625 1355 779 1429 (Gen.
817 1369 864 1419 ι,
889 1351 1003 1421 28).
1033 1349 1184 1404 Nunc
1217 1363 1344 1403 vero
1364 1347 1605 1417 iubetur,
1644 1356 1700 1400 ut
1732 1347 1824 1416 qui
1851 1346 2046 1400 habent

470 1464 698 1514 uxores,
730 1455 1001 1516 tamquam
1051 1457 1159 1497 non
1187 1441 1448 1495 habentes
1479 1439 1607 1494 sint.
1637 1439 1752 1493 Non
1792 1438 1934 1509 quod
1956 1438 2043 1508 ju-

467 1541 609 1594 stitia
630 1537 774 1591 varia
792 1537 884 1600 sit,
899 1533 992 1588 sed
1017 1541 1258 1600 tempora
1281 1528 1582 1596 mutabilia,
1604 1545 1723 1598 quin
1743 1530 1945 1598 pariter
1968 1529 2045 1583 ire

466 1645 571 1685 non
611 1636 864 1700 possunt,
908 1632 965 1680 et
1003 1622 1233 1678 diversis
1260 1622 1562 1692 quibusque
1603 1621 1931 1691 temporibus
1959 1619 2044 1674 vel

1445 242 1502 296 S.
1545 237 1868 295 EUCllERlI
1909 237 2388 296 LUGDUNENSIS
2426 238 2728 296 EPISCON
3558 246 3634 303 730

547 357 654 412 Int.
696 355 831 424 Quid
869 353 950 406 bis
996 346 1428 419 respondendum
1470 357 1589 410 est,
1625 348 1714 416 qui
1757 348 1828 402 ob
1856 363 2051 400 uxores
2082 351 2129 409 Α
2230 348 2384 418 Resp.
2426 347 2578 415 Quod
2619 366 2722 404 non
2765 351 2969 406 Juda‘is
3009 361 3199 411 tantum
3242 358 3316 414 lex
3356 361 3434 416 illa
3473 367 3634 434 prolata

2152 438 2242 503 sit,
2289 454 2411 508 qua:
2454 441 2702 495 omnibus
2743 445 2994 510 gentibus
3033 449 3390 507 constitutione
3429 460 3636 514 naturalis

2151 528 2284 597 legis
2333 529 2672 598 innascitur,
2711 534 2976 602 Apostolo
3021 537 3116 590 hoc
3159 539 3309 593 etiam
3351 544 3642 602 conlirmante

2151 629 2315 690 atque
2343 620 2559 676 dicente
2592 639 2605 675 :
2637 621 2766 678 Cum
2793 626 2927 678 enim
2949 635 3136 696 gentes,
3158 646 3264 700 qua
3289 632 3433 703 legem
3455 652 3544 689 non
3567 637 3641 690 ha-

2152 709 2287 777 bent,
2320 713 2622 767 naturaliter
2653 730 2766 784 gate
2797 714 2922 786 legis
2948 729 3082 784 sunt,
3119 719 3323 788 faciunt,
3351 725 3567 794 ejusmodi
3591 728 3645 781 ιτ.

2149 816 2263 871 gem
2285 816 2388 854 non
2407 799 2666 870 habentes,
2689 803 2786 857 sibi
2811 807 2911 873 ipsi
2931 821 3049 860 sunt
3069 809 3169 872 lex,
3191 811 3271 879 qui
3289 816 3527 867 ostendunt
3545 832 3644 883 opus

2149 890 2276 962 legis
2303 891 2551 961 scriptum
2595 894 2649 947 in
2691 895 2928 950 cordibus
2965 899 3069 952 suis
3100 900 3266 971 (Rom.
3298 918 3361 970 tt,
3388 905 3485 974 l4).
3511 909 3648 975 Atque

2147 981 2351 1038 idcirco
2389 999 2495 1038 non
2533 999 2658 1040 sero
2690 987 2948 1043 Dominus
2988 990 3153 1060 legem
3193 993 3487 1050 innocentia;
3512 998 3556 1052 in
3579 998 3650 1053 de-

2147 1087 2267 1128 cem
2298 1074 2463 1129 verba
2502 1076 2751 1147 collegit,
2781 1078 2937 1147 cujus
2963 1079 3075 1149 jam
3107 1082 3272 1136 insitae
3315 1083 3363 1138 in
3401 1088 3650 1152 pectoribus

2147 1162 2398 1220 humanis
2439 1166 2592 1234 origo
2634 1179 3007 1235 praecesserat.
3052 1170 3163 1226 Nec
3204 1171 3344 1228 tarde
3379 1189 3483 1228 eam
3512 1175 3652 1230 saxeis

2147 1256 2343 1314 tabulis
2390 1272 2577 1314 rursus
2615 1261 2924 1330 inscripsit,
2965 1278 3122 1333 quam
3157 1264 3262 1333 jam
3307 1274 3453 1320 antea
3490 1268 3653 1337 paginis

2146 1348 2326 1404 cordis
2364 1349 2740 1418 insculpserat.
2774 1351 2986 1407 Etenim
3016 1364 3140 1410 ante
3177 1355 3308 1411 hanc
3345 1355 3494 1428 Moysi
3520 1357 3653 1426 legem

2147 1439 2376 1494 habebat
2419 1449 2614 1495 natura
2663 1442 2836 1513 legem
2881 1460 3067 1514 suam,
3110 1461 3205 1514 per
3249 1463 3398 1516 quam
3437 1460 3483 1502 et
3525 1449 3654 1503 Deum

2145 1529 2331 1584 mundi
2359 1530 2590 1600 vitaeque
2617 1542 2895 1588 auctorem
2923 1550 3238 1605 agnoscere,
3267 1549 3318 1592 et
3347 1553 3394 1607 pl
3412 1555 3436 1591 r
3459 1542 3544 1592 hoc
3565 1538 3658 1592 dili-

2145 1636 2296 1690 gere,
2329 1623 2380 1676 in
2425 1635 2677 1693 promptu
2713 1637 2850 1692 crat,
2887 1636 2943 1681 et
2976 1628 3234 1697 justitiam
3265 1645 3382 1700 erga
3411 1631 3657 1698 proximum

464 1727 689 1782 diversis
717 1725 851 1780 locis
875 1723 1089 1778 diversa
1117 1726 1431 1788 congruant.
1459 1716 1689 1772 Necesse
1715 1722 1799 1768 est
1828 1720 2035 1782 postre-
2068 1713 2112 1772 B
2141 1712 2591 1783 dilectionemquc
2638 1731 2877 1772 servare.
2915 1719 2970 1773 In
3003 1720 3197 1789 quibus
3225 1721 3473 1775 mandabo
3493 1721 3660 1775 duobus

464 1833 554 1872 mo
574 1859 589 1884 ,
619 1816 760 1887 quod
793 1815 844 1868 in
872 1813 956 1867 his
983 1827 1050 1869 ex
1078 1811 1353 1866 voluntate
1382 1807 1593 1862 Domini
1624 1806 1723 1861 sub
1749 1803 1928 1874 specie
1951 1819 2044 1874 ge-

463 1918 668 1964 storum
709 1906 1058 1977 praesentium
1088 1903 1240 1959 fieret
1268 1900 1514 1972 quaedam
1553 1897 1930 1969 praenuntiatio
1959 1896 2042 1950 fu-

467 2014 707 2056 IUl'Ol'llnl
720 2040 733 2053 .

531 2093 638 2147 lnt.
679 2092 815 2161 Quid
846 2101 930 2147 est
960 2095 1103 2161 quod
1131 2090 1299 2145 dicit:
1333 2088 1397 2143 Et
1417 2104 1528 2143 ecce
1548 2088 1663 2142 uitis
1693 2103 1743 2139 in
1767 2092 2038 2153 conspectu

457 2203 592 2253 meo,
625 2195 670 2239 et
694 2201 806 2239 ecce
829 2186 878 2237 in
909 2185 1003 2238 vite
1030 2192 1130 2238 tres
1159 2182 1310 2253 fundi
1333 2179 1487 2254 (Gen.
1521 2195 1609 2246 χι,
1642 2179 1766 2249 10)ἳ

533 2279 686 2349 Resp.
728 2276 850 2330 Tria
891 2275 1097 2344 ﬂagella
1127 2274 1211 2330 vel
1241 2283 1350 2330 tres
1382 2273 1702 2343 propagines
1738 2269 2039 2325 indicantur

460 2369 560 2424 sub
589 2369 687 2422 bac
716 2367 876 2422 trium
904 2366 1275 2421 enuntiatione
1298 2364 1612 2419 fundorum.

1104 2475 1155 2514 IN
1195 2475 1388 2515 IXODO.

530 2552 643 2608 Int.
684 2552 933 2622 Loquitur
961 2554 1029 2606 ad
1061 2552 1320 2606 Abraham
1353 2551 1512 2616 Deus,
1541 2552 1676 2622 quod
1705 2561 1884 2622 quarta
1919 2567 2039 2620 pro-

459 2646 600 2714 genie
615 2643 683 2697 de
705 2653 840 2697 terra
865 2641 1086 2714 /Egypti
1109 2642 1358 2696 reversuri
1378 2650 1544 2696 essent
1570 2641 1670 2710 ﬁlii
1691 2641 1858 2695 Israel
1880 2639 2030 2711 (Gen.

460 2752 547 2798 xv,
579 2733 700 2804 ιο),
731 2742 786 2788 et
809 2733 1082 2803 quomodo
1113 2741 1298 2802 postea
1332 2732 1543 2801 Moyses
1577 2732 1767 2787 scribit
1799 2749 1812 2784 :
1841 2732 2033 2798 Quinta

461 2837 634 2882 autem
680 2825 936 2896 progenie
995 2823 1356 2882 ascenderunt
1404 2824 1499 2879 lilii
1555 2824 1718 2880 lsracl
1773 2823 1840 2878 de
1889 2832 2033 2879 terra

459 2919 716 2990 IEgypti?

528 3007 686 3076 Resp.
724 3009 780 3062 Si
810 3008 1180 3078 genealogiam
1211 3009 1502 3065 secundum
1537 3008 1668 3064 Levi
1705 3007 1903 3064 tribum
1949 3021 2034 3062 re-

2141 1805 2320 1858 omnis
2365 1805 2449 1859 lex
2493 1807 2693 1875 pendet
2729 1819 2779 1862 et
2821 1813 3122 1878 prophetas.
3158 1810 3318 1880 Igitur
3351 1822 3400 1866 et
3428 1811 3538 1863 illud
3563 1820 3660 1864 ante

2135 1894 2247 1962 jam
2293 1906 2555 1950 noverant
2597 1912 2612 1954 :
2661 1897 2848 1951 Omnia
2885 1916 3216 1972 quaecumque
3245 1899 3391 1954 vultis
3429 1909 3476 1952 ut
3510 1902 3662 1965 faciam

2141 1985 2277 2039 vobis
2306 1985 2562 2049 homines,
2595 1997 2642 2040 et
2674 2004 2762 2042 vos
2798 1988 2948 2055 [dite
2981 1990 3056 2044 eis
3089 2005 3106 2043 :
3138 1991 3190 2043 in
3227 2005 3324 2059 quo
3359 1997 3428 2042 est
3463 1997 3504 2042 et
3537 1989 3604 2040 lca
3628 1996 3664 2039 et

2141 2076 2434 2149 propheta:(
2447 2078 2629 2132 Matth.
2652 2094 2720 2132 vn
2741 2122 2755 2145 ,
2776 2077 2867 2147 i2)
2894 2120 2905 2132 .
2940 2079 3010 2133 Et
3045 2090 3099 2134 nt
3142 2081 3245 2134 hoc
3275 2080 3427 2134 etiam
3452 2076 3665 2145 exemplis

2139 2172 2432 2240 probemus
2467 2189 2480 2224 :
2515 2181 2642 2226 ante
2674 2172 2812 2226 hanc
2840 2172 3011 2242 legem
3049 2173 3243 2227 litterae
3269 2187 3363 2241 per
3391 2171 3520 2242 illam
3546 2177 3666 2221 natu-

2138 2277 2212 2316 ra:
2242 2263 2418 2332 legem
2456 2264 2574 2316 Abel
2597 2266 2772 2333 justus
2811 2265 3110 2330 agnoscitur
3151 2262 3302 2333 (Gen.
3328 2278 3396 2324 tv,
3426 2259 3496 2330 4),
3527 2258 3668 2312 Enoth

2137 2356 2340 2424 rapitur
2365 2352 2517 2422 (Gen.
2551 2371 2604 2418 γ,
2637 2352 2753 2423 24),
2789 2353 2904 2407 Νοε
2933 2355 3146 2425 eligitur
3176 2352 3326 2426 (Gen.
3354 2367 3422 2413 vt.
3448 2353 3517 2419 8),
3542 2350 3669 2403 Abra-

2139 2447 2256 2500 ham
2284 2456 2431 2518 pater
2453 2446 2681 2516 gentium
2713 2455 3042 2517 nuncupatur
3080 2443 3234 2517 (Gen.
3263 2459 3387 2510 xvn,
3415 2444 3486 2511 4).
3513 2441 3670 2508 Quam-

2137 2537 2325 2592 obrem
2357 2537 2496 2590 banc
2536 2536 2707 2607 Moysi
2753 2536 2924 2604 legem
2957 2551 3066 2590 non
3100 2549 3224 2591 sero
3272 2549 3394 2590 esse
3432 2533 3665 2602 prolatam,

2137 2629 2449 2699 przecedcns
2489 2629 2666 2682 effecit
2707 2628 2790 2683 lex
2835 2639 3044 2683 naturae
3068 2671 3081 2693 ,
3111 2644 3208 2698 per
3236 2642 3390 2698 quam
3422 2625 3557 2678 multi
3584 2623 3669 2676 Deo

2137 2721 2441 2790 probabiles
2472 2719 2816 2775 exstiterunt.

2210 2812 2317 2865 Im.
2357 2812 2489 2878 Quis
2509 2823 2594 2868 est
2621 2815 2711 2867 ille
2734 2815 2931 2882 digitus
2958 2813 3081 2878 Dei,
3100 2829 3209 2880 quo
3238 2813 3354 2868 duae
3382 2805 3668 2880 legistabula:

2136 2903 2382 2972 leguntur
2411 2907 2623 2974 scripta:
2653 2905 2851 2969 (Exod.
2882 2921 3043 2971 χχχι,
3082 2905 3200 2975 18)?

2207 2995 2363 3065 Resp.
2407 2995 2611 3066 Digitus
2669 2996 2766 3052 Dei
2819 2997 2905 3052 hic
2955 2996 3320 3068 accipiendus
3365 3002 3446 3052 est
3488 2991 3673 3064 Spiritu:

459 3098 660 3166 quiras,
688 3106 920 3164 quatuor
947 3099 1227 3167 progenies
1267 3115 1366 3168 pro
1411 3099 1641 3153 filiorum
1683 3098 2031 3154 successione
2056 3074 2101 3136 Ο
2134 3094 2374 3140 sanetus-

459 3185 771 3241 nnmerabis
805 3203 816 3239 :
849 3185 894 3239 si
915 3187 1090 3241 tribus
1117 3187 1269 3242 Juda:
1294 3189 1427 3243 ordo
1456 3189 1770 3257 replicetur,
1799 3189 2036 3257 quinque

457 3278 864 3345 generationum
904 3278 1274 3333 successiones
1317 3279 1579 3344 invenies,
1627 3293 1945 3348 quamquam
1979 3279 2032 3332 in

459 3371 703 3436 Hebraeo,
735 3379 794 3424 ut
824 3369 1026 3425 indicat
1048 3370 1253 3439 Aquila:
1283 3369 1666 3425 studiosissimi
1695 3370 2034 3426 translatoris

458 3461 644 3526 editio,
673 3476 777 3515 non
802 3460 1020 3528 habeat,
1049 3460 1244 3527 Quinta
1272 3462 1619 3530 generatione
1639 3460 2030 3516 ascenderunt:

457 3555 584 3624 sed,
616 3553 816 3608 Armati
839 3555 1174 3606 ascenderunt
1210 3551 1312 3621 ﬁlii,
1348 3549 1516 3606 Israel
1547 3551 1617 3605 de
1651 3561 1787 3607 terra
1816 3552 2036 3623 [Egypti

457 3645 657 3715 (fixod.
692 3660 818 3711 xm,
854 3645 970 3716 18).

523 3737 633 3791 (ut.
679 3736 1066 3807 ln'Scripturis
1105 3736 1416 3806 frequenter
1454 3735 1686 3808 legimus
1731 3753 1744 3788 :
1797 3735 1864 3789 Et
1904 3737 2035 3790 dixit

457 3828 755 3883 Dominus:
783 3827 922 3884 istud
971 3826 1158 3884 dicere
1205 3827 1417 3883 Domini
1458 3827 1730 3898 quomodo
1765 3826 2034 3898 accipien-

457 3924 584 3978 dum
614 3923 727 3978 est?
780 3925 804 3944 ’

528 4015 685 4072 Resp.
730 4015 919 4068 Dicere
976 4013 1237 4069 Dominus
1291 4014 1374 4068 vel
1439 4013 1582 4085 loqui
1643 4011 1930 4077 scribitur,
1987 4011 2033 4064 si

457 4105 674 4176 quando
699 4105 765 4160 ad
793 4114 1099 4161 sanctorum
1129 4120 1290 4160 aures
1315 4121 1662 4176 expressum,
1687 4105 1776 4174 qui
1803 4118 1945 4173 sat-pe
1965 4103 2032 4158 ab

457 4199 579 4254 aliis
611 4213 716 4253 non
746 4195 982 4266 auditur,
1009 4197 1135 4252 facit
1162 4211 1352 4252 sonum
1383 4198 1670 4266 pervenire
1694 4195 1980 4251 verborum
2017 4237 2032 4250 .

457 4295 565 4346 Aut
601 4305 722 4345 cum
767 4304 863 4358 per
898 4290 1160 4359 assumpti
1195 4287 1485 4360 cujuslibet
1513 4287 1757 4357 corporis
1797 4287 2032 4354 speciem

455 4385 598 4440 Deus
625 4383 900 4453 loquitur:
927 4391 1020 4437 aut
1042 4397 1161 4438 cum
1186 4380 1377 4452 aliquis
1406 4381 1777 4436 admonitione
1803 4382 1916 4434 sive
1944 4395 2032 4434 re-

456 4473 726 4528 vnlatione
776 4481 1059 4526 nocturna:
1105 4470 1327 4526 visionis
1373 4471 1660 4526 instruitur
1699 4486 1712 4525 :
1755 4469 1840 4523 vel
1887 4478 2034 4525 certe

454 4578 575 4617 cum
602 4579 669 4619 ea
700 4577 822 4631 quae
849 4561 933 4632 agi
963 4560 1076 4615 vult
1125 4561 1405 4629 Dominus,
1432 4571 1739 4614 sanctorum
1778 4559 2036 4614 cordibus

455 4666 512 4708 ut
540 4663 766 4723 agantur
785 4693 799 4718 ,
833 4652 1094 4721 inspirat,
1130 4651 1425 4706 secundum
1455 4649 1586 4704 illud
1617 4667 1630 4702 :
1660 4648 1878 4704 Audiam
1908 4651 2033 4720 quid

455 4747 695 4816 loquatur
714 4745 766 4798 in
788 4759 864 4797 me
893 4742 1144 4797 Dominus
1177 4741 1313 4796 Deus
1341 4739 1459 4812 (Ps.
1487 4755 1702 4808 Lxxxtv,
1732 4741 1811 4810 9).

524 4838 633 4892 lnt.
675 4837 817 4892 Dicit
861 4835 1117 4890 Dominus
1157 4833 1224 4889 ad
1269 4834 1489 4904 Moysen
1526 4851 1540 4887 :
1578 4831 1875 4887 Posteriora
1919 4849 2032 4887 mea

446 4930 642 4986 videbis
674 4926 866 5002 (Exod.
897 4941 1088 4993 χχχιιι,
1118 4924 1212 4997 23)
1258 4941 1273 4978 :
1315 4925 1446 4995 quid
1493 4924 1580 4981 hic
1625 4926 2029 4996 intelligendum

447 5021 576 5077 est?

523 5115 682 5183 Resp.
723 5111 875 5181 Quod
931 5110 1238 5181 posteriora
1307 5109 1611 5165 divinorum
1681 5123 1905 5178 operum
1976 5109 2031 5161 in

451 5204 669 5261 Christo
698 5204 990 5275 postremis
1033 5200 1426 5257 manifestanda
1461 5201 1828 5270 temporibus.
1862 5198 1948 5253 vel
1978 5199 2030 5252 in

450 5299 640 5368 spiritu
664 5299 877 5352 visurus
913 5304 1090 5361 esset,
1117 5293 1204 5350 vel
1232 5294 1286 5350 in
1318 5295 1550 5364 posteris
1579 5293 1736 5347 suis;

521 5388 632 5445 Int.
673 5389 804 5458 Quae
832 5387 1116 5444 referenda
1146 5395 1274 5442 sunt
1329 5386 1732 5457 inquirentibus
1763 5402 1922 5456 quam
1962 5387 2031 5439 ob

451 5495 670 5534 causam
715 5479 856 5534 Dens
885 5479 978 5534 uni
1013 5487 1222 5534 tantum
1264 5479 1412 5548 genti
1458 5492 1553 5547 per
1598 5478 1818 5549 Moysen
1859 5477 2030 5545 legem

454 5567 663 5621 dederit
699 5585 711 5620 :
753 5577 913 5638 atque
943 5568 1079 5625 hanc
1115 5569 1284 5639 ipsam
1315 5567 1485 5624 multa
1511 5567 1619 5639 jam
1659 5567 1839 5622 sacc'tdi
1871 5574 2030 5621 aetate

454 5659 794 5712 transutrsa‘!

2751 3241 2801 3280 LV
2839 3241 3109 3282 LEVITICO.

2206 3375 2314 3430 Int.
2353 3376 2712 3444 Quamobrem
2762 3379 2813 3433 in
2867 3378 3152 3436 sacriﬁciis
3203 3379 3309 3434 mel
3363 3369 3678 3447 (Ler.u,ll)

2135 3467 2449 3536 prohibetur
2475 3467 2694 3524 olIerri?

2205 3556 2367 3626 Resp.
2407 3560 2543 3626 Quia
2573 3559 2869 3615 secundum
2899 3560 3225 3616 interiorem
3257 3574 3471 3616 sensum
3499 3551 3683 3611 resoluti

2135 3647 2522 3705 blandimentis
2547 3650 2892 3717 deliciarum,
2918 3662 3014 3707 aut
3045 3653 3345 3709 dulcedine
3368 3651 3686 3717 voluptatum.

2136 3754 2242 3793 non
2277 3750 2503 3808 possunt
2530 3741 2915 3812 mysteriorum
2951 3742 3054 3799 Dei
3087 3759 3218 3800 esse
3252 3741 3552 3813 participes.
3580 3734 3687 3789 Iline

2135 3840 2220 3887 est
2262 3833 2445 3901 igitur,
2477 3834 2619 3903 quod
2660 3835 2823 3889 etiam
2864 3833 3080 3890 Pascha
3126 3835 3344 3892 Domini
3384 3831 3566 3888 comedi
3599 3840 3691 3880 cum

2133 3924 2475 3978 amaritudine
2490 3924 2706 3997 jubetur
2731 3924 2924 3994 (Exod.
2958 3943 3068 3993 χιι,
3105 3929 3166 4000 8)
3209 3947 3224 3982 :
3265 3928 3393 3998 quia
3420 3927 3485 3980 sit
3513 3932 3691 3986 semper

2130 4024 2347 4072 austera
2376 4016 2645 4074 districtio
2669 4019 2931 4072 veritatis.
2961 4016 3202 4089 Oportet
3232 4036 3366 4092 ergo
3392 4010 3694 4086 absque'ullo

2135 4107 2461 4162 adulationis
2489 4122 2554 4162 ac
2581 4107 2874 4177 voluptatis
2905 4111 3072 4166 melle
3115 4111 3284 4166 noxio
3330 4109 3583 4164 salutares
3615 4111 3695 4153 n05

2137 4198 2249 4254 Deo
2269 4198 2472 4254 hostias
2497 4213 2715 4268 semper
2742 4199 2940 4255 oﬂ‘crre
2962 4209 3018 4255 rt
3041 4203 3236 4257 dicere
3267 4218 3284 4257 :
3315 4201 3462 4271 Ergo
3485 4193 3696 4252 inimicus

2129 4287 2311 4343 factus
2347 4303 2467 4344 sum
2495 4304 2681 4345 verum
2721 4289 2909 4346 dicens
2952 4291 3153 4347 vobis?
3195 4287 3518 4347 Econtrario
3557 4279 3699 4338 admi-

2136 4379 2276 4434 sceri
2316 4379 2371 4433 in
2411 4381 2648 4434 omnibus
2670 4382 2936 4448 sacriﬁciis
2978 4384 3064 4438 sal
3110 4385 3322 4452 iubetur
3354 4381 3498 4456 (Leo.
3525 4392 3581 4444 tt,
3609 4374 3700 4443 l3).

2138 4472 2345 4527 scilicet
2371 4483 2428 4526 ut
2457 4473 2632 4527 omnia
2653 4515 2668 4539 ,
2709 4489 2828 4543 qua:
2856 4473 2924 4528 ad
2961 4472 3179 4530 Christi
3211 4475 3475 4532 honorem
3506 4471 3704 4527 cultumv

2137 4577 2242 4632 que
2261 4561 2562 4628 oderimus.
2587 4564 2754 4619 salem
2788 4565 3018 4621 rationis
3042 4581 3113 4623 ac
3134 4564 3491 4622 discretionis
3520 4568 3705 4630 semper

2129 4655 2420 4723 accipiant.

2207 4745 2316 4801 Int.
2355 4747 2491 4815 Quid
2519 4749 2736 4817 pr0prie
2753 4749 2818 4803 ad
2842 4763 2998 4804 usum
3023 4752 3352 4820 pertinebat
3375 4746 3706 4806 sacerdotum.

2133 4837 2332 4907 quidve
2361 4837 2426 4892 ad
2458 4838 2745 4894 levitarum
2778 4855 2846 4894 ex
2884 4839 2967 4894 his
3007 4855 3137 4909 qua
3171 4842 3416 4912 populus
3445 4828 3710 4894 oﬂerebatl

2206 4928 2367 4997 Resp.
2406 4927 2667 4986 Primitias
2697 4929 2905 5000 frugum
2946 4941 3400 5004 ceterarumque
3436 4941 3608 4986 rerum
3641 4935 3712 4976 sa-

2133 5020 2480 5087 cerdotibus,
2513 5021 2736 5076 decimre
2767 5037 2896 5075 vero
2937 5020 3151 5079 Levitis
3193 5025 3616 5093 deputabantur.
3653 5013 3714 5067 Do

2132 5111 2328 5182 quibus
2360 5119 2538 5166 tamen
2577 5111 2801 5166 decimis
2827 5110 3038 5166 decima
3071 5113 3480 5170 sacerdotibus
3504 5101 3711 5166 debeba-

2135 5211 2220 5255 tur
2239 5199 2428 5271 (Num.
2451 5215 2610 5263 xvut,
2641 5217 2756 5266 χιχ,
2786 5216 2903 5264 χχι,
2928 5202 3112 5270 χχιι).

2208 5289 2312 5344 lnt.
2357 5289 2619 5346 Universa
2641 5305 2760 5358 quae
2792 5289 2934 5345 Deus
2963 5290 3250 5357 condidit,
3283 5292 3420 5346 bona
3445 5288 3588 5344 valde
3611 5289 3712 5337 sunt

2138 5377 2288 5450 (Gen.
2321 5394 2369 5444 ι,
2395 5377 2489 5450 51)
2524 5395 2539 5432 :
2571 5389 2627 5434 et
2651 5381 2928 5449 quomodo
2967 5379 3016 5432 in
3046 5378 3178 5450 lege
3211 5380 3470 5451 quasdam
3487 5372 3713 5434 animalia

2135 5478 2394 5526 vocantur
2420 5471 2691 5526 immunda
2719 5471 2869 5542 (Leu.
2885 5473 2963 5542 χι)
2979 5471 3004 5523 1

2210 5564 2368 5631 Resp.
2408 5561 2478 5618 Ut
2519 5562 2724 5632 reliqua
2764 5569 3006 5628 taceam,
3039 5576 3177 5630 quas
3217 5579 3288 5619 ex
3330 5565 3440 5620 hoc
3480 5559 3580 5616 dici
3619 5565 3716 5625 pns-

2138 5668 2285 5717 sunt,
2336 5653 2610 5725 immunda
2657 5653 2918 5724 appellata
2958 5661 3088 5708 sunt
3120 5659 3288 5722 esui,
3322 5671 3433 5710 non
3465 5641 3715 5707 creauoui-
