3932 6170
385 269 490 329 ’185

388 480 544 533 tinent
575 476 767 528 corium
792 470 969 525 caudte
998 467 1147 538 ejus?

367 593 375 631 ρ
455 574 611 641 Resp.
652 570 825 625 Naves
875 563 1146 620 Ecclesias
1192 559 1336 625 dici,
1387 573 1505 627 qum
1560 550 1954 641 tentationibus

389 661 927 729 lribulationibusque
966 662 1192 720 vexatae,
1226 653 1313 705 vix
1340 648 1720 704 antichristum
1763 645 1816 699 in
1849 642 1955 697 line

384 756 568 815 mundi
621 752 947 807 tolerabunt.
982 745 1146 801 Recte
1176 752 1358 797 autem
1390 738 1642 795 draconis
1688 735 1852 797 illius,
1902 731 1954 786 id

384 856 499 913 est,
549 844 745 900 diaboli
794 839 1019 895 caudam
1051 834 1430 890 antichristum
1473 828 1726 900 appellat,
1774 840 1804 878 a
1850 838 1957 895 quo

385 934 688 1008 persecutio
714 931 895 988 veniet
919 938 1182 983 extrema.

937 1034 990 1073 IN
1027 1030 1204 1072 ιιεῦωι
1241 1027 1424 1068 ιιιιιυε.

460 1122 564 1191 lnt.
605 1117 742 1186 Quid
775 1122 856 1169 est
884 1109 1025 1182 quod
1063 1108 1279 1164 Saulem
1309 1102 1564 1191 Dominus
1589 1107 1763 1170 postea
1782 1111 1960 1167 repro—

387 1217 479 1270 bat
514 1229 694 1282 regem
721 1210 761 1281 (l
800 1208 927 1279 Reg.
952 1194 1072 1270 xiu,
1115 1205 1224 1275 ll),
1271 1216 1432 1272 quem
1465 1197 1618 1269 prius
1645 1196 1700 1249 in
1726 1206 1952 1265 regnum

392 1308 687 1378 eligendum
713 1305 913 1376 putavit
948 1302 988 1370 (l
1019 1299 1141 1367 Reg.
1184 1313 1236 1364 x,
1264 1294 1352 1364 1)?

467 1401 625 1469 Resp.
666 1395 801 1461 Quia
866 1393 1010 1446 Deus
1067 1402 1228 1444 suum
1295 1384 1432 1441 illud
1485 1383 1692 1455 justum
1740 1378 1956 1469 Aincor-

393 1467 726 1555 ruptuntque
779 1480 1045 1551 judicium
1100 1493 1169 1533 ea
1202 1475 1453 1544 mquitatc
1502 1467 1800 1539 depromit,
1848 1480 1959 1519 non

390 1594 460 1630 ex
508 1571 848 1644 pra~scientia
902 1567 1052 1636 eligit
1115 1580 1129 1620 :
1172 1563 1505 1632 quempiam,
1539 1574 1663 1613 cum
1697 1563 1959 1644 meretur,

395 1641 671 1734 reprobat,
724 1673 846 1713 cum
883 1655 1148 1711 electione
1186 1651 1442 1721 indignus
1497 1646 1754 1702 ellicitur.
1790 1641 1963 1698 Caete-

396 1730 518 1815 rutn
576 1764 918 1823 nequaquam
972 1745 1267 1801 convenire
1323 1746 1687 1796 sacrosancta:
1744 1730 2036 1790 veritatiB

392 1848 727 1923 justitimque
760 1843 879 1913 ejus
938 1837 1248 1900 videbatur,
1313 1844 1368 1888 ut
1428 1842 1708 1902 peccatum
1758 1827 1965 1884 oll‘ensa

396 1939 754 2012 praecederet.

459 2029 565 2084 Int.
605 2022 884 2094 Quomodo
931 2015 1336 2088 intelligendum
1379 2018 1480 2077 est,
1530 2006 1673 2081 quod
1720 2007 1773 2061 in
1812 2006 1957 2062 Scri-

386 2121 558 2192 pturis
606 2117 874 2188 paenitere
903 2111 1160 2167 Dominus
1208 2121 1353 2176 sape
1402 2100 1768 2160 memoratur?
1811 2099 1961 2156 Sicut

364 2216 549 2271 etiam
578 2212 644 2267 de
675 2205 994 2264 Sauledicit
1036 2222 1048 2256 :
1094 2201 1316 2257 Pmnitet
1346 2214 1424 2252 me
1447 2195 1583 2265 quod
1610 2193 1961 2247 constituerim

389 2307 523 2363 Saul
547 2317 716 2374 regem
743 2300 786 2370 (ι
813 2297 943 2367 Reg.
980 2312 1070 2359 xv,
1101 2290 1220 2361 ll)?

460 2372 617 2462 Resp.
681 2385 1006 2445 Pmniteutia
1057 2379 1271 2436 Domini
1322 2377 1517 2434 dicitur
1563 2390 1741 2430 rerum
1787 2372 1853 2426 ab
1895 2386 1960 2426 eo

388 2485 804 2543 constitutorum
830 2475 1078 2541 mutatio,
1102 2488 1220 2541 qua:
1247 2486 1345 2540 pro
1373 2484 1548 2523 rerum
1575 2464 1959 2528 vicissitudine,

389 2574 477 2631 vel
520 2576 624 2643 pro‘
667 2568 803 2626 recti
867 2562 1224 2634 dispositione
1278 2558 1539 2614 succedit.
1595 2557 1827 2611 Necesse
1881 2561 1963 2608 est

392 2665 557 2731 enim,
610 2671 671 2716 ut
718 2658 915 2715 divina:
961 2651 1368 2724 dispositiones,
1419 2664 1526 2720 quo
1570 2645 1962 2702 manifestiores

391 2754 730 2812 audientibus
762 2751 911 2815 llant,
944 2762 1044 2819 per
1085 2743 1501 2814 signiﬁcationes
1531 2740 1777 2796 humanm
1810 2752 1961 2793 meu-

393 2847 463 2901 tis
487 2822 809 2900 mdicénlur.

458 2934 569 2990 Int.
612 2932 859 3000 Legimus
888 2925 1027 2998 quod
1063 2922 1345 2991 sulfocabat
1374 2920 1505 2978 Saul
1546 2920 1759 2988 spiritus
1798 2917 1963 2972 malus

391 3026 600 3083 Domini
624 3023 667 3096 (ἰ
694 3020 820 3092 Reg.
848 3034 970 3084 xvt,
994 3016 1112 3088 ‘25).
1137 3014 1406 3086 quomodo
1431 3012 1664 3078 Domini,
1689 3012 1732 3067 si
1757 3009 1964 3065 malus?

1372 255 1426 311 S.
1467 251 1797 310 EUCll’Elll‘l
1836 247 2307 307 LUGDUNENSIS
2348 248 2648 305 EPISCOPI

388 386 482 442 illo
532 383 817 441 scribitur:
849 379 1031 434 Omnes
1075 390 1222 429 naves
1262 373 1307 426 si
1336 372 1656 437 conveniant,
1709 385 1811 421 non
1841 383 1954 420 sus-
1984 370 2033 426 Α

3539 248 3635 307 781

2689 379 2740 416 ΙΝ
2782 379 3013 418 ΜΣΕΙΙΞΑ.

2129 496 2239 551 Int.
2306 497 2584 564 Quomodo
2628 498 2996 566 accipiendum
3039 505 3121 553 est
3170 499 3317 566 quod
3384 498 3624 558 Michaas

2057 592 2319 661 propheta
2372 591 2492 645 ait:
2540 589 2673 643 Ecce
2722 588 2973 644 Dominus
3016 592 3120 644 erit
3177 590 3240 643 de
3293 590 3408 645 loco
3458 603 3628 647 sancto

2055 696 2188 747 sua,
2242 688 2293 734 et
2342 681 2644 745 descendit,
2700 690 2747 733 et
2795 680 2988 735 incedit
3036 696 3190 749 super
3243 682 3444 736 excelsa
3489 692 3630 738 terra

2058 770 2242 845 (Mich.
2268 787 2304 837 ι,
2336 771 2431 842 5)?

2129 868 2290 937 Resp.
2331 866 2671 922 Descendere
2708 867 2968 922 Dominus
3014 867 3233 936 dicitur,
3288 870 3499 938 quando
3542 870 3627 925 ha-

2046 963 2187 1017 bere
2226 977 2410 1017 curam
2461 962 2759 1031 fragilitatis
2805 963 3053 1016 humanae.
3103 964 3384 1021 evidenter
3427 967 3631 1022 indiciis

2057 1052 2482 1121 dignantissima:
2514 1053 2724 1120 pietatis
2761 1053 3087 1108 ostenditur.
3125 1054 3214 1109 Sic
3244 1066 3299 1110 et
3330 1058 3516 1127 Angeli
3549 1074 3633 1129 per

2058 1145 2205 1201 illam
2228 1146 2392 1200 Jacob
2419 1146 2611 1200 scalam
2646 1148 2970 1201 ascendentes
2999 1148 3458 1221 descendentesque
3483 1151 3632 1221 (Gen.

2061 1252 2252 1303 xxvrtt,
2304 1235 2434 1307 1‘2),
2477 1227 2812 1291 tcrreTrortun
2862 1237 3245 1303 visitationem,
3295 1255 3401 1293 non
3434 1240 3635 1295 ruinam

2059 1328 2498 1382 descendentium
2546 1327 2786 1382 indicant
2831 1328 3166 1398 angelorum.
3230 1329 3319 1385 Sic
3363 1339 3418 1385 et
3456 1336 3635 1386 excel-

2061 1421 2232 1472 siores
2268 1418 2473 1488 justitia
2523 1419 2621 1472 viri
2672 1417 3006 1474 descendere
3036 1428 3307 1488 putantur,
3346 1421 3392 1475 si
3429 1423 3639 1491 quando

2061 1508 2502 1587 cntulescendunt
2556 1509 2904 1564 inferioribus
2970 1516 3171 1571 saneta:
3219 1508 3506 1567 charitatis
3557 1511 3638 1566 in-

2059 1599 2279 1654 stiuctu.

2721 1706 2773 1746 IN
2812 1706 2970 1746 ISAIA.

2135 1821 2239 1877 Int.
2298 1821 2435 1890 Quid
2512 1824 2921 1895 intelligendum
2985 1833 3068 1880 est
3116 1826 3171 1882 in
3232 1828 3449 1884 cantico
3500 1828 3643 1884 Isaia:

2063 1912 2365 1983 Pmphette,
2399 1930 2519 1969 cum
2562 1916 2690 1970 dicit
2722 1932 2738 1970 :
2774 1914 3001 1970 Cantabo
3030 1917 3219 1972 dilecto
3248 1935 3361 1973 meo
3390 1921 3643 1974 canticum

2063 2006 2307 2071 patruelis
2338 2013 2437 2059 met
2477 2007 2638 2060 vineae
2657 2022 2765 2060 suae
2796 2022 2815 2061 :
2851 2006 3011 2061 Vinea
3043 2010 3183 2079 facta
3210 2019 3283 2064 est
3318 2009 3514 2066 dilecto
3539 2028 3645 2066 meo

2061 2098 2113 2151 in
2143 2115 2298 2151 cornu
2328 2097 2438 2167 ﬁlio
2469 2098 2569 2152 olei
2607 2096 2760 2169 (Isai.
2796 2115 2848 2166 v,
2883 2100 2974 2168 ω

2136 2189 2290 2260 Resp.
2333 2188 2439 2243 Alii
2469 2188 2571 2243 hoc
2607 2191 2872 2244 canticum
2901 2205 2932 2244 a
2960 2190 3166 2261 Spiritu
3211 2201 3402 2246 sancto
3433 2196 3641 2249 cantari

2065 2287 2271 2348 putant,
2314 2280 2403 2334 alii
2451 2295 2481 2334 a
2529 2281 2809 2351 propheta,
2862 2281 2956 2351 qui
3003 2297 3156 2353 aeque
3200 2293 3389 2339 sancto
3442 2285 3648 2355 Spiritu

2061 2387 2264 2429 vacuus
2313 2387 2417 2427 non
2470 2381 2607 2428 erat.
2654 2373 2847 2427 Cantat
2877 2382 3055 2428 autem
3089 2375 3140 2428 in
3171 2375 3650 2446 planctum'vinea:

2062 2478 2196 2531 suae,
2247 2479 2365 2533 qua:
2412 2472 2494 2519 est
2543 2463 2736 2518 domus
2762 2463 2950 2519 Israel.
3002 2464 3239 2520 Dilectus
3274 2474 3461 2520 autem
3495 2466 3650 2522 lusus

2064 2553 2332 2609 Cuntst
2380 2565 2482 2609 est.
2531 2555 2634 2621 ipsi
2679 2555 2821 2609 enim
2872 2554 3071 2609 dictum
3123 2563 3245 2609 est:
3284 2550 3365 2609 Tu
3410 2573 3467 2610 es
3520 2559 3651 2624 ﬁlius

2065 2663 2205 2701 meus
2248 2646 2463 2700 dilectus
2496 2645 2724 2718 (Matth.
2772 2662 2854 2713 tu,
2890 2645 2953 2700 Π
2979 2644 3021 2717 ).
3057 2646 3232 2716 Ipsum
3263 2658 3318 2702 et
3352 2648 3649 2715 patruelem

2063 2738 2330 2807 appellat,
2362 2739 2503 2805 quod
2543 2753 2608 2792 ex
2637 2738 2825 2793 eadem
2857 2738 2927 2791 sit
2957 2738 3125 2807 stirpe
3154 2740 3496 2809 progenitus.
3533 2738 3653 2794 Haec

2064 2846 2193 2901 ergo
2219 2832 2374 2885 vinea
2407 2830 2506 2901 ipsi
2555 2822 2795 2900 plan'ata
2818 2840 2899 2884 est
2945 2832 3000 2885 in
3044 2846 3236 2898 cornu,
3270 2833 3417 2902 quod
3478 2843 3565 2888 est
3600 2834 3651 2889 in

2065 2921 2394 2975 sublimitate
2420 2928 2580 2990 atque
2606 2922 2806 2976 virtute
2835 2937 2847 2973 :
2875 2922 2964 2990 qui
3004 2922 3231 2976 dilectus
3262 2934 3316 2977 et
3347 2923 3499 2977 li'ius
3529 2926 3652 2993 olei,

2067 3011 2190 3081 quia
2224 3023 2418 3067 unctus
2445 3014 2531 3081 sit,
2564 3013 2709 3068 unde
2738 3021 2789 3067 et
2817 3010 3061 3067 Christus
3087 3023 3306 3069 vocatur
3348 3031 3361 3067 :
3411 3018 3502 3071 vel
3532 3017 3652 3086 quia

465 3117 621 3185 Resp.
665 3112 798 3179 Quia
843 3119 1035 3164 cuncta
1067 3107 1296 3161 Domino
1340 3115 1559 3160 auctore
1606 3103 1836 3173 prolata,
1882 3102 1961 3155 di-
1994 3095 2038 3159 C
2071 3105 2214 3158 omni
2252 3104 2451 3159 mundo
2497 3112 2765 3173 tamquam
2799 3103 3138 3173 splendidum
3172 3106 3351 3160 lumen
3380 3108 3653 3164 illuxerit.

384 3208 528 3259 vina:
558 3213 682 3258 sunt
710 3200 919 3254 subdita
947 3196 1218 3267 potestati.
1269 3196 1411 3264 Ergo
1456 3202 1511 3248 et
1550 3195 1664 3264 ipse
1695 3193 1957 3258 diabolus,

393 3296 520 3351 licet
582 3307 688 3346 non
738 3268 909 3359 qualis
955 3301 1094 3341 nunc
1141 3297 1243 3352 eSt,
1296 3286 1390 3340 sed
1442 3287 1613 3339 bonus
1657 3300 1685 3338 a
1738 3286 1962 3338 Domino

391 3383 660 3454 quondam
691 3392 933 3445 creatus,
978 3389 1030 3432 et
1064 3377 1169 3431 Deo
1200 3391 1412 3445 semper
1444 3392 1541 3445 pro
1572 3376 1958 3445 omnipotentis

388 3477 596 3532 ditione
623 3472 920 3542 subjectus,
949 3468 1164 3524 Domini
1194 3476 1332 3523 erat.

458 3567 568 3620 lnt.
602 3563 747 3633 Quid
794 3570 897 3628 est,
949 3561 1089 3630 quod
1122 3574 1244 3616 cum
1272 3558 1542 3630 aliquanta
1588 3558 1676 3615 hic
1701 3557 1961 3614 Dominus

390 3657 641 3724 vindicet,
672 3662 779 3710 non
808 3652 1041 3708 vindicat
1068 3650 1283 3708 omnia?

462 3748 618 3818 Resp.
661 3745 912 3801 Vindicat
954 3743 1252 3813 aliquanta,
1293 3750 1352 3796 ut
1398 3741 1727 3813 intelligatur
1767 3740 1960 3796 huma-

388 3852 581 3896 narum
623 3850 806 3893 rerum
847 3850 1008 3906 agere
1056 3850 1264 3890 curam.
1314 3833 1431 3906 Non
1478 3834 1713 3889 vindicat
1755 3835 1958 3900 omnia,

386 3943 446 3989 ut
475 3936 796 4004 agnoscatur
840 3926 1081 3984 terribile
1127 3927 1333 3983 cunctis
1360 3926 1536 3983 adhuc
1575 3927 1806 3982 futurum
1839 3942 1961 3983 esse

385 4025 663 4097 iudicium.

456 4115 568 4171 Int.
613 4113 858 4170 Umbram
904 4110 1164 4169 Samuelis
1208 4109 1516 4180 Pythonis'sa
1565 4106 1958 4184 (lReg.smu,

388 4205 478 4277 12)
507 4203 957 4276 quemadmodum
990 4202 1160 4271 potuit
1184 4201 1454 4265 evocaret

461 4296 620 4367 Resp.
660 4294 769 4351 Aut
809 4293 1000 4349 f‘alsam
1046 4300 1174 4348 tunc
1219 4292 1463 4346 umbram
1493 4291 1961 4347 videntibus'dia-

387 4390 541 4446 holus
567 4385 808 4444 ostendit
847 4401 862 4441 :
903 4396 996 4441 aut
1018 4383 1067 4440 si
1097 4383 1197 4439 fuit
1220 4396 1343 4438 vera
1370 4422 1386 4449 ,
1435 4388 1639 4438 tantum
1665 4383 1713 4438 ei
1746 4382 1960 4440 licuisse

2065 3193 2123 3248 lu
2174 3196 2276 3249 hoc
2325 3197 2533 3252 cantico
2578 3208 2733 3250 uvam
2762 3195 3021 3265 justitiam
3054 3196 3313 3265 appellat,
3368 3208 3429 3252 et
3474 3202 3657 3270 spinas

2068 3284 2426 3355 iniquitatem.

2142 3374 2247 3432 Int.
2291 3376 2344 3431 ln
2372 3377 2527 3432 Isaia:
2559 3376 2765 3432 visione
2806 3393 2928 3433 eum
2974 3376 3109 3433 vidit
3139 3378 3428 3435 Dominum
3462 3382 3657 3438 seden-

2065 3479 2171 3525 tem
2224 3480 2386 3539 super
2431 3471 2664 3536 solium,
2723 3471 2849 3539 quitl
2901 3471 3308 3541 intelligendum
3362 3486 3453 3527 est
3505 3476 3650 3544 ηειυά

2062 3562 2165 3615 ait:
2188 3559 2445 3631 Seraphin
2457 3563 2657 3615 stabunt
2680 3578 2832 3634 super
2860 3561 3014 3625 illud,
3045 3579 3133 3616 sex
3149 3564 3247 3617 alte
3271 3565 3363 3616 uni
3385 3574 3437 3617 et
3458 3568 3659 3620 sexalte

2061 3656 2229 3708 alteri.
2265 3650 2473 3707 Duabus
2514 3656 2745 3707 vetabant
2779 3654 2959 3723 [aciem
2999 3656 3140 3725 ejus,
3181 3663 3231 3709 et
3260 3657 3475 3710 duabus
3505 3660 3657 3726 pedes
3706 3646 3709 3647 ν

2060 3749 2195 3816 ejus,
2240 3755 2286 3801 et
2318 3746 2515 3799 duabus
2539 3744 2795 3808 volabant,
2825 3755 2872 3798 et
2916 3745 3202 3800 clamabant
3251 3747 3386 3800 alter
3440 3749 3514 3803 ad
3540 3749 3661 3803 alte-

2061 3856 2194 3905 rum,
2237 3848 2283 3894 et
2317 3839 2593 3895 dicebant:
2625 3838 2866 3905 Sanctus,
2893 3850 3123 3906 sanctus,
3156 3848 3363 3894 sanctus
3398 3838 3660 3895 Dominus

2063 3931 2373 3985 exercituum
2388 3930 2414 3984 1’

2139 4019 2297 4090 Resp.
2338 4021 2395 4075 lu
2428 4021 2527 4075 hac
2574 4020 2782 4076 visione
2823 4021 3058 4076 Joannes
3090 4019 3428 4090 Evangelista
3466 4023 3658 4077 Domi-

2061 4120 2186 4165 num
2222 4112 2392 4166 Jesuu
2427 4110 2697 4166 Cuntsruu
2734 4110 2801 4165 ab
2830 4110 2963 4164 Isaia
3001 4112 3172 4164 visum
3223 4125 3346 4165 esse
3399 4122 3660 4175 testatur,

2062 4201 2248 4256 dicens
2276 4218 2289 4254 :
2327 4201 2454 4255 Haec
2478 4200 2605 4254 dixit
2643 4198 2834 4269 Isaias,
2867 4198 3071 4268 quando
3099 4200 3224 4254 vidit
3256 4201 3490 4271 gloriam
3522 4204 3660 4273 ejus,

2062 4304 2108 4348 et
2131 4296 2329 4348 locutus
2356 4302 2433 4348 est
2471 4294 2535 4347 de
2564 4308 2623 4346 eo
2651 4290 2829 4361 (Joan.
2860 4290 3098 4361 xu,_,ll).
3130 4290 3367 4346 Primum
3401 4306 3546 4363 ergo
3578 4293 3670 4346 hic

2062 4385 2321 4454 quiatritur
2358 4382 2627 4455 quomodo
2661 4378 2915 4453 seraphin
2946 4380 3090 4435 circa
3126 4379 3341 4435 Domini
3388 4380 3662 4437 thronum

386 4480 713 4536 credendum
728 4486 839 4547 est,
865 4485 1121 4547 quantum
1146 4490 1176 4528 a
1207 4473 1432 4529 Domino
1460 4474 1807 4544 permittente
1832 4489 1966 4531 con-
1990 4463 2045 4526 D
2067 4486 2272 4534 stantes
2318 4477 2521 4547 pariter
2562 4483 2619 4531 et
2666 4474 2851 4529 volare
2886 4472 3157 4529 dicuntur.
3210 4470 3357 4527 Bene
3401 4472 3513 4529 hoc
3542 4488 3664 4528 ser-

386 4583 603 4626 ccssum
653 4574 759 4635 est,
800 4578 902 4622 nec
945 4565 1143 4619 mirum
1190 4576 1287 4633 pro
1327 4563 1641 4632 quibusdam
1672 4564 1966 4621 reconditis

387 4659 705 4728 arcanisque
746 4656 967 4720 c‘nusis,
1011 4654 1098 4709 vel
1142 4668 1243 4723 pro
1292 4653 1723 4710 manifestatione
1770 4656 1963 4724 proba-

386 4752 592 4807 tionum
637 4748 854 4804 diabolo
898 4747 1002 4802 ista
1056 4745 1291 4816 permitti
1337 4762 1350 4797 :
1393 4758 1516 4800 cum
1556 4754 1610 4802 et
1640 4746 1962 4804 Salvatorem

385 4841 706 4899 constituerit
731 4839 787 4893 in
818 4839 1028 4909 pinnam
1054 4837 1250 4909 templi,
1280 4846 1327 4891 et
1366 4835 1468 4891 Job
1501 4839 1723 4908 petierit,
1752 4855 1961 4911 accepe-

383 4936 545 5006 ritque
570 4931 872 4988 tentandum
898 4928 1112 5003 (Matth.
1141 4944 1218 4999 tv,
1248 4929 1313 4995 5;
1352 4928 1475 4985 Job.
1510 4946 1548 4995 ι,
1582 4931 1693 5003 Η).

454 5023 564 5079 Int.
600 5021 735 5078 Cum
759 5022 959 5076 factum
981 5034 1088 5074 non
1117 5022 1207 5084 sit,
1233 5020 1503 5088 quomodo
1529 5024 1698 5075 oranti
1726 5021 1957 5077 Ezechiae

382 5116 453 5172 15
481 5116 607 5169 anni
634 5112 786 5184 quasi
814 5112 879 5167 ad
928 5109 1250 5183 praefinitum
1279 5110 1402 5165 vitae
1447 5124 1561 5165 suae
1604 5120 1812 5182 tempus
1863 5113 1961 5168 ad-

382 5206 582 5261 duntur
606 5204 699 5278 (Ν
727 5203 855 5276 Reg.
890 5219 987 5268 xx,
1018 5200 1112 5274 6)?

452 5297 608 5369 Resp.
647 5296 784 5363 Quia
815 5296 1000 5365 utique
1048 5292 1342 5364 urgebatur
1388 5293 1646 5350 Eaeehias
1693 5295 1745 5350 in
1777 5307 1955 5352 extre-

380 5387 486 5444 mis
530 5402 639 5442 non
688 5385 778 5441 fati
824 5385 1077 5451 decreto,
1141 5383 1235 5439 sed
1289 5383 1381 5438 Dei
1427 5386 1742 5441 evocatione
1795 5396 1956 5457 atque

381 5478 602 5548 iudicio.
647 5477 708 5534 In
737 5486 947 5535 tantum
978 5486 1156 5533 autem
1188 5477 1311 5531 vita:
1353 5477 1477 5531 anni
1510 5478 1657 5547 prius
1687 5494 1792 5534 non
1835 5479 1954 5536 fue-

382 5580 504 5623 rant
544 5569 837 5638 constituti,
871 5578 929 5629 ut
971 5586 1069 5643 per
1112 5568 1561 5641 supplicationem
1590 5571 1956 5644 intelligantur

386 5656 599 5727 adiuti.

2066 4585 2227 4625 mone
2273 4569 2504 4641 mystico
2549 4566 2806 4638 propheta
2837 4566 3106 4637 depromit
3151 4581 3167 4619 :
3210 4566 3331 4636 quia
3359 4564 3479 4621 Deo
3513 4576 3664 4621 stare

2064 4663 2205 4718 idem
2232 4661 2482 4732 estquod
2513 4661 2715 4726 volare,
2750 4668 2804 4715 et
2830 4659 2880 4712 in
2912 4656 3142 4714 sublime
3168 4656 3420 4713 exaltare
3447 4675 3460 4710 :
3490 4658 3666 4714 sede-

2064 4754 2143 4809 bit
2189 4755 2281 4823 qui
2328 4750 2545 4808 festiuat
2588 4749 2866 4806 obtutibus
2913 4762 3176 4818 apparere
3218 4746 3441 4803 divinis.
3499 4748 3670 4816 Quod

2060 4859 2192 4900 vero
2236 4844 2488 4914 seraphin
2534 4841 2633 4896 alis
2677 4843 2791 4897 suis
2833 4840 3021 4896 faciem
3065 4838 3278 4909 operire
3318 4837 3666 4905 indicantur,

2065 4934 2169 4989 hoc
2198 4933 2398 4989 idcirco
2439 4933 2560 5003 quia
2588 4946 2762 5002 neque
2792 4930 3069 4985 hominum
3099 4929 3418 4999 quisquam,
3469 4944 3669 4998 neque

2064 5025 2168 5080 ulla
2198 5033 2443 5081 creatura
2484 5023 2679 5079 divinae
2710 5019 3010 5091 maiestatis
3051 5019 3230 5074 lumen
3266 5018 3667 5082 contemplari,

2065 5130 2124 5173 ut
2168 5128 2292 5182 est,
2344 5124 2543 5186 potest.
2587 5114 2802 5169 Faciem
2849 5127 2979 5182 ergo
3035 5119 3089 5166 et
3130 5109 3293 5181 pedes
3339 5111 3555 5174 velant,
3603 5125 3673 5166 eo

2065 5209 2205 5280 quod
2239 5209 2394 5264 nobis
2417 5217 2472 5264 et
2500 5217 2624 5263 ante
2652 5204 2907 5260 mundum
2936 5204 3230 5274 prmierita,
3260 5210 3318 5258 et
3346 5211 3470 5272 post
3500 5219 3672 5257 mun-

2064 5300 2191 5354 dum
2217 5300 2393 5354 futura
2420 5298 2687 5354 celentur.
2722 5296 2839 5353 Alae
2863 5308 3075 5366 quoque
3103 5294 3360 5364 seraphin
3407 5293 3672 5351 indicant

2063 5391 2233 5448 divini
2289 5391 2580 5447 ministerii
2626 5389 2991 5445 velocitatem.
3043 5385 3175 5453 Quae
3242 5384 3367 5439 ideo
3421 5383 3671 5453 singulis

2061 5497 2206 5538 sena:
2246 5490 2410 5549 sunt,
2458 5481 2582 5553 quia
2637 5495 2699 5534 ea
2756 5487 2963 5534 tantum
3012 5478 3065 5532 in
3114 5475 3337 5538 mundo,
3385 5488 3514 5544 qum
3565 5491 3672 5532 sex

2063 5575 2256 5631 diebus
2307 5584 2434 5630 sunt
2483 5575 2642 5640 facta,
2697 5572 3078 5642 conspicimus.
3127 5565 3287 5638 Quod
3331 5582 3458 5621 vero
3515 5568 3669 5622 alter

2062 5668 2128 5722 ad
2177 5667 2408 5723 alterum
2452 5667 2706 5738 clamant,
2738 5675 2793 5722 et
2826 5665 3008 5721 dicunt
3055 5682 3068 5719 :
3109 5664 3359 5726 Sanctus,
3403 5671 3667 5726 sancti»,
