3932 6170
339 351 445 411 785

1540 363 2094 424 INSTRUCTIONUM
2134 370 2333 430 LIBER
2371 374 2408 429 Ι.

3514 397 3612 453 786

339 476 557 525 sanctus
588 467 845 524 Dominus
875 472 1234 539 exercituum,
1276 486 1434 527 unam
1470 476 1762 532 ostendunt
1792 478 1924 533 divi-
1951 483 2005 540 Α
2028 480 2423 548 gubernatores
2476 486 2731 543 Ecclcswe
2784 493 3212 565 pra-ﬁgurantur,
3268 500 3320 556 in
3381 500 3604 563 Danitlt:

338 562 563 617 nitatem
596 561 647 615 in
680 564 938 634 mysterio
967 564 1263 620 Trinitatis.

409 652 516 707 Int.
559 654 695 720 Quid
726 656 1161 725 respondendum
1194 668 1274 713 est
1332 660 1409 717 eis
1454 662 1542 731 qui
1591 664 1775 718 dicunt
1820 680 1921 719 tto-

336 744 418 799 bis
462 762 474 796 :
517 745 652 811 Quid
700 745 943 802 fecerunt
985 748 1176 817 Judaei,
1224 752 1267 807 si
1316 752 1539 808 credere
1586 770 1691 809 non
1732 765 1920 824 potue-

335 837 496 891 runt?
534 838 656 909 quia
713 853 935 895 necesse
982 842 1079 896 fuit
1128 850 1185 896 ut
1230 858 1408 898 sermo
1456 845 1608 900 Isaiae
1640 847 1919 918 prOphette

334 928 670 998 impleretur,
714 930 981 986 dicentis:
1010 931 1292 987 Excwcavit
1319 935 1490 989 oculos
1532 952 1723 1003 eorum,
1761 947 1806 991 et
1837 938 1920 990 iu-

335 1022 541 1076 durovit
559 1038 647 1075 cu-
665 1038 859 1089 eorum,
893 1035 946 1078 ut
972 1041 1075 1077 non
1107 1027 1306 1080 videant
1335 1027 1527 1095 oculis,
1556 1039 1603 1083 et
1630 1029 1917 1099 intelligant

336 1114 508 1175 corde,
538 1124 586 1167 et
612 1125 988 1182 conrertantur,
1020 1126 1066 1169 et
1093 1134 1263 1170 sanem
1289 1116 1408 1171 illos
1439 1117 1590 1189 (Isai.
1622 1136 1695 1186 v1,
1730 1120 1843 1191 10).

407 1205 569 1273 Resp.
612 1206 879 1275 Propheta
928 1207 1029 1262 hoc
1059 1208 1323 1275 praedixit,
1359 1210 1479 1279 quia
1513 1211 1653 1265 Deus
1685 1214 1785 1266 hoc
1830 1212 1913 1265 fu-

336 1306 517 1350 turum
544 1312 666 1351 esse
714 1298 1003 1365 praeseivit.
1041 1297 1225 1367 Neque
1252 1300 1396 1355 enim
1427 1309 1603 1369 potest
1629 1301 1695 1354 ad
1726 1316 1917 1368 pecca-

337 1395 449 1440 tum
498 1387 822 1455 compellere
875 1388 1035 1453 Deus,
1084 1388 1169 1442 cui
1203 1403 1311 1444 non
1344 1398 1519 1458 potest
1550 1391 1762 1459 placere
1791 1406 1913 1463 pec«

335 1487 536 1533 catum.
568 1477 623 1532 ln
654 1479 740 1533 his
783 1493 911 1548 ergo
939 1494 1042 1534 non
1076 1480 1478 1549 praedestinatio
1527 1481 1707 1536 divina
1756 1483 1908 1537 intel-

332 1568 548 1639 ligenda
596 1578 699 1634 est,
735 1571 831 1622 sed
876 1570 1237 1637 praescientia.
1273 1572 1346 1626 De
1390 1572 1493 1626 hoc
1532 1574 1583 1626 in
1617 1573 1912 1643 Evangelio

332 1658 587 1713 scribitur
626 1677 639 1712 :
682 1659 965 1729 Propterea
1006 1678 1106 1715 non
1136 1672 1370 1733 poterant
1399 1665 1635 1730 credere,
1665 1667 1783 1733 quia
1813 1668 1912 1719 ite-

332 1768 447 1807 rum
485 1750 607 1803 dicit
648 1749 815 1804 Isaias
856 1768 874 1804 :
918 1752 1204 1806 Eacwcavit
1252 1755 1423 1809 oculos
1451 1772 1646 1819 eorum,
1677 1764 1724 1809 et
1759 1758 1910 1810 indu-

2026 574 2196 626 sancti
2243 576 2743 648 continentiamque
2787 592 3077 653 sectantes,
3118 587 3171 643 in
3201 588 3300 645 Job
3327 596 3601 668 conjugati

2024 672 2076 717 et
2102 662 2366 731 justitiam
2397 667 2698 738 diligentes.

2097 751 2203 809 Int.
2244 756 2380 823 Quid
2429 758 2696 827 significat
2747 762 2875 818 illttd
2927 767 3069 836 quod
3122 769 3318 826 dicitur
3368 771 3423 828 in
3478 791 3602 845 pro-

2023 842 2183 912 pheta
2227 864 2241 899 :
2287 848 2535 917 Auferam
2580 868 2668 904 cor
2717 855 2977 923 lapideum
3024 860 3085 911 de
3129 877 3279 915 carne
3325 842 3506 932 vestra,
3550 877 3599 923 et

2021 936 2152 988 dabo
2180 938 2314 991 vobis
2342 955 2428 991 cor
2454 957 2695 996 corneum
2725 944 2936 1015 (Ezech.
2965 966 3039 1015 XI,
3069 952 3155 1019 l9,
3184 965 3232 1007 et
3260 972 3437 1025 xxxvr,
3464 957 3557 1032 26)
3576 962 3601 1013 i

2097 1024 2250 1095 Resp.
2293 1027 2496 1083 Durum
2549 1048 2644 1086 cor
2690 1043 2746 1088 et
2777 1037 3089 1095 inobediens
3119 1043 3310 1112 lapidei
3345 1024 3597 1105 testiﬁca-

2020 1115 2167 1171 tione
2216 1118 2557 1183 demonstrat
2600 1140 2610 1173 :
2655 1126 2838 1180 carnei
2890 1143 3017 1183 vero
3065 1132 3452 1202 significatione
3500 1156 3594 1193 cor

2019 1206 2182 1260 molle
2213 1209 2472 1274 ostendit,
2504 1226 2566 1265 ac
2592 1212 2788 1280 docile,
2816 1225 2868 1271 ct
2895 1218 3039 1285 quod
3069 1221 3390 1281 insinuatam
3428 1232 3597 1297 possit

2022 1300 2268 1369 recipere
2294 1304 2786 1372 compunctionem.

2538 1456 2591 1494 IN
2629 1456 3084 1503 PARALIPOIENON.

2083 1545 2191 1599 Ini.
2234 1548 2373 1616 Quid
2403 1559 2485 1605 est
2511 1553 2653 1621 quod
2702 1557 2960 1612 scribitur
3004 1560 3054 1613 in
3088 1561 3542 1633 Paralipomenon
3576 1588 3588 1623 :

2012 1635 2142 1700 Qua:
2190 1639 2446 1695 habitabat
2486 1643 2541 1697 in
2585 1645 2913 1701 Hierusalem
2951 1650 3007 1704 in
3036 1656 3264 1708 secunda
3317 1657 3427 1726 (IV
3459 1660 3587 1733 Reg.

2012 1739 2141 1788 χιιι,
2175 1728 2299 1797 ll)?

331 1843 465 1896 mm
496 1858 583 1895 cor
609 1859 801 1909 eorum,
835 1854 881 1898 et
911 1846 1104 1915 "aqua
1135 1848 1152 1917 (
1176 1845 1335 1901 “an.
1368 1864 1460 1914 nl,
1494 1849 1562 1903 59
1585 1849 1775 1919 ).Non
1810 1866 1903 1919 ΡΟ-
1938 1839 1987 1899 Β
2083 1818 2239 1919 Resp.
2283 1821 2621 1919 lnnsecunda
2666 1828 2879 1884 scilicet
2919 1842 3093 1900 parte.
3137 1834 3398 1891 Ezechias
3439 1839 3584 1894 enim

332 1941 511 1987 terant
555 1932 796 2000 credere,
833 1935 901 1988 ita
933 1934 1149 2001 dicitur,
1182 1937 1323 1991 sicut
1352 1946 1407 1992 et
1431 1954 1529 1994 nos
1561 1954 1706 2009 saepe
1733 1941 1906 2011 aliqua

330 2021 562 2075 dicimus
606 2038 710 2076 non
747 2039 934 2093 posse,
966 2026 1089 2096 quia
1118 2027 1387 2081 nolumus.
1428 2028 1496 2083 Et
1538 2028 1605 2084 de
1632 2030 1908 2087 Pharaone

330 2113 585 2167 scribitur
625 2131 639 2167 :
688 2113 751 2167 In
781 2116 875 2168 hoc
910 2117 1075 2186 ipsum
1111 2118 1327 2171 excitavi
1359 2128 1424 2186 te,
1466 2128 1522 2173 ut
1562 2123 1824 2175 ostendam
1854 2125 1907 2178 in

329 2213 381 2256 te
407 2204 641 2257 virtutem
670 2222 833 2258 meam
860 2206 1053 2277 (Exod.
1101 2224 1183 2277 Ix,
1219 2208 1332 2278 16).
1366 2210 1547 2280 Neque
1576 2213 1716 2266 enim
1748 2213 1905 2279 dixit,

330 2295 385 2350 in
419 2296 523 2351 hoc
556 2306 605 2351 te
634 2296 756 2365 ieci,
792 2309 848 2352 ut
878 2299 997 2354 talis
1024 2314 1173 2354 esses
1215 2317 1229 2353 :
1272 2301 1366 2355 sed
1395 2304 1447 2356 in
1477 2303 1580 2358 hoc
1607 2311 1657 2360 te
1688 2306 1823 2375 elegi
1855 2316 1909 2360 ct

330 2388 612 2452 suscitari,
649 2402 770 2441 cum
799 2388 910 2458 jam
940 2398 994 2444 te
1037 2390 1192 2444 talem
1225 2390 1339 2459 ipse
1370 2393 1592 2448 fecisses
1632 2412 1643 2447 :
1686 2396 1825 2466 Ergo
1854 2406 1907 2452 et

330 2474 421 2529 hic
468 2478 719 2530 exczecati
762 2492 950 2532 eorum
997 2480 1160 2547 oculi,
1205 2490 1259 2536 et
1304 2482 1608 2538 induratum
1648 2500 1768 2540 esse
1813 2504 1907 2541 Cur

326 2570 546 2632 dicitur,
579 2573 701 2640 quia
731 2575 841 2641 jam
873 2574 1040 2643 seipsi
1087 2576 1187 2629 hac
1216 2577 1459 2632 caecitate
1498 2579 1686 2648 dignos
1716 2580 1908 2635 clloce-

326 2672 472 2721 rant.
518 2662 769 2717 Excmcat
813 2670 990 2718 autem
1020 2673 1075 2719 ct
1123 2666 1335 2720 indurat
1368 2668 1624 2723 Dominus
1655 2680 1903 2739 pecczto-

327 2767 444 2805 rem
494 2752 795 2808 deserendo
851 2764 905 2809 et
953 2770 1059 2810 non
1112 2756 1437 2825 adjuvando.
1492 2758 1547 2813 Si
1597 2760 1679 2812 eui
1729 2770 1906 2815 autent

323 2858 520 2898 sensus
561 2843 648 2900 hic
683 2844 1120 2914 profundissimze
1147 2850 1462 2915 quaestionis
1492 2852 1666 2905 minus
1699 2854 1902 2919 iecerit,

325 2936 716 2991 contremiscat
743 2953 975 3005 mecum,
1005 2949 1059 2993 et
1087 2940 1228 2994 dicat
1254 2942 1496 2995 :Judicia
1528 2942 1736 2997 Domini
1758 2945 1907 3014 abys.

324 3042 414 3079 sus
445 3026 609 3079 multa
655 3027 788 3098 (Ps.
820 3045 984 3096 xxxv,
1020 3030 1109 3101 7),
1144 3031 1265 3101 quia
1309 3032 1508 3101 judicia
1554 3033 1650 3089 Dei
1691 3048 1906 3105 semper

324 3116 470 3185 justa
498 3127 642 3185 sunt,
674 3120 766 3173 sed
798 3119 1103 3189 frequenter
1134 3125 1365 3177 occulta.

399 3206 509 3261 Iut.
551 3209 691 3275 Qtid
722 3220 803 3264 est
848 3212 975 3266 illud
1010 3214 1147 3281 quod
1179 3215 1432 3270 scribitur
1479 3235 1490 3270 :

326 3299 569 3368 imposuit
601 3302 726 3353 mihi
758 3305 983 3371 mitram,
1032 3315 1077 3358 et
1122 3308 1252 3359 sicut
1300 3324 1539 3377 Sponsam
1586 3314 1783 3366 ornavit
1830 3332 1907 3368 me

328 3401 626 3443 ornamento
662 3390 830 3462 (Isai.
864 3395 1117 3467 Lx1,l0)?
1155 3398 1436 3464 Quomodo
1486 3402 1626 3456 idem
1675 3418 1904 3473 sponsus

325 3488 384 3533 et
408 3482 639 3548 sponsa?

401 3572 559 3640 Resp.
601 3576 643 3627 Δ
674 3577 849 3643 capite
886 3578 951 3631 ad
991 3593 1187 3649 corpus
1230 3582 1509 3636 transitum
1545 3584 1669 3637 fecit
1698 3604 1710 3637 :
1744 3587 1907 3657 Caput

328 3661 462 3714 enim
487 3661 719 3717 Christus
750 3674 844 3732 est,
891 3682 1076 3737 corpus
1122 3669 1355 3724 Ecclesia
1387 3671 1545 3743 (Eph'.
1581 3690 1633 3737 γ,
1666 3676 1780 3745 25),
1811 3678 1903 3732 sed

329 3761 507 3808 tamen
558 3765 838 3826 utrumque
883 3774 1004 3814 esse
1050 3772 1261 3816 constat
1304 3765 1356 3818 in
1388 3765 1621 3819 Christo.
1661 3768 1905 3824 Notanda

329 3860 462 3900 vero
503 3855 560 3901 et
606 3849 828 3904 tenenda
860 3853 1042 3920 regula
1079 3855 1211 3920 haec,
1242 3870 1363 3925 quae
1389 3856 1441 3910 in
1488 3861 1764 3928 pr0pltctis
1797 3861 1903 3916 l‘re-

328 3948 563 4005 quenter
607 3942 847 4008 incurrit,
891 3960 1157 4013 gent-rans
1190 3949 1558 4016 ignorantibus
1600 3954 1903 4008 obscurita-

330 4038 459 4114 tem,
512 4046 631 4086 cum
678 4034 746 4089 de
795 4040 968 4106 capite
1015 4040 1079 4093 ad
1113 4056 1329 4110 corpus,
1373 4054 1463 4098 aut
1491 4046 1557 4099 de
1584 4062 1809 4114 corpore
1839 4051 1904 4105 ad

329 4105 493 4190 caput
520 4137 579 4178 se
606 4105 879 4193 propheta:
911 4130 1044 4183 ordo
1075 4105 1359 4188 convertit.

398 4210 511 4267 lnl.
553 4212 746 4267 Cazlum
774 4219 899 4270 mihi
944 4218 1153 4275 thronus
1190 4232 1292 4292 est,
1336 4234 1469 4281 terra
1508 4238 1675 4283 autem
1715 4232 1907 4287 scabel-

327 4302 434 4353 lum
475 4303 662 4371 pedum
697 4322 923 4359 meorum
973 4308 1139 4379 (lsai.
1181 4329 1323 4379 LxVI,
1357 4317 1380 4369 l
1410 4315 1467 4385 ):
1509 4321 1774 4387 quomodo
1805 4322 1907 4379 hoc

326 4396 556 4465 intelligi
591 4408 790 4466 potest,
818 4415 939 4454 cum
971 4403 1150 4473 utique
1181 4406 1351 4461 Deum
1378 4408 1758 4481 incorporeum
1786 4430 1906 4472 esse

326 4487 649 4542 credamus?

2012 1909 2307 1965 secundum
2340 1912 2680 1970 Hierusalem
2712 1934 2925 1975 murum
2956 1921 3084 1978 fecit
3107 1963 3123 1989 ,
3172 1924 3421 1998 ﬁliusque
3470 1932 3591 1999 ejus

2012 2000 2285 2058 Manasses
2333 2007 2577 2061 tertium.
2641 2010 2927 2067 llabitabat
2972 2031 3102 2085 ergo
3156 2021 3312 2087 haec,
3367 2021 3434 2079 de
3484 2039 3591 2093 qna

2010 2094 2269 2148 scribitur
2301 2096 2355 2149 in
2388 2100 2622 2153 secunda
2656 2111 2809 2169 parte
2837 2105 3085 2161 civitatis.

2082 2184 2189 2239 Int.
2209 2185 2402 2242 Arcam
2438 2190 2673 2258 Domini,
2708 2194 2760 2248 in
2793 2211 2899 2263 qua
2930 2208 3083 2252 erant
3114 2200 3234 2255 duae
3260 2202 3458 2259 tabulae
3482 2206 3589 2260 Το-

2009 2276 2284 2342 stamenti,
2311 2294 2419 2347 quo
2447 2281 2682 2337 ablatam
2713 2299 2836 2341 esse
2862 2288 3187 2344 credendum
3217 2294 3342 2347 est?

2082 2366 2240 2438 Resp.
2280 2368 2534 2440 Legimus
2561 2372 2613 2427 in
2648 2375 3094 2447 Paralipomenon
3118 2423 3132 2446 ,
3174 2383 3377 2439 Josiam
3407 2401 3586 2455 regem

2008 2458 2171 2525 Jnda,
2203 2476 2326 2516 cum
2367 2464 2707 2523 Hierusalem
2751 2470 2955 2527 laceret
2998 2472 3204 2530 Pascha
3232 2477 3485 2544 Domino,
3520 2482 3586 2533 ad

2010 2549 2200 2604 levitas
2229 2552 2301 2606 ita
2335 2553 2573 2610 locutum
2604 2573 2727 2614 eSSe
2755 2578 2768 2614 :
2798 2560 2986 2618 Ponite
3014 2581 3187 2619 arcam
3214 2570 3268 2621 in
3294 2575 3589 2624 sanctuario

1965 2641 2220 2709 .templi,
2272 2645 2411 2712 quod
2461 2648 2733 2715 mdi/icavit
2784 2652 3034 2708 Salomon
3084 2658 3225 2725 ﬁlius
3276 2657 3446 2714 David
3499 2679 3588 2716 rex

2009 2730 2197 2787 Israel.
2227 2734 2569 2808 Nequaquam
2599 2743 2735 2796 enim
2760 2760 2871 2797 eam
2897 2748 3033 2800 ultra
3068 2751 3335 2818 portabilis
3360 2754 3429 2825 (ll
3458 2753 3583 2806 Par.

2010 2840 2173 2891 xxxv,
2210 2828 2308 2896 3).
2352 2828 2467 2882 illoc
2494 2830 2617 2886 loco
2662 2832 2733 2887 ita
2777 2836 3084 2906 intelligere
3128 2841 3344 2909 quidam
3376 2844 3583 2907 volunt.

2008 2917 2151 2985 quod
2182 2918 2379 2986 Josias,
2410 2923 2716 2990 praevidens
2747 2928 3135 2998 captivitatem,
3158 2947 3340 2987 arcam
3372 2934 3584 2992 Domini

2006 3007 2061 3062 in
2087 3017 2293 3065 certum
2324 3021 2500 3068 tamen
2526 3015 2701 3071 locum
2733 3004 2931 3076 curarit
2962 3023 3240 3078 abscondi.

2078 3100 2187 3154 Im.
2230 3103 2367 3168 Quid
2399 3105 2539 3162 inter
2562 3107 2943 3166 holocaustum
2975 3122 3029 3168 et
3058 3114 3286 3169 hostiam
3326 3116 3585 3173 interest?

1539 3217 1684 3272 δίδη,
1714 3237 1903 3287 ,ροηδο
1934 3203 1979 3266 C
2017 3283 2055 3287 η
2088 3193 2241 3287 Resp.
2281 3196 2437 3261 Quod
2471 3198 2662 3253 hostias
2702 3212 2909 3269 partem
2955 3206 3266 3261 sacerdotes
3315 3207 3584 3263 edebant:

2016 3283 2397 3341 llolocaustum
2441 3302 2573 3344 vero
2619 3300 2737 3345 erat
2789 3291 2965 3348 hostia
2996 3294 3203 3367 integra
3252 3308 3415 3367 atque
3459 3316 3585 3370 per-

2009 3375 2171 3440 fecta,
2201 3378 2326 3446 quia
2359 3388 2468 3433 tota
2500 3381 2551 3435 in
2592 3381 2869 3439 oblatione
2898 3388 3149 3443 sacrilieii
3181 3390 3288 3459 igni
3333 3391 3582 3447 dabatur.

2008 3465 2215 3521 Hostiae
2243 3483 2458 3539 quoque
2484 3472 2726 3540 paciﬁca:
2757 3476 3191 3547 appellabantur,
3221 3482 3417 3549 quibus
3445 3485 3590 3539 vesci

2008 3559 2237 3627 populus
2264 3562 2491 3618 solebat.

2486 3691 2537 3728 IN
2577 3690 2889 3731 PSALHORUM
2930 3695 3102 3735 LIBRO.

2081 3782 2186 3839 Int.
2228 3784 2360 3838 Cum
2394 3787 2595 3855 primus
2628 3791 2863 3856 psalmus
2916 3792 3105 3859 primis
3153 3793 3258 3849 illis
3296 3797 3583 3851 versiculis

2009 3874 2232 3943 impium
2266 3888 2607 3945 peccatorcm
2640 3879 3060 3951 hmretiCumque
3088 3884 3422 3949 discreverit,
3458 3891 3583 3959 quid

2007 3966 2112 4021 sibi
2141 3968 2253 4021 vult
2286 3969 2377 4025 illa
2408 3969 2507 4023 sub
2549 3971 2664 4039 ipso
2693 3972 2890 4040 psalmi
2931 3976 3033 4029 line
3065 3977 3366 4042 conclusio,
3403 3980 3582 4046 inqua
3614 4038 3617 4041 ,

2008 4056 2083 4110 ait
2110 4075 2121 4110 :
2154 4056 2280 4111 Ideo
2310 4075 2412 4111 nm
2442 4075 2703 4132 resurgant
2736 4063 2879 4132 impii
2903 4065 2954 4116 in
2975 4066 3177 4137 judicio
3209 4066 3324 4133 (Ps.
3360 4085 3395 4131 l,
3426 4070 3518 4139 5)?

2080 4146 2239 4215 Resp.
2281 4148 2481 4202 Psaltni
2528 4149 2688 4218 hujus
2734 4151 2947 4207 initium
2995 4154 3062 4209 de
3111 4157 3441 4213 discretiOne
3477 4176 3586 4211 tne-

2010 4236 2120 4301 riti,
2154 4248 2204 4292 et
2239 4238 2359 4292 linis
2388 4239 2453 4294 de
2481 4239 2808 4296 discretione
2846 4244 3059 4313 judicii.
3107 4247 3163 4300 In
3194 4263 3298 4317 quo
3326 4250 3584 4315 ostendit,

2009 4330 2149 4398 quod
2184 4328 2344 4385 homo
2370 4332 2576 4402 absque
2622 4335 2785 4389 dubio
2836 4340 3014 4391 omnis
3061 4352 3344 4410 resurgat,
3397 4344 3582 4408 idest,

2005 4420 2206 4489 justus,
2242 4432 2298 4475 ut
2335 4421 2561 4489 judicet,
2598 4433 2849 4492 peccator
2878 4438 2930 4480 ιιι
2967 4429 3261 4495 judicetur,
3304 4434 3503 4501 impius
3532 4446 3588 4490 ιιι

2014 4510 2289 4577 puniatur.
2323 4510 2511 4580 Neque
2548 4514 2693 4566 enim
2728 4525 2850 4568 tunc
2876 4515 3205 4583 judicabitur
3235 4520 3343 4589 jam
3367 4522 3584 4589 judica-

403 4576 561 4647 Resp.
606 4579 907 4635 Secundum
938 4587 1387 4643 consuetudinem
1442 4592 1765 4650 elocutionis
1815 4613 1907 4653 no-
1939 4570 1983 4629 θ
2013 4612 2120 4664 tus,
2159 4603 2455 4657 secundum
2502 4604 2642 4673 quod
2676 4607 2930 4675 scriptum
2974 4620 3056 4663 est
3095 4630 3106 4662 :
3155 4611 3256 4678 Qui
3285 4624 3454 4668 autem
3485 4634 3583 4671 non

328 4676 457 4722 strae
486 4670 702 4725 videtur
733 4671 973 4731 habitum
1009 4677 1291 4748 designare
1330 4686 1626 4754 regnantis,
1659 4699 1709 4741 ut
1742 4690 1903 4745 intel-

328 4760 524 4830 ligatur
571 4763 714 4819 Deus
763 4768 843 4821 vel
893 4767 1138 4825 habitare
1189 4773 1472 4843 coeleSIia,
1525 4779 1612 4832 vel
1663 4781 1902 4849 subjecta

330 4854 530 4912 habere
558 4866 788 4913 terrena.

916 4968 965 5006 IN
1005 4964 1322 5010 EZEClllELE.

405 5037 510 5092 Int.
551 5039 665 5106 Qua
696 5055 855 5096 causa
895 5044 1148 5098 scribitur
1194 5063 1207 5101 :
1251 5047 1307 5099 ln
1341 5047 1429 5103 die
1462 5049 1551 5103 illa
1589 5068 1777 5123 magna
1809 5058 1901 5109 tri-

330 5127 622 5184 bulationis
668 5146 826 5185 nemo
878 5133 1215 5202 liberabitur,
1275 5138 1374 5191 nisi
1423 5137 1569 5208 Noe,
1624 5142 1808 5197 Daniel
1857 5156 1902 5200 et

328 5221 422 5273 Job
468 5221 705 5293 (Esech.
757 5239 888 5291 xiv,
940 5223 1045 5294 14)
1089 5243 1101 5279 :
1146 5242 1269 5281 cum
1308 5229 1497 5298 utique
1540 5233 1754 5300 quando
1803 5215 1920 5292 ista.

327 5312 578 5370 Ezechiel
618 5315 877 5384 propheta
907 5316 1139 5383 diccbat,
1170 5321 1321 5375 solus
1365 5322 1590 5379 forsitan
1635 5327 1814 5384 Daniel
1848 5332 1898 5385 in

326 5418 554 5473 corpore
599 5405 782 5470 fuerit,
836 5407 1044 5463 duobus
1073 5411 1193 5465 aliis
1215 5411 1327 5480 jam
1360 5422 1486 5468 tunc
1514 5417 1564 5469 in
1596 5433 1727 5486 pace
1777 5421 1901 5475 dor-

329 5498 617 5551 mientibus
641 5499 724 5552 vel
753 5499 929 5554 carnis
960 5502 1185 5556 nexibus
1212 5505 1508 5562 absolutis?

398 5588 555 5657 Resp.
602 5589 655 5643 ln
690 5590 770 5643 his
799 5593 967 5646 tribus
1011 5596 1210 5649 sanctis
1252 5598 1349 5650 tria
1394 5598 1667 5656 hominum
1700 5618 1896 5671 genera

326 5679 616 5748 significari
645 5684 913 5748 videntur,
945 5701 1061 5753 qua:
1089 5686 1365 5741 liberanda
1397 5690 1447 5743 in
1473 5691 1559 5745 die
1588 5693 1672 5747 illa
1707 5710 1895 5763 magna

328 5772 689 5829 tribulationis
723 5790 751 5828 a
787 5777 1040 5838 periculis
1067 5779 1470 5843 promittuntur.
1505 5782 1559 5835 ιη
1601 5782 1712 5839 Noe
1754 5787 1892 5841 enim

2013 4695 2193 4761 credit,
2216 4698 2333 4765 jam
2354 4696 2621 4767 judicatus
2649 4709 2721 4752 est
2752 4698 2928 4769 (Joan.
2963 4718 3041 4766 ιιι,
3078 4703 3188 4773 18).

2083 4787 2192 4841 Int.
2234 4787 2369 4841 Cum
2419 4790 2599 4857 passio
2646 4791 2699 4843 in
2732 4792 2899 4846 Deum
2953 4810 3057 4847 non
3104 4796 3289 4862 cadat,
3344 4797 3469 4866 quid
3503 4807 3583 4856 est

2013 4880 2152 4947 quod
2198 4892 2342 4947 smpe
2387 4879 2442 4933 in
2493 4879 2787 4951 Scripturis
2835 4883 2912 4935 ira
2958 4883 3056 4937 Dei
3102 4894 3149 4938 et
3195 4876 3584 4955 fur‘ofdicitur

2015 4968 2132 5040 (Ps.
2163 4985 2234 5035 Vl,
2262 4969 2355 5033 ειη
2599 5034 2607 5042 ,
3294 5040 3299 5045 ,

2078 5058 2237 5129 Resp.
2280 5059 2578 5129 Scriptura:
2624 5063 2961 5118 consuetudo
3020 5074 3130 5129 est,
3178 5076 3233 5120 ut
3264 5068 3340 5122 ira
3372 5084 3471 5138 pro
3502 5058 3604 5126 ul?

2008 5150 2151 5204 tione
2205 5159 2453 5219 ponatur.
2506 5151 2604 5206 Est
2649 5155 2789 5206 enim
2840 5155 2916 5207 ira
2943 5155 3232 5210 secundum
3278 5156 3613 5227 hominem,-

2007 5240 2241 5295 vindicta
2287 5240 2585 5295 secundum
2618 5241 2810 5309 Deum,
2845 5253 2898 5297 et
2927 5243 3074 5298 furor
3115 5247 3407 5302 secundum
3457 5251 3575 5305 ani-

2006 5346 2151 5385 mum
2192 5332 2464 5398 patientis,
2505 5347 2611 5386 non
2644 5333 2938 5388 secundum
2970 5336 3230 5401 justitiam
3259 5340 3573 5409 iudicantis.

2007 5421 2142 5475 llinc
2168 5430 2223 5474 et
2250 5420 2385 5476 illud
2411 5430 2496 5477 est
2548 5423 2690 5492 quod
2724 5424 2939 5492 ponitur
2970 5428 3019 5479 in
3050 5428 3308 5498 propheta
3344 5450 3357 5486 :
3396 5434 3575 5490 Domi-

2007 5527 2101 5564 nus
2131 5527 2308 5565 creans
2337 5513 2474 5565 mala
2503 5512 2657 5582 (lsai.
2686 5530 2809 5579 XLV,
2841 5515 2918 5584 7).
2949 5516 3083 5571 Mala
3111 5534 3239 5590 ergo
3268 5536 3394 5578 sunt
3417 5526 3569 5593 juxta

2003 5602 2250 5658 allectum
2292 5603 2409 5673 ejus
2459 5605 2549 5673 qui
2601 5607 2852 5674 sustinet,
2905 5622 3009 5663 non
3056 5610 3210 5680 juxta
3262 5614 3571 5685 aequitatem

2003 5698 2120 5769 ejus
2149 5701 2238 5767 qui
2265 5700 2525 5756 decernit.

2076 5787 2183 5844 lnt.
2226 5790 2363 5858 Qttid
2410 5793 2512 5849 sibi
2579 5794 2691 5850 vult
2736 5794 2866 5853 illud
2934 5797 3075 5867 quod
3128 5797 3444 5871 frequenter
3517 5801 3567 5855 itt
