3932 6170
387 379 488 440 7S7

1366 368 1424 422 S.
1466 360 1795 420 EUCllERll
1835 357 2321 416 LUGDUNENSlS
2346 358 2648 416 EPiSCOPi

3531 361 3623 416 7S8

391 498 716 567 psalmorum
771 493 940 548 titulis
995 485 1329 551 inscribitur,
1384 479 1450 535 In
1500 480 1671 550 ﬁneni,
1725 475 1963 531 Ρδαιηιιιε
1989 473 2042 533 Α
2068 486 2263 526 sensus
2298 470 2554 526 infundit.
2587 471 2692 524 Aut
2718 478 2865 524 certe
2887 471 3003 529 dies
3027 472 3132 529 die;
3160 481 3376 528 ειουοιοι
3402 475 3619 528 verbum

391 589 554 644 David
587 585 702 654 (Ps.
733 599 810 650 tv,
839 599 890 649 v,
925 596 996 648 v1,
1028 589 1074 634 et
1100 577 1254 648 alii)?

455 681 616 748 Resp.
654 674 808 743 Quod
861 671 1057 744 psalmi
1105 671 1158 726 in
1202 669 1308 724 ﬁne
1339 667 1522 723 mundi
1565 666 1833 721 bonorum
1879 678 1964 717 re-

383 753 798 841 promissionem
851 761 1144 833 respiciant
1187 776 1200 814 :
1244 759 1330 815 vel
1362 757 1504 828 quod
1546 771 1607 811 ea
1639 770 1760 826 qua:
1790 752 1963 809 Judazi

384 862 633 916 obtinere
681 872 743 912 se
795 869 956 926 posse
1008 853 1065 907 in
1115 849 1383 922 principio
1433 845 1816 908 crediderunt,
1865 857 1964 896 nos

385 963 786 1021 consequamur
814 948 867 1002 in
911 944 1154 1010 Christo,
1187 956 1348 1012 quem
1381 938 1598 995 venisse
1642 935 1961 992 conﬁtemur

387 1045 438 1096 in
465 1044 593 1098 line.

459 1133 569 1187 Int.
611 1129 892 1198 Quomodo
951 1126 1362 1196 intelligendum
1424 1131 1510 1179 est
1565 1121 1708 1192 quod
1774 1119 1964 1174 scribi-

390 1237 475 1280 tnr
517 1243 529 1278 :
575 1224 796 1294 Eloquia
827 1221 1058 1287 Domini,
1099 1218 1301 1288 eloquia
1343 1226 1504 1282 casta,
1543 1223 1808 1284 argentum
1850 1213 1966 1283 igne

391 1318 783 1383 examinatum,
836 1311 1106 1383 probatum
1151 1319 1320 1375 teme,
1358 1316 1632 1378 purgatum
1674 1306 1965 1375 septuplum

394 1409 512 1480 (Ps.
543 1423 620 1474 Il,
648 1406 736 1476 7)?

464 1501 621 1571 Resp.
662 1499 819 1555 Casta
849 1498 1100 1552 dicuntur
1129 1493 1338 1562 eloquia
1370 1489 1584 1545 Domini
1636 1487 1778 1555 ideo,
1823 1486 1965 1556 quod

395 1593 542 1648 nullo
562 1591 669 1646 sint
691 1589 992 1644 adulterata
1026 1583 1329 1648 mendacio,
1352 1591 1408 1637 et
1437 1581 1502 1636 ad
1531 1581 1702 1636 vicem
1731 1579 1963 1648 argenti,

393 1684 536 1753 quod
590 1680 941 1737 examinator
996 1676 1106 1748 igni
1153 1674 1538 1745 septemplici,
1590 1672 1811 1742 spiritus
1857 1670 1967 1739 igni

395 1773 738 1830 mandentur.

2067 573 2122 618 et
2150 581 2256 618 nox
2287 567 2430 620 nocti
2483 566 2686 620 iudicat
2721 566 3004 620 scientiam
3035 584 3047 619 :
3077 567 3201 620 dum
3234 567 3386 620 omni
3437 567 3618 636 utique

2067 654 2156 710 die
2213 665 2267 711 et
2307 667 2465 712 nocte
2520 658 2941 713 annuntiatione
2996 657 3237 713 ﬁdelium
3281 661 3508 714 verbum
3572 671 3621 716 et

2065 747 2292 801 scientia
2345 757 2695 816 propagatur.

2134 834 2248 890 Int.
2286 835 2446 906 Virga
2473 848 2563 890 tua
2596 844 2643 890 et
2693 834 2908 890 baculus
2946 845 3066 889 tuus
3092 835 3204 905 ipsa
3232 851 3311 888 me
3357 837 3621 890 consolata

2063 931 2182 975 sunt
2201 921 2314 992 (Ps.
2340 939 2471 988 xm,
2490 923 2545 992 4)
2566 939 2581 980 :
2600 939 2720 992 qua:
2743 924 2829 977 hic
2851 923 3200 992 intelligenda
3221 922 3484 977 discretio
3512 923 3624 977 est?

2140 1031 2296 1100 Resp.
2340 1033 2396 1086 in
2446 1033 2593 1102 virga
2643 1035 2908 1091 correctio
2962 1036 3293 1104 declaratur,
3343 1038 3397 1093 in
3449 1037 3633 1093 baculo

2067 1122 2389 1178 consolatio.

2139 1210 2249 1264 Im.
2291 1211 2422 1266 Cum
2463 1215 2716 1269 animalia
2754 1231 2861 1271 non
2899 1218 3105 1286 absque
3143 1233 3303 1274 sensu
3335 1223 3465 1287 sint,
3508 1236 3634 1288 quo-

2070 1303 2232 1357 modo
2261 1303 2314 1358 in
2347 1305 2556 1373 psalmo
2600 1306 2778 1377 (snt,
2806 1305 2866 1380 9)
2901 1309 3097 1362 dicitur
3123 1327 3136 1361 :
3172 1309 3346 1364 Nolite
3375 1312 3489 1380 ﬁeri
3515 1312 3636 1365 sicut

2071 1411 2228 1463 cquus
2259 1405 2308 1450 et
2339 1399 2534 1464 mulus,
2557 1399 2609 1450 in
2636 1397 2820 1468 quibus
2849 1417 2954 1454 non
2978 1410 3051 1455 est
3080 1400 3404 1457 intellectus?

2143 1485 2297 1557 Resp.
2329 1487 2464 1554 Quia
2502 1488 2557 1542 in
2587 1489 2912 1546 animalibus
2942 1507 3134 1548 sensus
3164 1502 3276 1563 est,
3311 1495 3368 1547 in
3412 1494 3637 1549 homini-

2070 1578 2168 1632 bus
2199 1577 2524 1634 intellectus.

2144 1667 2251 1723 Int.
2287 1669 2421 1724 Cum
2452 1670 2516 1726 de
2543 1672 2802 1740 jumentis
2820 1713 2836 1737 ,
2862 1675 3003 1728 sicut
3030 1675 3093 1728 de
3119 1675 3273 1729 bobus
3297 1693 3422 1730 cura
3454 1695 3551 1732 non
3577 1689 3642 1733 est

2078 1761 2185 1816 Deo
2215 1762 2257 1832 (l
2281 1761 2400 1816 Cor.
2436 1779 2510 1829 ιι,
2542 1766 2623 1832 9),
2671 1767 2946 1834 quomodo
2973 1768 3215 1837 psalmus
3240 1768 3431 1840 (xxxv,
3464 1771 3518 1836 7)
3538 1770 3644 1825 ait:

381 1899 383 1904 ι
461 1866 571 1921 Ῑηι.
615 1864 742 1920 Νοη
763 1863 1113 1936 congregabo,
1163 1860 1368 1930 inquit,
1415 1853 1766 1911 conventicula
1790 1867 1968 1908 eorum
1998 1835 2044 1894 Β
2073 1863 2120 1908 et
2139 1857 2382 1925 jumenta
2399 1856 2641 1923 salvebis,
2675 1855 2936 1911 Domine?

392 1960 456 2014 de
481 1955 815 2030 sanguinibus
848 1951 965 2024 (Ps.
998 1967 1086 2017 xv,
1115 1948 1172 2022 4)
1197 1969 1210 2002 :
1244 1965 1364 2004 cum
1399 1948 1584 2016 utique
1612 1945 1680 1999 de
1708 1942 1971 2012 sanguine

394 2047 562 2119 magis
585 2048 837 2102 Latinum
862 2051 1131 2107 sonasset,
1160 2056 1318 2111 quam
1342 2038 1414 2093 ob
1440 2050 1658 2094 causam
1689 2033 1968 2104 sanguini-

393 2143 492 2196 bus
520 2149 708 2195 contra
737 2137 977 2207 regulam
1009 2133 1320 2188 Latinitatis
1346 2131 1638 2185 scribitur?

464 2233 623 2302 Resp.
665 2230 725 2284 In
751 2229 942 2285 Graeco
981 2226 1210 2299 αἱμάτων
1241 2223 1438 2293 legitur
1485 2221 1680 2292 plurali
1716 2233 1966 2285 numero,

393 2323 712 2390 sanguinem
758 2317 1093 2388 signiﬁcans.
1145 2315 1312 2385 Cujus
1358 2313 1706 2384 proprietatis
1762 2311 1924 2366 ﬁdem
1952 2355 1967 2379 ,

395 2416 562 2472 etiam
615 2413 670 2468 in
717 2411 968 2467 Latinum
1013 2410 1206 2480 plurali
1254 2423 1480 2464 numero
1537 2408 1831 2463 translator
1878 2421 1972 2462 ex-

395 2509 609 2578 pressit.
849 2563 854 2569 ,

469 2596 575 2650 Int.
615 2594 751 2650 Cum
797 2595 851 2650 in
881 2593 1092 2664 psalmo
1125 2593 1245 2664 (sv,
1278 2589 1369 2661 10)
1395 2591 1658 2660 scriptum
1687 2591 1756 2645 sit
1783 2607 1795 2642 :
1853 2588 1974 2642 Non

396 2688 540 2743 dabis
587 2703 757 2743 semen
805 2695 951 2740 tuum
995 2685 1165 2738 uidere
1235 2683 1608 2754 corruptionem
1635 2696 1654 2735 :
1701 2679 1975 2750 quomodo

396 2783 589 2838 iterum
643 2781 697 2837 in
742 2780 850 2834 alio
897 2777 1109 2849 psalmo
1153 2777 1415 2832 scribitur
1451 2789 1466 2828 :
1515 2774 1642 2840 ραω
1688 2773 1886 2826 utilitas
1921 2772 1975 2826 in

395 2876 644 2948 sanguine
683 2889 815 2940 meo,
859 2872 983 2926 dum
1027 2870 1279 2925 descendo
1325 2871 1379 2922 in
1425 2868 1800 2938 corruptionem
1855 2864 1970 2936 (Ps.

397 2981 545 3033 xxtx,
577 2964 705 3038 10)?

369 3075 375 3085 ‘
456 3063 625 3133 ‘Resp.
672 3060 1019 3116 Descendere
1065 3073 1126 3115 se
1172 3059 1229 3114 in
1279 3057 1683 3126 corruptionem
1725 3054 1979 3110 Salvator

400 3153 678 3225 prOpbetae
739 3165 874 3206 voce
917 3150 1269 3217 pronuntiat,
1320 3149 1446 3202 dum
1494 3149 1771 3202 clavorum
1809 3142 1980 3199 couti-

2145 1944 2302 2010 Resp.
2334 1945 2594 2001 llomines
2620 1947 2853 2015 appellat
2883 1947 3110 2002 rationis
3132 1961 3356 2019 capaces
3374 1992 3387 2017 ,
3413 1949 3645 2018 jumenta

2073 2036 2301 2091 rationis
2321 2046 2595 2106 expertes.
2621 2038 2919 2094 Salvandos
2943 2055 3072 2094 vero
3099 2040 3381 2094 conﬁrmat
3418 2041 3540 2095 illus
3564 2057 3648 2112 per

2077 2138 2402 2197 przesentem
2449 2133 2887 2200 conversionem,
2939 2134 3038 2188 bos
3061 2148 3156 2204 per
3177 2136 3411 2189 futuram
3436 2150 3650 2190 conver-

2072 2237 2304 2277 sronem.

2147 2313 2256 2370 Im.
2305 2315 2552 2382 Qualiter
2601 2317 2979 2387 accipiendum
3030 2318 3300 2387 estquod
3354 2317 3648 2372 scribitur:

2077 2408 2293 2463 Remitte
2331 2409 2455 2461 mihi
2492 2419 2546 2461 ut
2578 2410 2851 2482 refrigerer
2880 2411 3181 2481 priusquam
3205 2411 3384 2464 abeam
3408 2454 3424 2478 ,
3461 2421 3510 2465 et
3546 2428 3652 2464 um-

2077 2499 2214 2568 plius
2241 2514 2341 2551 non
2371 2515 2457 2552 ero
2482 2497 2600 2569 (Ps.
2637 2516 2857 2566 xxxviii,
2895 2501 3030 2570 li)?

2149 2589 2308 2659 Resp.
2339 2592 2545 2646 Sensus
2589 2591 2680 2647 hic
2711 2594 2777 2647 de
2802 2595 3178 2662 superioribus
3207 2596 3458 2650 versibus
3488 2596 3655 2649 mani.

2078 2679 2328 2737 feStatur.
2360 2681 2533 2753 Supra
2565 2685 2708 2739 enim
2744 2684 2954 2739 dixerat
2987 2703 2999 2738 :
3034 2686 3168 2750 Quia
3198 2687 3391 2739 advena
3420 2703 3514 2756 ego
3552 2704 3657 2740 sum

2078 2775 2218 2846 apud
2240 2789 2306 2843 te,
2331 2786 2377 2830 et
2396 2777 2715 2849 peregrinus,
2740 2778 2873 2832 sicut
2904 2795 3075 2833 omnes
3103 2788 3270 2846 patres
3295 2780 3408 2832 mei.
3447 2779 3658 2832 Remitte

2080 2869 2204 2922 mihi
2234 2880 2288 2922 ut
2322 2871 2590 2941 refrigerer
2632 2872 2928 2942 priusquam
2963 2872 3172 2933 abeam,
3211 2881 3259 2923 et
3303 2872 3529 2940 amplius
3567 2888 3660 2923 non

2081 2977 2188 3027 ero,
2235 2959 2559 3015 subauditur
2587 2961 2724 3015 illud
2755 2961 2897 3031 quod
2944 2962 3192 3030 superius
3222 2961 3388 3026 dixit,
3424 2961 3661 3029 peregri-

2083 3069 2206 3107 nus.
2233 3053 2500 3108 Caeterum
2531 3053 2871 3110 manifestum
2901 3066 2982 3108 est
3021 3055 3163 3123 quod
3193 3056 3297 3106 erit
3321 3097 3336 3120 ,
3368 3055 3458 3121 qui
3490 3071 3549 3107 se
3570 3069 3659 3106 su-

2085 3159 2180 3213 pra
2208 3145 2547 3213 peregrinum
2579 3145 2924 3216 appellando,
2957 3147 3204 3213 patriam,
3240 3146 3291 3198 in
3325 3161 3427 3214 qua
3458 3145 3662 3198 iuturus

399 3203 642 3316 geniium
691 3242 996 3310 irruptione
1041 3249 1374 3310 penetratur.
1421 3238 1629 3292 Rursus
1677 3252 1786 3290 non
1830 3203 2176 3298 deditclsit,
2211 3233 2412 3290 habere
2441 3203 2696 3290 declarat.

403 3335 664 3391 Dominus
698 3341 942 3388 sanctum
975 3345 1133 3386 suum
1158 3329 1344 3385 videre
1366 3329 1770 3400 corruptionem
1799 3343 1811 3378 :
1851 3325 1976 3394 quia

401 3424 808 3494 corruptionem
857 3422 1039 3478 carnis
1074 3421 1321 3476 Christus
1367 3420 1532 3476 celeri
1585 3420 1980 3474 resurrectione

402 3517 687 3590 praevenit.

472 3608 584 3664 Int.
627 3609 764 3678 Quid
814 3617 898 3665 eat
946 3607 1088 3679 quod
1140 3607 1273 3662 dicit
1318 3606 1582 3677 propheta
1628 3605 1694 3660 de
1744 3602 1980 3659 inimicis

399 3704 515 3759 suis
540 3720 552 3756 :
577 3701 795 3772 Adipem
818 3716 965 3754 suum
993 3700 1351 3754 concluserunt
1381 3697 1501 3769 (Ps.
1536 3712 1652 3763 xvn,
1684 3695 1808 3768 10)?

470 3796 632 3864 Resp.
671 3793 852 3864 Adeps
884 3792 1224 3848 concluditur
1273 3791 1563 3859 impiorum
1584 3830 1599 3854 ,
1631 3805 1752 3844 cum
1788 3787 1982 3858 impin-

401 3886 548 3957 guati
588 3899 752 3940 sensu
799 3892 854 3939 ct
899 3882 1184 3939 incrassati
1236 3883 1523 3952 iniquitate
1555 3881 1815 3936 recedunt
1841 3880 1924 3934 vel
1952 3894 1984 3934 a

401 3977 628 4048 iustitia,
660 3976 748 4030 vel
793 3991 823 4028 a
869 3975 1154 4043 praeceptis
1186 3972 1276 4027 Dei
1325 3989 1338 4024 :
1385 3981 1442 4027 et
1481 3972 1686 4026 idcirco
1712 3971 1847 4025 dicit
1877 3970 1984 4025 alio

404 4073 524 4124 loco
545 4087 558 4120 :
583 4068 887 4138 Egredietur
912 4082 974 4120 ea:
999 4066 1152 4136 adipe
1184 4066 1423 4133 iniquitas
1458 4080 1636 4117 eorum
1666 4063 1784 4134 (Ps.
1816 4078 1982 4128 Lxxu,

403 4164 435 4217 7
462 4162 501 4231 ).
535 4161 728 4214 Manna
759 4172 914 4224 vero,
964 4159 1016 4212 id
1060 4168 1164 4223 est,
1214 4157 1456 4212 omlestis
1487 4159 1641 4212 cibus
1670 4159 1850 4212 tenuis
1877 4168 1981 4224 est,

404 4261 460 4308 et
487 4267 674 4307 eorum
721 4262 880 4320 aptus
921 4248 1215 4316 alimoiiire,
1248 4249 1340 4319 qui
1388 4247 1690 4304 subtilitate
1727 4262 1984 4303 sensuum

406 4342 608 4412 vigent.

389 4473 392 4476 .
475 4433 584 4488 lat.
626 4433 766 4500 Quid
793 4433 1137 4489 sentiendum
1181 4441 1266 4488 est
1293 4432 1362 4488 de
1390 4433 1490 4488 ltoc
1512 4431 1655 4504 quod
1685 4431 1940 4487 scribitur
1969 4449 1982 4485 :

406 4527 484 4582 De
520 4526 830 4580 absconditis
871 4528 969 4579 tuis
997 4527 1305 4596 adimpletus
1334 4537 1408 4579 est
1454 4536 1624 4580 venter
1655 4541 1829 4579 eorum
1858 4541 1875 4576 :
1899 4541 1982 4578 sa-

405 4619 560 4672 turati
603 4629 719 4672 sunt
761 4620 992 4686 porcina,
1041 4628 1088 4672 et
1127 4617 1440 4687 reliquerunt
1483 4633 1596 4685 qua:
1624 4619 1985 4686 superfuerunt

407 4709 634 4778 parvulis
659 4709 764 4762 suis
789 4707 907 4777 (Ps.
935 4723 1044 4773 3m,
1081 4708 1191 4778 Ib)?

343 4857 348 4870 ,
478 4800 636 4870 Resp.
679 4799 852 4868 Supra
880 4801 1050 4869 petiit,
1087 4809 1144 4852 ut
1185 4799 1354 4854 Judaei
1386 4817 1417 4853 a
1448 4801 1633 4869 paucis
1672 4801 1986 4856 divideren-

327 4937 342 4968 ἐ
406 4905 512 4955 tur,
544 4890 597 4944 id
627 4899 732 4956 est,
766 4904 794 4942 a
824 4890 983 4958 justis
1023 4905 1038 4944 :
1081 4891 1202 4958 quia
1235 4889 1380 4942 multi
1411 4891 1606 4954 vocati,
1639 4893 1789 4961 pauci
1818 4903 1986 4944 autem

405 4983 548 5040 electi
577 4980 812 5054 (Matth.
849 4996 938 5048 xx,
972 4979 1037 5034 16
1057 4980 1095 5050 ).
1126 4979 1276 5034 Nunc
1313 4989 1492 5034 autem
1520 4980 1621 5035 hos
1653 4983 1798 5048 ipsos
1838 4982 1988 5050 prius

407 5071 737 5130 absconditis
766 5070 964 5126 divin:e
997 5070 1130 5140 legis
1171 5071 1493 5136 instruetos,
1532 5070 1752 5138 porcina
1783 5086 1900 5136 sua,
1935 5072 1987 5126 id

406 5177 512 5232 est,
543 5165 856 5233 dogmatum
906 5170 1090 5231 postea
1139 5161 1478 5215 immunditia
1527 5171 1820 5227 saturatos,
1863 5164 1988 5218 dum

407 5265 606 5325 negant
628 5253 925 5318 Christum,
973 5250 1221 5306 eamdem
1273 5251 1603 5320 impietatem
1647 5251 1778 5305 dicit
1821 5253 1985 5307 etiam

408 5347 475 5400 ad
504 5359 632 5399 suos
657 5355 902 5413 posteros
931 5341 1322 5396 transmisisse.

479 5434 588 5493 Int.
627 5437 870 5502 Qualiter
896 5434 1306 5506 intelligendum
1333 5444 1413 5490 est
1451 5451 1467 5490 :
1512 5434 1630 5489 Dies
1664 5435 1768 5488 diei
1793 5445 1988 5490 eructat

407 5530 632 5592 verbum,
664 5537 709 5581 et
739 5543 843 5582 non:
869 5529 1004 5581 nocti
1027 5527 1220 5581 iudicat
1251 5526 1515 5580 scientiam
1550 5527 1668 5598 (Ps.
1709 5543 1864 5594 xvm,
1896 5527 1988 5599 5)?

492 5621 642 5685 Resp.
679 5618 806 5673 Dies
849 5619 953 5673 diei
1001 5628 1214 5674 eructat
1264 5619 1532 5681 verbum.
1580 5619 1710 5673 dum
1757 5621 1988 5686 apostoli

411 5711 755 5766 circdentibus
779 5713 1097 5765 annuntiant
1128 5713 1490 5768 Salvatorem.
1519 5711 1634 5765 Nox
1669 5713 1814 5768 nocti
1845 5713 1987 5769 indi-

413 5819 498 5868 cat
527 5806 830 5868 scientiam,
875 5805 998 5861 dum
1040 5807 1200 5863 ludas
1238 5809 1437 5864 Judaris
1482 5808 1783 5864 doctrinam
1831 5813 1983 5880 pravi

2155 3322 2264 3377 Int.
2298 3325 2434 3392 Quid
2479 3326 2682 3380 indicat
2727 3326 2853 3380 illud
2887 3326 3028 3397 qmd
3085 3327 3277 3397 legitur
3319 3326 3372 3380 in
3429 3328 3661 3394 psalmo:

2085 3414 2152 3469 In
2181 3416 2299 3487 (Ps.
2320 3434 2503 3487 χχιιι,
2537 3418 2595 3488 8)
2617 3421 2781 3490 capite
2803 3421 2920 3474 libri
2945 3422 3188 3490 scriptum
3221 3429 3292 3474 est
3322 3421 3383 3474 de
3411 3423 3528 3475 me?

2155 3516 2314 3585 Resp.
2353 3516 2426 3570 Ex
2463 3533 2690 3587 persona
2721 3519 2823 3573 hoc
2852 3518 3049 3572 dicitur
3073 3518 3372 3573 Salvatoris
3394 3559 3408 3583 ,
3452 3519 3521 3571 de
3561 3531 3664 3587 quo

2084 3609 2336 3664 scribitur
2369 3627 2382 3662 :
2412 3608 2479 3662 In
2514 3611 2765 3682 principio
2800 3611 2985 3663 creavit
3024 3610 3161 3664 Deus
3190 3609 3368 3663 uelum
3399 3620 3444 3662 et
3477 3620 3665 3663 terram

2087 3701 2239 3774 (Gen.
2268 3717 2304 3764 t,
2336 3702 2410 3768 1),
2445 3703 2495 3756 id
2527 3713 2632 3768 est,
2662 3704 2713 3756 in
2745 3703 2876 3757 lilio.
2907 3707 3012 3756 Aut
3039 3713 3186 3756 certe
3211 3701 3340 3754 illud
3376 3719 3388 3750 :
3425 3699 3490 3752 In
3526 3703 3665 3769 priu-

2084 3795 2217 3865 cipio
2246 3804 2355 3846 erat
2393 3793 2647 3859 Verbum,
2681 3808 2726 3848 et
2758 3794 2974 3848 Verbum
3023 3802 3132 3848 erat
3188 3792 3328 3862 apud
3376 3791 3574 3860 Deum,
3618 3803 3665 3845 et

2088 3885 2225 3939 Deus
2255 3895 2359 3939 erat
2394 3883 2612 3939 Verbum
2633 3886 2813 3956 (Joan.
2843 3900 2877 3948 ι,
2917 3885 2990 3956 1).

2159 3975 2520 4046 Int.Abyssus
2590 3977 2828 4045 abyssum
2884 3978 3115 4040 invocat,
3167 3974 3375 4044 inquit,
3442 3976 3494 4027 in
3551 3989 3666 4027 socc

2088 4079 2462 4123 cataractarum
2488 4067 2825 4140 tuarum(Ps.
2857 4083 2964 4131 xu,
2993 4066 3048 4137 8)
3077 4084 3089 4119 :
3118 4066 3388 4136 quomodo
3411 4066 3553 4120 istud
3587 4067 3666 4119 in-

2089 4159 2434 4230 telligendum
2457 4159 2574 4214 eSt?

2160 4251 2314 4322 Resp.
2345 4251 2459 4304 Non
2493 4251 2763 4306 immerito
2789 4251 3014 4321 abyssns
3037 4248 3341 4318 appellatur
3362 4247 3664 4304 divinarum
3717 4247 3720 4250 ’

2089 4344 2489 4413 Scripturarum
2511 4344 2857 4414 profundum,
2880 4353 2932 4399 et
2965 4344 3090 4398 ideo
3120 4346 3172 4397 in
3204 4357 3337 4396 voce
3364 4350 3666 4396 cataracta-

2088 4449 2206 4488 rum
2227 4434 2452 4505 abyssus
2477 4435 2730 4504 abyssum
2755 4434 2993 4496 invocat,
3020 4447 3143 4486 cum
3171 4440 3324 4485 vetus
3348 4430 3668 4484 Testamen-

2095 4533 2204 4579 tum
2236 4540 2432 4579 novum
2465 4526 2768 4591 annuntiat,
2796 4525 2878 4578 vel
2913 4538 3108 4577 novum
3135 4522 3547 4576 Testamentum
3573 4535 3666 4574 ve-

2093 4629 2177 4672 tus
2203 4619 2254 4672 in
2284 4617 2645 4672 testimonium
2674 4624 2830 4670 vocat
2854 4616 2906 4669 in
2933 4615 3154 4670 vocibus
3184 4613 3597 4684 pr0pbetarnm.

2163 4711 2269 4764 lnt.
2294 4710 2429 4776 Quid
2453 4709 2855 4778 intelligendum
2885 4718 3056 4763 estex
3085 4709 3186 4762 hoc
3217 4707 3355 4777 quod
3378 4708 3666 4761 scribitur:

2092 4801 2198 4854 Pro
2226 4801 2456 4873 patribus
2487 4801 2586 4853 tuis
2611 4801 2720 4853 nati
2745 4810 2865 4854 sunt
2895 4800 2985 4853 tibi
3012 4801 3108 4868 ﬁlii
3137 4799 3256 4872 (Ps.
3288 4815 3432 4864 xuv,
3465 4799 3618 4868 17)?

2161 4892 2314 4963 Resp.
2348 4891 2403 4946 Id
2429 4901 2533 4956 est,
2562 4892 2705 4961 quod
2730 4903 3029 4962 temporum
3049 4893 3393 4946 successione
3410 4893 3522 4946 sint
3545 4889 3668 4945 red-

2091 4985 2187 5038 diti
2215 4999 2312 5053 pro
2341 4981 2664 5053 patriarchis
2708 4984 2791 5038 vel
2825 4982 3098 5053 pr0pbetis
3129 4981 3357 5050 apostoli
3388 4982 3475 5036 vel
3506 4995 3667 5036 evan-

2089 5077 2316 5146 gelistat.

2163 5166 2271 5224 Int.
2303 5165 2493 5222 Frater
2524 5184 2628 5223 non
2653 5168 2878 5230 redimit,
2909 5167 3119 5221 redimet
3148 5166 3298 5220 homo
3328 5164 3449 5237 (Ps.
3482 5177 3658 5226 XLVIII,

2090 5259 2147 5327 8)
2177 5277 2189 5312 :
2222 5259 2346 5328 quid
2367 5259 2436 5315 de
2464 5259 2567 5316 hoc
2592 5259 2928 5314 sentiendum
2953 5257 3074 5313 est?

2167 5351 2321 5419 Resp.
2357 5351 2508 5419 Quod
2542 5366 2648 5407 non
2678 5351 2967 5406 redemerit
2994 5349 3229 5421 Moyses,
3261 5347 3488 5405 redimet
3511 5343 3662 5402 Cbri-

2090 5455 2226 5500 SlllS.

2163 5533 2269 5589 Int.
2311 5533 2595 5600 Quomodo
2639 5532 3010 5603 accipiendum
3057 5541 3138 5587 est
3187 5532 3314 5586 illud
3393 5531 3530 5602 quod
3561 5527 3656 5585 Da-

2093 5627 2177 5680 vid
2219 5626 2413 5680 clamat
2460 5625 2523 5678 ad
2553 5626 2836 5680 Dominum
2859 5668 2873 5692 ,
2924 5624 3149 5680 dicens:
3180 5621 3296 5678 Tibi
3323 5626 3422 5679 soli
3463 5617 3654 5694 peccavi

2092 5716 2208 5786 (Ps.
2244 5733 2298 5783 L,
2330 5713 2428 5784 6)?

2166 5806 2320 5875 Resp.
2355 5805 2464 5861 Soli
2500 5817 2751 5875 peccatur
2793 5807 2904 5864 Deo
2930 5851 2943 5878 ,
2993 5809 3114 5878 quia
3147 5808 3330 5879 utique
3371 5807 3481 5879 ipse
3511 5799 3656 5860 solus
