3932 6170
296 334 407 391 789

1511 329 2058 389 INSTRUCTIONUM
2097 329 2296 387 LIBER
2334 331 2373 387 ῐ.

3473 312 3572 366 7330

299 445 375 502 sit
397 443 600 513 absque
632 450 881 511 peccato,
912 441 981 496 ita
1010 439 1336 511 iustiﬁcatus
1360 441 1527 497 vincit
1552 444 1737 510 etiam,
1762 444 1889 499 dum
1917 451 1966 507 Α
1999 445 2234 501 tenditur
2275 459 2395 500 esse
2435 446 2726 515 completa.
2775 444 2829 497 in
2872 458 2971 513 qua
3017 456 3158 498 nunc
3190 440 3435 499 animalia
3463 483 3475 506 ,
3519 437 3574 497 id

299 534 594 606 iudicatur,
627 532 683 587 id
716 541 800 589 est
823 572 840 599 ,
870 533 956 588 vel
998 531 1245 587 Christus
1284 532 1338 586 in
1372 533 1652 599 passione,
1680 535 1767 588 vel
1805 549 1893 589 se-

301 626 547 681 cundum
605 623 739 679 illud
790 624 934 694 quod
964 624 1019 678 in
1066 626 1328 694 propheta
1374 624 1547 679 dicit:
1583 625 1651 679 Et
1690 628 1889 696 venite,

302 716 638 787 iudicemur,
668 713 802 768 dicit
829 714 1106 768 Dominus.

377 802 488 859 Int.
531 803 660 870 Viri,
693 805 891 873 inquit,
924 804 1235 876 sanguinum
1264 814 1311 857 et
1329 804 1499 861 dolosi
1527 821 1628 859 non
1652 807 1893 861 dimiiliao

303 899 429 951 bunt
451 894 562 949 dies
584 910 702 948 suos
723 893 840 964 (Ps.
865 909 972 963 LIv,
992 895 1087 964 24)
1111 894 1272 964 :quid
1300 896 1386 949 hic
1406 897 1745 952 sentiendum
1769 901 1892 953 est?

380 988 536 1057 Resp.
571 986 687 1040 Non
738 985 1023 1040 dimidiant
1051 986 1170 1041 dies
1209 1001 1337 1042 suos
1384 987 1439 1041 hi
1471 988 1561 1057 qui
1604 990 1889 1045 immatura

306 1092 484 1136 morte
514 1081 815 1151 rapiuntur.
853 1082 963 1136 Ilac
992 1083 1203 1137 ratione
1240 1081 1404 1137 etiam
1432 1081 1564 1136 illud
1593 1083 1894 1150 intelligere

305 1189 598 1243 possumus
632 1193 646 1229 :
699 1173 779 1229 Ne
814 1175 992 1246 rapias
1032 1190 1108 1227 me
1146 1175 1200 1227 in
1243 1173 1409 1227 medio
1439 1174 1636 1227 dierum
1664 1189 1891 1226 meorum

309 1266 631 1334 ((5.035).
665 1267 730 1319 Et
750 1267 906 1321 aliter
932 1283 945 1319 :
968 1265 1082 1319 Non
1100 1265 1383 1319 dimidiant
1406 1265 1522 1319 dies
1543 1279 1689 1329 suos,
1715 1265 1801 1333 qui
1825 1264 1893 1319 ad

306 1358 403 1412 Dei
424 1357 849 1413 satisfactionem
871 1374 975 1411 non
993 1357 1279 1412 conferunt
1296 1356 1378 1410 vel
1400 1358 1519 1409 vita:
1533 1371 1643 1409 sua:
1660 1368 1888 1424 partem.

383 1450 491 1504 lnt.
520 1451 657 1518 Quid
705 1451 929 1505 interior
974 1465 1167 1504 sensus
1201 1450 1471 1517 eloquitur
1502 1448 1570 1504 de
1611 1448 1714 1504 hoc
1749 1450 1892 1518 quod

304 1544 616 1597 scribitur:
660 1541 966 1613 Priusquam
1004 1542 1291 1612 producant
1341 1541 1505 1609 spina:
1550 1548 1728 1594 vestra:
1772 1540 1895 1593 rha-

306 1650 486 1687 mnum
512 1632 630 1703 (Ps.
666 1648 792 1699 Lvtt,
828 1631 959 1701 10)?

383 1724 541 1793 Resp.
587 1723 639 1775 ld
671 1734 783 1790 est,
826 1726 1136 1793 priusquam
1176 1738 1236 1779 se
1266 1732 1485 1793 peccata
1534 1732 1716 1779 vestra
1765 1738 1895 1779 con-

308 1825 602 1870 summent.

387 1903 495 1959 Int.
527 1903 709 1960 Justus
739 1906 1009 1977 quomodo
1056 1906 1192 1961 lavat
1226 1924 1406 1962 manus
1437 1924 1557 1963 suas
1595 1908 1649 1962 in
1685 1900 1899 1980 sangui-

310 2013 378 2051 ne
406 2008 730 2066 peccatorum
754 1999 874 2068 (Ps.
910 2015 1039 2068 LvII,
1073 1998 1209 2069 ll)?

389 2089 546 2157 Resp.
589 2089 720 2144 Cum
754 2090 1006 2145 tribuitur
1033 2091 1265 2145 vindicta
1309 2090 1377 2145 de
1402 2091 1580 2160 impiis
1603 2136 1617 2159 ,
1650 2107 1754 2145 non
1800 2091 1904 2147 hoc

315 2181 736 2250 procurantibus
764 2182 965 2237 sanctis
1000 2200 1011 2236 :
1045 2192 1096 2237 et
1134 2190 1256 2250 p0st
1281 2182 1476 2237 delicta
1507 2192 1670 2252 atque
1699 2183 1902 2238 exitum

315 2283 657 2342 peccatorum
683 2316 697 2339 ,
723 2274 990 2344 iustorum
1026 2274 1229 2329 clarius
1258 2275 1367 2329 vita
1411 2283 1575 2345 atque
1623 2289 1785 2345 opera
1816 2290 1904 2330 re-

317 2364 627 2433 splendent.

390 2453 501 2507 Int.
551 2454 833 2520 Quomodo
888 2455 1259 2524 accipiendum
1327 2465 1408 2509 est
1457 2456 1589 2511 illud
1653 2455 1796 2527 quod
1851 2456 1903 2510 in

323 2546 581 2615 psalmo(
614 2561 772 2610 LvIII,
805 2545 878 2615 6)
910 2546 1106 2616 legitur
1138 2564 1151 2599 :
1191 2546 1310 2601 Non
1342 2548 1635 2602 miserearis
1675 2547 1907 2600 omnibus

321 2638 413 2705 qui
440 2648 714 2705 aperantur
743 2638 1101 2706 iniquitatem?

399 2728 559 2797 Resp.
603 2728 717 2781 Non
750 2737 855 2781 tam
890 2729 1268 2783 maledicentis
1297 2730 1479 2785 animo
1506 2730 1649 2786 istud
1687 2730 1906 2795 dicitur,

320 2831 486 2887 quam
541 2820 938 2888 correptionem
978 2820 1521 2889 emendationemque
1568 2819 1909 2890 peccantium

321 2906 681 2963 desiderantis
710 2926 725 2962 :
765 2909 820 2963 id
859 2919 970 2975 est,
1001 2919 1057 2964 ut
1088 2911 1141 2964 in
1167 2911 1420 2980 praesenti
1449 2913 1633 2982 potius
1660 2912 1766 2966 vita
1788 2925 1911 2965 cor-

322 2998 491 3068 repti,
524 3013 629 3053 non
661 3002 951 3055 abutantur
982 3000 1162 3054 divina
1188 3000 1445 3070 patientia
1471 3016 1643 3072 usque
1672 3001 1738 3056 ad
1767 3000 1910 3056 futu-

323 3103 443 3142 tam
474 3104 751 3159 pinnarum
780 3091 1147 3146 acerbitatem.

1996 548 2101 607 est,
2136 546 2325 605 gentes
2356 536 2600 591 habitant
2626 546 2787 606 atque
2816 546 3143 590 consistunt.
3434 588 3437 589 ν

2067 628 2175 682 lnt.
2201 628 2332 696 Quae
2372 629 2731 698 intelligentia
2766 634 2849 682 est
2888 628 2941 680 in
2985 628 3087 681 hoc
3120 627 3262 694 quod
3314 627 3575 696 legimus:

1999 717 2058 773 Si
2111 718 2377 773 dormiatis
2429 719 2561 771 inter
2600 718 2796 772 medios
2845 718 3045 783 cteros,
3102 732 3282 789 penna:
3333 716 3579 768 columst

1996 811 2342 883 deargentata:
2384 824 2429 865 et
2478 810 2763 881 posteriora
2806 810 2947 865 dorsi
3002 814 3117 882 ejus
3163 811 3215 863 in
3253 810 3419 878 specie
3464 809 3579 860 auri

1997 903 2438 977 (Ps.I.vat,l4)?

2067 993 2226 1067 Resp.
2263 995 2317 1048 In
2347 994 2450 1050 hoc
2481 995 2601 1050 loco
2627 995 2696 1049 de
2721 994 2986 1063 apostolis
3024 999 3176 1061 optat
3206 992 3486 1060 propheta,
3522 999 3579 1043 ut

1997 1102 2169 1155 usque
2193 1086 2260 1141 ad
2287 1087 2570 1142 transitum
2600 1096 2983 1156 perseverent,
3016 1084 3299 1140 credentes
3335 1083 3386 1137 in
3419 1092 3581 1137 testa-

1998 1177 2196 1232 mentis
2226 1176 2460 1232 duobus.
2484 1178 2545 1231 In
2566 1176 2815 1232 columba
2844 1185 3023 1229 autem
3054 1173 3292 1243 Spiritus
3319 1182 3536 1227 sanctus
3556 1215 3569 1235 ,

1995 1269 2049 1321 in
2101 1268 2493 1338 posterioribus
2537 1267 2800 1322 occultior
2857 1264 3164 1320 intellectus
3210 1283 3222 1317 :
3268 1264 3319 1316 in
3359 1271 3582 1331 argento

1996 1360 2289 1427 splendens
2307 1358 2531 1414 historia
2558 1360 2984 1427 Scripturarum,
3016 1355 3069 1410 in
3093 1370 3224 1410 auro
3246 1354 3469 1409 interior
3499 1356 3584 1407 vel

1999 1452 2290 1521 pretiosior
2317 1465 2511 1507 sensus
2539 1450 2862 1505 ostenditur.

2068 1546 2180 1601 Int.
2213 1546 2361 1601 Dixit
2391 1545 2688 1599 Dominus:
2722 1544 2802 1598 Ea:
2830 1542 3006 1597 Basan
3037 1551 3342 1606 convertam,
3377 1555 3583 1593 conver-

1999 1651 2104 1694 tam
2125 1640 2179 1693 in
2206 1640 2519 1710 profundum
2548 1638 2728 1702 maris,
2752 1646 2805 1688 ut
2828 1636 3113 1706 intingatur
3137 1650 3223 1704 pes
3251 1642 3367 1686 tuus
3394 1632 3447 1683 in
3476 1648 3589 1683 sau-

1998 1734 2171 1803 guine,
2200 1734 2377 1803 lingua
2406 1746 2587 1783 canum
2613 1740 2817 1783 tuorum
2849 1743 2912 1780 ea:
2938 1726 3179 1789 inimicis,
3208 1723 3268 1777 ab
3309 1724 3421 1791 ipso
3458 1720 3521 1790 (1
3539 1736 3583 1773 s.

1924 1807 1972 1867 Β
1998 1822 2297 1893 vaII,23):
2322 1820 2449 1892 quid
2473 1821 2559 1876 hic
2589 1817 2916 1889 sequemur?

2074 1915 2234 1988 Resp.
2262 1914 2508 1970 Basanin
2538 1913 2729 1967 Latino
2755 1909 3003 1966 confusio
3025 1916 3203 1962 sonat.
3236 1906 3374 1973 Ergo
3409 1902 3589 1957 Domi-

2004 2022 2104 2062 nus
2126 2014 2343 2062 nosmet
2366 2004 2434 2060 de
2454 2002 2770 2059 confusione
2796 2000 3084 2063 convertit,
3109 2013 3227 2067 quae
3248 2005 3330 2051 est
3353 1995 3405 2048 in
3431 2009 3591 2048 cruce

2003 2098 2121 2168 ejus
2154 2115 2167 2151 :
2193 2098 2247 2152 in
2276 2112 2380 2167 qua
2410 2109 2571 2150 cruce
2594 2093 2856 2161 sanguine
2873 2090 3063 2159 pedem
3093 2102 3249 2143 suum
3276 2086 3453 2151 tinxit,
3481 2086 3591 2138 cla-

2007 2190 2279 2245 mantibus
2315 2187 2555 2250 Judasis,
2589 2193 2645 2239 ut
2673 2183 3085 2252 crucifigeretur
3118 2180 3375 2234 instinctu
3411 2177 3589 2230 initoi-

2006 2297 2216 2348 corum,
2250 2281 2303 2335 id
2334 2287 2449 2344 est,
2480 2278 2806 2333 daemonum.
2840 2274 2924 2330 Ab
2945 2275 3061 2343 ipso
3088 2283 3267 2327 autem
3313 2271 3590 2326 Salvatore

2010 2375 2113 2429 hoc
2145 2382 2315 2429 totum
2342 2374 2518 2438 venit,
2549 2369 2674 2439 quia
2714 2368 2894 2425 omnia
2922 2367 3035 2421 haec
3067 2364 3283 2435 propria
3312 2362 3589 2417 voluntate

2008 2466 2283 2520 sustinuit.

2082 2554 2192 2609 Int.
2222 2557 2372 2623 Quos
2413 2556 2534 2609 illos
2565 2554 2889 2623 accipiemus
2920 2552 3173 2622 principes
3212 2547 3483 2615 Zabulon,
3516 2545 3593 2599 vel

2013 2649 2271 2720 principes
2302 2647 2603 2715 Nephtalim
2634 2646 2751 2716 (Ps.
2786 2660 2951 2709 vatt,
2983 2644 3112 2715 28)?

2085 2740 2244 2808 Resp.
2286 2739 2505 2793 Petrum
2546 2738 2884 2808 apostolum,
2928 2736 3011 2790 vel
3061 2734 3366 2798 Andream,
3397 2732 3488 2801 qui
3528 2746 3594 2785 ex

2014 2830 2202 2885 iisdem
2226 2830 2472 2885 tribubus
2492 2837 2617 2883 sunt
2640 2830 2844 2894 vocati,
2885 2828 3027 2881 sicut
3050 2836 3103 2881 et
3131 2840 3291 2894 supra
3320 2823 3594 2896 Benjamin

2015 2922 2236 2977 nomine
2264 2921 2564 2989 apostolum
2591 2920 2816 2974 Paulum
2846 2928 3061 2987 oportet
3098 2917 3341 2986 intelligi.

2087 3013 2194 3068 Int.
2228 3012 2368 3079 Quid
2414 3014 2617 3068 indicat
2661 3011 2805 3081 quod
2850 3011 3044 3079 legitur
3084 3027 3097 3061 :
3137 3009 3427 3063 Posuerunt
3447 3008 3596 3077 signa

2018 3124 2134 3176 sua,
2167 3107 2396 3176 signa,et
2425 3123 2530 3160 non
2562 3112 2905 3174 cognoverunt
2931 3102 3061 3157 sicut
3088 3102 3141 3155 in
3169 3102 3250 3156 uia
3267 3115 3422 3170 supra
3448 3114 3589 3152 sunt-

399 3179 507 3233 Int.
561 3180 731 3235 Semel
777 3183 972 3236 locutus
1019 3192 1091 3236 est
1144 3182 1314 3251 Deus,
1368 3185 1471 3240 duo
1523 3187 1632 3240 haec
1671 3185 1912 3240 exaudiui
1941 3167 1987 3231 ί)
2018 3167 2155 3253 μιυῶ
2185 3167 2520 3268 (ᾖδξωιχιη,
2552 3167 2642 3265 5)‘.3

325 3269 448 3337 (Ps.
481 3286 600 3337 ut,
632 3270 754 3338 12):
789 3272 914 3341 quid
944 3273 1030 3327 hic
1061 3273 1471 3343 intelligendum
1502 3276 1632 3330 est?

402 3359 563 3432 Resp.
596 3362 773 3416 Semel
800 3363 883 3416 hic
908 3378 1011 3416 non
1042 3364 1107 3416 ad
1132 3380 1412 3419 numerum
1440 3365 1781 3421 referendum
1808 3376 1910 3432 est,

327 3453 425 3507 sed
460 3454 525 3507 ad
556 3453 886 3509 ﬁrmitatem.
929 3454 1060 3522 Quae
1098 3466 1281 3510 autem
1326 3465 1452 3511 sunt
1483 3458 1570 3511 illa
1606 3457 1746 3523 duo,
1793 3473 1914 3525 qua:

330 3544 559 3597 Domino
590 3544 841 3614 adjacent
861 3545 884 3598 ἲ
907 3554 960 3599 et
987 3560 1146 3614 posse
1169 3546 1371 3613 omnia,
1400 3555 1454 3602 et
1482 3548 1618 3602 velle
1646 3548 1912 3603 misereri.

332 3634 399 3687 Et
432 3635 590 3689 aliter
622 3652 636 3689 :
681 3636 860 3690 Semel
892 3636 1106 3691 locutus
1136 3645 1222 3692 est
1252 3636 1424 3703 Deus,
1455 3637 1504 3692 id
1531 3646 1646 3705 est,
1691 3639 1742 3694 in
1773 3640 1911 3711 lege.

326 3726 462 3781 Nam
492 3726 544 3780 in
568 3727 860 3796 Evangelia
890 3742 996 3782 non
1025 3728 1128 3782 alia
1162 3730 1419 3798 pra'cepit
1450 3746 1464 3782 :
1496 3730 1620 3799 quia
1671 3748 1772 3785 non
1801 3733 1916 3786 veni

329 3818 495 3887 legem
515 3817 727 3882 solvere,
760 3818 848 3870 sed
877 3818 1155 3889 adimplere
1181 3818 1395 3889 (Matth.
1435 3835 1493 3885 v,
1522 3819 1650 3891 l7)?

402 3907 511 3962 Int.
558 3909 695 3977 Quid
750 3918 832 3964 est
877 3910 1020 3979 quod
1068 3911 1326 3967 scribitur
1370 3930 1383 3965 :
1432 3911 1781 3967 Transioimus
1825 3930 1916 3981 per

328 4002 499 4071 ignem
512 4008 557 4055 et
572 4019 778 4071 aquam,
798 4010 841 4055 et
858 4002 1103 4056 induxisti
1122 4019 1212 4056 nos
1226 4004 1276 4055 in
1296 4004 1620 4074 refrigerium
1637 4003 1916 4075 (Ps.va)?

404 4093 563 4161 Resp.
592 4094 770 4163 lguem
807 4103 861 4149 et
902 4110 1094 4165 aquam
1142 4097 1569 4164 persecutionem
1602 4096 1802 4151 indicat
1828 4106 1914 4151 at-

325 4201 436 4253 que
462 4186 800 4257 martyrium.
831 4187 1010 4257 Aliqui
1055 4187 1139 4241 hic
1170 4202 1360 4257 aquam
1397 4189 1721 4257 baptismum
1754 4189 1914 4244 intel-

327 4278 607 4349 ligendum
630 4287 848 4347 putant,
900 4288 954 4334 et
992 4280 1168 4349 ignem
1210 4290 1456 4334 sanctum
1490 4281 1789 4350 Spiritum,
1822 4281 1915 4350 qui

330 4370 545 4425 inlusus
585 4381 803 4438 peccata
839 4381 1109 4441 tamquam
1139 4370 1276 4440 ignis
1317 4382 1509 4426 exurat
1548 4388 1563 4429 ;
1593 4381 1648 4426 et
1682 4372 1807 4427 hinc
1834 4379 1917 4426 est

325 4462 474 4527 quod
502 4461 757 4516 scribitur
785 4478 799 4515 :
834 4460 1086 4517 Dominus
1112 4460 1253 4515 Deus
1306 4470 1465 4517 vester
1494 4464 1626 4532 ignis
1656 4479 1811 4517 urens
1841 4472 1915 4517 est

331 4552 513 4623 (Deut.
537 4568 607 4617 Iv,
635 4553 753 4622 24).

398 4643 511 4698 lnt.
540 4645 679 4712 Quid
706 4644 838 4699 dicit
859 4645 993 4700 illud
1015 4646 1155 4717 quod
1175 4647 1367 4717 legitur
1392 4665 1405 4702 :
1431 4647 1536 4701 Iter
1552 4649 1706 4717 facite
1726 4651 1793 4713 ei,
1820 4653 1909 4718 qui

325 4735 560 4788 ascendit
603 4751 754 4806 super
803 4752 1083 4801 occasum;
1134 4737 1383 4792 Dominus
1430 4754 1613 4792 nomen
1659 4738 1742 4802 illi
1785 4738 1905 4810 (Ps.

328 4840 496 4889 uvu,
528 4823 627 4896 5)?

399 4915 564 4984 Resp.
612 4914 764 4969 Viam
806 4917 1071 4971 bonorum
1115 4927 1329 4972 actuum
1361 4926 1662 4988 praeparate
1700 4919 1775 4974 illi
1820 4920 1911 4988 qui

324 5020 714 5075 supergressus
733 5015 813 5061 est
839 5022 1087 5062 occasum
1121 5018 1297 5064 morte
1325 5010 1555 5065 devicta.

395 5098 424 5151 Ι
434 5108 509 5152 nt.
544 5097 797 5166 Pluviam,
828 5101 1022 5170 inquit,
1051 5102 1390 5156 voluntariam
1415 5104 1723 5176 segregabis,
1744 5102 1902 5166 Deus,

325 5190 615 5244 hareditati
662 5198 791 5255 tute,
836 5200 885 5245 et
921 5191 1185 5259 inﬁrmata
1231 5202 1347 5259 est;
1390 5203 1446 5247 tu
1491 5210 1606 5247 vero
1649 5195 1908 5265 perfecisti

326 5280 738 5333 εαιηεαηίηιαιὶα
763 5290 851 5332 tua
880 5280 1237 5337 inhabitabant
1265 5284 1319 5336 in
1348 5300 1409 5337 ea
1439 5282 1558 5351 (Ps.
1582 5299 1751 5351 uvn,
1785 5282 1904 5355 10):

323 5371 445 5439 quis
474 5371 631 5438 hujus
658 5370 762 5424 loci
790 5385 980 5425 sensus
1004 5372 1128 5427 est?

401 5461 559 5529 Resp.
596 5462 781 5517 Pluvia
808 5462 897 5518 hic
933 5464 1231 5520 secundum
1278 5467 1512 5522 litteram
1555 5482 1753 5523 manna
1801 5478 1913 5535 est,

322 5556 621 5611 secundum
688 5573 967 5628 anagOgen
1024 5560 1277 5615 mandata
1330 5562 1679 5631 intelligenda
1722 5573 1848 5619 sunt
1899 5582 1911 5616 :

324 5664 448 5717 quae
476 5649 724 5703 mandata
774 5650 857 5705 vel
902 5651 985 5706 lex
1007 5691 1020 5715 ,
1059 5650 1188 5707 licet
1218 5653 1429 5708 inﬁrma
1460 5656 1707 5709 videatur
1737 5663 1913 5711 trans-

324 5738 694 5804 gressionibus
735 5739 1078 5808 Judznorum,
1112 5743 1281 5813 gratia
1306 5752 1484 5800 tamen
1516 5744 1793 5816 Evangelii
1825 5761 1910 5801 os-

2094 3288 2245 3360 Resp.
2277 3287 2427 3355 Quod
2467 3286 2741 3359 Babylonii
2774 3285 3001 3341 victoria
3048 3283 3344 3339 insolentes
3374 3280 3591 3344 effecti,

2018 3383 2089 3436 ita
2115 3380 2648 3450 exposueruntsigna
2678 3379 2731 3432 in
2748 3378 3083 3445 Deitemplo,
3107 3377 3246 3430 sicut
3263 3374 3517 3429 constitui
3543 3377 3595 3426 in

2016 3474 2259 3542 trophmo
2273 3473 2450 3528 solent
2471 3487 2636 3541 super
2660 3470 2894 3525 fornices
2911 3469 3271 3535 introitusque
3295 3476 3593 3535 portarum.

2087 3564 2196 3619 Int.
2228 3564 2367 3632 Quid
2410 3570 2495 3618 est
2519 3561 2662 3631 quod
2694 3560 2945 3614 scribitur
2974 3573 2989 3610 :
3024 3557 3159 3609 Deus
3189 3564 3355 3608 autem
3378 3570 3471 3606 res;
3498 3570 3595 3606 no-

2016 3665 2122 3710 ster
2144 3666 2262 3709 ante
2298 3655 2490 3708 saecula
2532 3662 2765 3723 operatus
2796 3659 2865 3703 est
2911 3648 3126 3702 salutent
3164 3648 3216 3700 in
3248 3645 3414 3699 medio
3447 3652 3597 3698 terra:

2017 3747 2137 3817 (Ps.
2164 3760 2351 3811 LXXIII,
2380 3742 2504 3813 12)?

2088 3836 2244 3908 Resp.
2277 3835 2519 3892 Jhdaeam
2548 3834 2701 3903 dixit,
2735 3832 2786 3887 in
2818 3846 2922 3902 qua
2945 3830 3193 3886 Christus
3221 3830 3470 3885 liberavit
3503 3844 3596 3898 per

2017 3944 2233 3987 crucem
2284 3926 2540 3982 mundum
2591 3943 2607 3985 :
2648 3940 2808 3995 quam
2858 3925 3019 3994 aliqui
3071 3923 3383 3977 umbilicum
3437 3932 3595 3976 terru:

2016 4020 2398 4093 appellandum
2439 4019 2792 4074 arbitrantur.
2838 4018 2903 4071 Et
2950 4016 3110 4071 aliter
3153 4033 3164 4069 :
3203 4016 3471 4083 Operatus
3513 4025 3595 4066 cst

2016 4115 2250 4169 salutem
2281 4113 2336 4166 in
2368 4111 2546 4165 medio
2570 4117 2752 4177 terrm,
2779 4107 2828 4162 id
2859 4117 2964 4172 est,
2989 4107 3042 4161 in
3072 4119 3224 4161 utero
3254 4106 3520 4175 virginali.

2090 4203 2200 4259 Int.
2226 4203 2365 4271 Quid
2391 4210 2473 4257 est
2504 4202 2608 4257 hoc
2638 4200 2778 4271 quod
2804 4199 3062 4269 legimus:
3093 4199 3227 4264 Quia
3248 4199 3383 4252 calix
3410 4197 3460 4250 in
3488 4213 3597 4249 ma-

2018 4315 2088 4351 nu
2119 4294 2328 4349 Domini
2351 4294 2454 4349 vini
2482 4293 2610 4346 meri
2636 4294 2818 4364 plenus
2844 4300 2917 4345 est
2945 4292 3134 4357 mixto,
3166 4300 3214 4343 ct
3242 4290 3507 4343 inclinavit
3535 4304 3597 4341 ex

2017 4388 2115 4441 hoc
2153 4389 2205 4440 in
2243 4388 2337 4441 hoc
2369 4400 2389 4440 :
2431 4392 2775 4438 verumtamen
2821 4385 2904 4452 {ex
2934 4384 3048 4453 ejus
3089 4397 3188 4435 non
3226 4389 3298 4434 est
3332 4380 3629 4434 exinanita,

2019 4476 2136 4546 (Ps.
2171 4491 2350 4540 Lxxtv,
2385 4473 2477 4543 9)?

1938 4534 1991 4593 Β
2024 4534 2036 4546 ‘
2092 4571 2246 4641 Resp.
2298 4534 2450 4624 C’alis
2482 4568 2691 4624 Domini
2731 4569 2932 4622 mixtus
2964 4565 3332 4621 misericordia
3370 4575 3417 4619 et
3445 4564 3593 4633 judi-

2018 4664 2158 4719 cium
2193 4680 2206 4716 :
2242 4662 2532 4716 inclinatur
2558 4677 2621 4715 ex
2647 4662 2748 4714 hoc
2776 4662 2827 4714 in
2857 4660 3008 4726 illud,
3042 4673 3164 4714 cum
3192 4659 3260 4713 de
3288 4658 3595 4712 misericoro

2019 4756 2108 4810 dia
2143 4756 2197 4810 in
2219 4754 2478 4824 judicium
2518 4754 2701 4809 divina
2732 4756 3019 4808 severitate
3050 4753 3327 4807 transitur.
3368 4751 3475 4805 Fex
3502 4766 3598 4803 au-

2022 4856 2129 4902 tem
2160 4848 2277 4916 ejus
2304 4862 2409 4901 non
2442 4846 2773 4914 cxinanitur,
2817 4846 2940 4917 quia
2984 4845 3161 4900 adhuc
3192 4845 3433 4899 ultimum
3454 4840 3599 4911 judi-

2020 4938 2090 4993 cii
2116 4948 2441 4993 reservatur.

2086 5031 2197 5085 lnt.
2230 5031 2359 5099 Quae
2385 5029 2740 5101 signiﬁcantia
2772 5038 2857 5086 est
2883 5029 3024 5098 quod
3051 5028 3308 5083 scribitur
3341 5044 3353 5080 :
3380 5024 3447 5078 Et
3473 5025 3593 5080 reli-

2015 5136 2129 5191 qua:
2149 5120 2515 5192 coyitationum
2531 5120 2668 5174 diem
2683 5120 2867 5188 festum
2884 5128 3033 5190 agent
3056 5118 3143 5170 tibi
3161 5117 3279 5187 (Ps.
3299 5132 3461 5180 Lxxv,
3480 5114 3595 5185 H)?

2089 5211 2248 5281 Resp.
2281 5210 2512 5266 Pulchre
2548 5211 2635 5266 hic
2660 5210 2962 5266 ostenditur
2997 5209 3139 5279 quod
3181 5209 3322 5264 Deus
3365 5209 3595 5277 puritate

2018 5304 2216 5360 mentis
2242 5304 2392 5358 velut
2418 5304 2646 5372 quadam
2678 5302 2972 5358 festivitate
3002 5304 3231 5356 laetatur.

2089 5394 2199 5449 Int.
2254 5394 2391 5459 Vox,
2420 5394 2626 5465 inquit,
2659 5396 2872 5449 tonitrui
2915 5396 2989 5448 tui
3025 5393 3078 5447 in
3117 5402 3229 5447 rota
3255 5391 3370 5462 (Ps.
3411 5406 3591 5455 Lxxvt,

2022 5487 2109 5556 t9)
2140 5506 2152 5540 :
2184 5487 2311 5557 quid
2336 5487 2424 5542 hic
2453 5487 2794 5542 sentiendum
2818 5486 2942 5542 est?

2090 5578 2247 5646 Resp.
2298 5575 2489 5632 Rotam
2533 5576 2618 5632 hic
2658 5577 2830 5645 ipsum
2885 5574 3019 5631 dixit
3058 5576 3244 5631 orbem
3294 5585 3482 5641 terrae,
3536 5590 3598 5623 cn

2016 5670 2157 5741 quod
2186 5673 2324 5724 intra
2369 5668 2608 5738 ejusdem
2640 5668 2785 5725 orbis
2831 5680 3004 5725 rotam
3045 5667 3423 5726 circumferant
3454 5664 3595 5723 toni-

2014 5772 2132 5818 trua
2162 5761 2443 5832 mugitum.
