3932 6170
464 265 552 322 τω
1450 259 1510 314 S.
1553 258 1879 317 EULHERII
1916 251 2396 321 LUGDUNENSIS
2435 266 2750 340 EPiSCOl’I;
3550 283 3627 338 792

526 381 635 435 lnt.
666 378 802 447 ΟΜ
832 374 1244 445 intelligendum
1288 382 1371 429 est
1412 373 1482 431 de
1518 375 1621 430 hoc
1657 376 1801 447 quod
1842 376 2031 433 scribi-
2061 378 2110 438 Α
2139 386 2221 432 est
2262 379 2424 436 homo
2468 382 2777 438 Altissimus
2816 382 2904 452 qui
2958 381 3196 439 fundavit
3230 400 3358 443 eam.
3400 393 3457 448 Et
3482 407 3629 452 notan-

454 483 537 525 tur
560 490 572 524 :
599 464 1166 531 Etpercussitmimicos
1178 481 1299 520 suos
1318 467 1374 521 in
1392 468 1676 537 posteriora
1695 468 2026 541 (Ps.t.xxvn,
2133 468 2263 524 dum
2287 471 2427 541 quod
2457 474 2618 527 etiam
2645 473 2785 527 lilius
2814 473 3120 530 Altissimus
3145 477 3439 545 appellatur.

450 562 515 616 66
549 561 620 627 Η
2200 559 2311 615 Int.
2346 563 2481 629 Quid
2529 564 2616 620 hic
2660 565 3067 634 intelligendum
3112 575 3220 632 est,
3264 569 3347 624 ubi
3379 573 3628 634 scribitur:

521 651 680 718 Resp.
730 648 1035 703 secundum
1088 649 1319 705 litteram
1395 650 1639 707 ulcerum
1698 650 1914 708 illorum
1966 653 2025 708 ﬁt
2128 647 2321 706 Factus
2340 668 2450 706 sum
2476 654 2607 707 sicut
2633 652 2788 707 homo
2817 654 2927 709 sine
2956 655 3352 726 adjutorio,iuter
3374 666 3632 720 mortuosli-

448 740 916 805 commemoratio,
948 740 1143 810 quibus
1175 749 1306 795 sunt
1329 738 1604 811 Allopbyli
1636 743 1687 796 in
1722 743 2024 813 posteriora
2127 739 2214 796 ber
2245 740 2362 813 (Ps.
2393 759 2633 814 Lxsxvn,
2664 745 2761 810 5)?

442 832 705 903 percussi.
739 833 1044 889 Secundum
1077 833 1388 889 interiorem
1413 848 1543 890 vero
1572 848 1791 889 sensum
1826 850 2019 905 percu-
2198 832 2356 905 Resp.
2384 832 2632 889 Christus
2678 836 2858 905 utique
2898 835 3041 892 inter
3086 845 3315 894 mortuos
3351 839 3474 897 liber
3498 859 3509 896 :
3534 846 3632 915 quia

442 931 652 985 tiuntur
684 927 886 983 inimici
910 930 1002 983 Dei
1026 930 1077 983 in
1106 928 1430 998 posteriora,
1461 943 1583 984 cum
1616 930 1668 984 in
1698 929 1909 984 Domini
1931 930 2022 1000 ju-
2122 921 2329 992 absque
2360 932 2583 990 peccato
2613 926 2755 981 inter
2785 936 3096 993 peccatores
3124 930 3374 998 apparuit.

439 1021 583 1075 dicio
616 1021 908 1089 puniuntur
928 1029 1195 1075 extremo.
2192 1013 2303 1069 lnt.
2348 1016 2481 1084 Quae
2510 1026 2592 1073 est
2623 1027 2764 1071 terra
2796 1018 2889 1072 illa
2917 1018 3204 1074 oblivionis
3231 1019 3294 1074 de
3318 1036 3411 1090 qua
3436 1021 3627 1078 dicitur:

508 1110 618 1165 Int.
668 1111 837 1179 Quem
880 1110 1148 1181 signiﬁcat
1195 1110 1384 1166 dicens
1431 1129 1443 1163 :
1492 1110 1862 1166 Easterminauit
1907 1130 2020 1167 eam
2122 1103 2390 1177 Numquid
2417 1119 2792 1180 cognoscentur
2832 1111 2884 1162 in
2938 1110 3153 1164 tenebris
3194 1110 3429 1164 mirabilia
3461 1120 3563 1179 tua,
3596 1122 3633 1168 et

434 1215 560 1268 aper
608 1200 671 1254 de
710 1203 837 1254 silva
860 1240 876 1267 ,
919 1210 965 1255 et
1001 1200 1280 1273 singularis
1320 1200 1461 1269 ferus
1498 1201 1739 1271 depastus
1789 1212 1866 1257 est
1904 1218 2016 1257 eam
2109 1198 2320 1268 justitia
2350 1208 2439 1253 tua
2463 1200 2518 1253 in
2546 1209 2685 1254 terra
2712 1200 2980 1253 oblivionis
3034 1199 3151 1271 (Ps.
3201 1215 3418 1264 Lxxxvn,
3442 1202 3553 1271 13)?

433 1290 557 1360 (Ps.
581 1304 761 1356 usis,
792 1290 925 1362 li)?
2188 1286 2347 1358 Resp.
2377 1288 2703 1343 Rectissime
2741 1290 3041 1359 appellatur
3082 1290 3359 1345 oblivionis
3394 1302 3514 1345 terra
3549 1290 3629 1345 im-

490 1371 661 1451 Resp.
687 1381 891 1451 Aprum
915 1380 1005 1435 hic
1028 1381 1437 1450 Vespasianum,
1473 1390 1531 1437 ut
1556 1382 1775 1453 quidam
1804 1383 2009 1455 dicunt,
2115 1376 2329 1446 piorum
2368 1392 2497 1434 caro
2535 1394 2565 1431 a
2612 1379 2839 1433 Domino
2866 1378 3149 1434 derelicta.
3197 1380 3259 1434 Et
3285 1380 3467 1435 aliter:
3502 1379 3633 1436 Terra

431 1474 546 1528 vult
573 1473 828 1544 intelligi,
858 1474 946 1544 qui
975 1473 1189 1529 Judmos
1214 1474 1361 1531 bello
1390 1477 1640 1531 vastavit.
1671 1476 2009 1547 Singulsrem
2113 1468 2401 1524 ObiiViOniS
2420 1469 2660 1525 etiamin
2689 1470 2780 1524 illo
2805 1470 2976 1540 ειοείρί
3004 1470 3332 1540 ροιεειίιυοά
3352 1470 3495 1525 die"!
3523 1469 3632 1536 Οιω·

428 1565 624 1630 ferum,
657 1565 836 1620 Titum
868 1566 1186 1635 Vespasiani
1212 1566 1403 1634 ﬁlium,
1428 1567 1523 1636 qui
1552 1567 1892 1625 Hier-“suem
1914 1583 2013 1639 op.
2112 1559 2250 1612 niam
2276 1576 2378 1613 non
2421 1569 2497 1615 est
2528 1560 2582 1614 in
2611 1569 2772 1614 morte
2806 1561 2895 1629 qui
2915 1576 3112 1615 memor
3142 1561 3209 1615 sit
3237 1562 3309 1614 tui
3334 1577 3352 1613 :
3377 1564 3424 1615 in
3464 1560 3632 1630 inferna

424 1656 749 1724 pugnatione
772 1656 1130 1725 consumpsit.
2112 1661 2282 1705 autem
2306 1652 2419 1722 quis
2450 1653 2781 1720 conﬁtebitur
2812 1653 2901 1707 tibi
2924 1652 3044 1723 (Ps.
3077 1669 3151 1719 vr,
3186 1654 3285 1723 6)?

496 1744 605 1800 Int.
635 1746 890 1816 Legimus
917 1747 973 1801 in
1003 1746 1213 1816 psalmo
1230 1748 1413 1818 (un,
1432 1747 1520 1817 9):
1550 1747 1740 1817 Israel,
1771 1746 2009 1805 siaudias
2039 1743 2106 1804 B‘
2184 1740 2293 1797 Int.
2338 1742 2621 1810 Quomodo
2645 1743 2903 1812 juventus
2943 1743 3139 1813 aquila:
3166 1753 3457 1809 renovatur,
3482 1756 3635 1797 secun-

420 1851 521 1902 me,
546 1852 648 1890 non
671 1838 767 1890 erit
794 1838 845 1890 in
876 1844 926 1890 te
965 1836 1107 1892 Deus
1134 1848 1315 1894 recens
1337 1854 1356 1893 :
1386 1839 1659 1909 quomodo
1684 1841 1830 1897 istud
1866 1842 2007 1899 scci-
2108 1832 2237 1889 dum
2270 1833 2401 1889 illud
2445 1833 2588 1905 quod
2623 1834 2852 1904 legimus
2896 1852 2907 1886 :
2944 1832 3295 1888 Renovabitur
3331 1834 3451 1887 sicut
3481 1831 3632 1901 aquila

418 1925 670 1995 piemus?
2094 1927 2342 1995 juventus
2371 1933 2460 1979 tua
2484 1925 2604 1998 (Ps.
2630 1941 2723 1995 cu,
2758 1924 2851 1997 5)?

488 2016 648 2089 Resp.
702 2018 850 2075 idola
905 2020 993 2076 vel
1040 2020 1434 2077 Antichristum
1492 2021 1833 2077 reiutandum
1882 2037 2004 2079 esse
2174 2016 2336 2085 Resp.
2368 2017 2573 2087 Aquila)
2599 2016 2855 2072 dicuntur
2895 2016 2945 2070 vi
2987 2016 3173 2071 nimia:
3213 2024 3432 2071 senecta:
3473 2014 3633 2083 impio.

416 2113 754 2178 pronuntiat.
802 2113 1050 2169 Christus
1086 2124 1268 2171 autem
1324 2116 1463 2171 Deus
1503 2124 1693 2172 recens
1723 2130 1830 2172 non
1860 2126 1969 2172 erat

2103 2120 2218 2161 mes
2249 2107 2399 2171 ﬁeri,
2430 2118 2484 2163 et
2522 2106 2651 2162 nido
2689 2108 2877 2162 relatte
2905 2108 3141 2162 vicissim
3194 2107 3349 2172 pullis
3376 2106 3477 2160 suis
3503 2104 3631 2158 mini-

414 2199 541 2255 licet
569 2202 767 2257 mundo
792 2217 891 2273 per
908 2219 1127 2261 carnem
1154 2208 1355 2262 nostris
1375 2209 1714 2278 temporibus
1740 2209 1967 2264 illuxerit

2101 2200 2399 2255 strantibus
2430 2201 2608 2268 pasci,
2642 2200 2814 2255 donec
2841 2199 3060 2255 deterso
3103 2200 3244 2255 senii
3289 2208 3495 2253 veterno
3520 2195 3632 2251 reei-

415 2290 559 2346 Nam
585 2295 639 2347 in
663 2294 920 2362 principio
950 2306 1058 2350 erat
1091 2298 1233 2368 apud
1261 2299 1424 2353 Deum
1451 2300 1587 2354 Deus
1614 2299 1868 2367 Verbum,
1890 2302 2000 2371 ipse
2099 2292 2255 2360 Diam
2290 2307 2413 2346 ουω
2454 2293 2647 2361 Pennis
2678 2308 2831 2347 “sum
2867 2292 3103 2347 VOlandl-
3134 2291 3441 2348 δεουηάυηὶ
3470 2304 3632 2359 “380‘

411 2399 593 2437 creans
640 2384 899 2439 hominem
938 2387 1005 2439 ad
1043 2388 1429 2441 similitudinem
1478 2388 1575 2442 Dei
1618 2387 1885 2460 (10am),
1923 2395 1945 2444 ί
1977 2407 1993 2457 ς
2095 2397 2197 2451 gen
2224 2392 2406 2438 autem
2432 2382 2686 2451 juventus
2716 2392 2900 2439 nostra
2942 2384 3022 2438 vel
3057 2382 3324 2453 baptismo
3362 2382 3440 2436 vel
3484 2394 3632 2434 resur-

411 2473 543 2529 Gen.
572 2491 622 2541 ι,
652 2474 771 2547 26),
796 2477 997 2548 quique
1025 2478 1263 2534 diversis
1308 2480 1515 2535 vicibus
1541 2490 1700 2551 atque
1732 2484 1993 2553 tempori-
2096 2475 2334 2530 feeliono
2363 2485 2675 2554 renovatur.

410 2564 509 2621 bus
544 2566 775 2622 Abrahae
817 2567 901 2623 vel
954 2570 1196 2639 patribus
1244 2572 1446 2626 nostris
1484 2586 1702 2641 semper
1745 2574 1963 2643 apparui

2165 2564 2274 2620 Int.
2316 2566 2580 2635 Abyssus,
2632 2567 2839 2635 inquit,
2888 2566 3021 2620 sicut
3058 2567 3278 2636 pallium
3321 2565 3518 2619 amictus
3546 2566 3631 2630 ejus

409 2654 565 2728 (Gen.
592 2673 745 2725 xvm,
781 2658 860 2729 i),
2093 2655 2212 2729 (Ps.
2240 2672 2350 2722 ent,
2378 2656 2432 2727 (ι)
2457 2672 2472 2711 :
2504 2656 2633 2727 quid
2661 2657 2748 2711 hic
2772 2656 3106 2725 sequemur?

480 2745 588 2803 Int.
623 2748 1245 2821 Qualiteraecipiendum
1266 2751 1500 2823 estquod
1520 2753 1987 2825 psalmus(t.sxxr,
2162 2750 2324 2819 Resp.
2356 2749 2471 2805 Non
2503 2750 2640 2805 bene
2669 2750 2908 2819 plerique
2941 2749 3279 2804 arbitrantur
3306 2747 3538 2817 abyssum
3567 2743 3636 2796 lt’c

407 2837 462 2909 1)
489 2842 563 2894 ait
589 2858 601 2893 :
631 2840 771 2896 Deus
797 2844 935 2897 stetit
958 2843 1012 2897 in
1032 2860 1297 2915 synagoga
1326 2845 1586 2900 deorum?
2087 2844 2343 2897 amictum
2376 2842 2470 2897 Dei
2514 2840 2803 2911 appellari,
2851 2855 2971 2895 cum
3006 2841 3191 2911 potius
3226 2841 3469 2895 amictum
3507 2846 3633 2890 terra

472 2929 629 3002 Ηεερο
665 2930 721 2986 id
749 2940 868 2998 est,
907 2933 962 2987 in
993 2935 1408 3004 congregatione
1447 2937 1990 3004 sanctorum;Domi-
2088 2931 2195 2987 dici
2244 2933 2357 3003 ipse
2399 2932 2741 3000 superiorum
2788 2946 3050 2986 versuum
3095 2931 3235 2986 ordo
3285 2929 3540 2990 declarat,
3584 2940 3636 2978 eo

402 3034 503 3076 nus
524 3031 704 3076 autem
736 3030 920 3078 noster
948 3033 1162 3078 sanctos
1182 3039 1310 3080 suos
1336 3034 1394 3079 ut
1413 3026 1563 3096 regni
1587 3028 1693 3092 sui,
1724 3028 1798 3083 ita
1819 3030 1983 3085 etiam
2032 3093 2057 3096 _
2086 3024 2230 3093 quod
2262 3033 2403 3077 terra
2431 3024 2544 3093 ipsa
2574 3024 2768 3093 abysso
2799 3022 2955 3093 quasi
2982 3023 3219 3093 quodam
3249 3021 3408 3093 pallio
3434 3019 3634 3073 circum-

400 3111 635 3166 nominis
690 3112 775 3166 sui
829 3112 1244 3181 participatione
1296 3093 1535 3171 donavit.
1591 3116 1749 3172 Unde
1801 3126 1856 3173 et
1918 3093 2060 3172 adc
2093 3112 2210 3168 fusa
2248 3103 2481 3168 veletur.

400 3196 620 3269 Moysen
645 3200 814 3255 dicit:
861 3190 1009 3255 Dedi
1043 3211 1092 3254 te
1138 3202 1462 3260 Pharaonem
1497 3206 1553 3259 in
1589 3205 1749 3261 Deum
1785 3208 1984 3276 (Exod.
2165 3202 2275 3257 Int.
2326 3203 2609 3272 Quomodo
2653 3214 2797 3259 stant
2848 3218 3012 3273 super
3064 3215 3283 3260 montes
3325 3195 3634 3271 aquaeiquia

400 3299 495 3354 vn,
523 3288 595 3360 l).
620 3288 1026 3361 Compellantur
1059 3309 1187 3363 ergo
1235 3294 1457 3349 nomine
1486 3296 1605 3362 Dei,
1650 3298 1772 3366 quia
1802 3300 1988 3368 appel-
2088 3298 2346 3364 scriptum
2374 3304 2455 3349 est
2485 3313 2498 3347 :
2530 3294 2701 3372 Super
2728 3305 2920 3349 montes
2950 3299 3160 3349 stabunt
3190 3294 3392 3365 aqum?

399 3378 582 3437 lantur
608 3390 665 3438 et
695 3383 815 3438 Filii
846 3384 963 3439 Dei.
996 3385 1106 3440 Nec
1143 3386 1334 3441 mirum
1366 3403 1466 3457 pro
1496 3388 1584 3442 illa
1615 3389 1870 3446 ineu‘abiti
1902 3392 1986 3447 di-
2159 3386 2314 3455 Resp.
2365 3386 2561 3455 Utique
2595 3401 2715 3441 cum
2757 3393 2849 3440 aut
2893 3387 3063 3454 plena:
3091 3386 3253 3457 aquis
3299 3383 3466 3440 nubes
3501 3394 3637 3449 ευρει·

398 3472 542 3528 vittae
571 3473 923 3543 benignitatis
963 3474 1293 3546 indulgentia
1314 3516 1332 3544 ,
1378 3477 1425 3533 si
1456 3478 1689 3535 voluerit
1723 3489 1783 3536 ut
1821 3482 1983 3538 homo
2084 3487 2299 3533 montes
2335 3477 2643 3547 dependent
2669 3497 2681 3531 :
2713 3486 2807 3533 aut
2833 3493 2957 3533 cum
2984 3481 3035 3534 in
3065 3480 3206 3533 mari
3237 3477 3398 3533 unda:
3426 3475 3486 3530 ad
3510 3487 3638 3528 mon-

397 3563 773 3634 appellaretur
814 3565 985 3633 Deus,
1028 3580 1149 3622 cum
1179 3567 1320 3623 Deus
1357 3569 1656 3637 appellatus
1685 3571 1755 3626 sit
1795 3571 1976 3627 homo.
2085 3571 2214 3625 tium
2246 3571 2415 3623 instar
2444 3571 2775 3625 excitantur.

464 3655 577 3708 lnt.
623 3655 760 3722 Quid
812 3656 902 3711 hic
952 3659 1298 3714 sentiendum
1338 3669 1424 3715 est
1464 3678 1477 3715 :
1525 3661 1742 3718 Iustitia
1784 3674 1833 3718 et
1873 3682 1979 3736 pax
2152 3659 2260 3714 Int.
2299 3659 2439 3728 Quid
2470 3661 2814 3716 sentiendum
2855 3671 2937 3717 est
2982 3663 3035 3716 in
3081 3662 3188 3719 hoc
3218 3663 3368 3734 quod
3397 3660 3637 3731 legimus:

395 3748 639 3801 osculata:
666 3757 783 3801 sunt
811 3764 864 3802 se
887 3748 1007 3819 (Ps.
1042 3765 1257 3819 umv,
1288 3749 1417 3822 il)?
2079 3749 2253 3804 Draco
2282 3751 2378 3805 iste
2410 3766 2560 3817 quem
2589 3751 2826 3821 formasti
2854 3751 2925 3804 ad
2959 3752 3293 3808 illndcndum
3324 3757 3373 3807 ei
3402 3751 3514 3825 (Ps.
3545 3763 3638 3809 Clll,

465 3838 626 3907 Resp.
651 3839 804 3905 Quod
836 3856 894 3896 se
924 3841 1011 3894 lex
1046 3852 1098 3896 et
1128 3843 1300 3911 gratia
1328 3843 1710 3914 conjunxerint
1735 3861 1831 3918 per
1859 3863 1972 3904 me-
2076 3840 2170 3911 26)
2195 3840 2217 3893 ἲ

392 3929 657 3987 diutorem
703 3932 984 3987 Dominum
1029 3942 1274 3990 nostrum
1313 3937 1500 3992 Jesum
1543 3939 1844 4009 Christum,
1885 3943 1973 4008 qui
2146 3932 2303 4002 Resp.
2340 3931 2509 3987 Draco
2538 3933 2640 3989 iste
2684 3934 2928 3990 diabolus
2956 3944 3072 3996 est,
3107 3935 3209 3991 scd
3248 3945 3377 3989 ante
3410 3935 3640 3987 formatus

392 4021 511 4089 fecit
539 4030 757 4091 utraque
782 4039 938 4076 unum
966 4020 1131 4094 (Eph.
1160 4039 1218 4089 tt,
1254 4025 1384 4095 ΜΗ
2072 4040 2105 4080 ι
2136 4026 2394 4094 Domino,
2423 4041 2586 4095 quam
2624 4027 2678 4081 in
2716 4043 2914 4082 nomen
2962 4027 3166 4083 diaboli
3215 4025 3529 4082 voluntaria:
3563 4034 3642 4074 ue-

464 4110 573 4165 Iut.
603 4112 843 4178 Qualiter
882 4114 1255 4184 accipiendum
1283 4118 1535 4188 estquod
1566 4119 1841 4189 legimus:
1874 4121 1970 4174 Di-
2070 4114 2253 4185 quitiae
2309 4117 2565 4171 transiret
2636 4118 2916 4172 instinctu.
2977 4118 3129 4174 Hune
3170 4119 3435 4190 prOpheza
3508 4115 3648 4167 [satas

391 4203 502 4274 ligit
530 4202 783 4258 Dominus
821 4215 995 4276 portas
1026 4206 1185 4274 Sion,
1226 4224 1381 4278 super
1417 4211 1591 4265 omnia
1636 4213 1967 4269 tabernacula
2072 4208 2286 4278 (11,7)3
2350 4207 2592 4275 parvulis
2618 4208 2879 4263 desctibil
2911 4209 3084 4263 illudi.

388 4292 555 4347 Jacob
585 4293 702 4366 (Ps.
739 4311 950 4361 unvr,
982 4296 1039 4368 2)
1067 4336 1079 4351 .

2140 4295 2250 4350 Ιηι.
2278 4297 2391 4365 Qua
2442 4299 2651 4353 ratione
2696 4298 3102 4369 intelligendum
3148 4299 3414 4368 estquod
3460 4291 3635 4350 scribi-

462 4382 618 4453 Resp.
652 4384 804 4452 Quod
832 4386 1086 4442 Dominus
1108 4389 1436 4447 umbraculis
1464 4406 1746 4464 synagogas
1776 4393 1964 4451 Eccle—
1994 4460 2022 4464 _
2064 4397 2153 4445 tur
2179 4408 2191 4442 :
2237 4389 2456 4444 Ferrum
2486 4392 2808 4460 pertransivit
2838 4392 3064 4444 animam
3090 4395 3204 4462 ejus
3231 4390 3353 4462 (Ps.
3383 4404 3490 4450 CIV,
3522 4381 3638 4452 it)?

387 4475 482 4529 sim
507 4478 836 4532 munimenta
870 4481 1179 4547 praetulerit.
1493 4460 1507 4464 v
1989 4460 2044 4522 D
2142 4483 2299 4555 Resp.
2332 4482 2578 4538 Christus
2617 4484 2703 4539 hic
2740 4482 3182 4538 manifestissime
3225 4483 3564 4551 designatur,
3589 4490 3645 4527 co

455 4564 563 4619 Int.
600 4567 767 4621 Mater
796 4570 925 4624 Sion
960 4571 1094 4624 dicet
1126 4571 1309 4640 homo,
1349 4582 1396 4628 et
1435 4575 1585 4629 homo
1612 4580 1781 4645 factus
1811 4589 1883 4631 est
1911 4579 1964 4633 in
2066 4576 2210 4645 quod
2237 4576 2567 4646 resurgendo
2597 4576 2934 4646 afﬁgentium
2957 4577 3244 4630 clavorum
3271 4577 3515 4629 dolorem
3540 4585 3644 4622 cru-

384 4674 466 4723 ea,
497 4667 544 4711 et
576 4660 681 4727 ipse
720 4661 952 4728 [undavit
985 4678 1099 4715 eam
1137 4663 1428 4720 Altissimus
1458 4667 1574 4738 (Ps.
1621 4683 1838 4736 Luxvr,
1870 4671 1958 4739 5),
2064 4670 2370 4735 ciatumque
2399 4669 2692 4736 superavit.
2725 4668 2910 4721 Potest
2939 4667 3028 4722 hEc
3058 4666 3271 4722 ferrum
3307 4676 3363 4721 et
3386 4662 3646 4718 ιτίὶηιιιιιῖο

382 4747 511 4819 quid
541 4748 627 4802 hic
652 4751 987 4817 sequemur?
2062 4758 2214 4812 dura:
2245 4758 2584 4812 necessitatis
2611 4758 2872 4827 intelligi,
2902 4758 3031 4826 quia
3058 4759 3303 4811 animam
3344 4756 3479 4809 dixit
3512 4770 3523 4805 :
3553 4749 3645 4802 ali-

450 4839 609 4911 Resp.
634 4839 801 4894 Mater
826 4841 954 4896 Sion
974 4882 989 4906 ,
1022 4854 1081 4897 ut.
1106 4844 1320 4914 quidam
1347 4846 1566 4915 volunt,
1595 4849 1757 4903 Maria
1794 4852 1958 4921 signi-
2060 4847 2273 4916 quando
2298 4857 2476 4902 tamen
2508 4846 2688 4901 anima
2717 4846 2771 4901 in
2796 4845 3088 4915 Scripturis
3128 4861 3231 4914 pro
3262 4841 3522 4913 prarsenti
3552 4839 3645 4893 vita

380 4933 589 4998 ficatur,
622 4931 676 4987 in
702 4946 807 5002 qua
839 4939 993 4988 natus
1018 4945 1105 4988 est
1127 4935 1287 4991 homo
1314 4935 1594 5006 Christus,
1621 4938 1787 5008 ipsius
1815 4955 1951 5009 quo-
2057 4942 2378 5011 appellatur,
2428 4949 2484 4994 ut
2514 4940 2568 4995 in
2606 4939 2905 5009 Evangelio
2946 4954 2961 4991 :
3001 4936 3193 4992 Nonne
3225 4937 3408 4990 anima
3440 4933 3555 5006 plus
3581 4935 3645 4983 est

375 5041 480 5095 que
509 5027 696 5080 matris
724 5032 958 5080 creator.
989 5026 1278 5083 Sciendum
1315 5039 1407 5084 est
1438 5041 1613 5085 tamen
1636 5073 1652 5098 ,
1680 5033 1874 5088 melius
1899 5042 1954 5088 et
2053 5049 2206 5102 quam
2220 5048 2337 5087 esca
2365 5031 2579 5104 (Matth.
2611 5046 2687 5097 vt,
2721 5029 2860 5099 25)?

372 5116 669 5172 secundum
688 5117 974 5171 Hebrmum
995 5119 1170 5173 verius
1200 5119 1301 5175 dici
1329 5137 1343 5173 :
1370 5120 1637 5192 Numquid
1660 5123 1788 5178 Sion
1811 5124 1952 5180 dicet
2124 5123 2150 5175 1
2159 5134 2233 5176 nt.
2266 5122 2404 5189 Quid
2434 5122 2573 5176 inter
2597 5122 2858 5190 psalmum
2890 5128 2944 5175 et
2964 5117 3236 5174 canticum
3258 5113 3532 5171 interest?
3589 5129 3600 5138 ·

373 5208 558 5277 homo,
587 5218 641 5264 et
668 5210 832 5264 homo
859 5219 1016 5266 natus
1047 5222 1132 5267 est
1158 5214 1209 5267 in
1237 5229 1324 5279 ea,
1349 5224 1405 5269 et
1425 5215 1542 5283 ipse
1564 5215 1808 5270 lundavit
1831 5221 1949 5271 eam
2124 5213 2283 5282 Resp.
2318 5212 2470 5278 Quod
2520 5212 2710 5280 psalmi
2759 5226 2824 5264 ex
2874 5209 3132 5277 psalterio
3174 5207 3569 5278 appellantur,
3599 5206 3648 5251 al

373 5300 726 5355 Altissimus?
761 5302 829 5357 Et
853 5312 938 5358 est
979 5319 1172 5358 sensus
1200 5304 1326 5359 hic:
1361 5307 1485 5374 quis
1526 5308 1628 5361 hoc
1673 5308 1947 5364 hominum
2055 5317 2181 5358 vero
2205 5305 2473 5357 canticum
2499 5317 2566 5357 ex
2600 5316 2733 5356 voce
2762 5300 3038 5369 profertur
3069 5316 3079 5351 ε
3111 5306 3165 5351 et
3193 5298 3348 5367 quod
3381 5293 3645 5350 cautioum

372 5393 623 5447 nuntiare
650 5393 852 5462 possit?
879 5396 1032 5451 Sicut
1057 5406 1112 5451 et
1141 5396 1270 5451 illud
1298 5413 1313 5453 :
1345 5397 1448 5451 Aut
1479 5399 1747 5453 brachium
1771 5400 1925 5455 Domi

2095 5413 2153 5450 ro
2202 5395 2459 5459 scientia,
2507 5408 2604 5464 pro
2656 5408 2820 5462 opere
2874 5406 3007 5445 vero
3060 5388 3311 5460 psalmus
3366 5386 3642 5457 accipitur.

388 5484 443 5537 ni
463 5486 545 5539 cui
570 5487 843 5540 revelatum
878 5496 950 5542 est
978 5487 1133 5557 (Isai.
1169 5505 1289 5557 uit,
1327 5491 1423 5561 i)?
1464 5490 1605 5561 Ergo
1636 5491 1738 5547 hoc
1771 5491 1900 5547 dicit
1928 5509 1942 5547 :
2056 5488 2301 5544 Psalmus
2333 5501 2461 5558 ergo
2484 5486 2549 5541 ad
2572 5486 2863 5549 actualem,
2889 5483 2940 5539 id
2970 5492 3052 5539 est
3077 5480 3140 5536 ad
3172 5484 3459 5550 practicen
3489 5489 3645 5532 :can-

367 5575 510 5645 quod
540 5577 714 5632 nullus
738 5578 1012 5635 hominum
1041 5583 1088 5637 ei
1122 5582 1370 5638 nuntiare
1394 5583 1580 5651 possit,
1612 5583 1734 5653 quia
1765 5584 1944 5639 salve-
2050 5582 2214 5638 ticum
2244 5597 2373 5638 vero
2406 5578 2470 5635 ad
2501 5577 2782 5645 theoriam,
2818 5575 2871 5632 id
2895 5584 3000 5645 est,
3033 5572 3525 5643 contemplativatn
3547 5580 3636 5621 rc-

368 5674 455 5724 tur
490 5663 622 5724 Sion
655 5668 708 5723 in
740 5670 952 5726 homine
980 5673 1068 5741 qui
1101 5680 1256 5728 natus
1286 5674 1356 5730 sit
1405 5675 1458 5729 in
1493 5689 1576 5729 ea.
1608 5676 1725 5745 lpse
1756 5684 1939 5733 autem
2047 5677 2243 5731 fertur.
