3932 6170
253 359 350 414 795

1433 345 1991 407 INSTRUCTlONUM
2031 349 2231 406 LIBER
2268 351 2314 406 1.

3416 353 3515 409 794

315 468 419 520 Int.
444 463 647 519 Iuravit
685 461 969 526 Domtnus,
1004 476 1094 514 nec
1122 461 1378 532 paenitebit
1414 475 1530 514 eum
1557 459 1674 529 (Ps.
1707 474 1822 526 cu,
1853 461 1908 520 Α
2003 460 2157 531 Resp.
2202 463 2276 516 De
2307 461 2498 517 futurts
2536 477 2596 519 se
2618 462 2692 519 ibi
2739 467 2881 532 loqui
2923 469 3182 540 propheta
3224 473 3500 545 signiﬁcat,

244 553 298 620 4)
334 553 631 621 :quomodo
657 553 864 622 juravit
895 551 1201 605 Dominus?

313 643 470 714 Resp.
502 642 697 696 .lurare
748 640 957 694 Domini
1006 649 1092 695 est
1137 640 1546 696 immutabiliter
1591 640 1820 710 promit-

240 741 374 786 tere.
417 731 586 786 Recte
616 733 777 800 igitur
807 731 950 784 istud
988 731 1336 784 commutatio
1374 732 1640 785 sermonis
1669 746 1824 783 usur-

237 830 349 887 pat,
383 836 448 874 eo
477 820 621 891 quod
655 820 944 890 promissio
972 820 1090 890 ejus
1117 819 1440 875 sacramenti
1461 820 1701 876 obtineat
1726 819 1818 872 lir-

238 915 506 967 tnltatem.
1289 925 1293 929 '

313 1003 421 1059 Int.
452 1004 590 1072 Quid
641 1004 842 1058 indicat
890 1003 1022 1058 illud
1074 1003 1216 1073 quod
1258 1004 1559 1058 scribitur:
1600 1004 1676 1058 De
1718 1013 1820 1057 tor-

235 1104 381 1148 rente
405 1097 456 1148 in
479 1098 557 1149 via
581 1095 726 1161 bibit,
744 1107 1017 1167 propterea
1039 1094 1284 1148 exaltabit
1306 1106 1454 1165 caput
1485 1093 1604 1166 (Ps.
1627 1096 1822 1167 Ctx,7)‘l

312 1186 469 1256 Resp.
499 1187 579 1242 Ad
627 1201 910 1255 personam
950 1185 1150 1241 Christi
1201 1185 1302 1240 ista
1351 1185 1632 1240 referenda
1671 1191 1818 1250 sunt,

233 1278 364 1348 quia
394 1281 460 1332 de
487 1288 754 1343 torrente,
785 1278 834 1331 id
865 1287 969 1342 est,
1001 1277 1290 1346 passione:
1328 1276 1382 1329 in
1411 1276 1517 1340 via,
1544 1274 1594 1330 id
1627 1283 1730 1342 est,
1766 1275 1818 1328 iu

233 1368 440 1421 sacculo
467 1368 916 1437 bibit;propterea
943 1368 1082 1422 Deus
1110 1367 1344 1420 exultans
1370 1376 1524 1432 caput
1552 1367 1661 1433 eius
1679 1406 1693 1427 ,
1726 1365 1820 1417 do-

232 1457 379 1508 navit
406 1458 484 1510 illi
513 1473 695 1512 nomen
721 1458 858 1528 quod
887 1467 958 1513 est
985 1473 1138 1528 super
1164 1472 1314 1509 omne
1341 1472 1522 1510 nomen
1550 1453 1719 1525 (Phil.
1756 1470 1816 1522 ιι,

232 1547 265 1601 9
296 1563 312 1612 ;
350 1546 441 1602 Ps.
469 1550 637 1616 cm).

305 1637 419 1693 Int.
458 1639 775 1706 Quindecim
811 1640 888 1694 illi
919 1640 1116 1708 psalmi
1159 1655 1314 1712 quam
1344 1639 1414 1695 ob
1451 1652 1666 1696 causam
1694 1654 1823 1693 can-

231 1730 401 1784 ticum
433 1730 691 1799 graduum
724 1739 1090 1801 prmuotantur
1119 1731 1141 1783 ?

1923 555 2012 622 qui
2037 564 2157 622 post
2187 556 2328 610 illam
2377 559 2678 613 sessionem
2721 565 2974 630 surgendi
3012 575 3222 634 tempus
3247 567 3503 626 declarat.

1922 642 2068 697 Idem
2119 653 2467 712 posteaquam
2525 648 2734 724 dederit
2783 651 2995 708 dilectis
3055 656 3167 708 suis
3214 671 3501 726 somnum,

1921 736 2159 789 ostendit
2195 752 2314 805 qum
2358 739 2531 792 futura
2573 741 2643 794 sit
2683 745 3007 798 resurrectio
3040 746 3129 799 illa
3162 758 3504 817 sanctorum,

1923 825 2048 879 dum
2093 825 2264 880 dicit:
2295 828 2432 883 Ecce
2455 829 2744 885 haereditas
2772 831 2989 887 Domini
3031 835 3360 900 filii,merces
3394 840 3507 894 fru-

1923 926 2040 971 ctus
2068 920 2291 974 ventris.
2322 919 2441 988 ipsa
2483 920 2659 990 itaque
2691 922 2902 977 Domini
2930 933 3014 978 est
3053 926 3334 985 baereditas
3363 931 3414 984 in
3446 933 3506 986 ti-

1923 1007 2030 1076 liis,
2059 1025 2217 1079 quam
2248 1025 2346 1080 pro
2372 1014 2620 1068 mercede
2650 1013 2854 1069 fructus
2874 1018 3079 1071 ventris
3109 1018 3359 1089 indeptus
3389 999 3504 1078 est:

1923 1100 2040 1168 quia
2068 1101 2304 1154 salvator
2339 1100 2544 1155 fructus
2570 1113 2650 1156 εει
2672 1103 2893 1167 ventris,
2918 1105 3068 1173 cujus
3092 1108 3274 1178 utique
3295 1125 3504 1165 merces

1920 1200 2022 1256 est.
2057 1201 2116 1246 ut
2151 1192 2202 1248 ei
2234 1200 2420 1261 gentes
2450 1192 2737 1248 hzereditas
2784 1195 2914 1261 sint,
2945 1211 3078 1263 quas
3104 1213 3198 1266 per
3229 1199 3386 1253 fidem
3411 1215 3504 1269 ge-

1921 1291 2076 1336 nerat
2101 1282 2154 1336 in
2181 1282 2340 1336 ﬁlios.
2367 1281 2589 1352 Sagitta:
2610 1295 2785 1338 autem
2810 1287 3038 1354 apostoli
3066 1296 3211 1342 recte
3231 1291 3505 1357 appellan-

1920 1380 2025 1448 tur,
2060 1373 2150 1441 qui
2185 1373 2371 1429 orbem
2404 1383 2559 1428 terrte
2589 1375 2740 1443 quasi
2785 1375 2966 1430 volatu
2998 1387 3364 1446 peragrantes,
3407 1382 3504 1434 do-

1920 1466 2089 1520 ctrina
2114 1481 2210 1520 sua
2251 1466 2543 1521 inﬁdelium
2572 1466 2733 1520 corda
2776 1476 3320 1538 penetraruntzquos
3364 1471 3536 1525 ﬁlios”

1921 1569 2293 1621 excussorum,
2337 1557 2389 1611 id
2427 1566 2534 1622 est,
2562 1556 2968 1626 prephetarum,
3007 1559 3209 1628 optime
3237 1563 3499 1630 propheta

1919 1645 2183 1714 designat.
2210 1646 2341 1701 Nam
2371 1647 2552 1716 utique
2575 1661 2695 1702 cum
2719 1647 2769 1702 in
2796 1649 3075 1716 prorihetia
3100 1666 3195 1704 sua
3222 1654 3500 1707 excutiun-

1922 1743 2010 1788 tur
2039 1735 2338 1804 prophetae,
2367 1737 2493 1806 quid
2522 1737 2661 1790 aliud
2690 1737 2741 1790 in
2770 1737 2876 1790 illis
2909 1739 3008 1792 nisi
3040 1739 3241 1793 inventi
3271 1743 3497 1808 apostoli

303 1822 467 1894 Resp.
499 1823 815 1890 Quindecim
840 1823 1110 1892 quondam
1143 1822 1419 1892 gradibus,
1450 1822 1588 1877 sicut
1626 1830 1809 1876 osten-
1844 1819 1892 1878 B
1920 1825 2360 1880 manifestantur?
2391 1828 2640 1881 Excussis
2671 1828 2847 1896 itaque
2879 1829 3174 1897 prophetis,
3210 1832 3328 1898 quia
3366 1847 3495 1900 apo-

225 1913 305 1966 dit
343 1913 591 1980 historia,
636 1913 1030 1968 ascendebatur
1062 1913 1113 1966 in
1163 1913 1424 1982 templum
1461 1931 1474 1966 :
1508 1922 1668 1982 atque
1694 1912 1815 1968 ideo

230 2002 282 2055 hi
327 2003 522 2072 psalmi
569 2004 874 2073 quindecim
919 2004 1113 2058 cantici
1149 2003 1411 2072 graduum
1463 2003 1814 2070 inscriptione

223 2094 546 2161 signantur.
578 2095 719 2162 quod
747 2109 843 2149 nos
875 2111 970 2161 per
997 2096 1259 2164 quosdam
1281 2094 1559 2164 profectus
1589 2095 1656 2150 ad
1683 2095 1813 2150 sub-

222 2186 375 2238 limia
405 2185 731 2254 spiritalium
759 2201 936 2239 rerum
962 2187 1318 2254 provectione
1350 2187 1668 2255 perducant.

296 2274 416 2327 Int.
445 2277 684 2345 Sagittw,
711 2276 903 2343 inquit,
935 2277 1154 2342 potentis
1177 2286 1342 2331 acuta:
1370 2293 1483 2330 cum
1509 2277 1812 2331 carbonibus

219 2367 555 2418 dcsolatoriis
584 2366 698 2437 (Ps.
734 2381 879 2432 cxtx,
903 2365 996 2437 4):
1025 2383 1148 2435 quae
1206 2367 1365 2435 hujus
1397 2381 1583 2422 versus
1615 2367 1813 2422 intelli-

217 2460 408 2526 gentia
436 2457 562 2511 est?

288 2549 456 2620 Resp.
503 2549 723 2617 Sigittm
782 2550 1019 2618 potentis
1046 2551 1207 2604 verba
1251 2550 1464 2603 Domini
1513 2558 1656 2612 sunt,
1690 2565 1811 2618 qua:

216 2641 315 2695 eha
332 2646 492 2695 ritate
514 2641 633 2711 ejus
664 2642 826 2696 corda
857 2653 1038 2696 nostra
1069 2642 1361 2712 configunt.
1382 2643 1654 2698 Carbones
1682 2657 1809 2697 vero

216 2732 546 2786 desolatorii
575 2743 733 2801 sunt,
773 2735 862 2803 qui
898 2745 1113 2802 peccata
1149 2735 1478 2801 dissolvunt,
1510 2735 1809 2790 secundum

217 2823 379 2877 illunt
415 2822 686 2877 carbonem
719 2822 871 2879 Isaia:
894 2826 1157 2896 propheta:
1192 2829 1299 2894 (v1,
1327 2825 1406 2896 6),
1440 2826 1530 2896 qui
1573 2826 1640 2880 ad
1669 2827 1808 2881 labia

218 2916 342 2985 ejus
401 2916 672 2984 defertur,
705 2927 762 2972 ut
817 2929 1007 2988 purget
1045 2921 1171 2974 vitia
1198 2963 1212 2986 ,
1250 2936 1386 2990 qua:
1436 2931 1784 2976 contraxerat

219 3010 306 3065 vel
339 3009 643 3078 loquendo,
673 3011 756 3064 vel
783 3014 852 3066 ob
882 3013 1126 3068 timorem
1162 3014 1413 3068 tacendo.

284 3100 402 3156 Iut.
439 3101 576 3168 Quid
607 3102 709 3157 sibi
740 3103 852 3156 vult
879 3103 1021 3171 quod
1053 3104 1306 3159 scribitur
1332 3120 1359 3166 τε
1404 3103 1538 3157 Ecce
1561 3118 1659 3158 non
1687 3105 1808 3158 dor-

1917 1917 2040 1970 stoli
2086 1918 2326 1987 generati
2358 1927 2506 1983 sunt,
2538 1925 2683 1973 recte
2721 1918 3056 1987 appellantur
3095 1918 3193 1972 ﬁlii
3237 1934 3493 1975 excusso-

1915 2025 2058 2064 rum.

1985 2100 2094 2156 Int.
2118 2101 2254 2170 Quid
2286 2110 2368 2158 est
2393 2102 2532 2172 quod
2555 2102 2811 2172 legimus:
2838 2102 2985 2158 Sicut
3007 2104 3314 2158 ablactatur:
3342 2120 3495 2173 super

1913 2203 2074 2248 matre
2098 2211 2212 2262 sua,
2244 2196 2318 2247 ita
2346 2195 2580 2248 retribuis
2610 2197 2662 2247 in
2684 2196 2857 2247 anima
2881 2210 2992 2247 mea
3020 2195 3149 2266 (Ps.
3175 2210 3335 2258 cus,
3359 2195 3393 2246 2
3415 2196 3471 2267 )?

1985 2285 2143 2356 Resp.
2179 2287 2385 2341 Animze
2415 2294 2614 2340 nostrae
2639 2286 2927 2340 ablactatio
2957 2296 3062 2352 est,
3087 2301 3207 2340 cum
3239 2287 3307 2340 ab
3335 2287 3490 2357 igno-

1912 2375 2088 2430 rantia
2118 2375 2354 2430 infantia:
2377 2375 2440 2429 ad
2471 2375 2766 2445 perfectum
2794 2375 2972 2429 cibum
3003 2376 3124 2429 vita:
3153 2391 3492 2431 consumma-

1915 2469 2058 2522 tione
2101 2483 2292 2522 sensus
2336 2469 2584 2538 erigitur.
2617 2467 2784 2537 lgitur
2813 2483 2971 2536 supra
3010 2469 3216 2522 dixerat
3247 2487 3258 2520 :
3289 2469 3345 2522 Si
3385 2486 3490 2524 non

1913 2560 2188 2614 humiliter
2211 2561 2534 2623 sentiebam,
2570 2560 2621 2614 id
2649 2570 2752 2624 εει,
2776 2560 2994 2613 humilia
3024 2570 3078 2614 et
3106 2570 3314 2615 terrena
3346 2564 3489 2632 cogi-

1914 2652 2088 2705 tabam
2122 2669 2134 2704 :
2161 2651 2255 2705 sed
2284 2651 2513 2706 exaltavi
2542 2652 2774 2704 animam
2810 2667 3002 2718 meam,
3039 2650 3140 2705 hoc
3169 2663 3271 2714 εει,
3307 2654 3400 2706 sed
3423 2654 3492 2708 ad

1911 2743 2147 2798 cmlestia
2179 2750 2357 2797 mente
2402 2742 2653 2796 contendi
2682 2761 2694 2796 :
2726 2742 2839 2796 hzec
2869 2744 2995 2796 tuihi
3040 2743 3132 2795 ﬁat
3167 2744 3448 2799 retributio
3473 2785 3488 2809 ,

1912 2842 1972 2888 ut
1999 2835 2230 2888 animam
2254 2848 2429 2889 meam
2454 2834 2757 2889 intellectus
2778 2835 3170 2888 consummatio
3195 2849 3490 2904 consequa-

1913 2936 2018 2978 tur.

1980 3014 2087 3069 lnt.
2117 3015 2332 3078 Beatus,
2365 3014 2555 3084 inquit,
2587 3015 2675 3083 qui
2717 3015 2940 3068 restituet
2970 3015 3061 3068 tibi
3089 3017 3221 3085 quod
3253 3025 3305 3069 tu
3345 3019 3491 3071 resti-

1910 3107 2048 3159 tuisti
2094 3106 2237 3160 nobis
2267 3105 2390 3178 (Ps.
2423 3121 2638 3173 cxxxvt,
2688 3105 2792 3175 8):
2833 3107 2952 3175 quis
2982 3106 3066 3160 hic
3112 3108 3490 3178 intelligendus

216 3197 443 3261 mitabit,
469 3212 626 3265 neque
657 3194 874 3248 dormiet
894 3198 980 3266 qui
997 3199 1218 3250 custodit
1242 3197 1407 3251 Israel
1433 3195 1547 3266 (Ps.
1567 3211 1692 3263 cxx,
1714 3197 1809 3265 4)?
1837 3174 1883 3238 C
1914 3207 1994 3250 est
2022 3197 2045 3250 ?

284 3286 454 3356 Resp.
505 3285 751 3340 Dormire
793 3285 1060 3340 interdum
1107 3289 1157 3340 in
1205 3287 1498 3356 Scripturis
1547 3288 1808 3342 Dominus

215 3376 450 3440 dicitur,
482 3391 602 3429 cum
637 3376 690 3429 in
725 3376 878 3430 nobis
910 3377 1087 3445 potius
1117 3377 1249 3431 fides
1273 3378 1492 3444 dormit,
1523 3389 1575 3433 et
1601 3379 1808 3433 donni-

217 3478 425 3522 tantem
469 3468 739 3522 inﬁdelem
783 3469 1061 3537 relinquit.
1107 3470 1288 3524 Nescit
1331 3485 1458 3524 vero
1499 3470 1590 3524 ille
1617 3469 1806 3524 deesse

215 3559 586 3629 qumrcntibus
615 3574 696 3624 se,
721 3573 826 3612 non
857 3550 1275 3614 novit'dortnire
1302 3561 1671 3630 vigilantibus.

281 3647 395 3701 lnt.
427 3649 677 3718 Legimus
704 3649 758 3702 in
788 3650 993 3718 psalmo
1017 3649 1184 3718 (CXXI,
1235 3649 1290 3718 5)
1321 3649 1391 3703 de
1415 3649 1750 3704 Hierusalem
1779 3667 1793 3704 :

213 3740 376 3812 Cujus
424 3742 751 3812 participatio
793 3744 902 3809 eius
934 3742 986 3794 in
1019 3742 1251 3810 idipsum
1281 3757 1299 3795 :
1330 3742 1456 3812 quid
1486 3743 1573 3798 hic
1600 3757 1797 3813 seque-

223 3849 345 3887 mur
367 3835 394 3887 τ

280 3926 448 3995 Resp.
483 3924 634 3990 Quod
659 3924 887 3980 diversae
921 3935 1100 3995 partes
1131 3941 1288 3980 unam
1317 3927 1652 3981 constituant
1679 3925 1807 3980 civi-

212 4023 417 4079 tuam,
449 4015 535 4070 vel
565 4016 776 4077 diversa
799 4017 1040 4072 membra
1073 4033 1236 4072 unum
1261 4017 1472 4072 Domini
1500 4031 1700 4085 corpus
1725 4015 1807 4070 ef-

212 4108 427 4162 liciant.

278 4195 394 4249 Int.
433 4195 568 4262 Quid
607 4199 948 4253 sentiendum
991 4199 1169 4254 estde
1202 4214 1268 4254 eo
1313 4200 1454 4269 quod
1503 4199 1798 4254 scribitur:

212 4284 474 4340 Forsitan
522 4289 880 4354 pertransisset
925 4290 1099 4342 anima
1148 4298 1321 4344 nostra
1352 4307 1541 4360 aquam
1586 4293 1799 4344 immen-

205 4392 315 4428 sam
343 4373 469 4444 (Ps.
502 4390 693 4441 cxxnt,
727 4376 821 4446 5)?

278 4465 446 4535 Resp.
478 4464 722 4519 Forsitan
793 4467 844 4520 in
883 4467 1074 4522 erco
1106 4469 1362 4537 scriptum
1399 4481 1476 4525 est
1511 4471 1631 4548 ἄρα,
1657 4472 1799 4541 quod

1983 3289 2141 3354 Resp.
2171 3286 2416 3343 Psalmus
2438 3287 2524 3342 hic
2545 3295 2596 3342 et
2618 3288 2684 3343 de
2707 3288 3012 3356 captivitate
3037 3289 3344 3346 Judzeorum
3367 3308 3486 3347 curn

1911 3378 1962 3432 in
1993 3379 2321 3449 Babylonem
2348 3378 2494 3434 dueti
2523 3388 2669 3444 sunt,
2695 3389 2749 3432 et
2775 3379 2842 3432 de
2875 3381 3244 3447 peccatoribus
3273 3384 3360 3451 qui
3394 3399 3487 3438 ex-

1910 3469 2050 3539 pulsi
2081 3469 2147 3523 ab
2177 3469 2420 3523 Ecclesia
2451 3468 2751 3522 confusioni
2796 3469 3102 3536 traduntur,
3138 3471 3362 3542 intelligi
3395 3489 3488 3544 po-

1911 3567 2029 3612 test.
2065 3558 2160 3612 llic
2195 3574 2321 3628 ergo
2348 3559 2640 3613 secundum
2672 3557 2977 3623 historiam,
3025 3569 3082 3612 ut
3115 3561 3329 3629 quidam
3371 3565 3487 3632 epi-

1910 3660 2124 3713 nantur,
2150 3647 2478 3717 signiﬁcatur
2496 3647 2668 3718 Cyrus
2689 3663 2803 3710 rex,
2827 3650 2915 3715 qui
2936 3648 3070 3701 hanc
3091 3651 3484 3704 restitutionem

1906 3739 2164 3792 subversa
2213 3737 2487 3806 Babylone
2536 3736 2786 3801 restituit,
2823 3745 2876 3790 et
2923 3751 3088 3803 usque
3127 3737 3192 3790 ad
3235 3740 3485 3807 parvulos

1907 3829 2024 3897 ejus
2052 3827 2158 3880 illic
2206 3827 2351 3878 omni
2383 3825 2748 3879 internecioxie
2775 3824 3043 3879 dcsacviit.
3073 3826 3328 3882 lntcriorc
3357 3845 3485 3884 vero

1907 3933 2090 3984 sensu,
2117 3918 2376 3989 Babyloni
2399 3919 2565 3973 vicem
2587 3919 2676 3972 ille
2701 3920 2935 3973 restituit
2967 3921 3054 3990 qui
3078 3936 3193 3975 eam
3218 3925 3482 3989 captivam

1905 4009 2073 4073 ducit,
2107 4024 2224 4078 quae
2254 4025 2314 4064 se
2345 4009 2493 4078 prius
2519 4011 2774 4064 habuerat
2805 4013 3008 4081 peccati
3041 4012 3158 4082 lege
3193 4016 3480 4081 captivam,

1906 4113 1958 4155 et
2001 4101 2223 4155 exordia
2263 4101 2512 4156 vitiorum
2543 4101 2607 4154 ad
2639 4110 2866 4171 petram,
2909 4117 3028 4172 qua:
3070 4113 3153 4159 est
3196 4104 3480 4173 Christus,

1905 4193 2076 4248 elidit.

1976 4281 2080 4336 lnt.
2124 4282 2276 4352 Srepc
2318 4283 2369 4336 in
2401 4281 2691 4352 Scripturis
2721 4283 2916 4339 dicitur
2950 4301 2962 4337 :
3001 4275 3324 4342 Conﬁtebor'
3349 4288 3472 4352 tibi,

1884 4373 2129 4428 'Domine
2154 4374 2411 4442 :qualiter
2442 4375 2540 4428 hoc
2569 4374 2971 4443 intelligendum
3003 4377 3119 4428 est?

1978 4463 2136 4532 Resp.
2168 4465 2282 4518 Non
2309 4480 2521 4534 semper
2552 4466 2915 4532 patuitentiam
2950 4465 3159 4518 videtur
3179 4466 3482 4534 signiﬁcare

206 4558 407 4612 Latine
434 4556 771 4610 manifestius
815 4559 1200 4628 interpretatur
1228 4573 1404 4632 putas,
1434 4573 1489 4615 ut
1512 4531 1575 4616 sit
1606 4531 1798 4618 sensus
1834 4531 1882 4589 Ι)
1907 4556 2196 4608 CltltfeSSio.
2230 4554 2359 4607 Nam
2389 4554 2687 4607 conﬁtebor
2719 4554 2984 4626 interdum
3017 4555 3227 4620 ponitur
3252 4571 3347 4624 pro
3370 4556 3478 4608 latt-

204 4649 352 4704 iste:
393 4649 560 4703 Putas
602 4652 985 4718 pertransissel
1032 4652 1210 4705 anina
1253 4665 1434 4706 nosmt
1471 4671 1662 4724 aquam
1699 4655 1798 4708 im-

205 4756 482 4804 mensam,
509 4741 606 4794 nisi
643 4741 902 4795 Dominus
931 4741 1121 4796 fuisset
1147 4746 1196 4797 in
1230 4745 1414 4797 nobis?

276 4830 394 4884 Int.
427 4831 563 4896 Quid
592 4842 678 4884 cst
715 4831 854 4901 quod
899 4833 1147 4885 scribitur
1173 4849 1186 4885 :
1214 4832 1457 4887 Converte
1477 4876 1490 4897 ,
1543 4833 1754 4888 Domine
1778 4877 1792 4901 ,

203 4923 553 4992 captivitatem
598 4932 854 4990 nostram,
904 4924 1034 4976 sient
1080 4932 1280 4978 torrens
1325 4925 1376 4977 in
1425 4925 1613 4979 Austro
1666 4925 1790 4995 (Ps.

203 4999 380 5080 cu‘v,
417 5014 517 5083 t)?

275 5101 440 5168 Resp.
478 5102 806 5156 Exsultantis
836 5105 1031 5157 anima:
1071 5120 1173 5159 vox
1207 5114 1308 5171 est,
1340 5114 1395 5159 et
1433 5122 1500 5161 ex
1540 5108 1788 5161 vitiorum

201 5192 442 5246 vinculis
487 5193 538 5246 in
577 5193 875 5248 libertatem
920 5197 1435 5264 conversionemque
1477 5199 1786 5264 redeuntis,

200 5295 306 5348 qua
351 5281 613 5352 postulat,
645 5293 704 5336 ut
729 5283 799 5335 ita
833 5286 1028 5337 dirutae
1062 5285 1424 5339 miserationis
1465 5288 1791 5354 aspiratione

200 5385 267 5424 ex
315 5381 661 5438 peccatorum
691 5373 1001 5440 captivitate
1049 5375 1306 5440 solvatur,
1349 5377 1482 5432 sicut
1521 5379 1789 5433 tonstricti

199 5461 381 5530 glacie
407 5471 671 5516 torrentes
704 5463 887 5516 Austri
915 5472 1100 5531 tepore
1131 5465 1434 5519 solvuntur.

274 5552 389 5606 lnt.
420 5552 667 5618 Qualiter
703 5556 1110 5625 intelligendum
1141 5569 1222 5611 est
1263 5558 1392 5610 illud
1427 5577 1438 5610 :
1477 5559 1604 5612 Ecce
1633 5561 1791 5614 luere-

200 5648 342 5698 dt'tas
375 5640 582 5697 Domini
602 5646 912 5712 ﬁlii,merces
941 5647 1136 5716 fructus
1164 5649 1347 5701 centris
1379 5661 1396 5699 :
1422 5649 1549 5700 sicut
1589 5650 1789 5718 sagitta:

200 5737 253 5790 in
282 5751 447 5789 manu
470 5739 708 5804 potentis,
738 5739 807 5792 ita
833 5740 930 5804 ﬁlii
960 5756 1284 5793 cIt'ttswl'ttttt
1316 5740 1332 5807 (
1360 5737 1449 5796 Ps.
1479 5755 1660 5806 cxxvr,
1691 5743 1721 5795 5
1741 5741 1786 5810 )“ἶ

1902 4646 2066 4709 dabo,
2100 4645 2183 4699 vel
2219 4661 2314 4713 pro
2344 4645 2541 4714 gratias
2569 4659 2746 4713 agam,
2771 4645 2855 4699 vel
2900 4660 2992 4713 pro
3025 4645 3334 4714 gloriﬁcabo
3373 4646 3476 4699 Do-

1903 4737 2009 4791 min
2021 4754 2046 4788 ιι
2056 4754 2102 4788 ιιι
2115 4775 2127 4787 .
2692 4742 2696 4746 ’

1971 4827 2078 4880 Int.
2116 4826 2473 4894 Imperfectum
2502 4841 2686 4887 meum,
2720 4826 2915 4892 inquit,
2953 4826 3183 4877 viderunt
3209 4825 3344 4878 oculi
3371 4825 3477 4877 tui:

1900 4929 1944 4972 et
1969 4920 2022 4971 in
2043 4918 2168 4970 libro
2192 4927 2278 4968 tuo
2300 4932 2470 4968 omnes
2493 4915 2777 4969 scribentur
2799 4914 2932 4984 (Ps.
2962 4915 3337 4987 cunnum):
3363 4931 3480 4983 qua:

1898 5012 1982 5064 hic
2011 5008 2365 5078 signiﬁcantia
2397 5007 2520 5062 est?

1969 5101 2124 5171 Resp.
2154 5100 2303 5154 Oculi
2341 5098 2548 5153 Doniiui
2572 5099 2940 5170 imperfectum
2979 5108 3216 5152 nostrum
3262 5085 3478 5161 vident,

1899 5195 2019 5264 quia
2045 5195 2180 5248 Deus
2204 5193 2474 5246 hominem
2500 5193 2659 5246 etiam
2686 5193 2994 5262 priusquam
3023 5191 3282 5244 formetur
3323 5204 3479 5258 agno

1899 5287 2018 5340 scit.
2054 5287 2121 5340 Et
2148 5286 2306 5338 aliter
2336 5302 2349 5338 :
2384 5284 2756 5354 Imperfectum
2815 5295 3056 5337 nostrum
3103 5282 3281 5334 vident
3331 5282 3476 5336 oculi

1902 5376 2014 5439 Dei,
2046 5377 2164 5445 quia
2195 5377 2543 5446 cogitationes
2587 5384 2798 5430 nostras
2843 5375 3006 5429 etiam
3039 5384 3327 5442 antequazn
3362 5389 3477 5440 per.

1895 5467 2139 5523 ﬁciuntur
2171 5469 2492 5538 introspicit.
2527 5469 2580 5521 In
2621 5469 2757 5521 libro
2800 5478 2977 5520 autem
3033 5465 3146 5532 ejus
3173 5465 3479 5517 scribentur

1892 5575 2103 5627 omnes,
2137 5561 2264 5630 quia
2287 5576 2473 5615 omnes
2502 5559 2746 5614 homines
2775 5574 2880 5613 nou
2907 5559 3110 5626 absque
3140 5555 3254 5624 ejus
3285 5556 3467 5609 volun-

1893 5659 2001 5706 tate
2043 5661 2354 5716 nascuntur,
2402 5652 2482 5705 vel
2533 5665 2720 5704 omnes
2753 5651 3052 5705 voluntates
3100 5659 3302 5702 nostrae
3335 5647 3474 5715 apud

1892 5758 2012 5798 cum
2058 5743 2364 5812 plenissime
2409 5741 2806 5797 describuntur.
2852 5741 3103 5811 Sequitur
3143 5748 3318 5793 autem
3348 5736 3477 5791 :Die
