3932 6170
406 335 509 396 195

1393 331 1451 388 S.
1495 328 1821 387 EUCllERll
1861 326 2342 388 LUGDUNENSIS
2382 332 2686 389 EPISCOPI

3577 335 3672 387 ’ῖξὲϐ

408 448 777 519 replebuntur,
809 453 865 504 et
890 458 1051 503 nemo
1081 444 1135 498 in
1160 443 1260 498 eis.
1297 441 1416 506 Die,
1446 441 1500 497 id
1526 450 1627 508 est,
1660 440 1877 496 Christo
1904 453 1991 493 re—
2015 439 2065 499 Δ
2093 440 2196 495 ctis
2225 443 2468 509 speciosa
2495 454 2597 511 est,
2627 446 2678 500 in
2705 447 3083 515 peccatoribus
3107 449 3275 502 fusca.
3302 449 3452 505 δεταί
3479 463 3529 503 et
3556 453 3674 507 lite-

409 541 715 610 plebuntur,
745 553 808 593 ac
839 547 1034 607 praeter
1056 535 1334 590 Christum
1363 550 1523 588 nemo
1551 535 1602 589 in
1633 535 1713 590 eis
1742 534 1847 588 erit
1874 533 1990 602 qui,

410 634 518 688 Deo
544 631 708 701 pleni,
745 645 808 686 ea
843 645 962 702 qua:
990 628 1082 684 Dei
1112 643 1218 683 non
1256 635 1385 682 sunt
1431 627 1677 697 recipere
1729 641 1833 680 non
1865 638 1991 694 pos-

407 732 553 777 sunt.

478 812 583 869 Int.
619 815 719 883 Qui
747 823 870 869 sunt
893 814 1026 883 pulli
1052 828 1340 868 corvorum
1371 811 1437 867 de
1477 811 1670 880 quibus
1700 809 1989 865 scribitur:

406 905 474 960 Et
504 906 661 975 pullis
691 921 958 959 corvorum
1002 905 1350 958 invocantibus
1379 919 1495 956 eum
1522 904 1539 970 (
1566 900 1657 954 Ps.
1691 915 1868 965 cum,
1896 900 1994 969 9)?

477 997 634 1066 Resp.
669 996 886 1051 Fideles
916 996 1056 1050 ﬁlios
1097 995 1366 1066 signiﬁcat
1410 994 1478 1050 de
1518 993 1823 1048 inﬁdelibus
1863 1008 1992 1062 pro-

409 1101 648 1146 creatos.

481 1180 588 1234 Int.
621 1180 759 1247 Quid
789 1179 1128 1234 indicaturin
1160 1178 1260 1232 hoc
1289 1178 1430 1248 quod
1459 1177 1686 1247 legimus
1717 1193 1730 1229 :
1760 1176 1888 1229 Ante
1912 1178 1993 1244 [a-

409 1287 534 1326 ctem
561 1271 770 1341 frigoris
800 1274 912 1342 ejus
939 1271 1052 1339 quis
1081 1270 1319 1323 subsistet
1353 1269 1371 1336 (
1389 1266 1482 1321 Ps.
1516 1282 1718 1332 CXLVII,
1755 1265 1891 1336 l7)?

483 1363 640 1432 Resp.
668 1361 1043 1416 Tentationem
1071 1375 1164 1430 per
1198 1361 1297 1413 hoc
1328 1357 1496 1426 frigus
1525 1357 1782 1411 oStendit.

483 1455 594 1510 fut.
624 1455 738 1520 Qua
768 1454 977 1507 ratione
1004 1451 1344 1521 appellantur
1385 1449 1647 1519 ancipites
1686 1446 1762 1501 illi
1789 1457 2002 1502 sancto-

413 1561 530 1600 rum
581 1545 743 1614 gladii
791 1545 858 1598 de
897 1543 1092 1612 quibus
1123 1542 1416 1596 scribitur:
1448 1540 1511 1593 Et
1549 1539 1711 1610 gladii
1751 1539 2000 1611 ancipites

414 1638 466 1689 in
500 1636 729 1689 manibus
756 1651 932 1689 eorum
965 1633 1093 1698 (Ps.
1129 1648 1309 1692 chtx,
1339 1632 1459 1699 6)?

490 1728 644 1798 Resp.
692 1727 865 1783 Gladii
908 1725 1169 1793 ancipites
1212 1724 1483 1787 dicuntur,
1533 1721 1674 1792 quod
1707 1722 1758 1775 in
1798 1722 2002 1790 judicio

2096 534 2328 588 rusalcm
2360 537 2518 589 modo
2545 549 2774 590 sanctam
2800 540 3051 591 civitatem
3081 536 3314 611 (Matth.
3342 555 3414 602 tv,
3443 546 3510 613 5)
3539 546 3675 598 Scri-

2096 634 2246 695 ptttra
2275 638 2684 688 commemorat.
2719 632 2880 685 modo
2903 632 3236 700 peccatricem
3262 630 3498 703 (Matth.
3533 649 3681 691 xxttt.

2096 719 2206 790 37).

2170 813 2276 868 lnt.
2322 814 2525 870 Nomen
2569 815 2841 872 fratruelis
2887 815 3015 888 quid
3063 815 3168 872 sibi
3209 815 3326 873 vult
3361 817 3416 872 in
3442 814 3678 873 Canticis

2097 905 2476 961 Canticorum?

2169 997 2328 1065 Resp.
2371 998 2635 1065 Ecclesia,
2677 1001 2832 1070 cujus
2860 1001 3083 1056 nomine
3114 1001 3224 1058 illic
3251 1002 3316 1057 ad
3340 1001 3680 1056 Salvatorem

2098 1089 2197 1142 ista
2241 1089 2510 1158 dicuntur,
2544 1090 2852 1146 fratruelem
2880 1102 3036 1146 vocat
3065 1090 3362 1161 Christum,
3400 1096 3493 1162 qui
3524 1095 3598 1146 sit
3625 1095 3683 1146 li-

2102 1183 2200 1236 lius
2224 1198 2525 1253 synagogas.
2555 1185 2620 1238 Et
2641 1186 2762 1253 quia
2796 1185 3091 1239 Ecclesium
3121 1200 3407 1256 synagoga:
3438 1200 3681 1239 sororem

2101 1273 2152 1327 in
2177 1273 2378 1328 sanctis
2419 1275 2586 1328 nostri
2617 1275 2890 1330 interdum
2922 1277 3123 1330 sentire
3149 1277 3456 1343 voluerunt,
3484 1277 3685 1331 idcirco

2101 1364 2392 1418 secundum
2418 1365 2703 1434 quamdam
2729 1366 3021 1436 Scriptura”:
3043 1368 3408 1424 elocutionem
3439 1367 3686 1423 Christus

2103 1454 2356 1510 Ecclesia:
2386 1454 2656 1513 fratruelis
2686 1459 2994 1528 appellatur
3016 1470 3069 1514 et
3096 1474 3348 1529 sponsus.

2725 1548 2952 1604 CAPUT
2993 1549 3055 1603 Il.

2196 1637 2273 1692 De
2292 1641 2656 1709 quaestionibus
2687 1642 3056 1711 difﬁcilioribus
3081 1644 3202 1696 novi
3232 1641 3567 1697 Testamenti.

2546 1749 2598 1786 IN
2628 1748 2926 1789 EVANGELIO
2955 1750 3222 1788 HATTI£L

415 1833 607 1888 corpus
636 1829 800 1887 atque
825 1818 1061 1870 animam
1095 1814 1289 1884 punire
1319 1815 1481 1868 simul
1515 1823 1759 1884 possunt.
1797 1815 1864 1866 Et
1894 1815 1996 1867 ali-
2033 1809 2075 1866 Β
2175 1822 2284 1878 Ῐητ,
2315 1824 2484 1890 Quam
2508 1826 2578 1880 ob
2603 1840 2818 1880 causam
2842 1827 2892 1879 ίη
2921 1825 3166 1898 propheta
3186 1826 3536 1896 evangelista;
3562 1844 3690 1895 qua.

416 1920 499 1966 ter
528 1929 539 1964 :
570 1910 712 1980 quod
746 1911 965 1979 puniant
991 1919 1042 1963 et
1085 1907 1351 1976 supplicio
1394 1907 1678 1975 prresentis
1723 1921 1917 1974 prsente,
1947 1915 2001 1959 et

418 2010 565 2057 metu
586 2001 796 2056 futuras.
825 2000 890 2054 Et
922 2000 1047 2053 hinc
1067 2010 1149 2053 est
1174 1999 1301 2052 illud
1330 1998 1470 2068 quod
1499 1998 1549 2051 in
1581 1997 1769 2052 eodem
1795 1998 2002 2066 psalmo

417 2093 604 2162 (Vers.
640 2093 932 2162 “canitur
955 2110 968 2147 :
995 2091 1209 2147 Cantate
1240 2091 1464 2145 Domino
1504 2091 1760 2144 canticum
1792 2105 1997 2157 novum,

417 2186 557 2256 quod
585 2187 675 2256 qui
718 2186 900 2240 mundi
933 2193 1288 2254 purgamenta
1320 2182 1634 2247 creduntur,
1667 2182 1734 2237 de
1767 2183 2001 2237 nationi-

417 2277 518 2334 bus
545 2293 611 2334 ac
635 2277 1207 2348 regibusjudicabunt.

848 2385 899 2422 IN
928 2383 1236 2423 PROVERBHS
1263 2380 1572 2422 SALOMONIS.

492 2464 599 2518 Int.
631 2462 817 2517 Cervus
847 2462 1086 2515 amicitia:
1113 2471 1158 2514 et
1189 2459 1363 2530 pullus
1391 2461 1675 2530 gratiarum
1706 2459 2006 2528 fabulentur

420 2563 588 2607 tecum
617 2551 808 2620 (Prov.
842 2567 894 2614 ν,
932 2551 1030 2622 19)
1059 2567 1070 2606 :
1099 2549 1226 2617 quid
1256 2550 1343 2604 hic
1371 2549 1681 2618 sequimur?

491 2643 650 2711 Resp.
697 2645 926 2698 Cervum
957 2643 1208 2696 amicitiai
1255 2641 1625 2710 accipiendum
1673 2642 1758 2697 hic
1787 2642 2004 2712 quidam

428 2741 620 2803 putant
655 2733 949 2801 Christum,
980 2735 1141 2788 totius
1173 2732 1477 2788 dilectionis
1504 2743 1559 2788 et
1586 2735 1863 2790 charitatis
1894 2751 2006 2789 ma-

421 2826 665 2896 gistrum.
716 2827 928 2889 Pullum
971 2828 1264 2896 gratiarum
1311 2826 1569 2896 Spiritum
1612 2837 1880 2896 sanctum,
1913 2830 2005 2899 qui

419 2918 492 2971 sit
538 2919 776 2973 omnium
806 2921 1121 2990 gratiarum,
1156 2919 1207 2972 id
1238 2928 1354 2984 est,
1385 2918 1771 2973 charismatum
1821 2920 2006 2975 distri-

420 3009 598 3064 butor.
633 3011 1001 3067 Adtnonemnr
1027 3025 1158 3080 ergo
1198 3027 1263 3066 ex
1308 3010 1430 3077 hoc,
1475 3021 1536 3065 ut
1563 3026 1778 3082 semper
1807 3011 2003 3067 Christi

421 3102 508 3154 vel
539 3101 774 3169 Spiritus
803 3102 977 3156 sancti
1006 3102 1195 3156 solatia
1227 3101 1584 3170 requiramus.

493 3189 606 3244 Int.
639 3191 777 3258 Quid
807 3205 892 3246 est
913 3192 1054 3260 quod
1099 3192 1389 3247 scribitur:
1417 3192 1618 3262 Septies
1644 3193 1790 3246 cadet
1808 3196 2006 3264 justus,
2036 3178 2081 3240 Ο

425 3291 472 3334 et
499 3293 725 3352 resurget
755 3283 775 3353 (
801 3282 958 3338 Prov.
986 3299 1132 3349 xxiv,
1171 3281 1300 3354 l6)?

499 3373 654 3442 Resp.
702 3374 759 3428 in
787 3389 1042 3429 sermone
1088 3375 1273 3444 utique
1299 3383 1390 3428 aut
1425 3376 1478 3430 in
1514 3376 1858 3444 cogitatione,
1889 3393 2009 3432 cum

423 3466 653 3521 labitur:
676 3475 770 3521 aut
805 3475 951 3522 certe
979 3467 1120 3522 intra
1151 3467 1481 3538 septiformis
1511 3469 1734 3538 Spiritus
1763 3471 2025 3538 gratiam;

423 3572 546 3612 cum
591 3558 873 3627 delinquit.
925 3558 1150 3627 Quidam
1200 3571 1421 3629 propter
1469 3569 1676 3628 septem
1732 3561 1870 3625 dies,
1918 3578 2012 3628 per

423 3663 558 3718 quos
586 3650 710 3704 vitae
732 3649 977 3704 humana:
999 3664 1190 3704 cursus
1221 3651 1537 3716 revolvitur,
1573 3652 1772 3720 septies
1805 3651 1891 3705 hic
1931 3651 2011 3704 di-

424 3746 569 3792 ctum
597 3754 717 3794 esse
739 3739 1061 3794 cunﬁrmant
1085 3759 1098 3794 :
1121 3757 1187 3795 eo
1221 3741 1364 3810 quod
1398 3742 1600 3813 absque
1640 3751 1858 3812 peccato
1891 3744 2011 3797 vita:

425 3830 584 3884 istius
614 3843 806 3885 Cursus
831 3846 951 3887 esse
977 3847 1082 3884 non
1115 3833 1303 3898 possit.

988 3937 1040 3975 IN
1072 3937 1448 3977 ECCLESIASTE.

498 4011 606 4068 Int.
649 4014 786 4080 Quid
813 4023 895 4068 est
925 4015 1065 4083 quod
1094 4017 1146 4068 in
1181 4015 1508 4069 Ecclesiaste
1543 4014 1767 4084 legimus
1795 4034 1807 4069 :
1835 4017 2015 4071 Flore-

428 4109 497 4160 bit
524 4107 878 4178 amygdalum,
911 4115 955 4158 et
981 4106 1380 4175 impinguabitur
1425 4107 1642 4177 locus'a,
1670 4117 1716 4161 et
1742 4109 2016 4177 dissipabi-

428 4205 510 4250 tur
537 4203 774 4263 capparis
803 4213 823 4251 :
843 4198 1087 4265 quoniam
1108 4199 1195 4250 ibit
1228 4198 1376 4251 homo
1408 4199 1460 4251 in
1486 4199 1695 4252 domum
1715 4202 2014 4255 teternilatis

429 4303 535 4341 sua:
564 4285 740 4358 (Eccl.
771 4303 866 4349 xtt,
901 4288 934 4342 5
955 4286 1023 4359 )?

506 4381 662 4450 Resp.
708 4379 950 4434 Tradunt
981 4396 1074 4449 per
1104 4381 1217 4435 hare
1245 4380 1604 4437 humanorum
1647 4383 2011 4439 membrorum

430 4471 546 4526 ﬁeri
572 4471 1010 4542 signiﬁcantiam.
1044 4471 1175 4525 Nam
1209 4473 1262 4526 in
1289 4472 1420 4527 flore
1442 4473 1710 4544 amygdali
1735 4488 1901 4528 canos
1926 4491 2012 4530 ca-

430 4538 691 4631 pillos,in
720 4562 1145 4631 impinguatione
1171 4564 1392 4618 locustae
1423 4575 1686 4620 tumorem
1720 4567 1935 4634 pedum,
1961 4567 2012 4621 iu
2040 4538 2094 4598 D

433 4651 784 4719 dissipatione
825 4654 1074 4720 capparis
1127 4655 1583 4722 concupiscentia:
1624 4656 1794 4726 frigus
1833 4668 2018 4718 osten-

430 4741 529 4794 dit.
554 4740 686 4806 ρυω
721 4757 841 4795 cum
873 4742 986 4795 seni
1012 4742 1064 4795 in
1098 4752 1384 4812 postrema:
1413 4744 1535 4798 vita:
1569 4755 1809 4814 tempore
1837 4763 2018 4805 acces-

431 4831 619 4897 serint,
667 4842 792 4885 tunc
821 4846 1042 4886 necesse
1079 4842 1160 4886 est
1206 4833 1258 4886 in
1291 4841 1510 4898 terram,
1546 4836 1597 4890 id
1630 4846 1732 4902 est,
1766 4840 1920 4908 quasi
1963 4839 2016 4894 in

432 4921 750 4975 aeternitatis
798 4937 908 4975 ευιε
953 4920 1172 4976 domum
1227 4923 1430 4978 redeat.
1479 4925 1626 4980 Bene
1676 4938 1856 4982 tamen
1905 4931 2018 4987 haec

433 5012 757 5068 aeternitatis
785 5013 976 5066 domus
1006 5013 1164 5067 etiam
1194 5014 1279 5067 illa
1323 5014 1494 5069 futura
1540 5030 1679 5071 terra
1731 5022 2016 5088 accipitur,

433 5103 499 5156 de
532 5120 632 5172 qua
665 5103 923 5174 scriptum
956 5113 1077 5159 est:
1112 5101 1333 5159 Placebo
1363 5103 1585 5163 Domino
1613 5109 1667 5164 in
1706 5113 1912 5182 regione
1937 5116 2014 5167 vi~

435 5209 612 5248 eorum
640 5193 768 5265 (Ps.
792 5209 937 5262 cxIV,
970 5196 1062 5263 9).

862 5300 912 5340 ΙΝ
956 5299 1196 5341 CANTICIS
1223 5303 1586 5346 CANTICORUI.

508 5375 617 5431 Int.
663 5378 800 5445 Quid
842 5388 925 5432 cst
967 5378 1093 5432 illud
1137 5381 1281 5448 quod
1326 5381 1394 5436 de
1437 5382 1676 5437 Ει-ιιιρδίει
1719 5387 2014 5442 scribitur:

441 5465 612 5522 Fusca
639 5485 753 5522 sum
779 5477 826 5524 et
864 5469 1093 5540 speciosa
1131 5471 1242 5538 ﬁlia
1285 5470 1614 5526 Hierusalem
1637 5475 1817 5547 (Cant.
1849 5493 1887 5544 t,
1920 5479 2023 5549 ti)?

440 5561 493 5613 Si
528 5559 698 5628 fusca,
729 5560 999 5630 quomodo
1019 5561 1296 5632 speciosa?

515 5651 667 5722 Resp.
701 5655 832 5717 Quia
863 5667 988 5711 ante
1018 5657 1470 5712 cxaminationcm
1525 5663 1603 5712 sui
1653 5661 1890 5717 Ecclesia
1927 5680 2023 5732 pro

377 5817 390 5824 _
439 5741 494 5793 dt
534 5744 748 5798 crsitatc
779 5746 828 5798 in
858 5762 914 5800 se
943 5749 1357 5802 consistentiutn
1383 5749 1634 5818 hipartita
1664 5763 1746 5807 est
1772 5769 1784 5806 :
1812 5754 1866 5807 in
1894 5769 2019 5808 san-

2106 1922 2220 1967 luor
2232 1913 2428 1968 diversa
2443 1917 2745 1968 animalium
2761 1918 2779 1986 (
2789 1915 2972 1970 Ezech.
2992 1933 3030 1979 ι,
3047 1919 3101 1986 5)
3119 1917 3295 1985 specie
3309 1917 3692 1986 designantur?

2179 2007 2334 2074 Resp.
2383 2007 2661 2062 Matthmus
2691 2007 2924 2063 hominis
2957 2011 3155 2063 retinet
3204 2009 3458 2073 formam,
3491 2011 3615 2080 quia
3662 2029 3689 2062 a

2107 2097 2382 2150 nativitate
2409 2096 2643 2151 hominis
2672 2099 2881 2152 orditur
2918 2099 3104 2154 dicens
3131 2117 3143 2151 :
3168 2098 3317 2153 Liber
3346 2101 3692 2170 generationis

2104 2185 2233 2240 Jesu
2269 2186 2456 2241 Christi
2481 2187 2580 2256 ﬁlii
2616 2187 2804 2252 David,
2845 2189 2943 2258 ﬁlii
2970 2190 3225 2243 Abraham
3256 2190 3488 2260 (Matth.
3525 2206 3566 2251 ι.
3603 2190 3688 2258 l).

2105 2276 2316 2332 Marcus
2357 2279 2530 2333 leonis
2578 2281 2760 2348 specie
2800 2280 3204 2347 prteliguratut‘,
3235 2297 3300 2335 eo
3339 2280 3484 2349 quod
3517 2292 3573 2333 ut
3612 2281 3694 2335 leo

2107 2368 2310 2438 ingenti
2352 2370 2530 2424 intulit
2560 2385 2692 2424 voce
2719 2387 2732 2426 :
2779 2371 2888 2425 Vox
2913 2373 3183 2425 clamantis
3213 2373 3264 2424 in
3312 2371 3516 2425 deserto
3539 2389 3560 2425 :
3585 2372 3694 2425 Pa-

2105 2467 2215 2510 rate
2255 2459 2387 2512 viam
2425 2458 2646 2513 Domino
2671 2458 2872 2530 (Marc.
2905 2478 2952 2525 ι,
3000 2460 3090 2531 5).
3127 2461 3297 2516 Lucas
3340 2464 3695 2517 annuntiatur

2107 2549 2161 2603 in
2191 2549 2376 2616 vitulo,
2427 2551 2569 2621 quod
2598 2567 2628 2605 a
2659 2553 2938 2607 sacriﬁciis
2987 2553 3072 2608 vel
3101 2568 3130 2607 a
3158 2554 3466 2608 sacerdotio
3513 2565 3696 2608 sumat

2107 2639 2407 2709 exordium,
2433 2639 2650 2696 dicens:
2672 2641 2799 2695 Fuit
2820 2645 2873 2696 in
2893 2643 3068 2697 diebus
3090 2642 3315 2697 Herodis
3337 2646 3475 2717 regis
3495 2643 3696 2699 ludere

2107 2733 2343 2786 sacerdos
2371 2733 2579 2803 quidam
2612 2735 2814 2788 nomine
2838 2735 3115 2789 Zacharias
3139 2737 3158 2806 (
3180 2735 3305 2789 Luc.
3339 2751 3378 2799 ι,
3410 2736 3500 2807 5).
3531 2736 3697 2791 Joano

2110 2839 2207 2878 nes
2248 2826 2423 2895 aquila
2456 2836 2785 2893 praenotatur
2812 2844 2824 2879 :
2848 2827 2971 2897 quia
3004 2829 3194 2897 spiritu
3237 2828 3461 2882 evolans
3485 2829 3569 2883 ad
3603 2847 3696 2884 suo

2108 2931 2272 2984 perna
2304 2924 2571 2985 tamquam
2603 2916 2678 2971 de
2697 2917 2913 2971 sublimi
2947 2918 3150 2987 profert
3180 2917 3368 2972 dicens
3397 2936 3410 2971 :
3441 2915 3511 2972 In
3536 2922 3693 2989 prin-

2110 3007 2244 3076 cipio
2283 3017 2390 3060 erat
2444 3006 2701 3072 Verbum,
2745 3017 2791 3061 et
2837 3007 3059 3061 Verbum
3090 3018 3196 3062 erat
3237 3009 3380 3077 apud
3427 3006 3627 3075 Deum,
3656 3019 3702 3062 ct

2113 3097 2251 3152 Deus
2271 3108 2379 3152 erat
2413 3097 2632 3152 Verbum
2656 3101 2674 3170 (
2694 3097 2851 3154 Joan.
2877 3115 2917 3166 ι,
2953 3101 2976 3153 1

2185 3192 2292 3246 Int.
2324 3193 2603 3261 Quomodo
2629 3194 2999 3261 accipiendum
3027 3203 3111 3249 est
3150 3195 3292 3266 quod
3325 3195 3592 3250 Dominus
3616 3198 3703 3251 Je-

2112 3299 2204 3338 sus
2231 3283 2479 3339 Christus
2522 3282 2690 3338 David
2716 3286 2856 3353 ﬁlius
2885 3285 3114 3357 (Matth.
3147 3303 3184 3350 ι,
3233 3286 3539 3358 l)dicitur.
3575 3306 3701 3343 cum

2114 3377 2296 3445 utique
2326 3387 2479 3430 natus
2511 3391 2615 3430 non
2641 3377 2714 3431 sit
2742 3392 2805 3431 ex
2843 3375 3063 3447 Joseplt,
3107 3378 3198 3448 qui
3225 3392 3289 3434 ex
3327 3379 3495 3433 David
3523 3381 3700 3450 stirpe

2113 3466 2437 3521 descendit?

2188 3559 2342 3626 Resp.
2391 3559 2448 3612 In
2478 3559 2784 3628 conjugiutn
2818 3569 2943 3614 tunc
2991 3559 3160 3615 Judaei
3190 3560 3485 3615 secundum
3525 3561 3703 3628 legent

2114 3650 2180 3704 de
2205 3651 2667 3718 consanguinitate
2700 3652 2973 3720 proximas
3003 3653 3370 3706 assumebant.
3399 3653 3510 3706 Nec
3540 3654 3704 3706 dubi-

2115 3741 2331 3794 tandum
2363 3751 2446 3795 est
2489 3742 2633 3811 quod
2663 3742 2765 3796 hac
2796 3743 3002 3798 ratione
3025 3746 3184 3797 etiam
3218 3744 3376 3797 Maria
3407 3760 3472 3798 ex
3509 3746 3704 3799 eadem

2117 3831 2258 3884 tribu
2281 3832 2520 3896 veniens,
2549 3834 2688 3886 sicut
2717 3833 2915 3902 Joseph
2946 3850 3014 3887 ex
3051 3835 3214 3888 David
3260 3835 3434 3903 stirpe
3464 3836 3704 3890 descen-

2116 3923 2274 3988 derit,
2308 3924 2476 3977 immo
2515 3926 2861 3992 processerit.
2905 3923 3029 3979 Ideo
3050 3937 3230 3979 autem
3269 3941 3364 3994 per
3389 3929 3709 3994 generatio—

2117 4028 2237 4065 nem
2261 4013 2460 4081 Joscpb
2485 4017 2639 4083 origo
2660 4015 2837 4068 Mariae
2863 4016 3339 4084 signiticatur,quia
3359 4020 3710 4072 consuetudo

2116 4109 2513 4178 Scripturarum
2543 4120 2646 4177 est,
2695 4112 2930 4166 virorum
2964 4111 3140 4178 p0tius
3169 4126 3327 4178 quam
3375 4113 3708 4167 feminarum

2117 4199 2312 4254 seriem
2343 4200 2396 4253 in
2440 4201 2786 4270 generatione
2815 4211 3126 4255 contexere.
3170 4203 3337 4268 Cujus
3365 4202 3547 4256 Maria:
3582 4207 3708 4270 quia

2032 4357 2038 4364 .
2117 4301 2355 4361 cognata,
2383 4291 2522 4346 sicut
2548 4292 2759 4360 legitur,
2793 4292 2888 4346 fuit
2909 4291 3340 4361 ElizabethUmc.
3375 4309 3412 4355 ι,
3443 4293 3565 4362 '56),
3586 4309 3711 4363 qua:

2118 4384 2283 4439 fuisse
2309 4385 2563 4440 scribitur
2588 4385 2651 4438 de
2684 4384 2891 4451 ﬁliabus
2919 4385 3095 4438 Aaron
3123 4387 3140 4453 (
3163 4384 3294 4437 Luc.
3324 4400 3362 4448 ι,
3397 4387 3431 4440 5
3455 4389 3501 4452 ),
3529 4387 3710 4439 ιιι-δηί-

2119 4475 2463 4530 festissimutn
2495 4486 2599 4544 est,
2642 4475 2783 4543 quod
2812 4476 2864 4528 in
2895 4475 3114 4529 Christo
3143 4473 3437 4530 secundum
3480 4489 3708 4529 carnem

2119 4583 2183 4620 ex
2213 4575 2440 4636 utroque
2464 4581 2661 4635 genere
2685 4565 3023 4633 convenerit,
3056 4580 3244 4636 regum
3274 4565 3489 4620 scilicet
3517 4581 3709 4620 sacer—

2119 4658 2413 4724 dotumque
2441 4655 2733 4710 successio.

2191 4747 2300 4802 Int.
2329 4745 2667 4815 Evangelista
2690 4745 2971 4800 Matthseus
3001 4743 3086 4818 (ι,
3114 4743 3210 4813 16)
3233 4743 3428 4812 Ioseph
3475 4748 3657 4814 genitu

2119 4855 2183 4893 ex
2206 4837 2369 4891 Iacob
2391 4837 2520 4891 dicit
2539 4855 2551 4888 :
2579 4847 2634 4891 et
2660 4835 2930 4906 quomodo
2942 4835 3114 4890 Lucas
3129 4833 3339 4906 ("1,23)
3367 4849 3490 4888 eum
3506 4851 3571 4888 ex
3585 4825 3639 4887 ιι

2122 4931 2286 4984 fuisse
2313 4929 2733 4983 commemorat?
3603 4979 3612 4985 ,

2194 5018 2352 5088 Resp.
2382 5019 2508 5074 ideo
2526 5019 2668 5089 quod
2694 5020 2832 5072 alter
2860 5017 3154 5073 secundum
3185 5026 3461 5081 naturam,
3493 5017 3638 5072 alter
3663 5019 3712 5071 ei

2123 5112 2418 5166 secundum
2465 5111 2639 5180 legem
2679 5120 2832 5178 pater
2869 5109 3048 5164 fuerit.
3095 5108 3443 5164 Consuetudo
3475 5124 3716 5178 namque

2123 5201 2267 5270 apud
2287 5201 2500 5256 Judaeos
2522 5216 2593 5256 ex
2622 5201 2739 5270 lege
2763 5209 2902 5266 erat,
2928 5211 2988 5254 ut
3011 5198 3249 5254 defuncti
3273 5198 3456 5254 fratris
3485 5215 3714 5253 uxorem

2124 5299 2190 5352 ad
2238 5298 2607 5352 suscitandum
2641 5311 2826 5351 semen
2872 5306 3150 5364 superstes
3197 5293 3360 5348 frater
3407 5294 3712 5362 acciperet.

2123 5388 2289 5443 Jacob
2317 5403 2446 5456 ergo
2488 5398 2649 5457 atque
2681 5388 2798 5442 Heli
2827 5387 3026 5441 uterini
3069 5386 3261 5440 fratres
3293 5385 3550 5439 fuerunt:
3578 5400 3714 5452 quo-

2127 5495 2243 5532 rum
2289 5478 2568 5546 superiore
2607 5479 2883 5545 defuncto,
2917 5476 3187 5546 posterior
3217 5490 3344 5530 usus
3372 5486 3457 5530 est
3483 5490 3550 5530 ex
3595 5475 3719 5542 lege

2127 5572 2400 5640 coniugio.
2435 5570 2488 5624 In
2537 5586 2726 5626 eurum
2772 5571 3286 5625 commemoratione
3312 5568 3595 5624 Mattheus
3622 5566 3718 5620 Ju-

2129 5661 2258 5730 seph
2292 5665 2594 5730 prosapiam
2627 5678 2719 5730 per
2749 5662 2948 5730 regiam
2981 5661 3245 5732 originem
3286 5662 3454 5715 texuit
3475 5703 3487 5723 ,
3536 5659 3718 5713 Lucas

2128 5755 2531 5823 generationem
2577 5756 2691 5824 ejus
2734 5754 3054 5810 sacerdotali
3085 5755 3428 5810 successione
3458 5750 3714 5807 deduxit.
