3932 6170
241 380 353 435 797

1448 377 1997 435 INSTRUCTIONUM
2036 380 2231 440 LIBER
2268 385 2309 444 1.

3409 396 3510 453 798

249 493 414 550 Pater
457 502 638 552 tamen
663 492 863 566 ioseph
893 494 1184 552 secundum
1215 501 1461 550 naturam
1500 495 1638 550 haud
1670 495 1829 551 dubie
1858 496 1909 555 Δ
1936 496 2183 556 labiorum
2203 514 2404 560 tuorum
2428 524 2517 578 ego
2546 510 2797 565 custodiri
2820 512 2927 565 vias
2948 513 3105 566 duras
3128 511 3247 581 (Ps.
3280 525 3387 577 xvt,
3414 510 3511 581 ἐν

248 584 425 642 Jacob
458 586 579 640 iuit.

324 675 433 729 lnt.
465 676 643 742 Quare
666 676 719 731 in
752 677 1042 748 Evangelia
1065 676 1237 731 Maria
1262 676 1453 748 Ioseph
1484 679 1676 748 conjux
1702 677 1837 732 dici-

251 769 345 816 tur
371 766 598 837 (Matth.
634 783 681 831 ι,
706 768 779 824 ao
798 769 853 838 γι

328 856 483 928 Resp.
512 857 860 914 Consuetudo
885 868 967 915 est
987 860 1301 930 Scripturae,
1334 869 1389 915 ut
1415 861 1575 916 etiam
1607 875 1832 930 sponsas

249 948 491 1015 appellet
515 964 731 1005 uxores.

326 1037 437 1091 Int.
478 1038 613 1103 Quid
661 1053 741 1094 est
789 1041 932 1110 quod
978 1041 1397 1115 legimus:lpse
1442 1060 1529 1097 vos
1560 1042 1835 1115 baptizabit

254 1129 461 1200 Spiritu
488 1142 684 1197 sancto,
723 1141 772 1185 et
802 1134 906 1203 igni
938 1132 1159 1204 (Matth.
1195 1150 1273 1198 tu,
1303 1137 1361 1189 il
1385 1134 1445 1206 )1

326 1222 487 1289 Resp.
516 1222 647 1289 Quia
675 1238 770 1290 per
794 1224 1047 1291 Spiritum
1072 1234 1314 1279 sanctum
1342 1226 1424 1280 vel
1454 1234 1668 1295 peccata
1699 1240 1837 1280 exu-

254 1324 452 1367 runtur
484 1312 537 1365 in
578 1314 750 1377 nobis,
782 1314 864 1367 vel
894 1315 1248 1370 sanctiﬁcatio
1282 1316 1554 1385 tribuitur,
1587 1317 1670 1370 vel
1699 1316 1833 1370 cha-
1896 1338 1897 1341 η

254 1404 435 1456 ritatis
476 1404 527 1455 in
559 1404 899 1471 passionibus
938 1405 1234 1460 tolerandis
1281 1406 1460 1461 fervor
1501 1407 1831 1461 accenditur.

255 1492 367 1549 Aut
388 1504 533 1547 certe
560 1496 681 1563 quia
704 1494 907 1561 Spiritu
940 1496 1189 1565 baptizati
1212 1497 1611 1565 divinojudicio
1634 1497 1836 1552 exami-

256 1585 524 1640 nabimnr.
545 1584 681 1640 Sunt
701 1586 788 1655 qui
811 1587 990 1641 dicant
1011 1590 1286 1656 apostolos
1308 1588 1512 1657 Spiritu
1540 1599 1724 1642 sancto
1746 1589 1840 1642 ba-

254 1678 487 1746 ptizatos
504 1692 642 1742 esse,
668 1693 781 1731 cum
804 1695 956 1747 super
973 1695 1056 1732 eos
1078 1679 1210 1749 ignis
1240 1680 1479 1749 apparuit
1510 1679 1649 1750 (Act.
1675 1694 1733 1741 tt,
1758 1678 1834 1748 5).

327 1764 713 1839 lnt._Qualitcr
735 1769 1110 1838 accipiendum
1135 1779 1219 1824 est
1249 1769 1316 1823 de
1336 1770 1619 1838 columba:(
1645 1768 1833 1822 Matth.

2008 594 2166 665 Resp.
2200 597 2458 665 Equidem
2491 599 2829 656 manifestum
2854 611 2937 656 est
2964 604 3099 671 quod
3123 619 3292 655 omnes
3317 604 3406 673 qui
3425 620 3512 656 uo-

1933 684 2051 740 lunt
2094 690 2146 741 in
2197 689 2396 744 Christo
2440 692 2521 759 pie
2565 693 2746 757 vivere,
2797 696 3194 761 persecutionem
3251 696 3511 759 patiuntur

1937 778 2015 847 (ll
2036 778 2171 832 Tim.
2205 797 2285 845 ιιι,
2313 781 2418 851 12)
2447 800 2458 835 :
2485 784 2578 837 sed
2618 792 2792 839 tamen
2826 786 3167 853 diligentibus
3200 787 3367 839 Deum
3392 800 3510 855 qua)

1932 882 2057 924 sunt
2087 873 2217 926 dura
2252 876 2300 927 in
2333 891 2391 928 re
2424 877 2764 942 praesentium
2788 916 2800 939 ,
2834 876 3140 929 efﬁciuntur
3165 875 3299 930 levia
3331 876 3382 930 in
3416 892 3513 940 spe

1933 962 2253 1017 futurorum.

2005 1051 2113 1107 Int.
2152 1055 2285 1121 Quid
2325 1055 2730 1124 intelligendum
2761 1066 2841 1111 est
2885 1057 3004 1111 loco
3032 1057 3144 1123 illo,
3170 1056 3223 1110 in
3247 1072 3353 1126 quo
3379 1060 3513 1111 scri-

1934 1144 2075 1197 bitur
2118 1162 2132 1198 :
2168 1144 2323 1199 Orate
2368 1164 2428 1199 ne
2456 1148 2547 1213 fiat
2590 1149 2719 1218 fuga
2759 1158 2919 1201 uestra
2948 1149 3142 1215 hieme,
3190 1150 3266 1203 vel
3306 1148 3511 1202 sabbato

1936 1236 2159 1306 (Malm.
2194 1253 2339 1301 xxiv,
2371 1237 2505 1309 20)?

2009 1326 2164 1398 Resp.
2197 1327 2503 1382 Secundum
2550 1327 2827 1384 historiam
2870 1330 2938 1384 ita
2972 1328 3375 1399 intelligendum
3408 1340 3509 1398 est,

1938 1432 2005 1473 ne
2039 1420 2127 1471 liat
2168 1419 2284 1490 iuga
2320 1431 2496 1474 vestra
2525 1420 2725 1489 hieme,
2758 1421 2810 1475 id
2841 1430 2921 1475 est
2943 1463 2958 1487 ,
2993 1437 3060 1474 ne
3088 1422 3139 1474 in
3167 1420 3515 1475 tribulatione

1939 1507 2073 1576 fugze
2101 1509 2360 1576 temporis
2386 1511 2755 1565 accumulatur
2794 1511 3008 1578 injuria.
3047 1511 3123 1565 Ne
3154 1512 3245 1564 ﬁat
3275 1512 3395 1578 iuga
3424 1526 3514 1565 ve-

1938 1609 2047 1653 stra
2088 1601 2311 1655 sabbato
2342 1619 2355 1653 :
2387 1617 2452 1655 ne
2478 1617 2542 1655 eo
2574 1601 2758 1669 utique
2788 1604 2874 1657 die
2906 1619 3010 1672 quo
3042 1605 3241 1659 habere
3272 1603 3512 1670 requiem

1941 1692 2381 1760 vacationemque
2421 1692 2741 1747 consuestis.
2777 1696 2843 1747 At
2885 1710 3007 1748 vero
3036 1694 3328 1747 secundum
3357 1693 3515 1745 intel-

1942 1782 2135 1834 lectum
2180 1785 2545 1848 superiorem,
2582 1798 2649 1836 ne
2698 1784 2788 1836 iiat
2831 1782 2954 1852 fuga
2984 1792 3157 1837 vestra
3204 1782 3380 1835 hieme
3431 1782 3514 1835 vel

256 1871 339 1924 ³⁸³,
376 1858 473 1927 16)
502 1859 643 1912 iuius
672 1873 919 1927 corpore:
948 1859 1001 1913 ίη
1025 1875 1127 1928 (ιυίι
1153 1860 1217 1912 ad
1241 1853 1586 1915 salvatorem.
1606 1860 1838 1929 Spiritus
1869 1857 1915 1915 Β
1942 1871 2185 1936 sabbato,
2213 1872 2284 1924 ita
2307 1874 2477 1941 accipi
2503 1882 2715 1943 potest:
2742 1890 2810 1927 ne
2836 1887 2931 1927 vos
2955 1875 3073 1941 iuga
3099 1873 3191 1925 illa
3216 1872 3515 1939 deprehen-

254 1949 431 2001 sancti
480 1949 644 2017 patuit
677 1948 958 2003 manifesta
1006 1950 1287 2005 descensio
1317 1968 1330 2003 :
1360 1958 1536 2005 utrum
1576 1963 1701 2005 ante
1726 1952 1835 2021 jam

256 2038 444 2104 fuerit,
476 2055 541 2092 an
570 2040 637 2093 ad
668 2052 879 2109 tempus
910 2040 1106 2095 factum
1142 2042 1320 2095 subito
1349 2042 1698 2111 apparuerit?

330 2130 490 2200 Resp.
524 2131 717 2200 Utique
735 2135 798 2185 ad
827 2142 1036 2202 tempus
1063 2143 1355 2188 ostensum.
1387 2120 1519 2187 Nam
1545 2144 1599 2188 ut
1623 2134 1835 2204 signum

255 2223 468 2277 visibile
495 2224 726 2292 Spiritus
754 2228 947 2290 sancti,
979 2226 1067 2295 qui
1095 2235 1207 2279 crat
1235 2227 1537 2293 invisibilis,
1570 2236 1838 2281 monstra-

254 2327 430 2383 retur,
459 2332 645 2370 veram
686 2315 901 2385 quidem
937 2331 1135 2384 corpus
1176 2317 1437 2371 columbae
1466 2317 1610 2370 illius
1639 2332 1733 2387 per
1757 2318 1839 2372 di-

254 2412 438 2461 vinam
471 2409 783 2477 potentiam,
816 2408 911 2462 sed
945 2410 996 2462 in
1030 2417 1268 2479 tempore
1306 2409 1525 2475 iactum,
1549 2410 1616 2463 ad
1649 2411 1835 2465 horam

252 2500 594 2567 apparuisse,
635 2514 697 2553 ac
726 2499 982 2568 deinceps
1028 2482 1303 2556 destitisse
1351 2502 1680 2556 credendum
1730 2511 1831 2557 est.

250 2590 449 2657 Angeli
482 2606 609 2643 vero
634 2605 753 2643 cum
779 2604 836 2644 se
863 2590 1109 2644 humanis
1136 2591 1368 2645 oﬁ‘erunt
1389 2594 1581 2658 oculis,
1606 2595 1836 2649 credun-

253 2690 366 2745 tur,
391 2695 441 2733 ιιι
469 2682 824 2749 quorumdam
850 2681 1030 2749 opinio
1056 2690 1158 2744 est,
1183 2696 1246 2736 ex
1272 2682 1377 2736 isto
1400 2684 1668 2737 crassiore
1687 2700 1831 2751 acre,

251 2774 306 2827 id
355 2785 458 2838 est,
504 2774 682 2828 vicino
725 2773 885 2829 terris
920 2774 986 2828 ad
1028 2790 1268 2843 praesens
1297 2791 1490 2844 corpus
1536 2790 1831 2830 assumere.

251 2860 431 2923 Porro
453 2878 627 2923 autem
652 2885 840 2924 vocem
871 2869 1103 2939 aliquam
1126 2868 1197 2923 ita
1223 2878 1479 2937 putantur
1505 2872 1832 2938 exprimere,

250 2974 378 3014 cum
424 2959 598 3013 illisus
639 2959 769 3013 huic
798 2960 907 3014 aeri
951 2961 1088 3015 ictus
1128 2972 1395 3031 tamquam
1429 2962 1606 3029 palato
1645 2962 1836 3015 verbi-

250 3068 379 3107 rum
403 3067 593 3107 soinum
628 3052 827 3108 reddit.

335 3143 447 3197 lnt.
493 3144 661 3198 iustis
687 3144 1015 3214 promittitur
1052 3158 1273 3215 regnum
1314 3142 1593 3211 coelorum,
1625 3152 1674 3197 et
1702 3158 1835 3211 quo.

249 3235 418 3288 modo
461 3235 620 3288 etiam
654 3236 754 3289 hoc
793 3236 1024 3290 dicitur:
1057 3236 1311 3300 Quoniam
1357 3235 1458 3306 ipsi
1502 3234 1831 3303 possidebunt
1862 3218 1907 3281 C

252 3335 446 3377 terram
474 3324 698 3395 (Matth.
730 3342 782 3390 v,
816 3326 916 3397 4)?

328 3416 488 3486 Resp.
518 3416 653 3481 Quia
684 3432 868 3469 novum
899 3418 1081 3470 calum
1110 3427 1155 3471 et
1178 3435 1305 3472 nova
1332 3426 1464 3472 terra
1493 3417 1687 3487 (Apoc.
1722 3431 1832 3481 xxx,

252 3508 321 3577 1)
355 3509 409 3561 in
457 3510 632 3561 futuro
662 3510 1050 3577 repromittitur
1074 3510 1254 3578 justis,
1302 3520 1359 3565 ut
1387 3519 1511 3564 tunc
1556 3525 1677 3564 cum
1723 3509 1836 3563 Deo

250 3604 400 3655 sicut
426 3599 601 3668 angeli
632 3612 923 3669 utrumque
955 3602 1279 3670 possideant.

327 3688 438 3743 Int.
468 3689 602 3744 Cum
630 3690 774 3745 dicat
802 3691 1069 3754 Salvator,
1098 3691 1291 3761 Tyrum
1322 3700 1366 3744 et
1400 3691 1645 3746 Sidonem
1672 3690 1839 3759 paeni-

254 3784 470 3837 tentiam
510 3798 659 3852 agere
692 3782 921 3854 (Matth.
956 3799 1029 3847 xl,
1052 3782 1113 3837 2|
1143 3782 1164 3854 )
1192 3784 1452 3853 potuisse,
1489 3784 1533 3836 si
1563 3783 1615 3836 in
1651 3784 1728 3836 eis
1758 3782 1838 3835 di-

254 3875 506 3928 vinarum
553 3874 929 3943 apparuissent
973 3876 1123 3944 signa
1168 3876 1468 3928 virtutum:
1508 3883 1838 3944 quapropter

253 3966 373 4020 illic
402 3965 537 4018 facta
569 3980 675 4019 non
705 3973 852 4031 sunt,
896 3980 1013 4034 quae
1057 3966 1287 4019 salutem
1320 3964 1544 4019 fuissent
1574 3962 1837 4018 credenti-

255 4056 363 4110 bus
394 4055 651 4108 allatura?

333 4146 491 4216 Resp.
519 4146 652 4211 Quia
680 4146 931 4200 Dominus
953 4160 1016 4200 ac
1035 4144 1283 4201 Salvator
1305 4160 1401 4213 pro
1423 4145 1600 4198 divina
1627 4144 1840 4211 dispen—

254 4240 470 4294 satione
500 4255 601 4292 non
626 4248 848 4303 venerat,
882 4240 982 4291 nisi
1009 4240 1077 4290 ad
1104 4256 1216 4291 ores
1248 4254 1362 4305 quae
1384 4239 1636 4306 perierant
1660 4236 1839 4289 domus

256 4328 433 4383 Israel
476 4328 699 4399 (Matth.
734 4344 824 4392 xv,
872 4328 999 4397 24).
1049 4329 1115 4382 Ει
1145 4329 1273 4398 quid
1304 4329 1445 4398 quod
1477 4345 1581 4382 non
1614 4336 1840 4381 venerat

256 4421 363 4474 nisi
387 4421 457 4474 ad
482 4436 609 4474 oves
629 4420 822 4474 domus
848 4419 1009 4473 lsrael
1029 4419 1051 4470 τ
1072 4420 1206 4485 Quia
1227 4419 1369 4473 inter
1394 4417 1626 4486 reliquas
1654 4432 1841 4485 usque-

256 4529 474 4583 quaque
497 4513 741 4567 nationes
768 4512 1055 4581 specialius
1078 4527 1239 4565 unum
1263 4511 1429 4565 lsrael
1460 4511 1624 4564 Deum
1649 4508 1836 4572 coluit,

257 4582 449 4673 atque,
479 4614 537 4656 ut
566 4604 637 4657 ita
671 4602 931 4669 dixerim,
963 4603 1239 4673 peculiaris
1268 4600 1365 4656 Dei
1390 4602 1644 4671 quondam
1676 4616 1839 4671 papu-
1865 4582 1919 4645 Ι)

258 4693 341 4747 ius
367 4694 466 4763 fuit
495 4692 685 4762 (Deut.
716 4708 809 4758 vlt,
838 4692 925 4762 6),
957 4695 1024 4747 ob
1052 4692 1239 4746 merita
1266 4690 1484 4744 Abrahae
1513 4690 1680 4761 (Gen.
1710 4706 1837 4755 xxu,

294 4786 369 4856 8)
398 4800 462 4839 ac
489 4786 934 4854 patriarcharum,
982 4787 1071 4840 vel
1102 4785 1270 4839 David
1302 4782 1429 4853 (Ps.
1462 4798 1654 4845 cxxxt,
1690 4781 1751 4835 il
1777 4781 1796 4852 )
1823 4798 1835 4834 :

258 4877 463 4947 quibus
493 4876 737 4932 Christus
777 4885 994 4947 proprie
1021 4875 1405 4944 repromissus,
1455 4885 1614 4940 atque
1643 4887 1707 4925 ex
1749 4886 1841 4923 eo-

260 4986 383 5025 rum
416 4970 587 5039 stirpe
630 4969 987 5037 descendens,
1038 4968 1158 5022 inde
1201 4970 1364 5035 ipsam
1411 4981 1612 5018 carnem
1642 4963 1834 5035 (Rom.

257 5079 297 5127 ι,
328 5060 367 5117 5
390 5062 439 5130 ),
472 5061 526 5115 in
557 5075 665 5130 qua
694 5062 850 5115 terris
889 5061 1156 5129 apparuit,
1186 5059 1483 5129 assumpsit.
1516 5055 1623 5111 Sed
1658 5065 1835 5109 tamen

261 5154 391 5221 quia
439 5154 668 5206 virtutes
716 5161 899 5221 postea
932 5160 987 5205 et
1021 5150 1075 5205 in
1119 5150 1366 5219 gentibus
1392 5147 1551 5201 facta:
1592 5155 1736 5211 sunt,
1770 5147 1842 5198 ita

266 5245 636 5299 testimonium
676 5244 777 5299 hoc
817 5243 1037 5312 intelligi
1083 5251 1277 5308 potest.
1329 5248 1389 5294 ut
1418 5240 1506 5294 ubi
1545 5238 1692 5305 dicit,
1727 5237 1841 5291 Non

266 5338 391 5390 veni
426 5336 551 5399 nisi.
594 5336 964 5404 subaudiatur,
1017 5336 1207 5402 prius:
1240 5334 1402 5388 utsic
1446 5341 1501 5387 et
1546 5330 1845 5387 testimonii

270 5430 472 5482 veritas
497 5440 550 5482 et
577 5425 948 5481 misericordia
975 5425 1068 5478 Dei
1088 5424 1142 5478 in
1170 5424 1445 5477 universos
1474 5432 1719 5493 prompta
1741 5438 1847 5477 ma-

269 5521 352 5587 gis
382 5519 607 5573 clareat.

342 5608 452 5663 Int.
492 5611 549 5665 lo
597 5609 885 5679 Evangelia
913 5609 1038 5663 dicit
1088 5608 1343 5662 Dominus
1382 5617 1436 5660 ct
1476 5607 1719 5662 Salvator
1749 5622 1845 5660 no-

272 5710 402 5765 ster,
431 5696 624 5770 Iugum
650 5716 813 5753 meum
851 5716 1010 5752 suave
1037 5716 1164 5752 onus
1192 5714 1364 5751 meum
1380 5700 1483 5752 leve
1506 5710 1579 5753 est
1609 5700 1625 5767 (
1649 5697 1839 5751 Matth.

278 5808 357 5859 ιιι,
388 5794 514 5863 30),
539 5804 591 5848 et
613 5796 876 5863 quomodo
903 5795 1091 5863 legitur
1118 5793 1169 5846 in
1197 5792 1422 5864 psalmo,
1455 5791 1671 5861 Propter
1698 5796 1844 5847 verba

1940 1964 2050 2030 dat,
2086 1975 2179 2019 aut
2233 1967 2286 2019 in
2329 1967 2561 2034 peccatis
2614 1966 2885 2036 algentes,
2934 1975 3028 2021 aut
3077 1966 3231 2020 bonis
3261 1965 3516 2034 operibus

1939 2058 2191 2111 otiantes.

2007 2152 2119 2206 lnt.
2151 2151 2206 2205 In
2237 2151 2426 2206 eodem
2466 2151 2715 2207 Matth-deo
2740 2151 2927 2222 (xxvr,
2954 2149 3049 2220 ‘29)
3080 2148 3356 2203 scribitur:
3387 2145 3516 2199 Dico

1937 2254 2107 2296 autem
2136 2242 2297 2306 vobis,
2332 2242 2455 2296 Non
2484 2244 2648 2297 bibam
2675 2242 2859 2296 amotio
2880 2244 2943 2296 de
2972 2242 3066 2295 hoc
3093 2242 3342 2312 genimine
3375 2239 3512 2303 uitis,

1939 2351 2095 2403 usque
2119 2335 2172 2386 in
2212 2335 2345 2385 diem
2374 2332 2519 2386 illum
2554 2350 2651 2400 quo
2691 2334 2822 2387 illud
2854 2333 3020 2385 bibam
3045 2332 3303 2385 uobiscum
3329 2343 3516 2383 novum

1936 2426 1994 2479 in
2017 2442 2169 2496 regno
2199 2424 2372 2478 Patris
2399 2426 2514 2477 mei.
2549 2425 2687 2490 Quid
2713 2425 2797 2477 hic
2827 2424 3145 2491 sequemur?

2008 2515 2165 2587 Resp.
2200 2518 2437 2585 Regnum
2464 2517 2579 2583 Dei,
2610 2524 2667 2569 ut
2689 2515 2829 2568 docti
2860 2517 3298 2583 interpretantur,
3332 2510 3517 2565 Eccle-

1936 2607 2013 2660 sia
2032 2615 2114 2661 est
2131 2623 2145 2660 :
2171 2607 2221 2659 in
2244 2622 2343 2676 qua
2368 2606 2608 2673 quotidie
2626 2606 2757 2659 bibit
2775 2605 3085 2674 sanguinem
3106 2619 3260 2656 51mm
3274 2599 3517 2656 Christus

1940 2714 2035 2763 per
2061 2707 2276 2752 sanctos
2302 2712 2449 2762 suos,
2486 2708 2754 2765 tamquam
2784 2705 2941 2763 caput
2970 2695 3022 2747 in
3053 2693 3309 2746 membris
3335 2692 3466 2744 suis.

2010 2787 2121 2843 Iut.
2153 2789 2288 2856 Quid
2319 2804 2495 2843 causa
2520 2796 2603 2842 est
2629 2788 2766 2856 quod
2799 2786 2992 2839 dicitur
3020 2800 3036 2838 :
3066 2782 3262 2835 Amodo
3290 2780 3518 2834 videbitis

1942 2882 2134 2934 Filium
2161 2881 2382 2933 hominis
2411 2880 2667 2933 sedentem
2703 2878 2771 2930 ad
2802 2878 3063 2929 dexteram
3102 2873 3324 2937 virtutis,
3352 2880 3397 2923 et
3436 2888 3519 2923 uec

1937 2974 2156 3025 nieutem
2173 2973 2223 3024 in
2253 2971 2467 3023 nubibus
2494 2971 2609 3024 cwli
2634 2968 2851 3036 (Matth.
2877 2982 3021 3029 χιιι,
3041 2962 3158 3033 θιγρ
3187 2963 3250 3015 Ει
3270 2962 3374 3014 alio
3397 2962 3516 3014 loco

1937 3064 2136 3117 dicitur
2179 3078 2282 3116 non
2309 3063 2519 3115 visuros
2560 3061 2864 3115 venientem
2897 3058 2948 3110 in
2983 3056 3211 3109 nubibus
3240 3052 3383 3117 caeli,
3415 3051 3517 3105 nisi

1939 3154 1989 3207 in
2044 3152 2335 3207 noviSsimo
2383 3161 2588 3205 tantum
2630 3150 2716 3203 die
2767 3147 3062 3220 plangentes
3126 3160 3297 3197 omnes
3357 3142 3516 3194 tribus

1940 3255 2107 3309 terrae,
2133 3255 2178 3297 et
2211 3257 2328 3297 tunc
2355 3244 2594 3297 videbunt
2622 3240 2819 3295 Filium
2850 3240 3069 3293 hominis
3092 3239 3143 3290 in
3166 3236 3378 3289 nubibus
3407 3235 3517 3288 eali

1940 3336 2169 3406 (Matth.
2204 3352 2359 3399 xxiv,
2392 3336 2491 3404 50)
2519 3337 2541 3388 ?

2008 3427 2166 3498 Resp.
2197 3428 2332 3494 Quia
2361 3428 2414 3481 in
2453 3427 2554 3480 hoc
2590 3425 2762 3496 primo
2798 3423 3074 3494 corporis,
3110 3422 3161 3475 id
3199 3430 3302 3485 est,
3335 3417 3517 3472 Eccle-

1938 3520 2033 3573 siae
2072 3521 2304 3573 adventu
2355 3519 2703 3571 annuntiatur
2748 3532 2845 3585 per
2886 3512 3377 3569 manil‘estationem
3408 3508 3519 3562 cla—

1938 3608 2259 3678 ritatemque
2301 3610 2575 3677 signorum
2604 3624 2617 3659 :
2644 3608 2731 3660 ille
2759 3621 2888 3659 vero
2918 3606 3053 3658 alius
3085 3603 3346 3655 adventus
3373 3600 3518 3665 capi-

1940 3702 2009 3753 tis
2050 3709 2153 3764 est,
2205 3699 2257 3752 id
2310 3709 2411 3766 est,
2444 3699 2608 3766 ipsius
2661 3696 2879 3750 Christi.
2926 3695 2981 3748 In
3026 3695 3118 3747 illo
3161 3692 3390 3744 adventu
3424 3704 3516 3757 per

1942 3792 2179 3847 membra
2202 3806 2294 3845 sua
2320 3790 2565 3847 Christus
2596 3790 2759 3853 venit,
2790 3788 2844 3842 in
2873 3787 2977 3842 hoc
3006 3802 3101 3854 per
3130 3785 3387 3853 scipsum.

2587 3941 2639 3980 ΙΝ
2668 3940 2864 3981 IARCO.

2011 4065 2119 4121 Int.
2152 4064 2287 4132 Quid
2316 4063 2579 4131 signiﬁcat
2609 4061 2661 4115 in
2706 4059 2997 4130 Evangelio
3025 4056 3165 4126 quod
3209 4055 3377 4109 dicit:
3415 4054 3514 4119 Qui

1940 4158 2075 4212 enim
2100 4157 2267 4220 habet,
2300 4153 2503 4207 dabitur
2532 4152 2610 4205 illi
2634 4167 2649 4203 :
2675 4161 2723 4204 et
2752 4152 2841 4221 qui
2878 4166 2979 4202 non
3009 4148 3180 4214 habet,
3205 4146 3352 4199 etiam
3380 4140 3515 4211 quod

1940 4247 2110 4310 habet,
2141 4250 2397 4314 auferetur
2419 4243 2594 4295 abillo
2624 4243 2641 4311 (
2666 4241 2830 4294 Marc.
2856 4256 2930 4304 tv,
2953 4240 3025 4294 25
3047 4239 3107 4308 )τ

2012 4339 2169 4407 Resp.
2206 4335 2364 4389 Verbi
2390 4335 2578 4403 gratia,
2608 4341 2665 4384 nt
2691 4331 2736 4384 si
2760 4332 2916 4383 ﬁdem
2947 4330 3170 4390 habens,
3200 4327 3517 4380 charitatem

1943 4444 2049 4483 non
2091 4429 2305 4491 habeat,
2335 4426 2493 4477 etiam
2527 4423 2636 4491 ipsa
2671 4421 2775 4474 ﬁde
2806 4427 3016 4481 careat,
3042 4433 3200 4485 quam
3243 4418 3375 4468 forte
3424 4415 3520 4465 ha-

1944 4523 2073 4576 bere
2096 4520 2399 4574 videbatur.
2433 4516 2580 4571 Sicut
2604 4512 2774 4567 Judzri
2807 4528 2899 4581 per
2926 4510 3256 4577 Scripturam
3285 4505 3517 4559 divinant

1945 4626 2049 4666 non
2099 4608 2461 4676 intelligentes
2508 4604 2809 4668 Christum,
2857 4601 3013 4654 etiam
3046 4598 3218 4666 ipsam
3259 4609 3416 4663 quam
3463 4609 3521 4647 se

1945 4703 2202 4774 putabant
2233 4711 2436 4763 tenere,
2471 4699 2565 4751 Dei
2598 4696 2836 4751 notitiam
2863 4692 3229 4762 perdiderunt,
3253 4702 3304 4744 et
3330 4688 3519 4741 Filium

1945 4810 2050 4849 non
2081 4791 2424 4859 recipientes,
2458 4790 2617 4843 etiam
2647 4788 2856 4839 Patrem
2889 4801 2992 4837 non
3024 4782 3242 4836 habent.

2016 4883 2125 4937 Int.
2158 4883 2370 4937 Marcus
2399 4880 2728 4948 evangelista
2768 4877 2915 4931 tertia
2946 4876 3073 4927 hora
3102 4875 3206 4927 diei
3238 4869 3520 4925 Dominum

1943 4974 2210 5045 signiﬁcat
2250 4986 2373 5026 esse
2415 4971 2726 5026 cruciﬁxum
2758 4966 2957 5038 (Marc.
2994 4982 3081 5025 xv,
3125 4962 3347 5034 25):et
3391 4973 3522 5028 quo-

1945 5067 2106 5121 modo
2132 5066 2269 5119 alius
2297 5063 2622 5132 evangelista
2652 5061 2833 5113 horam
2876 5066 3070 5111 sextam
3100 5070 3202 5123 qua
3235 5051 3521 5107 cruciﬁxus

1945 5158 2015 5211 sit
2042 5157 2205 5210 fuisse
2233 5162 2619 5209 commemorat
2648 5150 2812 5221 (Luc.
2842 5164 2992 5211 χχιιι,
3024 5146 3091 5199 Μ
3110 5146 3163 5215 )?

2022 5246 2175 5315 Resp.
2216 5245 2349 5312 Quia
2377 5244 2464 5298 hic
2494 5243 2646 5297 illam
2688 5256 2825 5311 pene
2854 5240 3038 5293 horam
3072 5238 3123 5290 in
3166 5234 3379 5304 scriptis
3409 5234 3519 5287 suis

1948 5337 2148 5402 retulit,
2181 5351 2283 5404 qua
2311 5351 2436 5389 vere
2462 5333 2750 5387 cruciﬁxus
2777 5339 2879 5384 est.
2912 5333 3109 5382 Atvero
3146 5327 3235 5379 ille
3259 5326 3405 5377 hora:
3426 5340 3521 5376 an-

1950 5429 2162 5485 lerioris
2190 5436 2398 5496 tempus
2423 5422 2950 5479 commemorandum
2980 5419 3207 5490 putavit,
3235 5432 3339 5486 quo
3366 5415 3431 5469 de
3456 5428 3523 5468 eo

1949 5520 2148 5576 Judaais
2178 5513 2911 5582 acclamantibusjudicatum
2953 5520 3057 5573 est,
3083 5508 3233 5577 quasi
3263 5523 3357 5575 per
3385 5505 3522 5558 anti-

1948 5611 2269 5680 cipationem
2301 5605 2579 5660 relationis
2606 5619 2668 5657 ea
2697 5605 2823 5655 hora
2854 5601 3139 5655 cruciﬁxus
3162 5600 3251 5665 sit,
3288 5611 3385 5661 qua
3417 5595 3520 5662 jus-

1950 5718 2040 5757 sus
2083 5712 2163 5756 est
2192 5698 2450 5767 cruciﬁgi.
2495 5695 2600 5751 Sed
2642 5706 2818 5749 tamen
2865 5692 2919 5746 in
2969 5693 3079 5761 ipsa
3124 5692 3225 5743 hac
3274 5688 3521 5758 passione

1953 5796 2064 5862 ejus
2095 5794 2171 5847 sic
2198 5800 2381 5847 tenere
2412 5788 2687 5853 debemus,
2719 5783 2859 5855 quod
2894 5784 2962 5838 ita
2996 5783 3155 5836 homo
3184 5779 3272 5835 ille
3319 5776 3409 5846 qui
3439 5791 3519 5829 as-
