3932 6170
342 358 441 417 790
1318 351 1372 410 S.
1415 348 1744 408 EUCHERII
1780 340 2258 405 LUGDl'NENSlS
2295 339 2599 398 EPISCOPI
3493 342 3604 401 suo

343 479 587 543 sumptus
630 470 719 536 sit,
769 481 867 536 pro
893 462 1150 535 'ejusdem
1189 462 1464 518 voluntate
1508 456 1809 531 pertulerit,
1856 463 1915 512 ut
1942 458 1989 517 Α
2018 451 2236 543 quisque
2263 450 2315 503 in
2344 449 2496 505 domo
2521 465 2627 543 una
2655 448 2827 543 divisi,
2865 450 3048 543 tresviri
3078 449 3179 543 duo
3208 460 3252 504 et
3283 452 3387 506 duo
3414 454 3469 506 in
3497 464 3603 509 tres

341 540 566 618 Verbum
601 558 732 614 illud
757 555 982 628 quodin
1021 553 1287 625 principio
1318 551 1460 623 apud
1490 552 1657 606 Deum
1702 548 1917 604 Patrem
2018 540 2337 604 dividentur;
2375 550 2523 610 pater
2547 540 2602 593 in
2633 540 2824 607 ﬁlium,
2860 548 2907 593 et
2931 540 3155 609 ﬁliusjn
3187 551 3386 610 patrem
3408 560 3557 595 suum
3577 559 3604 610 ,-

342 662 483 719 erat,
508 649 820 705 inviolatum
849 647 1334 714 intemeratumque
1365 640 1760 714 permanserit:
1788 654 1919 709 ergo
2018 642 2179 686 mater
2207 632 2260 684 ίη
2294 631 2489 700 ﬁliam.
2514 639 2563 686 ει
2591 630 2703 700 Μία
2733 631 2787 683 in
2828 640 3075 697 ηωινεηις
3122 647 3305 686 δοεηιε
3330 633 3383 686 in
3411 649 3604 685 ηιιηιηι

344 740 472 796 illud
492 736 706 808 injuria:
736 736 1028 791 obnoxium
1058 735 1176 802 fuit,
1209 732 1351 805 quod
1382 746 1481 801 pro
1509 734 1738 785 humana
1770 730 1922 784 intlr-
2017 738 2186 788 suam,
2215 731 2263 775 et
2293 737 2451 775 nurus
2480 721 2535 774 in
2561 737 2765 774 socrum
2812 736 2960 773 suam
2995 720 3160 791 (Luc.
3190 738 3287 787 ιιι,
3315 720 3605 793 52)..Quid

344 832 529 886 mitate
573 826 1080 898 susceperatzillud
1129 839 1258 880 vero
1308 826 1673 894 incorruptum
1702 821 1917 886 mansit,

345 919 486 990 quod
511 919 692 975 divina
721 919 998 974 aeternitas
1030 915 1362 985 possidebat.

1005 1022 1057 1061 IN
1105 1021 1260 1062 ιυει.

418 1099 525 1156 Int.
559 1101 697 1168 Quid
736 1106 822 1154 est
848 1097 991 1168 quod
1020 1097 1276 1152 scribitur
1306 1096 1357 1151 in
1387 1096 1530 1152 Luca
1570 1095 1638 1152 de
1666 1094 1925 1152 Zacharia

345 1191 650 1256 sacerdote,
680 1190 821 1260 quod
851 1198 996 1245 esset
1020 1188 1086 1243 de
1111 1190 1225 1243 vice
1252 1187 1386 1242 Abia
1414 1186 1577 1261 (Luc.
1602 1202 1642 1253 t,
1673 1185 1784 1258 5)?

425 1282 582 1349 Resp.
622 1279 816 1351 Viginti
856 1288 1077 1350 quatuor
1103 1279 1325 1333 sortibus
1362 1279 1415 1331 in
1442 1278 1775 1331 ministerium
1802 1285 1928 1330 tem-

350 1372 427 1444 pli
473 1372 733 1427 distributi
773 1372 974 1443 fuerant
1003 1370 1289 1424 sacerdotes
1321 1368 1372 1438 (1
1405 1367 1533 1424 Par.
1565 1383 1712 1435 xx",
1743 1367 1840 1437 7),
1872 1376 1931 1421 ut

351 1463 543 1519 ordine
569 1464 700 1518 vicis
725 1477 835 1517 suae
866 1462 1093 1531 quisque
1119 1460 1440 1517 sacerdotali
1472 1460 1787 1530 fungeretur
1814 1458 1931 1514 olli-

354 1553 441 1609 cio
469 1571 484 1610 :
511 1554 563 1608 in
596 1554 694 1607 hoc
722 1567 852 1622 ergo
895 1552 1085 1606 ordine
1116 1560 1362 1605 octavam
1401 1559 1603 1605 sortem
1648 1551 1785 1606 Abia
1835 1550 1930 1605 ba-

357 1644 494 1716 buit,
516 1643 587 1699 de
612 1659 713 1714 qua
745 1644 860 1697 vice
890 1641 1183 1697 Zacharias
1213 1640 1469 1695 sacerdos
1494 1640 1612 1694 fuit.

430 1734 537 1788 Int.
568 1735 672 1802 Qui
701 1734 780 1787 illi
805 1741 929 1788 sunt
953 1732 1045 1803 qui
1086 1731 1140 1786 in
1169 1731 1465 1799 Scripturis
1509 1732 1682 1788 sacris
1714 1732 1927 1787 nomina

361 1832 643 1895 antequam
673 1833 1022 1879 nascerentur
1051 1822 1409 1893 acceperunt?

429 1915 584 1984 Resp.
615 1914 672 1969 In
702 1930 841 1969 novo
857 1913 1223 1982 Testamento,
1248 1923 1445 1984 praeter
1461 1912 1815 1980 Salvatorem,
1848 1926 1935 1967 so-

362 2005 468 2063 lum
501 2004 729 2075 legimus
764 2004 1060 2074 Baptistam
1091 2005 1354 2060 Joannem
1383 2022 1397 2061 :
1428 2004 1484 2059 in
1513 2006 1679 2059 veteri
1709 2015 1935 2074 quatuor

360 2102 505 2161 sunt,
533 2094 681 2149 Isaac
711 2092 868 2161 (Gen.
908 2109 1046 2159 χιιι,
1090 2092 1199 2165 l9),
1245 2093 1433 2149 lsmacl
1477 2091 1631 2166 (Gen.
1659 2110 1770 2161 xvi,
1821 2094 1931 2163 ll),

361 2184 638 2251 Salomon,
663 2187 748 2241 vel
778 2187 951 2241 Josias
972 2186 1061 2256 (Ill
1092 2186 1217 2257 Reg.
1244 2202 1360 2254 xm,
1381 2184 1438 2258 ἓ)
1463 2186 1553 2257 qui
1574 2195 1698 2241 ortu
1729 2187 1938 2242 videan-

361 2290 449 2331 tur
482 2276 721 2347 iuniores
760 2292 883 2332 esse
909 2293 1068 2347 quam
1102 2277 1341 2332 nomine.

433 2363 544 2419 Int.
573 2365 654 2421 Ad
678 2367 965 2421 adventum
991 2367 1181 2422 matris
1211 2366 1448 2434 Domini,
1478 2367 1746 2435 quomodo
1771 2367 1934 2423 Joan-

363 2470 459 2511 nes
506 2456 682 2510 adhuc
728 2470 890 2510 sensu
939 2472 1127 2512 carens
1158 2457 1214 2511 in
1243 2466 1400 2512 utero
1452 2457 1625 2527 potuit
1670 2458 1939 2514 exsultare

364 2560 607 2604 materno
650 2546 803 2619 (Luc.
836 2564 876 2614 ι,
902 2548 1031 2618 ΜΠ

435 2639 596 2709 Resp.
654 2639 766 2693 Hoc
796 2640 981 2694 matris
1028 2641 1200 2711 magis
1237 2654 1397 2697 sensu
1439 2641 1523 2695 vel
1549 2640 1743 2709 gaudio
1771 2656 1798 2693 a
1823 2642 1940 2711 qui-

365 2731 591 2787 busdam
616 2729 812 2784 factum
836 2730 1149 2790 aestimatur.
1184 2741 1237 2784 ut
1279 2731 1440 2786 etiam
1471 2731 1811 2785 interioribus
1838 2747 1939 2801 po-

366 2821 529 2878 tuerit
553 2822 826 2877 exsultare
847 2821 1166 2878 visceribus.
1192 2825 1296 2877 Aut
1323 2834 1470 2878 certe
1498 2824 1542 2878 si
1569 2823 1671 2878 hoc
1692 2823 1756 2878 ad
1780 2823 1943 2879 Joan-

365 2928 488 2970 nem
522 2914 697 2984 potius
727 2913 928 2969 referre
959 2914 1166 2983 placet,
1196 2915 1337 2971 inter
1365 2914 1619 2970 miracula
1647 2915 1826 2970 divina
1856 2931 1941 2972 re-

366 3005 658 3076 putandum
688 3016 794 3071 est,
826 3004 964 3059 sicut
985 3013 1038 3059 et
1062 3004 1214 3074 illud,
1234 3022 1350 3060 cum
1378 3022 1475 3061 vos:
1502 3007 1661 3061 asina:
1680 3006 1734 3060 in
1756 3022 1941 3061 sonum

366 3097 614 3151 sermonis
635 3097 798 3167 erupit
822 3093 1010 3166 (Num.
1041 3110 1179 3164 χιιι,
1212 3095 1331 3166 28).

2021 812 2272 882 estquod
2302 828 2423 868 cum
2476 813 2730 883 superius
2778 812 3022 882 quinque
3067 813 3312 869 videatur
3354 816 3608 882 posuisse

2014 911 2319 973 personas,
2349 918 2445 959 sex
2490 904 2543 957 in
2589 902 3041 972 subsequentibus
3085 917 3206 958 cum
3246 918 3605 974 personarum

2023 996 2414 1068 signiﬁcatione
2442 994 2714 1066 subjecit?

2096 1088 2255 1155 Resp.
2282 1087 2451 1142 Mater
2477 1096 2532 1141 et
2556 1100 2745 1143 socrus
2798 1085 2987 1143 eadem
3018 1084 3247 1157 intelligi
3275 1095 3459 1157 potest
3483 1102 3614 1157 qua:

2027 1193 2123 1249 per
2154 1178 2318 1234 filiam
2346 1185 2403 1233 et
2442 1193 2635 1233 nurum
2667 1177 2879 1234 duobus
2922 1180 2995 1233 sit
3019 1180 3338 1248 compellata
3368 1180 3608 1235 nomini-

2029 1271 2164 1327 bus:
2214 1286 2280 1327 ac
2318 1270 2542 1341 perinde
2573 1279 2630 1326 et
2659 1269 2713 1324 in
2758 1271 3105 1341 subsequenti
3152 1272 3392 1342 quinque
3436 1272 3614 1330 videri

2031 1370 2213 1433 ῃοιεσι
2241 1376 2499 1418 numerus
2529 1377 2905 1431 personarum.

2102 1454 2210 1509 Int.
2249 1454 2307 1509 In
2330 1453 2585 1524 parabola
2625 1454 2813 1510 Lazari
2840 1462 2895 1509 et
2924 1453 3107 1510 divitis
3145 1453 3440 1525 aliquanta
3465 1471 3617 1527 qua-

2030 1545 2235 1600 stiones
2279 1544 2582 1600 incurrunt.
2627 1543 2736 1600 Aut
2770 1545 3042 1615 quomodo
3072 1542 3224 1599 dives
3246 1546 3303 1600 in
3324 1547 3617 1603 tormentis

2031 1636 2104 1691 sit
2130 1644 2257 1691 ante
2279 1635 2537 1706 judicium
2586 1634 2739 1706 (Luc.
2773 1651 2887 1700 ιιι,
2912 1635 3045 1705 25);
3090 1645 3183 1693 aut
3217 1638 3494 1708 quomodo
3528 1638 3613 1693 di-

2031 1727 2172 1797 gitus
2201 1708 2388 1780 Lauri
2417 1725 2629 1780 dicatur
2672 1724 2828 1795 (Luc.
2865 1742 2980 1793 ιγι,
3024 1725 3146 1798 24);
3197 1727 3459 1797 numquid
3486 1742 3609 1782 cor-

1961 1804 2009 1865 Β
2035 1832 2166 1887 pora
2196 1817 2335 1886 apud
2380 1816 2578 1872 inferos
2606 1816 2747 1881 sint;
2777 1825 2866 1869 aut
2911 1817 3027 1885 ipse
3070 1832 3262 1887 aquam
3293 1816 3565 1875 desideret
3594 1834 3613 1881 ;

2036 1908 2292 1979 numquid
2321 1908 2465 1963 sitim
2495 1908 2740 1977 corporis
2760 1909 3069 1965 sentiebat?

2106 1999 2265 2071 Resp.
2292 1998 2417 2055 llaec
2445 1999 2627 2056 omnia
2656 1999 2954 2055 secundum
2984 2014 3079 2056 eos
3106 2000 3328 2056 allectus
3352 2002 3617 2071 loquitur,

2036 2105 2174 2160 quos
2221 2088 2510 2159 aliquando
2558 2103 2656 2159 pro
2695 2089 3021 2146 necessitate
3064 2092 3307 2160 corporis
3345 2100 3615 2162 gesserat.

2034 2178 2304 2234 Caeterum
2350 2179 2439 2234 ille
2486 2188 2613 2234 ante
2657 2178 2921 2248 judicium
2978 2191 3368 2236 tormentorum
3423 2197 3619 2237 sensus

2036 2269 2187 2340 quasi
2210 2283 2309 2339 pro
2332 2268 2452 2324 loco
2477 2269 2736 2324 custodia:
2766 2271 2820 2324 in
2846 2285 2955 2340 quo
2980 2279 3099 2327 erat
3126 2271 3475 2342 accipiendus
3494 2283 3578 2329 est
3602 2293 3616 2326 :

2036 2362 2144 2417 reis
2171 2360 2365 2434 quippe
2404 2361 2520 2431 ipsa
2547 2361 2787 2417 custodia
2821 2363 2984 2417 etiam
3035 2373 3161 2419 ante
3198 2364 3466 2435 judicium
3512 2382 3620 2422 non

2037 2463 2122 2512 est
2163 2456 2367 2526 absque
2406 2455 2710 2511 tormentis.
2742 2455 2798 2509 In
2824 2455 2931 2512 hoc
2960 2473 3171 2527 quoque
3198 2458 3340 2529 quod
3367 2459 3514 2529 apud
3536 2460 3621 2513 in-

2040 2544 2248 2601 fernum
2277 2547 2548 2601 Abraham
2567 2546 2700 2601 vidit
2721 2546 2837 2603 ιιωο
2860 2548 3103 2614 subesse,
3133 2564 3162 2601 a
3187 2549 3511 2619 quibusdam
3537 2567 3619 2606 ra-

2039 2638 2116 2692 tio
2144 2648 2375 2707 putatur,
2405 2638 2546 2708 quod
2568 2638 2730 2693 etiam
2760 2654 2949 2694 omnes
2976 2641 3149 2695 sancti
3173 2650 3302 2697 ante
3324 2641 3622 2697 adventum

2042 2728 2250 2783 Domini
2285 2730 2455 2784 nostri
2480 2729 2606 2785 Jcsu
2631 2729 2834 2785 Christi
2869 2730 2938 2785 ad
2969 2731 3196 2799 inferna,
3225 2732 3355 2787 licet
3382 2733 3438 2787 in
3468 2733 3623 2788 refrio

2040 2819 2171 2891 gerii
2204 2819 2416 2886 locum,
2465 2819 2812 2875 descendisse
2859 2821 3126 2877 dicuntur.
3180 2823 3285 2878 Alii
3329 2824 3624 2894 opinantur

2043 2911 2217 2968 locum
2238 2911 2386 2967 illum
2416 2912 2469 2966 in
2499 2927 2605 2982 quo
2631 2911 2901 2969 Abraham
2922 2924 3063 2981 erat,
3088 2916 3156 2971 ab
3180 2914 3287 2971 illis
3313 2915 3511 2972 inferni
3534 2918 3623 2972 lo-

2041 3003 2121 3057 cis
2146 3004 2199 3057 in
2243 3002 2618 3073 superioribus
2644 3003 3017 3071 constitutum,
3062 3017 3285 3078 propter
3309 3008 3456 3078 quod
3483 3009 3628 3064 dicat

2045 3095 2301 3151 Dominus
2331 3096 2399 3151 de
2442 3095 2535 3150 illo
2589 3096 2792 3151 divite:
2849 3097 3083 3153 Elevans
3124 3099 3312 3154 oculos
3342 3114 3475 3155 suos
3502 3115 3625 3156 cum

440 3186 549 3240 Int.
582 3187 637 3241 ln
665 3161 855 3241 eodem
888 3161 1177 3257 Evangelia
1204 3161 1327 3259 quid
1367 3189 1466 3245 sibi
1492 3190 1605 3244 vult
1633 3189 1760 3243 illud
1798 3188 1941 3258 quod
1965 3161 2015 3227 θ
2044 3196 2187 3242 esset
2211 3185 2265 3240 in
2291 3187 2596 3253 tormentis,
2621 3186 2755 3242 vidit
2778 3186 3051 3251 Abraham
3081 3189 3150 3245 de
3174 3189 3374 3259 longe;
3423 3192 3626 3246 sinum-

369 3277 565 3347 legitur
594 3294 606 3328 :
638 3274 858 3329 Factum
886 3285 961 3330 est
990 3287 1159 3332 autem
1188 3280 1241 3331 in
1270 3278 1478 3332 sabbato
1504 3280 1726 3333 secundo
1750 3281 1937 3349 primo,

370 3384 486 3425 cum
511 3368 752 3421 transiret
784 3384 874 3437 per
900 3377 1028 3432 sata,
1067 3367 1313 3422 uellebant
1340 3368 1584 3436 discipuli
1605 3372 1719 3441 ejus
1747 3370 1939 3440 spicas,

368 3466 417 3514 et
439 3457 819 3512 manducabant
849 3459 1190 3528 confricantes
1218 3460 1453 3513 manibus
1490 3458 1642 3530 (Luc.
1672 3476 1745 3527 vr,
1774 3462 1826 3531 1)
1850 3460 1873 3514 ?

440 3552 599 3620 Resp.
633 3551 859 3619 Quidam
892 3551 994 3605 hoc
1036 3552 1154 3606 loco
1195 3551 1339 3606 diem
1371 3552 1700 3608 dominicum
1745 3555 1817 3609 ita
1846 3570 1944 3625 ap-

369 3644 627 3715 pellatum
670 3645 1000 3709 exiStimant,
1029 3659 1096 3699 eo
1132 3645 1272 3714 quod
1315 3646 1557 3700 videatur
1584 3647 1849 3703 secundus
1878 3648 1945 3702 ab

368 3734 462 3790 illa
492 3735 655 3804 legali
684 3735 1063 3790 observatione
1088 3735 1318 3803 sabbati,
1351 3745 1407 3793 et
1429 3737 1633 3807 primus
1669 3739 1749 3793 sit:
1780 3754 1947 3794 evan-

368 3826 553 3895 gelica:
580 3827 770 3895 gratia:
818 3826 1156 3884 celebritate.
1199 3829 1256 3883 Si
1283 3829 1371 3883 cui
1411 3838 1586 3884 autem
1635 3828 1737 3884 hoc
1768 3831 1946 3886 minus

368 3916 684 3972 satisfacere
708 3918 939 3984 videtur,
972 3919 1115 3988 quod
1164 3920 1305 3975 diem
1339 3922 1509 3990 ipsum
1542 3924 1711 3991 magis
1738 3922 1944 3977 sabbati

372 4008 539 4065 fuisse
558 4010 869 4074 contendat,
891 4014 1015 4080 quia
1038 4011 1296 4079 scriptum
1320 4014 1387 4067 sit
1408 4014 1474 4068 de
1496 4028 1591 4068 eo:
1618 4014 1755 4080 Quid
1776 4015 1946 4082 facitis

372 4100 511 4169 quod
530 4116 629 4152 non
650 4100 767 4154 licet
798 4101 851 4152 in
874 4101 1098 4153 sabbatis
1125 4099 1275 4171 (Luc.
1302 4102 1409 4165 vn,9.
1444 4102 1495 4168 )‘i
1526 4112 1701 4171 potest
1724 4103 1945 4158 forsitan

369 4197 427 4243 et
447 4190 562 4257 ipse
590 4188 938 4243 nihilominus
964 4189 1078 4244 dies
1115 4190 1319 4245 sabbati
1344 4190 1413 4243 ita
1436 4207 1503 4245 ex
1542 4193 1645 4248 hoc
1676 4194 1897 4264 intelligi
1924 4233 1940 4259 ,

370 4289 428 4335 ut
451 4293 592 4334 nunc
613 4278 992 4335 observatione
1014 4289 1195 4335 nostra
1219 4281 1487 4337 secundus
1509 4283 1601 4349 sit,
1626 4285 1715 4353 qui
1739 4284 1945 4354 primus

370 4371 640 4442 quondam
686 4371 847 4425 fuerit
897 4371 1274 4429 observatione
1328 4374 1567 4429 .ludaica.
1626 4375 1945 4435 Rectissime

370 4463 513 4518 enim
536 4460 650 4516 dies
678 4461 883 4531 primus
912 4460 1030 4516 dies
1064 4462 1363 4519 dominicus
1386 4465 1689 4534 deputatur.

441 4551 550 4609 Int.
584 4553 866 4619 Quomodo
895 4552 1159 4607 visionem
1192 4554 1341 4609 illam
1364 4556 1416 4609 in
1446 4572 1548 4624 qua
1576 4557 1834 4613 Dominus
1862 4574 1949 4615 as-

370 4643 595 4712 sumptis
626 4644 798 4696 tribus
823 4641 1099 4711 discipulis
1126 4644 1457 4713 gloriﬁcatus
1478 4657 1560 4702 est
1585 4690 1600 4714 ,
1635 4648 1805 4704 Lucas
1829 4659 1951 4719 post

372 4742 514 4799 octo,
544 4732 634 4786 alii
658 4748 788 4786 vero
811 4733 1156 4801 evangelista:
1187 4745 1306 4802 post
1334 4750 1426 4790 sex
1459 4736 1573 4790 dies
1604 4740 1947 4795 subsecutam

372 4839 495 4880 esse
540 4835 963 4879 commemorant
1010 4822 1162 4894 (Luc.
1193 4841 1268 4891 rx,
1318 4824 1416 4893 28;
1473 4827 1658 4881 Matth.
1716 4845 1846 4896 xvu,
1880 4832 1945 4898 ις

375 4916 542 4971 Marc.
571 4931 645 4979 ix,
677 4915 766 4987 i)?

443 5005 603 5079 Resp.
632 5006 827 5072 Lucas,
859 5007 970 5077 qui,
1004 5006 1187 5061 habito
1234 5008 1443 5063 Domini
1476 5010 1617 5077 apud
1658 5011 1951 5079 discipulos

372 5115 621 5156 sermone
649 5106 770 5168 post
799 5109 922 5153 octo
944 5098 1077 5164 dies,
1113 5099 1299 5153 scribit
1327 5100 1585 5155 visionem
1618 5100 1756 5156 hanc
1784 5101 1949 5157 disci-

372 5192 513 5262 pulis
536 5200 839 5257 ostensam,
872 5199 925 5244 et
951 5205 1070 5245 eum
1098 5189 1238 5244 diem
1289 5206 1397 5259 quo
1443 5191 1700 5245 Dominus
1740 5192 1952 5247 loeutus

374 5292 456 5336 est
487 5281 899 5351 comprehcndit
938 5290 993 5336 et
1022 5297 1145 5335 eum
1172 5297 1278 5351 quo
1303 5281 1459 5336 Jesus
1499 5280 1825 5351 glorificatus
1853 5299 1951 5355 ap-

376 5372 571 5441 paruit.
603 5372 662 5426 ili
692 5386 821 5426 vero
849 5372 937 5438 qui
983 5387 1079 5427 sex
1108 5372 1225 5427 dies
1254 5372 1568 5426 iudicandos
1612 5383 1949 5442 putaverunt,

378 5463 567 5517 mediis
613 5471 816 5518 tantum
858 5473 1018 5533 atque
1072 5463 1293 5533 integris
1340 5463 1528 5518 diebus
1562 5466 1953 5532 annumeratis,

378 5559 530 5625 quasi
557 5555 910 5625 semiplenum
940 5557 1173 5627 primum
1208 5555 1359 5610 illum
1412 5557 1552 5612 diem
1598 5568 1957 5627 postremum—

380 5658 483 5713 que
514 5654 819 5699 tacuerunt.

450 5727 541 5787 Int
604 5734 801 5788 Rursus
843 5735 896 5789 in
942 5737 1130 5793 eodem
1184 5736 1348 5793 dicit:
1386 5736 1552 5791 Erunt
1588 5740 1718 5792 cnim
1766 5756 1826 5793 es:
1862 5741 1955 5793 hoc

2045 3293 2151 3348 que
2172 3278 2338 3349 ipsius
2366 3277 2599 3333 Abrahae
2620 3277 2889 3348 designari
2931 3279 3077 3335 illius
3102 3281 3338 3351 regionis
3365 3283 3626 3351 quietem.

2117 3368 2226 3423 Int.
2249 3370 2530 3438 Quomodo
2559 3369 2929 3440 accipiendum
2953 3377 3038 3426 est
3061 3371 3202 3441 quod
3232 3372 3495 3442 legimus:
3518 3371 3627 3427 Re-

2046 3478 2201 3535 gnum
2232 3460 2326 3516 Dei
2353 3461 2490 3515 intra
2518 3477 2606 3515 ros
2628 3472 2700 3515 est
2731 3459 2883 3533 (Luc.
2912 3476 3044 3526 xvu,
3070 3461 3135 3516 21
3146 3462 3199 3529 )7

2122 3552 2283 3620 Resp.
2330 3552 2387 3607 In
2437 3567 2765 3622 unoquoque
2817 3567 2917 3622 pro
2961 3552 3224 3609 bonorum
3255 3553 3629 3626 malorumque

2048 3652 2263 3697 actuum
2289 3641 2671 3712 discrepantia,
2705 3651 2796 3697 aut
2819 3642 2959 3698 Deus
2990 3653 3199 3713 regnat,
3225 3653 3318 3699 aut
3343 3644 3624 3700 diabolus:

2048 3738 2172 3805 quia
2218 3752 2444 3793 necesse
2472 3749 2554 3793 est
2579 3738 2735 3807 cujus
2755 3739 3083 3793 voluntatem
3130 3753 3298 3809 opere
3338 3748 3624 3807 procurat,

2050 3826 2166 3895 ejus
2195 3827 2421 3896 imperio
2448 3828 2693 3883 videatur
2729 3842 2852 3884 esse
2876 3829 3170 3899 subjectus.
3204 3828 3385 3900 Itaque
3409 3829 3455 3883 si
3494 3830 3627 3897 justi

2048 3919 2432 3988 suntquidam,
2461 3920 2606 3975 Deus
2637 3921 2689 3974 in
2721 3920 2803 3975 his
2826 3936 3052 3991 regnare
3081 3920 3340 3976 dicendus
3364 3929 3481 3985 est;
3510 3921 3629 3975 dia-

2048 4011 2223 4077 bolus,
2250 4012 2295 4066 si
2324 4011 2531 4082 iniusti.
2559 4013 2743 4069 Potest
2768 4014 2972 4068 ettides
3002 4028 3223 4083 regnum
3252 4014 3343 4070 Dei
3365 4013 3495 4080 dici,
3517 4028 3627 4083 qua

2048 4101 2155 4155 itur
2182 4102 2247 4156 ad
2273 4116 2522 4171 regnum,
2555 4104 2679 4173 quia
2720 4104 2894 4173 utique
2928 4107 3103 4176 justus
3133 4119 3198 4158 ea:
3234 4104 3501 4173 ﬁdemivit
3526 4119 3546 4158 :
3577 4113 3633 4157 et

2049 4209 2137 4263 per
2164 4209 2314 4261 quam
2339 4192 2572 4248 Christus
2602 4193 2796 4248 habitat
2825 4197 2877 4249 in
2909 4194 3152 4250 cordibus
3189 4204 3484 4250 sanctorum
3507 4211 3634 4250 suo-

2048 4300 2165 4338 rum
2196 4283 2351 4356 (Hab.
2385 4302 2445 4353 ιι,
2474 4287 2507 4341 4
2528 4303 2541 4350 ;
2565 4284 2702 4356 Eph.
2730 4302 2820 4353 ιιι,
2852 4288 2963 4356 17).

2120 4374 2232 4432 Ιηι,
2251 4378 2532 4444 Quomodo
2554 4379 2606 4433 in
2634 4378 2775 4434 Luca
2798 4380 2989 4435 latroni
3004 4379 3252 4435 Salvator
3270 4378 3430 4433 dicit:
3458 4378 3629 4434 Hodie

2052 4483 2247 4521 meeum
2270 4470 2370 4523 eris
2397 4470 2450 4522 in
2481 4470 2726 4539 paradiso
2759 4469 2911 4540 (Luc.
2942 4485 3094 4537 um,
3119 4471 3229 4539 45),
3275 4483 3396 4524 cum
3442 4470 3635 4537 utique

2050 4557 2140 4613 die
2168 4559 2259 4613 illo
2290 4560 2584 4616 secundum
2609 4561 2881 4617 hominem
2905 4576 3130 4631 corpore
3158 4561 3211 4616 in
3244 4569 3408 4620 terra.
3445 4560 3631 4614 anima

2051 4650 2191 4718 apud
2214 4649 2417 4705 inferos
2440 4650 2643 4706 fuerit?

2126 4739 2282 4812 Resp.
2314 4742 2496 4797 Potest
2522 4742 2660 4797 forte
2688 4743 2776 4798 hic
2822 4758 2919 4813 pro
2945 4742 3193 4813 paradiso
3220 4742 3391 4811 accipi
3429 4742 3522 4799 ille
3548 4751 3633 4798 at-

2055 4832 2265 4887 tributa:
2287 4834 2483 4903 quietis
2500 4834 2672 4900 locus,
2697 4835 2788 4890 ubi
2812 4835 3085 4891 Abraham
3106 4851 3227 4890 esse
3249 4851 3372 4890 cum
3402 4836 3632 4903 Lazaro,

2058 4922 2112 4977 in
2146 4923 2436 4995 Evangelia
2467 4925 2717 4981 Salvator
2760 4928 2994 4982 ostendit
3039 4927 3189 4995 (Luc.
3225 4943 3336 4991 xvi,
3379 4929 3494 4999 22).
3527 4929 3637 4986 Aut

2055 5020 2203 5068 certe
2226 5012 2298 5067 ita
2331 5014 2734 5083 intelligendum
2760 5026 2866 5081 est,
2886 5017 3025 5086 quod
3055 5018 3191 5071 hanc
3216 5019 3633 5087 promissionem

2056 5101 2316 5159 Dominus
2364 5106 2657 5161 secundum
2708 5107 2952 5163 cn‘ectum
2984 5107 3178 5163 divina:
3222 5112 3513 5180 potestatis
3535 5113 3638 5166 im-

2054 5192 2306 5263 pleverit,
2331 5195 2455 5265 quia
2480 5196 2675 5267 ubique
2709 5197 2871 5252 Deum
2895 5212 3017 5254 esse
3046 5198 3376 5255 noscendum
3406 5212 3512 5256 est.

2686 5303 2738 5342 IN
2772 5302 2990 5344 JOANNB.

2130 5375 2237 5431 Int.
2285 5376 2645 5448 Quadraginta
2686 5387 2743 5433 et
2780 5393 2873 5434 sex
2900 5380 3023 5434 anni
3048 5421 3065 5446 ,
3110 5380 3518 5438 afﬁrmantibus
3543 5383 3642 5440 Ju-

2060 5466 2213 5530 dzeis,
2248 5467 2541 5522 secundum
2582 5469 2927 5539 Evangelium
2978 5471 3198 5526 Joannis
3229 5473 3337 5543 (ιι,
3378 5475 3520 5547 9-0),
3581 5477 3639 5530 in

2060 5559 2422 5616 aediﬁcatione
2464 5561 2646 5632 templi
2682 5563 2954 5631 quomodo
2988 5564 3345 5620 ostenduntur
3383 5567 3587 5637 impleti
3617 5568 3645 5621 2

2133 5649 2288 5719 Resp.
2337 5648 2680 5705 Salomonem
2724 5652 2939 5721 quidem
2971 5663 3179 5720 septem
3230 5664 3441 5709 tantum
3481 5656 3642 5711 annis

2061 5740 2275 5795 domum
2305 5740 2512 5795 Domini
2532 5741 2825 5798 trditicassc
2847 5744 2976 5799 satis
3004 5751 3214 5800 constat
3241 5760 3305 5801 ex
3358 5746 3642 5818 Scriptura
