3932 6170
241 282 338 339 801

1441 269 1993 328 lNSTRUCTIONUM
2033 269 2236 327 LIBER
2274 270 2313 325 1.

3402 275 3511 338 802

243 398 347 447 hoc
377 391 624 446 dicente:
661 386 1062 456 AEdi/icavitque
1087 400 1196 439 eam
1237 385 1288 436 in
1337 384 1486 436 annis
1526 392 1716 453 septem
1743 383 1828 452 (lll
1859 388 1906 446 Α
1935 396 2125 440 cuncta
2179 385 2466 456 proposita:
2515 386 2845 456 operationis
2897 389 3239 460 impleverat,
3293 406 3512 466 propter

243 483 378 551 Reg.
408 495 481 546 τι,
515 477 626 547 38).
679 476 1042 543 Quadraginta
1067 491 1195 527 vero
1245 489 1336 527 sex
1367 473 1494 526 anni
1540 474 1592 526 in
1645 473 1828 543 templi

241 573 643 628 re~tauratione
699 575 988 637 ponuntur,
1043 582 1162 635 quae
1211 564 1384 618 habita
1435 573 1514 618 est
1547 565 1598 617 in
1639 564 1828 618 diebus

247 666 472 729 Esmun,
505 671 624 731 post
650 661 1057 715 subversionem
1107 659 1515 728 llierosolymaa,
1550 658 1829 726 captivita-

242 765 468 823 temque
489 753 817 808 Iud-corum.
851 751 1017 804 Porro
1046 749 1158 818 ipsa
1187 749 1458 818 reparatio
1485 746 1831 802 exaediﬁcan-

244 848 298 898 di
335 843 517 912 templi
544 843 632 894 diu
665 850 831 893 tracta
854 849 958 904 est,
978 837 1170 892 vicinis
1189 837 1240 890 in
1270 837 1496 891 circuitu
1521 835 1831 890 nationibus

245 951 386 1005 opus
413 935 627 989 assidua
653 931 998 986 infestatione
1028 928 1461 999 prohibentibus.

325 1028 438 1081 Ini.
459 1025 741 1092 Quomodo
762 1024 1010 1078 Salvator
1031 1032 1363 1090 assumptum
1394 1019 1663 1074 hominem
1685 1017 1834 1074 dux't

247 1127 301 1178 in
334 1125 528 1177 coelum
552 1119 574 1172 ?
602 1128 691 1172 aut
721 1115 990 1186 quomodo
1016 1114 1207 1169 caelum
1241 1114 1566 1181 promittitur
1607 1111 1829 1176 sanctis,

249 1231 376 1269 cuin
411 1213 552 1266 dicat
575 1228 586 1261 :
615 1209 780 1262 Nemo
802 1207 1028 1259 ascendit
1051 1207 1100 1258 in
1124 1204 1323 1270 coelum,
1347 1204 1446 1256 nisi
1465 1203 1549 1272 qui
1575 1201 1835 1255 descendit

250 1308 318 1357 de
340 1303 464 1357 caelo
487 1300 658 1353 Filius
688 1298 906 1351 hominis
939 1297 1026 1366 qui
1051 1304 1126 1350 est
1167 1297 1217 1348 in
1245 1296 1367 1348 (celo
1394 1295 1574 1364 (Joan.
1608 1309 1684 1358 ιιι,
1709 1293 1836 1359 l5)?

271 1406 361 1451 aut
385 1393 651 1462 quomodo
675 1391 724 1442 in
748 1390 886 1443 cmlo
911 1398 1044 1454 erat,
1075 1402 1194 1440 cum
1217 1386 1390 1439 adhuc
1417 1397 1559 1439 esset
1587 1385 1638 1437 in
1661 1382 1836 1438 terra?

327 1486 487 1551 Resp.
526 1482 832 1538 Secundum
862 1494 1078 1532 carnem
1119 1479 1170 1531 in
1205 1488 1342 1532 terra
1377 1488 1511 1542 erat,
1542 1475 1836 1530 secundum

258 1578 519 1630 Deitatem
544 1573 683 1626 cmlo
709 1587 811 1622 non
845 1571 1047 1622 deerat.
1076 1567 1200 1622 ldeo
1245 1578 1298 1622 et
1339 1568 1453 1636 ipse
1480 1567 1720 1621 ascendit
1749 1567 1839 1636 qui

252 1664 557 1728 descendit,
609 1661 732 1730 quia
764 1660 889 1712 licet
935 1659 1286 1726 assiitnpserit
1334 1657 1626 1724 hominem,
1660 1668 1838 1711 tamen

1932 494 2050 547 qua:
2083 478 2329 532 homines
2357 487 2662 545 terramque
2697 479 3025 534 visitaverat.

2006 568 2112 623 lnt.
2160 568 2444 636 Quomodo
2498 569 2902 638 intelligendum
2947 580 3029 625 est
3075 575 3216 643 quod
3267 577 3511 634 Salvator

1933 664 2097 718 dicit:
2144 663 2268 717 Cum
2295 665 2524 732 loquitur
2553 665 2892 733 mendacium,
2923 683 2986 720 ea:
3016 670 3236 738 prapriis
3259 670 3508 738 loquitur,

1933 755 2054 822 quia
2086 753 2304 807 mendax
2329 764 2403 807 est
2425 764 2473 807 et
2499 765 2646 823 pater
2669 756 2778 823 ejus
2809 754 2986 823 (Joan.
3023 772 3136 821 vm,
3168 757 3297 826 44)?

2005 844 2164 913 Resp.
2194 845 2366 913 Supra
2396 846 2604 899 dixerat
2633 845 2890 900 Dominus
2917 846 2983 898 ad
3014 845 3258 900 Juda‘os:
3290 848 3342 902 Si
3368 848 3510 902 Deus

1937 946 2092 1006 pater
2119 945 2298 991 vester
2326 947 2490 1003 eSset,
2515 937 2805 1004 diligeretis
2835 938 3021 1005 utique
3061 953 3168 1004 me,
3199 947 3254 992 et
3283 950 3467 1007 postea
3493 957 3507 993 :

1939 1029 2048 1083 Vos
2079 1045 2146 1082 ex
2170 1029 2388 1082 diabolo
2419 1039 2569 1096 patre
2593 1031 2746 1094 estis,
2778 1039 2829 1081 et
2852 1028 3122 1082 desideria
3156 1031 3322 1096 patris
3349 1031 3513 1084 vestri

1938 1122 2098 1175 vultis
2130 1119 2436 1174 lacere.|lle
2466 1120 2732 1172 homicida
2767 1131 2881 1171 erat
2913 1118 2981 1172 ab
3029 1119 3197 1183 initio,
3249 1129 3304 1174 et
3342 1121 3394 1174 in
3425 1136 3515 1174 ve-

1939 1211 2098 1265 ritate
2129 1209 2422 1273 nonstetit,
2443 1211 2564 1278 quia
2612 1224 2717 1261 non
2752 1220 2832 1261 est
2860 1209 3060 1262 veritas
3083 1211 3134 1262 in
3157 1224 3241 1263 co.
3268 1208 3400 1262 Cum
3433 1211 3516 1265 lo-

1939 1301 2119 1370 quitur
2151 1301 2510 1364 mendacium,
2549 1299 2632 1352 hic
2655 1299 3082 1353 subaudiendum
3107 1309 3210 1364 est,
3236 1302 3519 1370 unusquis-

1940 1408 2046 1461 que
2077 1404 2336 1458 vestrum,
2383 1407 2447 1445 ex
2481 1392 2712 1459 propriis
2743 1390 2999 1458 loquitur,
3025 1391 3146 1459 quia
3181 1392 3410 1444 mendax
3436 1402 3518 1445 est

1941 1493 1994 1537 et
2027 1493 2176 1552 pater
2196 1484 2337 1550 ejus,
2388 1482 2437 1535 id
2469 1489 2583 1545 est,
2618 1481 2886 1534 diabolus.
2929 1481 3062 1535 Sunt
3094 1481 3183 1549 qui
3229 1482 3298 1534 ita
3334 1481 3520 1550 dispu-

1942 1581 2084 1626 tant:
2115 1573 2249 1626 Cum
2282 1573 2519 1641 loquitur
2548 1570 2910 1633 mendacium,
2935 1570 2988 1623 id
3018 1578 3117 1636 est,
3154 1570 3419 1635 diabolus,
3451 1572 3519 1626 de

1945 1664 2178 1734 propriis
2208 1654 2461 1732 loquitur,
2493 1664 2617 1731 quia
2668 1661 2897 1714 mendax
2939 1671 3040 1727 est,
3098 1671 3150 1714 et
3201 1671 3351 1730 pater
3380 1661 3516 1730 ejus,

256 1758 422 1810 homo
460 1764 513 1807 et
547 1753 704 1818 Deus,
735 1751 834 1804 huc
865 1758 966 1812 est,
1017 1747 1289 1814 Christus,
1326 1762 1428 1800 una
1461 1761 1689 1816 persona
1720 1755 1836 1810 est;

1976 1773 2049 1810 :uc
2079 1765 2162 1811 est
2206 1754 2472 1810 mendacii
2505 1754 2672 1822 ipsius
2721 1763 2871 1820 pater
2902 1761 3005 1817 est,
3040 1751 3161 1822 quia
3194 1757 3262 1809 ab
3295 1753 3410 1820 ipso
3439 1755 3521 1806 vi-

255 1857 308 1898 et
343 1844 525 1912 utique
556 1855 675 1894 cum
710 1840 802 1891 ille
849 1840 919 1890 sit
960 1847 1141 1905 caput,
1189 1836 1361 1889 sancti
1390 1844 1565 1889 autem
1601 1835 1841 1890 membra

255 1939 387 1999 sint,
424 1947 643 1987 necesse
688 1939 771 1985 est
815 1937 872 1982 ut
923 1938 1218 1998 sequantur
1259 1926 1499 1981 membra
1544 1943 1648 1995 quo
1683 1933 1844 1995 caput

256 2025 557 2096 prlecessit,
589 2031 645 2075 ut
675 2023 744 2074 sit
774 2021 824 2074 in
855 2019 996 2074 cailo
1035 2018 1235 2072 Christi
1267 2019 1507 2086 corporis
1545 2017 1840 2089 plenitudo.

333 2115 442 2170 lnt.
468 2115 709 2180 Qualiter
728 2113 854 2166 illud
883 2110 1254 2182 accipiendum
1280 2119 1362 2164 est
1392 2109 1532 2180 quod
1560 2111 1841 2165 scribitur:

260 2209 388 2262 Non
419 2209 555 2262 enim
587 2207 652 2260 ad
675 2221 964 2260 mensuram
997 2208 1088 2258 dat
1118 2203 1255 2258 Deus
1281 2204 1515 2275 spiritum
1550 2203 1734 2272 (Joan.
1764 2219 1840 2268 ιιι,

260 2303 409 2372 si)?

339 2391 498 2458 Resp.
539 2390 648 2444 lloc
678 2389 894 2459 quidam
923 2387 990 2442 de
1031 2387 1168 2441 Filio
1196 2389 1409 2457 proprie
1438 2387 1846 2457 intelligendum

263 2499 390 2539 esse
420 2482 780 2537 conlirmant:
831 2481 952 2549 quia
982 2479 1226 2534 homines
1252 2479 1378 2533 dum
1419 2479 1512 2533 alii
1561 2479 1682 2532 aliis
1732 2478 1849 2548 plus

265 2576 516 2630 minusve
542 2575 774 2643 capiant,
799 2573 986 2641 utique
1014 2571 1080 2626 ad
1108 2587 1410 2626 mensuram
1434 2573 1679 2642 spiritum
1711 2573 1850 2628 acci-

267 2682 404 2736 pere
439 2666 711 2731 videntur,
741 2665 892 2733 juxta
925 2663 1057 2717 illud
1090 2663 1361 2732 Apostoli:
1395 2663 1654 2719 Habentes
1683 2677 1850 2718 autem

266 2760 574 2812 donationes
603 2758 883 2810 secundum
932 2757 1172 2825 gratiam,
1223 2773 1338 2822 qua:
1384 2757 1506 2810 data
1553 2768 1626 2812 est
1667 2758 1850 2824 nobis,

266 2850 588 2917 differentes,
620 2849 723 2901 sive
749 2846 1072 2918 praphetiam
1101 2847 1380 2899 secundum
1410 2863 1702 2900 mensuram
1729 2848 1852 2914 ﬁdei

270 2940 453 3007 (Rom.
474 2953 567 3001 ιιι,
583 2938 660 3005 6),
679 2947 782 2992 etc.
798 2935 1010 2992 Christo
1022 2951 1151 2991 vero
1170 2937 1438 3005 unigenito
1453 2952 1570 3001 suo,
1586 2939 1673 3006 qui
1691 2937 1851 2992 etiam

271 3033 388 3099 dat,
419 3045 521 3084 non
552 3039 634 3084 est
663 3028 884 3097 spiritus
913 3027 979 3082 ad
1003 3042 1309 3082 mensuram
1343 3029 1520 3093 datus,
1551 3029 1673 3097 quia
1705 3029 1760 3082 in
1789 3044 1854 3084 eo

271 3133 361 3178 est
389 3123 551 3176 omnis
580 3122 842 3191 plenitudo
864 3121 1146 3187 divinitatis
1176 3120 1390 3191 (Coloss.
1427 3137 1481 3184 ιι,
1524 3120 1601 3189 9).

351 3212 462 3265 lut.
497 3211 742 3266 Salvator
770 3210 931 3265 dicit:
989 3209 1090 3264 Vos
1136 3212 1393 3264 ascendite
1424 3209 1492 3262 ad
1523 3212 1657 3264 diem
1685 3210 1853 3278 hunc,

275 3322 370 3375 ego
399 3321 500 3358 non
524 3306 795 3358 ascendam
821 3304 887 3356 ad
908 3303 1041 3356 diem
1063 3307 1246 3372 festum
1275 3304 1425 3358 istum
1452 3304 1628 3373 (Joan.
1659 3320 1752 3371 vn,
1781 3303 1857 3376 8),

275 3407 335 3449 et
361 3394 632 3464 quomodo
653 3404 840 3458 postea
870 3393 1127 3449 scribitur
1150 3394 1216 3448 de
1243 3409 1307 3447 eo
1334 3413 1345 3447 :
1385 3395 1448 3449 Ut
1490 3406 1658 3449 autem
1685 3413 1862 3449 ascen-

280 3490 469 3541 derunt
495 3492 679 3557 fratres
726 3489 858 3558 ejus,
904 3497 1021 3539 tunc
1051 3473 1098 3539 et
1126 3487 1234 3552 ipse
1263 3488 1490 3540 ascendit
1530 3487 1596 3540 ad
1625 3489 1758 3541 diem
1789 3493 1863 3544 fe-

282 3593 420 3634 stum
451 3579 633 3646 (Joan.
661 3595 756 3643 VII,
788 3578 914 3647 10)?

357 3672 514 3742 Resp.
546 3669 756 3723 Veritas
784 3668 1120 3723 mendacium
1149 3667 1293 3737 loqui
1325 3685 1430 3722 non
1462 3679 1658 3738 potest.
1691 3671 1866 3740 Atque

283 3764 489 3819 idcirco
511 3777 614 3815 non
640 3762 974 3816 aliteraJesu
995 3762 1192 3817 factum
1216 3765 1646 3834 est,quamquod
1662 3781 1720 3820 se
1745 3782 1868 3834 pro-

284 3856 628 3910 nuntiaverat
645 3868 765 3909 esse
789 3854 1070 3908 facturum.
1089 3853 1422 3925 Scenopegia
1443 3856 1753 3912 solemnitas
1774 3858 1868 3911 Ju-

282 3947 533 3999 da-orum
561 3961 664 3998 non
694 3961 854 3998 unum
879 3945 1044 4009 diem,
1073 3946 1167 3999 sed
1189 3947 1364 4016 plures
1383 3947 1501 4001 dies
1528 3949 1867 4004 solemnitate

285 4036 694 4105 complectitur,
727 4036 864 4090 sicut
912 4046 967 4091 et
1012 4037 1234 4092 Paschae
1265 4037 1544 4092 festivitas.
1576 4040 1716 4109 Ergo
1745 4040 1866 4108 quia

283 4127 527 4191 dixerat,
556 4141 660 4180 non
685 4127 917 4180 ascendo
960 4126 1026 4181 ad
1063 4127 1204 4182 diem
1255 4127 1448 4182 festum
1491 4128 1656 4194 hunc,
1687 4130 1870 4200 utique

287 4218 356 4270 ad
378 4217 522 4271 diem
553 4215 742 4270 festum
779 4218 970 4285 ipsum,
1005 4219 1142 4272 sicut
1173 4219 1516 4289 praedixerat,
1544 4236 1650 4274 non
1681 4235 1872 4275 ascen-

289 4310 392 4361 dit.
419 4307 548 4361 Nam
580 4315 634 4362 et
654 4309 896 4378 sequitur
917 4307 970 4362 in
996 4309 1324 4380 Evangelio:
1355 4310 1479 4366 llaec
1503 4327 1625 4383 cum
1649 4313 1892 4380 dixisset,

291 4399 434 4469 ipse,
465 4399 565 4452 hoc
589 4408 693 4465 est,
717 4400 985 4468 Salvator,
1018 4401 1217 4456 mansit
1244 4401 1296 4455 in
1319 4401 1568 4468 Galilaa;
1601 4413 1656 4458 ut
1677 4404 1872 4459 intelli-

1944 1847 2135 1902 deatur
2163 1854 2344 1901 ortum
2365 1860 2487 1901 esse
2510 1844 2876 1909 mendacium;
2908 1854 2964 1898 ut
2993 1845 3131 1898 sicut
3157 1845 3300 1899 Deus
3329 1844 3519 1899 Filium

1945 1939 2227 1993 veritatem
2257 1937 2463 2008 genuit,
2495 1937 2563 1990 ita
2592 1943 2647 1990 et
2673 1935 2922 1991 diabolus
2948 1936 3123 1990 ﬁlium
3153 1937 3399 2006 genuerit
3423 1937 3522 1992 lal-

1944 2033 2180 2085 sitatem.

2018 2122 2124 2177 Int.
2164 2121 2442 2190 Quomodo
2468 2120 2835 2191 accipiendum
2867 2129 2947 2175 est
2990 2120 3118 2174 illud
3133 2127 3256 2190 'quo
3284 2120 3479 2176 dicitur
3505 2139 3518 2174 :

1948 2216 2206 2270 Abraham
2237 2225 2382 2284 pater
2410 2223 2570 2267 vester
2593 2213 2861 2267 exsultavit
2879 2221 2932 2264 ut
2954 2211 3143 2264 videret
3167 2213 3300 2265 diem
3330 2228 3520 2280 meum,

1948 2318 1996 2360 et
2026 2309 2170 2371 vidit,
2205 2315 2250 2360 et
2277 2307 2481 2376 gavisus
2503 2315 2574 2358 est
2608 2304 2788 2374 (Joan.
2819 2318 2934 2368 vni,
2964 2303 3099 2371 56)?

2023 2396 2180 2466 Resp.
2205 2396 2488 2464 Propheta!
2520 2394 2762 2448 videntes
2780 2393 3188 2462 appellabantur
3219 2392 3262 2462 (Ι
3287 2393 3416 2464 Reg.
3439 2409 3524 2456 ιι,

1951 2488 2029 2560 9),
2075 2488 2196 2544 ideo
2244 2486 2384 2557 quod
2415 2486 2471 2541 S.
2505 2485 2736 2554 Spiritus
2769 2497 2992 2538 munere
3034 2497 3097 2536 ea
3145 2499 3264 2551 quae
3318 2483 3530 2537 caeteris

1952 2590 2101 2636 erant
2135 2581 2339 2642 clausa,
2370 2576 2525 2646 quasi
2556 2574 2762 2629 conscii
2793 2574 3089 2628 futurorum
3113 2573 3404 2638 videbant;
3449 2575 3532 2628 in-

1954 2682 2034 2726 ter
2055 2685 2190 2740 quos
2217 2678 2271 2724 et
2298 2667 2570 2722 Abraham
2599 2666 2871 2720 Christum
2902 2665 3032 2719 vidit
3065 2665 3117 2718 in
3146 2666 3361 2733 spiritu.

2026 2759 2132 2814 Int.
2167 2759 2370 2814 Dicitur
2395 2759 2446 2812 in
2477 2757 2806 2825 Evangelio:
2859 2755 3062 2812 Scimus
3099 2757 3219 2825 quia
3242 2765 3532 2832 peccatores

1960 2850 2096 2904 Deus
2114 2867 2212 2904 non
2240 2849 2452 2903 exaudit
2471 2847 2648 2915 (Joan.
2679 2862 2760 2912 ιιι,
2785 2847 3258 2915 31),et'quomodo
3289 2847 3534 2902 Salvator

1958 2942 2010 2996 in
2025 2944 2128 2996 alio
2147 2943 2266 2996 loco
2283 2941 2430 2995 dicit:
2455 2939 2634 2994 Omnis
2648 2941 2735 3007 qui
2748 2941 2887 3008 petit,
2904 2939 3086 3008 accipit
3108 2938 3322 3008 (Matth.
3338 2956 3434 3004 vn,
3450 2939 3535 3010 8)?

2033 3037 2188 3106 Resp.
2217 3035 2350 3090 Sunt
2377 3035 2464 3103 qui
2497 3049 2566 3088 ex
2597 3031 2700 3086 hoc
2728 3032 2848 3086 loco
2881 3032 2950 3084 ita
2996 3031 3266 3086 sentiunt:
3299 3031 3422 3098 Ille,
3452 3035 3535 3086 in-

1959 3129 2172 3198 quinnt,
2204 3125 2294 3195 qui
2319 3125 2454 3178 dixit
2482 3133 2792 3192 peccatores
2816 3136 2922 3175 non
2954 3121 3198 3175 exaudiri
3224 3137 3398 3176 caicus
3423 3122 3537 3176 tneo

1961 3227 2062 3283 rat,
2095 3225 2151 3272 et
2179 3217 2388 3286 plenam
2410 3214 2587 3268 adhuc
2602 3213 2751 3282 quasi
2775 3210 2952 3266 infuso
2973 3211 3199 3281 collyrio
3222 3211 3406 3266 videre
3433 3228 3538 3266 non

1961 3317 2171 3378 poterat
2195 3307 2494 3361 veritatem.
2531 3303 2749 3359 Certum
2778 3310 2862 3356 est
2887 3311 3064 3356 autem
3095 3302 3289 3356 divina:
3332 3304 3542 3357 miseri-

1961 3401 2160 3454 cordia:
2187 3413 2373 3452 aurem
2405 3408 2590 3466 patere
2623 3396 2980 3464 pulsantibus.
3016 3395 3194 3448 Potest
3239 3405 3294 3450 et
3324 3395 3425 3449 hac
3456 3411 3544 3449 ra-

1967 3492 2111 3545 tione
2137 3490 2362 3559 intelligi
2390 3489 2662 3559 quomodo
2694 3489 2834 3542 Deus
2868 3503 2974 3541 non
3009 3487 3261 3541 exaudiat
3297 3499 3544 3555 peccato-

1964 3597 2073 3644 res,
2125 3591 2181 3635 ut
2225 3581 2388 3634 etiam
2430 3579 2477 3633 si
2505 3578 2862 3632 exaudiantur
2889 3579 2954 3630 ad
2985 3577 3376 3646 impetrandam
3420 3594 3544 3647 pro-

1966 3674 2138 3741 prium
2159 3671 2416 3734 salutem,
2449 3683 2552 3721 non
2579 3668 2939 3721 exaudiantur
2969 3668 3020 3720 in
3045 3669 3234 3735 signis.

2039 3760 2146 3813 Int.
2182 3761 2320 3813 Deus
2353 3769 2405 3812 et
2441 3757 2689 3812 Salvator
2728 3755 2856 3825 quid
2885 3764 2966 3809 est
2993 3757 3136 3824 quod
3168 3758 3220 3813 in
3255 3757 3545 3826 Evangelio

1968 3853 2193 3910 Joannis
2214 3850 2374 3906 dicit:
2411 3847 2474 3902 In
2493 3848 2752 3920 judicium
2775 3864 2868 3917 ego
2899 3848 2951 3900 in
2973 3847 3108 3899 hunc
3138 3847 3382 3901 mundum
3409 3851 3541 3916 veni,

1972 3955 2025 3998 ut
2054 3944 2141 4014 qui
2192 3959 2293 3996 non
2324 3941 2496 3994 vident
2553 3939 2792 4004 videant,
2830 3949 2876 3992 et
2916 3939 3004 4008 qui
3047 3938 3216 3993 vident
3255 3941 3375 3993 ι·ωεὶ
3421 3941 3548 4008 ﬁunt

1974 4035 2154 4105 (Joan.
2187 4050 2262 4098 ιιι,
2281 4030 2416 4102 59)ἲ

2045 4128 2204 4197 Resp.
2236 4125 2352 4179 Non
2386 4123 2605 4177 minima
2635 4122 2886 4191 qumstio,
2928 4121 3022 4177 sed
3055 4137 3152 4177 nos
3179 4123 3421 4178 breviter
3452 4139 3552 4194 pro

1975 4221 2295 4274 necessitate
2325 4217 2450 4286 quid
2480 4216 2568 4270 hic
2605 4215 2889 4270 doctorum
2920 4216 3100 4285 opinio
3145 4216 3340 4272 habeat
3370 4218 3551 4287 prote-

1975 4324 2178 4366 remus.
2205 4307 2273 4364 Ut
2293 4307 2384 4378 qui
2407 4321 2514 4361 non
2538 4306 2724 4372 vident
2754 4306 2990 4372 videant,
3015 4313 3070 4360 et
3099 4307 3188 4376 qui
3213 4307 3399 4361 vident
3424 4309 3552 4363 eieci

1978 4402 2140 4456 ﬁant:
2169 4399 2220 4454 id
2253 4407 2356 4465 est,
2381 4407 2440 4452 ut
2469 4398 2519 4450 hi
2549 4396 2638 4466 qui
2666 4411 2726 4451 se
2777 4411 2884 4450 non
2915 4395 3096 4450 videre
3126 4396 3450 4451 conﬁtentur
3501 4405 3558 4453 et

288 4506 485 4559 gamus
515 4491 566 4543 in
597 4505 658 4544 ea
688 4491 903 4559 quidem
933 4493 1272 4546 solemnitate
1291 4534 1308 4560 ,
1341 4493 1436 4550 sed
1477 4511 1582 4550 non
1623 4498 1870 4552 eumdem
1899 4470 1952 4529 Β
1981 4493 2246 4549 medicum
2295 4499 2562 4559 quaerunt,
2590 4487 2847 4554 videant;
2897 4487 2954 4541 hi
2993 4503 3124 4544 vero
3149 4490 3242 4560 qui
3279 4504 3341 4546 se
3371 4499 3558 4559 putant

291 4586 439 4638 diem
462 4583 647 4649 fuisse,
671 4583 739 4637 de
761 4598 861 4653 qua
879 4593 1062 4652 postea
1089 4586 1372 4639 scribitur:
1395 4586 1464 4641 Ut
1488 4596 1664 4641 autem
1684 4605 1874 4644 ascen-

293 4678 494 4731 derunt
525 4675 714 4730 fratres
740 4675 876 4745 ejus,
926 4688 1053 4731 tunc
1093 4688 1145 4731 et
1190 4678 1303 4747 ipse
1351 4680 1594 4734 ascendit
1626 4681 1690 4735 ad
1729 4682 1872 4736 diem

296 4769 518 4822 festum.
548 4767 731 4822 Potest
757 4779 808 4822 et
833 4768 1058 4838 ﬁgurate
1081 4768 1306 4838 intelligi
1335 4769 1421 4824 hic
1443 4771 1558 4825 dies
1589 4770 1776 4835 festus,
1806 4773 1872 4826 ad

293 4875 457 4926 quem
486 4859 735 4913 Salvator
749 4875 810 4915 se
829 4877 934 4914 non
959 4874 1305 4915 ascensurum
1327 4877 1447 4917 esse
1472 4864 1746 4932 professus
1769 4874 1872 4931 est,

296 4961 355 5005 ut
378 4952 431 5005 in
463 4966 523 5005 se
567 4951 876 5005 mutandam
905 4950 1246 5006 festivitatem
1279 4952 1516 5007 doceret.

370 5041 480 5096 Ini.
516 5044 754 5108 Qualiter
780 5043 1120 5098 sentiendum
1150 5053 1231 5098 est
1263 5046 1331 5098 de
1375 5043 1495 5098 loco
1544 5044 1658 5109 illo,
1692 5045 1742 5098 in
1772 5059 1879 5112 quo

297 5136 366 5190 de
393 5136 521 5190 Jesu
548 5135 764 5193 Christo
811 5135 1094 5190 Salvatore
1144 5145 1330 5192 nostro
1380 5135 1666 5189 scribitur:
1714 5134 1881 5189 Nemo

299 5231 437 5283 misit
474 5230 530 5282 in
567 5243 679 5283 eum
706 5245 918 5297 manus,
949 5229 1069 5298 quia
1115 5230 1342 5282 nondum
1381 5239 1586 5283 venerat
1617 5229 1744 5284 hora
1771 5233 1882 5301 ejus

304 5316 482 5388 (Joan.
515 5334 609 5380 vn,
641 5314 766 5387 '50)?

374 5407 533 5479 Resp.
581 5409 720 5464 Hora
747 5411 862 5464 haec
892 5424 996 5464 non
1027 5410 1323 5465 secundum
1353 5409 1764 5465 mathematicos
1794 5411 1879 5465 in—

302 5504 595 5574 telligenda
620 5514 721 5568 est,
749 5505 842 5560 sed
874 5505 1048 5574 potius
1070 5505 1198 5558 hora
1237 5504 1327 5559 illa
1355 5520 1458 5574 qua
1483 5506 1595 5574 ipse
1616 5505 1881 5575 crucifigi,

305 5608 409 5662 qua
438 5593 551 5663 ipse
583 5597 688 5664 pati
718 5594 918 5662 vellet;
949 5605 1003 5651 et
1035 5595 1158 5650 ideo
1200 5595 1436 5649 nondum
1483 5607 1701 5650 venerat
1752 5595 1883 5650 hora

305 5686 444 5755 ejus,
467 5686 588 5756 quia
613 5687 850 5743 nondum
878 5690 1128 5745 universa
1153 5684 1476 5756 perfecerat,
1495 5689 1617 5754 quia
1645 5688 1883 5742 nondum

1978 4585 2165 4640 videre
2211 4592 2263 4637 et
2293 4581 2562 4635 medicum
2594 4593 2699 4633 non
2741 4581 3022 4649 requirunt
3075 4579 3128 4634 in
3173 4596 3268 4635 sua
3315 4582 3558 4636 ca'citate

1983 4683 2356 4747 permaneant.
2381 4672 2568 4742 Itaque
2587 4671 2638 4725 in
2666 4671 2769 4726 hoc
2791 4671 3052 4740 judicium
3074 4672 3290 4728 venisse
3313 4688 3374 4728 se
3399 4673 3555 4739 dixit,

1983 4785 2089 4839 quo
2109 4769 2442 4832 discerneret
2463 4780 2681 4820 causam
2701 4764 3037 4820 credentium
3063 4773 3118 4820 et
3132 4765 3554 4822 ineredulorum.

1984 4860 2123 4930 Ergo
2148 4867 2212 4912 ut
2238 4859 2331 4928 qui
2375 4873 2481 4912 non
2531 4856 2722 4911 vident
2747 4857 2986 4924 videant,
3029 4865 3208 4926 potest
3235 4857 3458 4926 intelligi
3490 4861 3558 4915 de

1979 4950 2232 5020 gentibus
2259 4950 2349 5018 qui
2382 4948 2548 5002 visuri
2593 4957 2752 5003 erant
2777 4963 2872 5016 per
2917 4948 3103 5012 ﬁdem;
3155 4957 3211 5002 et
3256 4949 3346 5017 qui
3376 4949 3560 5004 vident

1982 5044 2112 5099 ea-ci
2143 5044 2290 5108 ﬁant,
2333 5040 2506 5110 accipi
2535 5042 2602 5096 de
2624 5041 2824 5095 Judaiis
2856 5049 3052 5111 potest,
3080 5040 3171 5110 qui
3217 5041 3559 5097 caecabantur

1981 5152 2080 5206 per
2103 5134 2370 5205 prepriam
2404 5133 2793 5188 inﬁdelitatem.

2059 5228 2166 5282 lnt.
2193 5225 2476 5295 Quomodo
2503 5224 2751 5279 Salvator
2779 5222 3048 5292 loquitur:
3101 5220 3257 5276 Pater
3296 5224 3462 5292 major
3486 5241 3566 5278 me

1986 5327 2060 5372 est
2094 5316 2274 5388 (Joan.
2321 5315 2557 5384 x1v,28),
2585 5323 2639 5368 et
2667 5312 2776 5367 alio
2817 5312 2935 5368 loco
2965 5311 3131 5366 dicit:
3178 5309 3291 5383 Ego
3321 5321 3367 5366 et
3406 5312 3566 5366 Pater

1990 5426 2148 5466 unum
2177 5424 2349 5463 sumus
2376 5406 2561 5477 (Joan.
2603 5422 2657 5473 ι,
2686 5405 2774 5474 50)
2798 5404 2820 5457 ?

2063 5505 2218 5573 Resp.
2267 5502 2526 5558 Dominus
2577 5501 2733 5556 Jesus
2783 5500 2854 5554 ita
2904 5513 3062 5553 verus
3117 5497 3279 5554 homo
3323 5509 3380 5555 ut
3407 5515 3567 5556 verus

1994 5595 2165 5658 Dens,
2197 5595 2265 5648 de
2291 5594 2450 5648 Patre
2480 5593 2588 5647 Deo
2620 5592 2785 5659 Deus,
2835 5592 2902 5647 de
2929 5599 3101 5645 matre
3133 5591 3349 5646 homine
3375 5591 3566 5658 homo,

1997 5686 2126 5740 illud
2151 5684 2445 5741 secundum
2478 5685 2766 5750 hominem,
2801 5685 2900 5741 hoc
2943 5683 3235 5739 secundum
3289 5687 3452 5740 Deum
3481 5685 3568 5739 lo-
