3932 6170
469 237 570 293 803

1454 227 1511 283 S.
1555 223 1874 284 EUCHERII
1914 221 2384 284 LUGDUNENSIS
2427 224 2728 286 EPISCON

3621 241 3721 300 ΒΜ

467 357 625 404 cutus
647 342 1075 400 crediturJuxta
1097 353 1252 410 quam
1278 338 1540 394 rationem
1565 340 1858 394 divinitatis
1878 346 2037 408 atque
2066 341 2113 398 Α
2142 341 2378 397 moritur.
2429 342 2566 398 Nam
2617 361 2710 415 pro
2752 344 2882 400 bona
2928 345 3146 414 forsitan
3200 365 3313 420 qms
3357 353 3547 406 amicat
3595 357 3719 412 mori

467 438 836 503 humanitatis,
869 436 1028 490 etiam
1056 433 1110 486 in
1145 429 1366 500 reliquis
1396 445 1514 498 quae
1538 438 1641 498 aut
1680 431 2038 500 mqualitatem

468 544 586 584 cum
632 529 811 590 Patre,
842 533 932 578 aut
959 522 1315 577 humilitatem
1363 520 1480 591 ejus
1529 530 1741 586 sonant,
1774 520 1928 575 facile
1959 521 2039 574 in-

467 620 712 674 tellectus
741 617 962 686 patebit.

535 709 644 763 Int.
677 709 813 775 Quid
846 707 1085 778 mysterii
1113 707 1352 762 continet
1371 706 1523 760 locus
1552 705 1642 760 ille
1671 704 1758 760 ubi
1782 703 2038 761 Dominus

464 803 628 873 pedes
654 801 1036 870 discipulorum
1067 799 1198 854 lavit
1223 797 1402 869 (Joan.
1437 813 1552 863 xm,
1580 797 1681 868 5)?

538 895 692 966 Resp.
733 895 788 948 In
836 895 956 949 loco
997 893 1093 947 illo
1124 893 1468 948 maledictum
1515 893 1751 948 calcanei
1785 892 2036 960 diluitur,

464 985 606 1052 quod
630 983 846 1037 diabolo
868 980 1146 1036 incentoré
1171 983 1367 1036 anima:
1399 989 1597 1036 nostra:
1618 997 1831 1052 gressus
1863 983 2041 1036 incur-

465 1075 658 1130 rebant
680 1074 831 1144 (Gen.
863 1089 943 1143 Ill,
975 1073 1082 1140 l5).
1112 1073 1291 1127 Primo
1321 1073 1466 1127 enim
1503 1073 1774 1127 morsibus
1801 1074 1918 1142 ejus
1945 1089 2041 1128 no-

467 1173 636 1218 strum
682 1164 897 1232 patebat
939 1164 1272 1217 calcaneum.
1322 1160 1492 1217 Porro
1535 1177 1653 1217 cum
1685 1163 1882 1218 dictum
1914 1173 2036 1219 est:

468 1253 601 1308 Ecce
625 1255 742 1307 dedi
781 1255 917 1307 vobis
949 1261 1245 1320 potestatem
1280 1253 1515 1306 caicandi
1542 1270 1694 1324 super
1717 1265 1972 1323 serpentes
1993 1265 2040 1308 et

468 1347 757 1414 scorpiones
776 1343 924 1414 (Luc.
948 1359 1001 1406 x,
1022 1342 1132 1410 19),
1153 1340 1488 1397 maledictum
1511 1343 1639 1397 illud
1657 1344 1916 1399 abolitum
1937 1352 2037 1400 est.

881 1493 932 1532 IN
971 1493 1222 1532 EPISTOLA
1259 1493 1326 1532 AD
1365 1492 1625 1532 ROMANOS.

538 1610 645 1664 lnt.
679 1609 855 1681 (Rom.
903 1624 980 1673 Ill,
1013 1607 1108 1679 5).
1145 1607 1272 1675 Qua:
1321 1608 1669 1678 intelligentia
1701 1617 1786 1663 est
1821 1610 2038 1679 capituli

2146 431 2323 503 (Rom.
2347 449 2399 498 v,
2422 434 2476 506 6)
2501 435 2522 489 7

2217 523 2373 595 Resp.
2409 525 2520 580 Hoc
2540 535 2621 581 est
2647 528 2786 597 quod
2833 530 2947 585 vult
2978 530 3240 603 intelligi:
3273 533 3368 590 Illa
3417 552 3512 606 pro
3543 538 3716 606 impiis

2143 623 2388 668 mortuus
2410 625 2511 679 est.
2531 632 2652 672 cum
2676 620 2760 672 vix
2786 620 3068 692 quisquam
3097 624 3397 692 reperiatur
3420 629 3560 683 mori
3586 631 3719 684 Velle

2143 719 2238 773 pro
2262 705 2431 773 justo.
2462 707 2593 762 Nam
2626 725 2723 778 pro
2749 710 2922 780 bono,
2965 713 3018 767 id
3065 724 3148 769 est
3196 715 3413 771 Christo
3437 760 3452 784 ,
3497 715 3719 776 forsitan

2141 796 2334 866 aliquis
2366 801 2500 852 mori
2531 801 2745 856 audeat.
2779 804 2874 859 llic
2903 805 3064 860 etiam
3097 807 3165 862 de
3201 822 3258 864 se
3303 812 3611 868 verecunde
3639 767 3746 898 ἰπὶ-ί

2143 886 2328 944 dicatis
2352 890 2493 960 quod
2525 908 2621 961 pro
2644 893 2860 949 Christo
2887 897 3024 950 mori
3065 898 3254 965 possit.
3297 900 3362 955 Et
3391 901 3586 959 aliter:
3627 886 3736 958 Vix:

2141 979 2284 1032 enim
2317 995 2414 1049 pro
2448 981 2595 1049 justo
2626 985 2744 1052 quis
2775 984 3025 1040 moritur.
3059 987 3116 1041 ln
3145 991 3312 1044 veteri
3343 990 3487 1061 lege,
3524 993 3578 1046 in
3622 1008 3723 1062 qua

2133 1062 2226 1120 'est
2267 1083 2364 1138 pro
2409 1071 2785 1126 mandatorum
2831 1076 3123 1131 severitate
3154 1077 3386 1147 justitia,
3437 1083 3528 1135 vix
3574 1086 3722 1150 pauci

2143 1169 2409 1230 martyres
2435 1172 2556 1216 sunt
2581 1166 2778 1234 reperti
2805 1183 2818 1220 :
2865 1167 2917 1221 in
2948 1182 3088 1230 novo
3112 1179 3292 1225 autem
3332 1173 3721 1243 instrumento,

2143 1247 2195 1302 in
2217 1265 2324 1317 quo
2346 1261 2429 1305 est
2452 1268 2548 1321 pro
2576 1254 2775 1324 pietate
2797 1267 3190 1329 praceptorum
3219 1262 3452 1332 bonitas,
3481 1266 3724 1322 innume-

2144 1339 2342 1394 rabiles
2369 1354 2633 1415 martyres
2659 1348 3009 1404 exstiterunt.

2214 1429 2323 1486 Int.
2355 1436 2642 1502 Apostolus
2657 1437 2864 1496 dicitde
2887 1441 2998 1496 Deo
3024 1443 3216 1500 Patre:
3245 1445 3352 1501 Sed
3373 1465 3468 1519 pro
3489 1452 3722 1506 omnibus

2144 1525 2285 1577 nobis
2315 1527 2526 1580 tradidit
2568 1529 2716 1584 illum
2741 1532 2920 1601 (Rom.
2963 1551 3078 1603 vm,
3111 1535 3226 1608 52),
3278 1540 3329 1595 id
3362 1551 3468 1612 cst,
3499 1543 3722 1599 Filium:

2143 1615 2270 1684 quid
2303 1619 2356 1671 in
2385 1617 2484 1672 hoc
2505 1621 2814 1690 signiﬁcat?

467 1701 609 1755 illius
633 1716 737 1769 quo
767 1699 1055 1769 Apostolus
1087 1701 1334 1767 proponit
1379 1698 1565 1754 dicens
1591 1715 1604 1752 :
1657 1699 1719 1754 Si
1743 1709 1913 1753 autem
1941 1703 2039 1755 ini—
2069 1704 2114 1764 Β
2211 1705 2368 1778 Resp.
2399 1707 2693 1766 Traditioni
2714 1716 3004 1784 acquievit.
3032 1717 3088 1772 In
3110 1720 3281 1775 sacris
3305 1705 3542 1794 namque
3574 1724 3722 1780 libris

466 1797 636 1863 quitas
662 1803 838 1847 nostra
852 1795 1113 1864 justitiam
1139 1795 1234 1846 Dei
1260 1794 1602 1858 commendat,
1624 1795 1747 1864 quid
1777 1795 2041 1848 dicemus?

469 1884 733 1952 Numquid
762 1885 960 1951 iniquus
986 1883 1118 1935 Deus
1135 1893 1208 1936 est
1229 1883 1315 1951 qui
1343 1884 1499 1954 infert
1523 1884 1692 1937 iram?
1716 1883 2040 1951 (Secundum

465 1977 717 2029 hominem
733 1974 892 2044 dico.)
910 1975 1068 2028 Absit.
1087 1975 1593 2044 Alioquinquomodo
1607 1975 1866 2046 judicabit
1905 1977 2039 2029 Deus

465 2066 600 2119 hunc
629 2067 917 2120 mundum?
948 2066 1007 2120 Si
1037 2067 1172 2119 enim
1201 2067 1383 2119 veritas
1415 2065 1507 2118 Dei
1551 2067 1604 2119 in
1631 2083 1742 2120 meo
1776 2067 2036 2120 mendacio

464 2155 740 2210 abundavit
768 2157 820 2209 in
859 2157 1075 2227 gloriam
1122 2156 1303 2225 ipsius,
1351 2157 1475 2226 quid
1517 2157 1686 2210 adhuc
1711 2166 1755 2210 et
1785 2173 1874 2226 ego
1902 2166 2036 2210 tam-

461 2265 612 2316 quam
639 2257 874 2316 peccator
888 2247 1112 2316 judicor,
1144 2257 1190 2300 ct
1214 2265 1312 2301 non
1345 2248 1514 2319 (sicut
1537 2248 1965 2318 blasphemamur,
1991 2259 2036 2303 et

462 2342 587 2393 sicut
632 2342 774 2392 aiunt
821 2341 1029 2405 quidam
1085 2357 1179 2393 nos
1231 2341 1721 2410 dicere){aciamus
1771 2342 1929 2407 mala,
1980 2350 2035 2394 ut

462 2431 691 2484 eveniant
715 2430 847 2482 bona
869 2446 887 2482 :
918 2445 1133 2499 quorum
1163 2431 1424 2484 damnatio
1444 2433 1592 2501 justa
1629 2442 1722 2486 est.

539 2520 688 2590 Resp.
723 2521 1150 2573 Obscurissimus
1181 2531 1340 2589 atque
1379 2524 1664 2591 perplexus
1695 2524 1746 2577 in
1781 2525 2035 2593 Apostolo

462 2612 640 2676 locus,
691 2621 745 2666 et
797 2611 980 2665 multis
1011 2613 1075 2666 ad
1105 2611 1501 2668 discutiendum
1548 2615 2035 2686 proferemlutnque

459 2719 676 2759 sensum
709 2703 888 2757 verbis
920 2703 1199 2773 indigens;
1251 2705 1405 2759 nobis
1449 2715 1624 2760 tamen
1675 2723 1770 2776 pro
1817 2707 2034 2762 festina-

461 2794 608 2848 tione
636 2795 902 2848 sermonis
933 2795 1239 2848 arctandus.
1271 2795 1488 2850 Dixerat
1518 2812 1710 2868 supra:
1739 2798 1833 2852 Est
1855 2810 2034 2854 autem

463 2888 602 2942 Deus
624 2900 806 2953 verax,
833 2886 1008 2941 omnis
1057 2897 1234 2940 autem
1269 2888 1428 2942 homo
1457 2891 1706 2956 mendax,
1738 2891 1878 2945 sicut
1903 2890 2036 2944 scri-

459 2986 604 3046 ptum
635 2987 756 3033 est:
794 2977 860 3032 Ut
883 2978 1192 3046 justificeris
1219 2979 1272 3032 in
1304 2981 1643 3036 sermonibus
1676 2983 1800 3048 tuis,
1825 2993 1878 3037 et
1907 2983 2024 3034 vin-

2142 1796 2319 1856 facere
2348 1801 2614 1858 interdum
2645 1805 2788 1861 Deus
2810 1807 3026 1875 dicitur,
3055 1811 3106 1864 in
3139 1813 3332 1882 quibus
3362 1814 3631 1872 faciendis
3653 1821 3723 1871 vi-

2141 1891 2299 1945 detur
2320 1902 2578 1962 prcestare
2599 1899 2931 1965 patientiam.
2951 1901 3068 1956 Alia
3093 1904 3291 1974 quippe
3314 1919 3438 1962 sunt
3463 1923 3585 1976 qua:
3611 1909 3721 1964 fieri

2143 1980 2282 2036 Deus
2309 1984 2441 2050 vult,
2467 1985 2570 2039 alia
2599 2002 2719 2056 qua:
2764 1990 2877 2044 fieri
2926 1993 3073 2046 sinit.
3107 1992 3230 2048 Vult
3264 2010 3392 2066 ergo
3436 1998 3558 2052 ﬁeri
3582 2000 3722 2068 quod

2142 2069 2275 2125 facta
2301 2084 2589 2142 appareant
2615 2091 2735 2132 esse
2766 2080 3008 2135 meliora.
3043 2082 3112 2136 At
3141 2099 3270 2138 vero
3294 2084 3570 2141 deteriora
3603 2104 3722 2157 per-

2139 2163 2323 2230 mitit,
2355 2173 2413 2218 ut
2449 2165 2666 2223 libertas
2695 2168 2910 2225 humani
2952 2182 3162 2228 constet
3189 2176 3398 2231 arbitrii
3428 2177 3483 2232 in
3508 2197 3614 2250 qua
3637 2167 3742 2240 aro.

2139 2257 2283 2313 bitrii
2310 2259 2560 2317 libertate
2594 2263 2858 2320 bonorum
2892 2269 3230 2324 malorumve
3254 2277 3620 2332 sectatoribus
3645 2279 3722 2334 di-

2139 2352 2263 2404 vino
2286 2351 2492 2421 judicio
2521 2356 2841 2412 cxhibeatur
2862 2361 3147 2415 retributio
3169 2362 3317 2431 justa
3343 2368 3688 2425 meritorum.

2209 2441 2316 2497 Int.
2343 2444 2398 2498 In
2429 2445 2526 2499 hac
2553 2446 2740 2501 eadem
2775 2449 3014 2518 Epistola
3037 2452 3163 2521 quid
3194 2453 3608 2524 intelligendum
3641 2472 3722 2516 est

2136 2532 2205 2588 de
2254 2533 2356 2587 hcc
2385 2534 2527 2604 quod
2559 2535 2812 2605 legimus:
2856 2539 2980 2606 Quis
3027 2543 3288 2596 accusabit
3339 2544 3528 2601 electos
3581 2549 3723 2606 Dei?

2138 2620 2274 2676 Deus
2302 2625 2390 2694 qui
2418 2626 2699 2695 justiﬁcat.
2736 2628 2863 2692 Quis
2893 2641 2964 2684 est
2993 2633 3079 2700 qui
3102 2634 3450 2692 condemnet?
3480 2637 3718 2696 Christus

2135 2711 2287 2766 Iesus
2308 2715 2396 2783 qui
2425 2725 2653 2768 mortuus
2681 2729 2770 2782 est,
2803 2719 2952 2774 immo
2980 2722 3068 2791 qui
3104 2727 3400 2791 resurrexit,
3439 2731 3628 2796 quiest
3651 2734 3717 2784 ad

2136 2802 2396 2857 dexteram
2428 2805 2544 2872 Dei,
2591 2809 2678 2876 qui
2717 2811 2870 2864 etiam
2909 2813 3200 2884 interpel.’at
3232 2831 3327 2885 pro
3366 2821 3512 2874 nobis
3535 2822 3717 2892 (Rom.

2135 2909 2250 2957 vui,
2291 2895 2404 2965 55).

2211 2985 2365 3058 Resp.
2414 2987 2541 3043 limo
2588 2991 2640 3044 in
2671 2991 2862 3061 quibus
2893 2995 2998 3050 sibi
3044 2997 3158 3067 ipse
3212 3003 3514 3073 respondit,
3565 3007 3720 3075 quasi

456 3082 547 3121 cas
573 3082 694 3121 cum
720 3068 996 3136 judicaris.
1023 3068 1139 3122 Jam
1173 3070 1338 3124 etiam
1377 3071 1598 3139 adjicit:
1630 3073 1684 3128 Si
1717 3086 1896 3129 autem
1931 3078 2027 3130 ini-
2057 3067 2102 3128 C
2137 3081 2428 3156 εἰρωνεικῶς
2459 3082 2702 3152 legenda.
2732 3086 2797 3139 Et
2820 3098 2902 3141 est
2927 3103 3118 3144 sensus
3144 3092 3274 3149 iste:
3302 3094 3416 3149 Nisi
3436 3095 3582 3151 forte
3609 3099 3721 3152 ele-

457 3159 631 3224 quitas
680 3169 863 3212 nostra
903 3160 1167 3227 justitiam
1210 3161 1304 3216 Dei
1334 3165 1698 3228 commendat,
1730 3166 1860 3235 quid
1887 3168 2031 3223 dicc-

457 3249 624 3302 mus?
678 3249 774 3302 Hic
829 3248 896 3302 de
951 3251 1271 3306 testimoniis
1323 3267 1443 3320 qua:
1505 3269 1666 3322 supra
1734 3269 2024 3325 posuerat,

459 3350 768 3394 nascentem
841 3340 1098 3394 cventilat
1171 3343 1569 3412 quaestionem,
1626 3354 1680 3400 et
1737 3347 2023 3417 adjungit:

457 3431 722 3500 Numquid
755 3430 967 3499 iniquus
1015 3431 1154 3484 Deus
1184 3432 1280 3500 qui
1328 3431 1429 3487 fert
1474 3433 1631 3500 iram,
1660 3435 1711 3489 id
1747 3447 1824 3491 est
1856 3439 2030 3493 vindi-

453 3523 638 3578 ctam?
666 3521 973 3576 Secundum
1007 3521 1273 3576 hominem
1293 3522 1436 3587 dico,
1470 3523 1574 3578 hoc
1599 3533 1700 3592 est,
1733 3529 2025 3582 secundum

462 3617 746 3670 humanam
777 3614 1161 3681 elocutionem,
1212 3615 1354 3683 quod
1391 3617 1539 3685 quasi
1589 3618 1826 3688 iniquum
1862 3621 2025 3675 Deum

459 3708 842 3776 appellaverat.
873 3705 964 3760 Vel
990 3707 1131 3774 quod
1161 3707 1293 3760 iram
1326 3710 1439 3776 ejus
1471 3708 1701 3776 dixerat,
1729 3711 1883 3780 cujus
1907 3725 2028 3780 pas-

454 3799 537 3852 sio
569 3800 620 3851 in
664 3797 831 3851 Deum
885 3812 991 3850 non
1040 3797 1214 3850 cadat.
1268 3797 1461 3850 Absit:
1497 3799 1597 3852 hoc
1627 3809 1730 3866 est,
1777 3802 1920 3856 absit
1956 3803 2025 3856 ita

455 3890 628 3957 credi,
661 3899 718 3943 ut
759 3890 1000 3958 iniquum
1023 3888 1189 3942 Deum
1217 3903 1340 3944 esse
1370 3889 1646 3946 dicamus:
1693 3896 1802 3963 qui,
1838 3897 1881 3948 si
1914 3898 2028 3950 haec

453 3981 526 4033 ita
553 3989 698 4046 sunt,
734 3978 868 4032 iram
900 3977 1060 4031 infert
1089 3977 1443 4047 delinquenti.
1473 3981 1722 4050 AliOquin
1753 3986 2027 4053 quomodo

451 4071 709 4140 iudicabit
735 4071 876 4123 Deus
907 4070 1183 4134 mundum,
1209 4071 1311 4124 nisi
1355 4086 1563 4126 sutmna
1592 4078 1841 4144 aequitate
1869 4086 2027 4144 atque

449 4160 689 4230 justitia?
714 4159 916 4213 Deinde
939 4159 1210 4226 sequitur:
1239 4159 1295 4214 Si
1321 4164 1460 4214 enim
1492 4165 1687 4217 veritas
1710 4166 1803 4219 Dei
1827 4165 1880 4219 in
1905 4182 2026 4221 meo

449 4250 736 4306 mendacio
780 4249 1069 4304 abundavit
1098 4249 1150 4303 in
1190 4251 1414 4319 gloriam
1459 4253 1649 4322 ipsius.
1692 4255 1758 4310 Et
1807 4257 1908 4310 hoc
1954 4259 2027 4311 ita

451 4343 719 4412 pr0ponit,
753 4350 810 4396 ut
832 4341 1126 4397 refellentis
1156 4341 1247 4407 sit,
1280 4358 1385 4397 non
1414 4346 1793 4412 approbantis:
1826 4349 1945 4418 quia
1979 4350 2022 4403 si

2133 3181 2250 3224 ctos
2280 3186 2409 3226 suos
2437 3184 2527 3227 aut
2573 3174 2712 3229 Deus
2739 3177 2830 3245 qui
2870 3180 3150 3247 justiticat,
3203 3195 3294 3240 aut
3335 3187 3589 3242 Christus
3633 3191 3718 3258 qui

2133 3279 2230 3332 pro
2258 3264 2343 3319 his
2383 3275 2466 3320 est
2507 3276 2770 3333 mortuus,
2799 3271 3202 3331 condemnabit.
3240 3277 3461 3333 Minime
3505 3282 3718 3349 utique.

2132 3355 2219 3423 qui
2245 3355 2404 3408 etiam
2435 3355 2739 3426 interpellat
2770 3375 2866 3426 pro
2907 3363 3086 3417 nobis.
3119 3365 3231 3421 lloc
3253 3377 3338 3422 est
3364 3370 3508 3437 quod
3537 3370 3702 3426 diei:

2131 3443 2298 3498 Nemo
2322 3447 2697 3502 condemnabit.
2719 3450 2937 3506 electos.

2202 3533 2312 3590 Ιι.ι.
2349 3537 2485 3603 Quid
2514 3540 2852 3595 sentiendum
2879 3553 2962 3597 est
2998 3545 3051 3599 in
3075 3545 3177 3601 hoc
3201 3548 3317 3603 loco
3350 3551 3402 3604 in
3433 3567 3540 3619 quo
3565 3555 3718 3624 Apo-

2131 3627 2300 3680 stolus
2324 3629 2560 3698 loquitur
2582 3647 2594 3682 :
2629 3630 2879 3701 Optabam
2908 3637 3042 3689 enim
3067 3655 3159 3707 ego
3183 3640 3293 3707 ipse
3313 3644 3592 3697 anathema
3613 3663 3722 3700 esse

2129 3733 2162 3768 a
2189 3715 2390 3770 Christo
2419 3735 2512 3788 pro
2541 3720 2791 3786 fratribus
2833 3726 2976 3786 meis,
3006 3729 3096 3796 qui
3116 3739 3234 3782 sunt
3259 3735 3464 3801 cognati
3503 3737 3609 3789 mei
3641 3753 3720 3790 se-

2131 3807 2355 3860 cundum
2384 3824 2611 3878 carnem,
2645 3822 2692 3864 et
2721 3813 2919 3883 reliqua
2945 3815 3123 3886 (Rom.
3147 3835 3224 3884 Ix,
3259 3822 3357 3891 5)?

2203 3897 2360 3967 Resp.
2390 3900 2686 3956 Anathema
2733 3903 3023 3968 interdum.
3050 3919 3106 3963 ut
3133 3918 3189 3964 et
3235 3911 3343 3981 hic,
3376 3915 3720 3974 occisionem

2131 3985 2674 4060 interfectionemquc
2699 3993 2982 4063 significat.
3012 3997 3149 4068 Ergo
3167 4001 3253 4054 hic
3275 4005 3575 4071 Apostolus
3594 4024 3721 4077 per-

2133 4081 2212 4136 ire
2244 4093 2394 4152 Optat
2431 4084 2483 4138 in
2513 4102 2700 4150 carne,
2752 4098 2807 4142 ut
2857 4088 2946 4142 alii
2977 4091 3257 4145 salventur
3285 4093 3338 4147 in
3391 4096 3615 4162 Spiritu.
3658 4102 3725 4153 Et

2132 4174 2314 4227 aliter:
2347 4175 2422 4228 Ita
2449 4176 2534 4230 hic
2553 4178 2845 4245 Apostolus
2867 4181 2971 4233 vim
2995 4181 3173 4235 nimia:
3191 4185 3471 4240 charitatis
3493 4205 3723 4259 expres-

2131 4263 2222 4329 sit,
2249 4275 2512 4333 exoptans
2541 4268 2585 4321 si
2618 4268 2732 4322 lieri
2763 4271 2930 4338 possit
2958 4287 2988 4324 a
3029 4272 3247 4328 Christo
3269 4279 3564 4334 anathema
3597 4296 3722 4337 esse

2130 4372 2229 4426 pro
2275 4358 2560 4426 fratribus,
2609 4363 2823 4418 sicutet
2853 4364 3062 4436 Moyses
3090 4369 3179 4436 qui
3223 4385 3344 4425 cum
3379 4388 3476 4440 pro
3517 4378 3720 4446 populo

449 4437 650 4490 veritas
668 4435 760 4490 Dei
790 4434 1072 4490 mendacio
1102 4436 1333 4492 hominis
1363 4437 1608 4508 indiguit,
1642 4455 1741 4495 nec
1771 4453 2020 4511 peccator
2045 4433 2102 4494 Β
2125 4465 2224 4504 suo
2255 4451 2421 4506 De“...
2449 4465 2676 4520 ρειει-ει,
2706 4456 2780 4510 ειη
2806 4474 2817 4508 ε
2869 4433 3136 4526 Et'mmc"
3173 4461 3426 4530 Donum,
3458 4433 3722 4537 “quam

449 4536 721 4598 tamquam
752 4538 1024 4597 peccator,
1055 4528 1400 4598 judicabitur,
1432 4541 1487 4586 et
1517 4549 1634 4601 qua:
1679 4534 2020 4605 blasphema-

447 4619 578 4673 hant
625 4622 678 4673 in
707 4620 980 4689 apostolos
1021 4635 1147 4674 vera
1197 4621 1539 4677 videbuntur.
1571 4624 1712 4694 Ergo
1759 4628 1887 4696 quid
1935 4638 2021 4684 est

445 4708 587 4778 quod
619 4708 792 4762 dicit?
815 4709 882 4762 Et
908 4709 953 4763 si
978 4724 1042 4763 ex
1071 4711 1468 4780 comparatione
1495 4712 1769 4783 injustitize
1808 4717 2016 4786 justitia

445 4801 729 4864 clarescat,
755 4813 859 4853 non
888 4799 1011 4854 ideo
1039 4810 1214 4855 tamen
1249 4803 1408 4858 homo
1433 4805 1660 4874 injustus
1683 4823 1802 4864 esse
1832 4810 2010 4880 debet,

445 4900 504 4944 ut
533 4889 680 4944 Deus
702 4890 879 4958 justus
905 4903 1176 4960 appareat.
1212 4894 1490 4950 Damnatio
1520 4913 1700 4953 eorum
1730 4901 1875 4968 justa
1907 4912 2013 4970 est,

443 4981 537 5051 qui
567 4983 664 5035 nos
691 4979 805 5034 haec
831 4981 1097 5036 affirmant
1118 4983 1315 5039 dicere.
1346 4986 1483 5054 Quid
1513 4989 1726 5045 dicere?
1757 4994 2014 5049 faciamus

445 5074 609 5143 mala,
645 5083 704 5128 ut
739 5073 956 5127 veniant
987 5076 1144 5130 bona.
1207 5078 1536 5135 Putabantur
1576 5096 1753 5138 autem
1787 5087 2015 5154 apostoli

445 5164 584 5222 istud
615 5166 795 5221 dicere
821 5166 962 5234 apud
992 5181 1088 5220 eos
1121 5171 1209 5236 qui
1239 5171 1379 5226 male
1407 5173 1897 5242 interpretabantur
1934 5178 2016 5234 di-

445 5266 584 5312 ctum
617 5258 993 5328 apostolicum,
1031 5260 1155 5314 illud
1187 5264 1403 5330 utique:
1440 5263 1536 5319 Ubi
1581 5269 1853 5322 abundavit
1899 5288 2016 5340 pec-

443 5359 607 5402 catum
630 5348 1062 5417 superabundavit
1091 5353 1254 5420 gratia
1275 5352 1450 5422 (Rom.
1484 5371 1534 5424 ν,
1559 5357 1672 5424 ‘20).

512 5437 618 5492 lnt.
652 5439 788 5505 Quid
821 5440 949 5493 illud
1000 5450 1084 5494 est
1128 5445 1266 5511 quod
1302 5447 1524 5515 legimus
1555 5463 1568 5502 ι
1607 5449 1674 5502 Ut
1722 5453 1847 5521 quid
1883 5454 2015 5506 enim

443 5527 694 5593 Christus,
728 5546 844 5583 cum
872 5531 1044 5586 adhuc
1079 5533 1273 5599 inﬁrmi
1316 5552 1558 5604 essemus,
1592 5544 1868 5595 secundum
1892 5554 2017 5596 tem-

440 5635 538 5686 pus
568 5637 659 5689 pro
700 5623 874 5690 impiis
917 5639 1147 5682 mortuus
1171 5630 1286 5683 est?
1337 5629 1430 5684 Vix
1459 5636 1588 5687 enim
1614 5651 1711 5703 pro
1731 5637 1880 5706 justo
1905 5637 2016 5708 quis

2124 4546 2346 4598 dimittes
2366 4547 2472 4600 illis
2499 4556 2706 4615 peccata
2738 4548 2970 4617 illorum,
3010 4553 3242 4619 dimitte;
3269 4557 3347 4608 sin
3378 4568 3572 4626 autem,
3603 4562 3721 4616 dele

2123 4654 2200 4690 me
2231 4639 2292 4691 de
2316 4638 2445 4691 libro
2472 4648 2557 4692 tuo
2580 4654 2729 4705 quem
2756 4644 3007 4709 scripsisti
3037 4643 3232 4714 (Exod.
3267 4663 3437 4714 xxxtt,
3465 4650 3584 4720 ⁸51).

2190 4728 2298 4783 Int.
2327 4729 2466 4784 Idem
2490 4731 2724 4802 loquitur
2745 4731 2811 4786 de
2836 4732 2947 4788 Deo
2971 4753 2985 4790 :
3015 4733 3154 4806 Ergo
3183 4738 3267 4790 cui
3290 4739 3396 4793 vult
3416 4742 3718 4811 miseretur,

2119 4833 2325 4894 etquem
2344 4823 2448 4877 vult
2471 4824 2678 4876 indurat
2702 4823 2876 4895 (Rom.
2892 4841 2967 4889 rx,
2999 4827 3117 4894 18):
3147 4829 3275 4898 quid
3301 4831 3392 4886 hic
3408 4840 3734 4902 sequemur?

2192 4913 2344 4983 Resp.
2380 4914 2661 4968 lnduratur
2705 4929 2799 4968 cor
2838 4914 2987 4981 Deo,
3032 4916 3161 4971 dum
3208 4920 3495 4977 criminum
3547 4941 3716 4994 penna

2117 5004 2378 5060 differtur.

2190 5093 2295 5149 lnt.
2331 5096 2558 5151 Rursum
2591 5095 2705 5166 ipse
2733 5098 2963 5154 affirmat
2990 5101 3174 5155 dicens
3203 5123 3213 5155 ς
3265 5104 3416 5170 Quod
3451 5113 3719 5179 querebar

2118 5183 2287 5240 Israel
2313 5203 2412 5240 non
2442 5198 2514 5240 est
2545 5198 2878 5242 consecutus:
2908 5191 3084 5245 electio
3113 5203 3282 5248 autent
3307 5209 3582 5253 consecuta
3612 5213 3711 5266 est,

2118 5280 2284 5330 caeteri
2315 5293 2427 5330 vero
2452 5279 2688 5331 exctecati
2713 5290 2827 5333 sunt
2855 5279 3026 5350 (Rom.
3062 5299 3137 5349 xt,
3168 5285 3261 5355 7):
3291 5286 3411 5355 quis
3437 5290 3598 5360 hujus
3635 5294 3714 5347 rei

2119 5383 2306 5422 sensus
2335 5370 2449 5422 est?

2193 5457 2348 5529 Resp.
2379 5459 2493 5512 Non
2525 5461 2646 5528 quia
2676 5461 2817 5516 Deus
2847 5463 3012 5518 ullum
3043 5467 3313 5523 volentem
3338 5472 3582 5541 aspicere
3606 5490 3713 5528 cae—

2121 5550 2280 5602 citate
2306 5551 2598 5616 percutiat:
2631 5553 2751 5620 quia
2781 5569 2972 5617 omnes,
3006 5556 3143 5611 sicut
3171 5559 3441 5629 scribitur,
3467 5564 3571 5616 vult
3603 5565 3714 5616 εςιι-

2121 5660 2207 5698 eos
2232 5642 2344 5712 ﬁeri
2371 5639 2423 5714 (ι
2455 5639 2588 5694 Tim.
2618 5656 2676 5708 ll,
2705 5641 2760 5714 ι)
2788 5661 2801 5696 :
2835 5645 2928 5702 sed
2957 5646 3075 5702 illos
3105 5649 3190 5718 qui
3220 5650 3425 5719 seipsos
3465 5669 3710 5710 excaeca-
