3932 6170
281 311 383 368 805

276 511 384 582 (At.
420 510 672 584 tradere],
703 511 824 565 dum
855 509 1077 566 deserit.
1111 511 1346 568 Tradere
1374 512 1517 567 enim
1544 513 1751 568 Domini
1777 527 1859 572 est

272 605 601 674 relinquere.

346 695 455 750 Int.
481 695 719 762 Qualiter
748 694 1114 764 accipiendum
1148 703 1229 748 cst
1256 694 1382 748 illud
1412 696 1553 764 quod
1573 697 1853 752 scribitur:

269 786 330 840 Si
359 786 590 839 esurierit
621 786 853 838 inimicus
884 795 1023 849 tuus,
1048 785 1161 839 ciba
1191 786 1336 839 illum
1354 802 1374 852 ;
1414 788 1458 839 si
1497 788 1635 853 sitit,
1680 799 1855 854 potum

265 879 334 927 da
366 877 442 928 illi
465 891 483 928 :
511 876 605 927 hoc
635 878 768 929 enim
795 876 1007 946 faciens,
1031 877 1271 931 carbones
1297 878 1425 948 ignis
1442 895 1687 949 congeres
1704 896 1857 953 super

263 978 422 1035 caput
452 970 559 1038 ejus
588 966 765 1036 (Rom.
795 983 889 1033 xu,
913 967 1030 1038 20).

336 1060 494 1127 Resp.
528 1059 636 1112 Hoc
657 1070 757 1122 est,
782 1061 955 1128 ignem
982 1060 1405 1129 compunctionis
1425 1075 1704 1130 congeres,
1729 1076 1851 1116 cum

260 1149 404 1201 bona
427 1163 522 1217 pro
541 1148 693 1201 malis
726 1147 939 1202 reddes.
956 1149 1024 1203 Et
1041 1150 1194 1203 aliter
1219 1167 1232 1204 :
1258 1149 1374 1203 Non
1397 1150 1536 1218 quod
1554 1150 1655 1205 hoc
1672 1151 1851 1205 animo

260 1239 513 1295 inimicus
546 1242 689 1309 pasci
720 1241 937 1307 debeat,
967 1250 1024 1295 ut
1054 1243 1314 1297 carbones
1345 1242 1482 1311 ignis
1510 1258 1670 1312 super
1694 1252 1854 1313 caput

260 1333 385 1399 ejus
415 1333 539 1385 dum
569 1332 803 1401 pascitur
830 1342 1251 1402 congregemur;
1286 1333 1379 1388 sed
1419 1335 1561 1400 quod
1604 1335 1849 1388 inimicus

256 1426 356 1480 ille
384 1441 504 1479 cum
537 1426 674 1479 bona
707 1440 800 1492 pro
827 1425 982 1479 malis
1012 1426 1224 1495 recipit,
1254 1426 1297 1479 si
1326 1426 1469 1481 nulla
1499 1426 1712 1480 malitia:
1737 1442 1849 1481 sua:

255 1515 576 1585 penitentia
604 1525 1012 1580 commovetur,
1057 1517 1171 1586 ipse
1214 1516 1316 1571 sibi
1367 1517 1542 1585 potius
1588 1517 1848 1573 carbones

252 1611 398 1678 ignis
425 1625 587 1678 super
615 1618 771 1677 caput
798 1624 951 1662 suum
984 1618 1257 1677 ctuigerat.

328 1701 441 1754 lnt.
475 1701 601 1754 Cum
626 1711 848 1770 potestas
878 1717 976 1752 non
1006 1701 1070 1752 sit
1101 1701 1197 1753 nisi
1225 1716 1257 1751 a
1280 1698 1412 1765 Deo,
1443 1702 1583 1755 sicut
1614 1704 1845 1771 Aposto-

1466 312 2016 374 lNSTRUCTlONUM
2058 317 2259 377 LlBER
2300 342 2336 376 ι.

277 430 488 485 verant,
542 434 638 490 pro
680 420 1025 475 retributione
1071 420 1286 475 malitia:
1333 420 1525 476 dicitur
1572 423 1856 481 tradidisse
1884 432 1929 486 Α

3439 336 3542 393 806

2034 429 2185 499 Resp.
2220 433 2271 486 ld
2303 442 2405 500 est,
2439 448 2544 489 non
2577 452 2763 493 omnes
2791 439 2845 494 in
2875 441 3096 509 gloriam
3120 442 3539 512 immutabimur,

1964 522 2083 589 quia
2118 525 2440 580 resurrectio
2483 534 2539 582 et
2586 529 2913 599 incorruptio
2961 536 3261 591 communis
3303 551 3386 595 est
3427 555 3542 595 οιιι·

1960 614 2129 676 nium,
2154 616 2454 673 immutatio
2476 629 2653 676 autem
2678 623 2743 677 ad
2765 625 2987 692 gloriam
3011 629 3225 697 proprie
3245 631 3537 700 justorum.

2487 726 2523 764 Π
2562 728 2629 766 ΔΙ)
2667 728 2995 770 CORINTHIOS.

2028 796 2135 849 lnt.
2164 797 2449 866 Apostolus
2478 802 2642 856 dicit:
2680 803 3014 859 Obsecremus
3045 825 3140 876 pro
3180 809 3417 879 Christo,
3458 828 3538 867 re-
3614 790 3619 807 ﬂ

1953 888 2297 944 conciliamini
2326 890 2433 945 Deo
2456 909 2475 945 :
2500 909 2613 946 eum
2641 896 2725 965 qui
2753 912 2854 949 non
2892 910 3095 951 noverat
3129 910 3418 969 peccatum,
3446 920 3537 972 pro

1952 978 2095 1031 nobis
2123 988 2382 1045 peccatum
2411 983 2549 1050 fecit,
2578 994 2633 1037 ut
2658 1003 2749 1039 nos
2779 987 3080 1056 efficeremur
3098 993 3306 1059 justitia
3347 992 3444 1047 Dei
3482 996 3536 1048 in

1952 1069 2064 1137 ipso
2094 1070 2167 1139 (ll
2198 1070 2316 1125 Cor.
2348 1087 2403 1138 ν,
2432 1073 2522 1143 $20)
2551 1092 2562 1126 :
2594 1076 2718 1144 quid
2752 1076 2839 1130 hic
2865 1084 3183 1147 sequemur?

2025 1158 2178 1229 Resp.
2209 1160 2666 1227 Reconciliamiui,
2702 1165 2871 1234 inquit
2892 1208 2906 1231 ,
2937 1167 3048 1221 Deo
3075 1208 3091 1234 ,
3132 1172 3219 1238 qui
3260 1170 3534 1228 Christum

1953 1246 2075 1301 fecit
2104 1247 2333 1303 hostiam
2366 1268 2460 1321 pro
2493 1263 2729 1321 peccato.
2776 1256 3060 1310 Peccatum
3107 1273 3235 1314 vero
3279 1263 3537 1330 appellari

1952 1338 2117 1404 ipsam
2149 1340 2407 1406 hostium,
2451 1344 2494 1398 si
2536 1344 2587 1398 in
2634 1346 2801 1400 veteri
2850 1346 3199 1403 Testamento
3246 1356 3486 1420 requiras
3514 1396 3530 1422 ,

1950 1429 2209 1484 invenies.
2241 1432 2420 1487 Potest
2450 1434 2587 1489 istud
2616 1446 2669 1489 et
2696 1438 2766 1490 ita
2801 1437 3048 1507 intelligi,
3077 1442 3274 1495 factum
3301 1442 3529 1498 hostiam

1950 1534 2045 1587 pro
2068 1532 2280 1588 peccato
2303 1523 2591 1590 Christum,
2611 1527 2729 1595 quia
2754 1527 2946 1582 Filium
2968 1545 3122 1584 suum
3145 1532 3285 1588 misit
3306 1534 3359 1589 in
3383 1536 3535 1591 simi-

1947 1610 2173 1666 litudine
2197 1615 2373 1669 carnis
2405 1619 2626 1685 peccati.

2022 1700 2125 1755 Int.
2158 1701 2320 1757 Datus
2349 1716 2441 1771 est,
2477 1707 2665 1774 inquit,
2694 1710 2817 1763 mihi
2842 1711 3080 1766 stimulus
3105 1716 3273 1769 carnis
3299 1733 3422 1771 mea:
3440 1736 3536 1772 an-

251 1793 341 1846 lus
372 1794 501 1847 dicit
530 1794 700 1862 (Rom.
735 1808 848 1859 xut,
889 1791 965 1862 l),
997 1807 1093 1846 cur
1124 1808 1228 1846 non
1268 1808 1455 1848 omnes
1500 1795 1635 1849 bene
1677 1797 1845 1866 accipi
1876 1785 1920 1845 Β
1948 1795 2091 1863 gelus
2116 1796 2347 1862 Satanae,
2370 1800 2459 1868 qui
2488 1816 2566 1853 me
2596 1802 2875 1872 colaphizet
2904 1804 2979 1875 (II
3010 1804 3126 1859 Cor.
3154 1823 3248 1872 xu,
3280 1809 3332 1880 7)
3360 1826 3371 1864 :
3402 1826 3534 1881 quo-

248 1903 375 1941 eam
408 1887 843 1940 administrantes
876 1885 1248 1953 reperiuntur?

328 1976 485 2045 Resp.
517 1976 647 2041 Quia
678 1986 730 2031 et
760 1978 921 2030 vitam
954 1976 1092 2030 hanc
1133 1991 1318 2030 omnes
1356 1978 1631 2047 aequaliter
1656 1994 1686 2033 a
1731 1980 1841 2035 Deo

248 2069 494 2137 Cupiunt,
527 2084 623 2122 nec
656 2076 827 2122 tamen
859 2084 1048 2123 omnes
1080 2069 1360 2136 mqualiter
1386 2069 1591 2124 vivunt.

802 2178 818 2215 Ι
856 2179 923 2216 ΔΙ)
961 2178 1294 2217 εοειιητιιιος.

322 2253 433 2307 Int.
482 2253 681 2317 Omne,
734 2253 902 2323 ittquit
929 2297 943 2320 ,
977 2265 1232 2322 peccatum
1275 2257 1625 2325 quodcumque
1669 2257 1842 2326 fecerit

246 2348 428 2411 homo,
457 2357 596 2399 extra
619 2362 803 2413 corpus
831 2354 940 2410 est;
971 2347 1056 2415 qui
1083 2356 1249 2399 autent
1291 2347 1575 2414 fornicatur
1593 2387 1609 2414 ,
1643 2349 1695 2400 in
1722 2364 1837 2401 cor-

246 2456 347 2508 pus
376 2453 527 2490 suum
556 2446 725 2507 peccat
764 2435 823 2507 (ι
862 2434 978 2490 Cor.
1011 2452 1085 2505 vr,
1128 2437 1258 2507 18):
1302 2436 1429 2507 quid
1474 2438 1562 2494 hic
1596 2440 1831 2495 seutieuc

246 2531 381 2582 dum
408 2529 531 2581 est?

327 2620 483 2691 Resp.
515 2621 667 2689 Quod
699 2630 890 2677 caetera
920 2632 1134 2690 peccata
1166 2637 1262 2692 per
1283 2636 1478 2690 corpus
1505 2623 1839 2679 extrinsecus

245 2713 627 2778 admittantur,
660 2712 937 2767 fornicatio
965 2715 1075 2767 sola
1121 2712 1172 2767 in
1216 2715 1458 2783 corporis
1504 2715 1838 2783 passionibus

245 2804 679 2857 administretur.
730 2858 733 2859 ν

324 2892 433 2946 Ιηι.
469 2893 705 2960 Qualiter
735 2894 884 2947 locus
915 2894 1004 2949 ille
1032 2893 1291 2963 accipitur
1321 2895 1371 2948 in
1402 2909 1507 2964 quo
1545 2896 1833 2950 scribitur:

196 3008 205 3011 “
245 2986 523 3055 Numquid
550 2987 722 3039 domos
745 3003 842 3039 non
865 2987 1054 3039 habetis
1076 2988 1141 3040 ad
1162 2988 1577 3040 manducandum
1599 2998 1646 3040 et
1667 2988 1838 3042 biben-

246 3080 525 3131 dum?aut
560 3078 837 3130 Ecclesium
887 3075 978 3130 Dei
1025 3078 1381 3142 contemnitis,
1429 3088 1477 3131 et
1523 3079 1837 3148 confunditis

246 3188 334 3224 eos
362 3170 447 3239 qui
480 3188 577 3222 non
605 3169 789 3222 habent
823 3169 873 3238 (l
904 3169 1023 3222 Cor.
1050 3185 1123 3237 xi,
1154 3166 1282 3239 2'2)?

326 3261 479 3331 Resp.
510 3261 661 3329 Apud
694 3259 996 3314 Corinthios
1025 3262 1307 3329 quondam,
1337 3262 1471 3316 sicut
1499 3261 1663 3331 aliqui
1689 3277 1837 3317 asse-

248 3367 399 3417 runt,
430 3370 587 3422 prava
619 3352 912 3406 invaluerat
939 3352 1301 3418 consuetudo,
1345 3355 1599 3408 ecclesias
1637 3354 1834 3417 passim

248 3445 612 3500 dehonestare
641 3444 931 3507 conviviis,
963 3445 1015 3497 in
1064 3443 1261 3513 quibus
1310 3445 1661 3499 vescebantur
1711 3456 1838 3500 ante

251 3536 590 3591 Dominicam
622 3535 970 3599 oblationem,
1002 3551 1159 3602 quam
1193 3542 1311 3601 post
1336 3549 1542 3589 ctenam
1591 3536 1839 3590 noctibus

251 3630 594 3684 inferebant:
642 3641 871 3695 cumque
913 3627 1104 3680 divites
1149 3626 1286 3680 ebrii
1333 3626 1399 3679 ad
1448 3627 1839 3681 Eucharistiam

252 3721 532 3784 venirent,
560 3720 888 3773 verebantur
919 3718 1104 3786 inopes
1136 3718 1293 3771 fame.
1324 3718 1432 3771 Mos
1465 3733 1590 3772 vero
1616 3719 1716 3772 iste
1739 3759 1751 3781 ,
1787 3727 1845 3772 ut

254 3812 510 3874 refertur,
538 3810 604 3864 de
632 3810 869 3878 gentium
919 3808 1092 3861 adhuc
1137 3808 1517 3876 superstitione
1567 3808 1839 3863 veniebat.

254 3903 413 3959 Unde
439 3902 594 3955 etiam
622 3900 940 3970 quibusdam
972 3898 1102 3953 locis
1134 3915 1226 3968 per
1274 3897 1491 3970 Egypti
1541 3916 1661 3953 rura
1692 3943 1707 3967 ,
1758 3900 1843 3954 vel

253 3996 447 4066 Syria‘,
480 3993 567 4048 die
593 3992 797 4046 sabbati
827 4002 982 4046 nocte
1012 4000 1131 4061 post
1164 4006 1369 4045 cmuam
1410 3989 1607 4044 dicitur
1651 3991 1716 4045 ad
1756 4006 1844 4046 ec-

253 4088 476 4141 clesiam
505 4085 814 4139 convenire.
1302 4093 1309 4102 ‘

328 4177 439 4231 Iut.
466 4176 772 4245 Cuiusmodi
806 4174 1088 4245 prOpbetia
1118 4186 1201 4229 est
1232 4174 1298 4228 de
1328 4190 1429 4245 qua
1458 4173 1748 4227 scribitur:
1785 4173 1846 4227 Si

253 4279 430 4323 autent
458 4284 629 4321 omnes
657 4265 953 4339 praphetent
979 4310 994 4333 ,
1030 4266 1183 4318 intret
1225 4276 1397 4319 autem
1434 4265 1546 4336 quis
1589 4263 1846 4331 inﬁdelis,

255 4362 334 4415 rel
354 4358 852 4424 idiota,convincitur
864 4357 926 4408 ab
941 4354 1585 4425 omnibus,dijndiraturab
1598 4353 1849 4418 omnibus,

255 4454 457 4507 occulta
482 4450 613 4502 enim
634 4447 802 4501 cordis
821 4448 933 4517 ejus
955 4447 1226 4524 manifesta
1244 4446 1376 4513 fiunt
1397 4444 1439 4514 (Ι
1458 4443 1574 4497 Cor.
1598 4459 1706 4509 xw,
1734 4443 1848 4514 24),

1947 1887 2105 1941 modo
2135 1888 2270 1942 istud
2300 1891 2667 1959 accipiendum
2697 1895 2815 1947 est?

2020 1976 2171 2046 Resp.
2206 1978 2395 2034 Dicunt
2423 1982 2637 2049 quidam
2670 1984 2984 2051 Apostolum
3011 2004 3154 2058 saepe
3182 1990 3367 2047 dolore
3388 1994 3535 2062 capi-

1944 2065 2012 2118 tis
2038 2080 2157 2121 eSse
2183 2077 2451 2123 vexatum.
2486 2071 2677 2125 Melius
2706 2084 2884 2129 autem
2932 2088 3056 2143 puto
3106 2080 3176 2132 ita
3221 2082 3432 2149 accipi,
3477 2091 3536 2136 ut

1944 2156 2308 2222 colapliizatus
2341 2158 2389 2211 in
2429 2160 2535 2213 illis
2586 2164 2931 2229 passionibus
2984 2166 3351 2234 intelligatur,
3400 2188 3532 2240 quas

1922 2249 2273 2301 enumeravit
2306 2248 2441 2318 ipse,
2470 2251 2656 2305 dicens
2684 2271 2695 2305 :
2732 2253 2825 2307 Ter
2853 2256 3006 2325 virgis
3036 2274 3194 2312 casus
3222 2277 3354 2323 sum,
3378 2264 3532 2315 semel

1942 2338 2199 2407 lapidatus
2228 2356 2361 2406 sum,
2394 2350 2500 2395 etc.
2535 2342 2617 2413 (ll
2642 2344 2760 2397 Cor.
2804 2361 2879 2408 xt,
2922 2346 3039 2418 :25).
3079 2348 3361 2404 Stimulum
3403 2365 3532 2421 ergo

1942 2432 2123 2483 carnis
2150 2432 2380 2499 appellat
2411 2435 2806 2490 tribulationem
2838 2440 3051 2503 carnis;
3081 2451 3135 2494 et
3161 2443 3407 2511 angelum
3440 2444 3533 2497 Sa-

1942 2528 2080 2573 taua:
2112 2521 2257 2575 illum
2289 2538 2394 2592 quo
2419 2526 2568 2594 quasi
2601 2525 2901 2582 itnmissore
2937 2536 3081 2583 tanta
3128 2531 3220 2585 illa
3262 2540 3531 2601 pateretur

1939 2612 2192 2667 ostendit.

2540 2724 2606 2762 AD
2646 2724 2917 2764 EPHESIOS.

2013 2795 2120 2850 Int.
2148 2798 2426 2864 Quomodo
2457 2799 2857 2869 intelligendum
2891 2813 2970 2857 cst
3002 2805 3102 2859 hoc
3134 2807 3273 2875 quod
3297 2807 3528 2877 Aposto-

1940 2889 2023 2944 lus
2053 2890 2258 2955 scribit,
2290 2892 2431 2960 quod
2463 2896 2784 2961 proposuerit
2813 2894 3064 2950 Dominus
3094 2899 3146 2951 in
3187 2900 3528 2969 dispensatio-

1938 2996 2051 3032 nem
2073 2981 2399 3050 plenitudinis
2421 2993 2703 3054 temporum
2726 2986 3017 3040 instaurare
3034 2991 3204 3041 omnia
3228 2991 3277 3043 in
3302 2990 3526 3059 Christo,

1939 3086 2051 3137 qtae
2085 3071 2136 3123 in
2163 3072 2320 3134 caelis,
2354 3080 2400 3124 et
2427 3088 2539 3142 qua
2567 3074 2618 3126 in
2651 3082 2785 3128 terra
2814 3086 2931 3129 sunt
2961 3078 3012 3129 in
3041 3078 3207 3149 ipsum
3240 3078 3400 3151 (Eph.
3444 3084 3528 3156 t)?

1863 3138 1908 3202 (ἶ
2010 3159 2167 3228 Resp.
2196 3159 2329 3215 Vere
2354 3163 2546 3216 mirum
2574 3173 2657 3217 est
2677 3166 2803 3233 quid
2828 3182 2969 3221 nunc
2992 3179 3267 3236 reparetur
3285 3138 3338 3223 in
3361 3138 3524 3227 ouillo.

1939 3248 2238 3318 Reparatur
2264 3266 2392 3322 ergo
2436 3255 2731 3309 secundum
2775 3259 3083 3326 Opinionem
3130 3262 3484 3329 quorumdam
3512 3309 3528 3334 ,

1939 3341 2029 3396 illa
2057 3358 2177 3412 qua:
2208 3359 2327 3399 cum
2364 3346 2600 3414 principe
2630 3362 2727 3402 suo
2758 3350 2952 3403 cecidit
2979 3352 3289 3420 angelorum
3328 3357 3529 3426 portio,

1940 3448 2035 3501 per
2058 3446 2397 3503 augmentum
2431 3439 2845 3510 societatemque
2871 3450 3201 3508 Sanctorum,
3231 3445 3298 3500 de
3336 3447 3529 3515 quibus

1939 3525 2227 3580 scribitur:
2264 3528 2371 3582 Sed
2396 3540 2513 3583 sunt
2541 3532 2670 3584 sicut
2709 3532 2878 3601 angeli
2912 3538 2966 3585 in
2988 3534 3110 3587 creto
3137 3534 3352 3603 (illati/1.
3385 3554 3528 3605 xxii,

1941 3615 2053 3685 50).
2091 3617 2425 3685 Reparantur
2453 3634 2662 3688 quoque
2689 3621 2864 3675 omnia
2899 3623 2950 3675 iu
2985 3632 3158 3688 terra,
3203 3639 3327 3679 cum
3365 3628 3527 3682 etiam

1944 3705 1999 3759 in
2027 3708 2197 3760 locum
2222 3708 2582 3763 deﬁcientium
2606 3708 2912 3763 Judazorum
2936 3712 3288 3767 admittuntur
3309 3716 3529 3770 creden-

1946 3804 2024 3850 tes
2056 3812 2118 3849 ex
2144 3798 2406 3865 gentibus.
2439 3800 2503 3852 Et
2528 3800 2721 3853 aliter:
2754 3800 3117 3854 lnstaurantur
3142 3818 3264 3869 qua:
3308 3816 3434 3858 sunt
3475 3809 3527 3861 in

1949 3897 2111 3957 terra,
2145 3889 2268 3943 dum
2299 3904 2396 3944 nos
2429 3906 2524 3959 per
2547 3890 2851 3945 Mediatoris
2872 3892 3043 3946 nostri
3066 3896 3378 3962 sanguinem
3401 3912 3530 3951 con-

1947 3980 2379 4048 ciliationemque
2409 3995 2741 4050 reparamur.
2766 3981 3101 4049 Reparantur
3122 3986 3385 4053 caelestia,
3410 4002 3531 4043 cum

1950 4070 2018 4127 de
2044 4071 2213 4125 salute
2238 4081 2423 4125 nostra
2450 4071 2696 4142 gaudium
2734 4074 2965 4127 nascitur
2990 4076 3322 4143 angelorum.

2022 4164 2131 4219 Int.
2159 4163 2293 4229 Quid
2325 4172 2408 4216 est
2432 4163 2571 4232 quod
2601 4164 2886 4232 Apostolus
2914 4165 3146 4234 loquitur
3174 4167 3241 4223 de
3280 4169 3388 4224 Deo
3428 4171 3532 4227 Pa-

1954 4263 2034 4307 tre
2058 4272 2070 4308 :
2102 4253 2185 4306 Ex
2213 4269 2311 4322 quo
2342 4255 2505 4306 omnis
2530 4256 2810 4324 paternitas
2835 4256 2887 4308 in
2912 4258 3051 4311 atriis
3078 4269 3121 4312 et
3142 4260 3194 4313 in
3217 4270 3351 4315 terra
3373 4265 3537 4319 noini-

1955 4353 2108 4397 natnr
2135 4343 2296 4414 (Eph.
2329 4360 2406 4411 ιιι,
2441 4344 2571 4413 15)?

2028 4436 2183 4506 Resp.
2216 4437 2344 4502 Quia
2372 4451 2491 4488 cum
2526 4435 2615 4489 ille
2656 4437 2812 4491 nobis
2852 4437 3009 4491 Pater
3045 4438 3248 4507 primus
3287 4451 3337 4493 et
3374 4459 3536 4499 veru;

331 4502 489 4611 Resp.
511 4538 812 4607 Prophetim
830 4502 999 4605 genus
1019 4502 1214 4604 duplex
1236 4502 1351 4589 est:
1377 4502 1636 4588 doctrina:
1654 4502 1837 4601 unum,
1880 4502 1933 4561 D
1957 4529 2045 4595 sit,
2076 4530 2142 4582 ab
2175 4529 2315 4582 illius
2341 4528 2555 4582 nomine
2582 4528 2858 4583 derivatur
2881 4530 3096 4600 quando
3122 4531 3209 4586 alii
3242 4542 3422 4602 patres
3443 4552 3536 4606 ap-

259 4631 404 4684 aliud
431 4626 793 4683 divinationis.
822 4625 927 4679 Sed
957 4624 1215 4680 divinatio
1257 4624 1544 4694 praeteritis
1587 4626 1843 4693 tempori«

260 4722 358 4776 bus
378 4720 547 4789 magis
565 4721 749 4788 viguit,
766 4719 1006 4775 doctrina
1032 4719 1405 4787 praesentibus.
1430 4718 1648 4772 Occulta
1667 4726 1843 4772 autem

259 4810 443 4866 cordis
463 4809 579 4879 ejus
601 4810 880 4865 manifesta
907 4810 1059 4875 liunt,
1083 4808 1207 4861 dum
1233 4808 1286 4860 iu
1331 4807 1570 4862 Ecclesia
1610 4807 1845 4875 prophe-

262 4910 413 4957 tante
440 4899 661 4954 doctore
687 4900 1010 4955 conscientia
1035 4897 1411 4967 compungitur
1435 4897 1719 4952 audientis.

335 4990 446 5044 Int.
476 4990 614 5055 Quid
641 5000 726 5045 est
751 4992 891 5061 quod
922 4990 1200 5052 scribitur,
1241 4987 1523 5042 traditurus
1562 4985 1733 5041 Filius
1771 5004 1851 5042 rc-

264 5098 425 5153 gnum
452 5079 561 5133 Deo
588 5079 733 5137 Patri
759 5079 813 5149 (l
841 5078 962 5133 Cor.
994 5095 1083 5144 xv,
1110 5077 1239 5150 24)?

340 5172 501 5241 Resp.
534 5170 850 5224 Traditurus
879 5170 1117 5239 quidem,
1145 5171 1241 5224 sed
1273 5178 1450 5224 tamen
1490 5184 1595 5223 non
1634 5170 1704 5223 ita
1747 5177 1854 5223 tra-

270 5264 503 5330 diturus,
534 5273 590 5318 ut
614 5273 817 5318 careat.
845 5262 1085 5317 Traditio
1112 5274 1289 5318 autem
1318 5264 1465 5331 regni
1509 5272 1690 5316 nostra
1735 5278 1855 5331 pro-

271 5357 447 5412 vectio
471 5365 576 5423 est,
602 5367 726 5411 tunc
750 5370 869 5410 cum
896 5370 1016 5411 esse
1044 5370 1110 5411 ex
1141 5356 1348 5426 integro
1368 5354 1490 5410 Filii
1511 5355 1857 5410 metuerimus

271 5448 327 5502 in
354 5447 528 5502 Patris
556 5462 740 5517 regno.

348 5536 456 5592 lnt.
485 5538 619 5606 Quid
653 5538 753 5591 sibi
778 5538 890 5592 vult
916 5538 1041 5593 illud
1069 5536 1210 5607 quod
1237 5538 1514 5592 scribitur:
1544 5536 1726 5590 Omnes
1750 5536 1863 5606 qni-

274 5639 391 5680 dem
419 5646 759 5699 resurgentes,
792 5628 881 5684 sed
906 5647 1010 5686 non
1037 5645 1209 5684 omnes
1249 5630 1626 5684 immutabimur
1655 5629 1710 5701 (l
1741 5629 1857 5686 Cor.

275 5736 366 5791 xv,
396 5721 522 5792 5!)?

1954 4622 2234 4692 pellantur.

2026 4711 2136 4765 Int.
2175 4712 2452 4777 Quomodo
2490 4712 2777 4782 Apostolus
2818 4714 2983 4770 dicit:
3027 4716 3238 4773 Honora
3268 4729 3461 4789 patrem
3493 4731 3539 4777 et

1957 4812 2188 4867 matrem,
2222 4804 2358 4871 quod
2403 4810 2477 4855 est
2526 4803 2823 4857 mandatum
2858 4806 3079 4874 primum
3125 4808 3287 4877 (Eph.
3335 4826 3406 4877 Vt,
3448 4813 3532 4883 2),

1958 4910 2077 4949 cum
2103 4895 2153 4947 in
2179 4893 2462 4963 mandatis,
2488 4902 2545 4946 ut
2564 4893 2775 4963 quidam
2801 4896 3068 4961 ordinant,
3091 4908 3281 4967 quarto
3306 4903 3375 4955 sit
3396 4903 3539 4956 loco?

2031 4984 2185 5054 Resp.
2221 4983 2393 5052 Aliqui
2426 4983 2492 5038 de
2523 4983 2622 5037 hoc
2660 4984 2729 5037 ita
2772 4984 3044 5040 disserunt
3087 4989 3364 5043 dicentes:
3412 4992 3541 5046 Tria

1961 5075 2046 5128 illa
2080 5074 2327 5127 mandata
2358 5087 2476 5142 qua:
2502 5074 2776 5140 superiora
2823 5083 2947 5127 sunt
2973 5115 2987 5138 ,
3031 5077 3210 5129 omnia
3256 5078 3324 5131 ad
3372 5080 3539 5135 Deum

1962 5166 2246 5234 pertinent,
2275 5173 2479 5232 septem
2510 5166 2788 5232 sequentia
2816 5164 2881 5217 ad
2914 5164 3216 5231 hominem;
3246 5177 3299 5221 et
3327 5169 3423 5222 tria
3456 5171 3541 5225 illa

1962 5258 2029 5312 ad
2057 5258 2222 5311 Deum
2256 5257 2569 5324 pertinentia
2603 5257 2655 5311 in
2689 5272 2789 5310 una
2835 5257 2966 5326 legis
3012 5258 3134 5311 talis
3175 5258 3350 5312 tabula
3393 5270 3543 5316 tene-

1964 5348 2187 5412 bantur,
2232 5347 2284 5400 in
2325 5347 2424 5401 alia
2464 5361 2592 5401 vero
2627 5347 2801 5401 tabula
2835 5356 3096 5416 prtecepta
3128 5347 3213 5400 illa
3244 5360 3395 5403 erant
3424 5365 3543 5420 qua:

1964 5441 2028 5493 ad
2063 5439 2330 5493 hominem
2364 5439 2715 5508 pertinebant.
2750 5438 2860 5493 Hoc
2908 5440 3087 5509 itaque
3137 5442 3440 5495 mandatum
3493 5445 3544 5502 in

1965 5541 2167 5599 septem
2192 5519 2453 5584 mandatis
2481 5546 2599 5599 qua:
2629 5531 2692 5583 ad
2734 5531 3035 5598 proximum
3084 5533 3390 5601 pertinent,
3436 5539 3545 5603 pri-

1970 5640 2112 5679 mum
2137 5632 2238 5680 est.
2273 5622 2375 5675 Alii
2404 5636 2532 5675 vero
2560 5621 2648 5691 qui
2680 5620 2781 5674 hoc
2806 5620 3114 5676 mandatum
3162 5640 3268 5680 non
3314 5642 3502 5696 quarto
3529 5673 3546 5699 ,

1970 5718 2062 5774 scd
2089 5718 2273 5788 quinto
2305 5715 2444 5781 loco,
2481 5712 2620 5782 quod
2651 5723 2699 5768 et
2733 5728 2829 5769 nos
2856 5714 3178 5784 probamus,
3209 5731 3328 5774 esse
3356 5720 3544 5778 contir-
