3932 6170
410 300 515 359 807

1400 286 1453 341 S.
1496 275 1818 339 EUCilERll
1859 269 2340 333 LUGDUNENSIS
2379 270 2680 327 EPlSCOPl

3576 267 3679 322 803

410 422 575 471 mant.
604 412 675 467 ita
697 404 766 466 de
793 409 891 464 hoc
912 406 1182 476 disputant
1207 420 1218 456 :
1244 400 1562 472 Decalogum
1588 400 1763 469 ipsum
1785 405 1975 454 totum.
2009 395 2059 454 Α
2086 403 2254 461 catur,
2288 392 2369 449 vel
2400 408 2492 462 per
2514 389 2781 462 ejusmodi
2810 388 3186 444 abstinentiam
3217 388 3299 443 vel
3333 402 3428 457 per
3456 387 3677 442 circnm-

414 507 535 577 quia
567 502 620 559 in
651 503 735 557 illa
757 501 923 571 prima
946 498 1060 567 lege
1082 492 1441 563 conscriptum
1463 500 1566 556 est,
1589 497 1735 546 recte
1761 488 1987 577 primum

415 575 722 649 mandatum
744 587 1018 657 appellari,
1038 583 1178 654 quod
1198 582 1379 653 utique
1402 580 1631 650 primum
1656 577 1816 634 faciat
1835 575 1987 643 ordo,

2092 484 2370 539 cisionem.
2404 483 2656 552 Sequitur
2680 492 2896 534 autem:
2935 478 3053 532 Non
3083 479 3135 532 in
3172 478 3366 533 honore
3410 478 3575 540 aliqua
3613 477 3677 529 ad

2092 575 2416 629 saturitatem
2444 573 2642 639 carnis;
2665 586 2791 639 ergo
2823 570 2922 624 hoc
2948 584 3031 624 εει
3073 568 3215 637 quod
3265 567 3380 621 vult
3425 566 3679 636 intelligi:

416 694 592 755 postea
617 681 839 735 aliorum
861 680 911 732 in
934 679 1051 748 lege
1075 688 1411 743 consequens
1433 677 1841 741 prmcepturum.
1862 665 1993 720 Item
2095 667 2293 723 Omnes
2322 665 2428 720 illze
2455 663 2861 720 observationes
2879 702 2895 728 ,
2924 663 3054 717 licet
3097 663 3150 715 in
3196 660 3544 716 observantia
3586 661 3683 711 ali-

414 750 478 830 ex
510 774 611 825 hoc
638 770 829 825 aliter:
864 766 1078 821 Honora
1116 773 1311 836 patrem
1356 773 1403 818 et
1448 769 1660 815 matrem
1686 801 1702 824 ,
1749 756 1885 827 quod
1924 764 1997 809 est
2097 772 2255 826 quam
2305 755 2581 825 sapientia:
2629 751 2885 823 preferre
2928 753 3210 809 videantur
3257 750 3481 821 ﬁguram
3506 792 3522 815 ,
3565 752 3684 820 quia

412 863 711 916 mandatum
750 859 971 929 primum
993 899 1007 923 ,
1050 863 1106 909 et
1140 853 1429 923 subjungit,
1457 853 1508 906 in
1534 848 1909 921 promissione.
1939 846 1996 900 In

413 965 515 1018 qua
549 949 941 1017 promissione?
976 945 1041 1002 Ut
1084 947 1203 1000 bene
1241 944 1305 996 sit
1354 944 1485 1007 tibi,
1529 950 1574 994 et
1619 939 1690 994 sis
1738 937 1997 1008 longaevus

2100 858 2351 920 putentur
2377 850 2547 918 legem
2574 853 2965 917 prmceptorum
2995 856 3199 912 tenere,
3229 845 3485 903 timenjn
3507 859 3690 913 supcr-

2101 941 2318 995 stitione
2343 951 2489 1004 sunt,
2521 955 2625 993 non
2657 940 2708 992 in
2738 938 2917 1007 aliquo
2949 939 3154 991 honore
3187 937 3310 1000 Dei,
3352 936 3449 991 sed
3488 933 3556 988 ad
3595 950 3687 989 es-

414 1055 567 1104 super
597 1049 782 1091 terram
807 1036 999 1108 (Exod.
1034 1051 1130 1103 xx,
1166 1034 1275 1105 12).
1307 1034 1469 1104 Igitur
1495 1032 1546 1086 in
1591 1028 1856 1084 mandatis
1898 1027 2001 1083 hoc
2102 1029 2355 1101 plendam
2382 1029 2707 1087 voluntatem
2739 1028 3097 1083 obserVantize
3126 1028 3379 1081 carnalis.

418 1137 499 1181 est
548 1129 778 1197 primum
831 1125 1175 1192 mandatum,
1223 1122 1364 1194 quod
1406 1122 1619 1190 habeat,
1654 1134 1811 1191 quam
1839 1133 2001 1189 supra

419 1216 673 1282 dixi.nus,
704 1217 1135 1285 promissionem.

492 1305 593 1360 Int.
632 1306 767 1374 Quid
794 1307 895 1361 sibi
922 1307 1034 1359 vult
1062 1305 1189 1360 illud
1229 1304 1370 1375 quod
1412 1303 1704 1359 scribitur:
1754 1300 2006 1371 Spiritum

422 1399 577 1451 nolite
605 1400 922 1470 exstinguere
951 1399 1000 1466 (l
1028 1397 1205 1451 Thess.
1236 1414 1288 1461 ν,
1321 1397 1449 1467 19)?

496 1488 650 1553 Resp.
685 1488 1055 1557 Exstinguere,
1091 1488 1141 1541 id
1170 1499 1252 1542 est
1285 1486 1467 1556 fugare
1498 1502 1591 1555 pcr
1620 1500 1782 1555 opera
1814 1484 2008 1554 iniqui-

428 1578 568 1634 tatis.
600 1581 763 1633 David
796 1580 1003 1649 inquit:
1044 1580 1298 1650 Spiritum
1327 1590 1557 1633 sanctum
1588 1588 1731 1632 tuum
1762 1594 1822 1631 ne
1858 1577 2007 1644 aufe-

426 1687 510 1723 ras
538 1687 570 1721 a
599 1685 677 1723 me
705 1669 823 1740 (Ps.
854 1685 903 1735 ι,
936 1668 1047 1740 1'5).

2654 1134 2670 1173 1
2698 1134 2765 1173 ΔΙ)
2795 1132 3131 1172 τιωοτιιεωι.

2177 1210 2285 1265 Int.
2312 1210 2441 1278 Quae
2469 1210 2795 1281 singularum
2826 1225 3004 1264 rerum
3030 1219 3111 1265 est
3140 1208 3452 1273 accipienda
3488 1208 3693 1263 discre-

2107 1305 2183 1358 tio
2213 1303 2265 1357 in
2312 1302 2397 1357 his
2438 1317 2570 1371 quas
2617 1303 2908 1369 A,ostulus
2958 1302 3161 1370 profert
3201 1303 3426 1357 dicens:
3483 1301 3700 1355 Obsecro

2108 1397 2264 1466 igitur
2286 1396 2449 1463 primo
2475 1397 2699 1448 omnium
2728 1397 2839 1463 ﬁeri
2868 1396 3257 1460 obsecrationes,
3288 1396 3546 1449 orationes
3571 1434 3583 1457 ,
3616 1411 3701 1462 po-

2106 1488 2428 1553 stulationes,
2459 1490 2745 1558 gratiarum
2773 1489 3000 1542 actiones
3034 1487 3086 1559 (Ι
3117 1487 3249 1541 Tim.
3282 1503 3342 1550 ιι,
3380 1486 3455 1558 1).

2183 1580 2338 1647 Resp.
2368 1580 2779 1634 Obsecrationes
2801 1579 2934 1633 fiunt
2963 1595 3058 1647 pro
3081 1580 3315 1648 peccatis
3339 1577 3638 1647 prmteritis
3655 1586 3704 1632 et

2112 1670 2497 1739 prtesentibus;
2530 1670 2805 1725 orationes
2836 1685 2932 1738 pro
2960 1670 3321 1738 adipiscendis
3348 1683 3473 1738 qua
3516 1683 3703 1737 spera.

498 1761 605 1814 Int.
637 1762 888 1831 Sequitur
919 1761 1077 1830 paulo
1109 1769 1228 1830 post
1257 1761 1309 1816 in
1339 1759 1530 1817 eodem
1556 1777 1569 1813 :
1602 1759 1669 1815 Ut
1694 1761 1884 1830 integer
1907 1759 2011 1829 spi-
2039 1746 2092 1809 Β
2120 1774 2263 1823 mus;
2294 1759 2683 1827 postulationes
2711 1773 2831 1814 cum
2864 1774 2960 1829 pro
2987 1760 3107 1813 aliis
3138 1759 3562 1824 intervenimus;
3590 1773 3704 1827 gra-

428 1853 555 1907 ritus
585 1863 765 1918 uester,
790 1861 836 1906 et
862 1855 1055 1917 animo,
1088 1860 1135 1904 et
1166 1867 1349 1919 corpus
1377 1853 1488 1904 sine
1513 1849 1720 1921 querela
1749 1852 1801 1902 in
1828 1851 2019 1902 adven-

431 1953 538 1996 tum
567 1942 770 1996 Domini
813 1944 974 1996 nostri
1007 1940 1132 1996 Jesu
1156 1941 1355 2007 ,Christi
1391 1953 1612 1996 serretur
1650 1940 1705 2013 (ι
1746 1938 1921 1996 Thess.
1954 1954 2014 2011 ν,

429 2035 522 2106 25)
548 2053 562 2089 :
597 2036 721 2104 quid
752 2034 836 2089 hic
866 2034 1266 2104 intelligendum
1294 2035 1411 2090 est?

507 2126 662 2197 Resp.
692 2127 948 2196 Spiritum
978 2126 1063 2182 hic
1090 2125 1215 2180 dicit
1246 2125 1425 2196 utique
1457 2125 1604 2180 illum
1636 2132 1881 2180 sanetum
1903 2165 1918 2187 ,
1950 2123 2019 2181 de

433 2231 538 2288 quo
567 2230 726 2286 supra
757 2216 1001 2270 dixerat:
1037 2215 1291 2286 Spiritum
1331 2217 1489 2270 nolite
1529 2218 1871 2289 exstinguere.
1919 2213 2019 2282 Qui

433 2306 647 2377 quidem
680 2322 801 2361 cum
828 2307 881 2360 in
911 2306 1207 2360 substantia
1238 2322 1333 2361 sua
1364 2321 1472 2360 non
1512 2306 1685 2375 possit
1724 2303 2014 2373 exstingui,

436 2400 789 2468 exstinguitur
824 2399 877 2452 in
910 2398 1087 2462 nobis,
1119 2413 1239 2453 cum
1269 2398 1511 2453 aufertur
1537 2413 1567 2451 a
1594 2397 1772 2453 nobis.
1809 2396 2020 2450 Donum

437 2505 667 2560 namque
694 2490 809 2559 ejus
846 2491 928 2544 vel
976 2489 1145 2559 gratia
1196 2490 1248 2543 in
1299 2488 1605 2543 hominibus
1647 2489 1789 2542 sicut
1829 2500 2017 2541 eorum

437 2583 722 2638 virtutibus
747 2582 1088 2645 accenditur,
1117 2582 1189 2635 ita
1228 2595 1414 2635 eorum
1455 2579 1599 2635 vitiis
1636 2579 2018 2650 exstinguitur.

436 2674 542 2730 Alii
583 2682 830 2727 asserunt
862 2672 1107 2742 spiritum
1149 2671 1234 2726 hic
1273 2671 1641 2738 accipiendum
1681 2686 1801 2726 esse
1827 2671 2022 2726 anima:

437 2764 605 2834 ipsius
629 2763 961 2819 intellectum
990 2772 1150 2832 atque
1175 2761 1512 2832 sapientiam.
1543 2761 1619 2817 De
1640 2756 1746 2833 quo
1771 2761 1879 2815 alio
1901 2761 2021 2816 loco

438 2856 577 2909 idem
612 2854 900 2924 Apostolus
943 2853 1110 2909 dicit:
1160 2850 1227 2906 Et
1271 2853 1377 2924 ipse
1406 2853 1630 2921 Spiritus
1678 2852 2022 2906 testimonium

437 2947 607 3000 reddit
631 2946 833 3015 spiritui
859 2955 1053 3014 nostro,
1077 2944 1217 3016 quod
1253 2960 1427 2998 sumus
1451 2944 1547 3013 ﬁlii
1570 2944 1663 2997 Dei
1703 2944 1879 3015 (Rom.
1903 2958 2019 3013 Vill,

439 3039 550 3108 16).
585 3038 695 3093 lloc
724 3047 827 3102 est,
868 3036 1009 3106 quod
1038 3036 1129 3091 ille
1158 3035 1387 3105 Spiritus
1416 3044 1635 3091 sanctus
1662 3035 1788 3090 huic
1816 3035 2024 3090 intelle-

2119 1848 2309 1903 tiarum
2340 1851 2577 1904 actiones
2611 1865 2730 1906 eisin
2755 1865 2817 1905 ea
2846 1865 2968 1921 quae
2996 1848 3265 1920 poscimus
3314 1850 3702 1918 impetramus,

2118 1937 2201 1993 vel
2230 1948 2376 1993 certe
2422 1953 2542 1993 cum
2589 1954 2683 2008 pro
2728 1937 3004 1993 immensis
3047 1938 3146 1994 Dei
3189 1937 3469 1995 beneﬁciis
3511 1940 3707 2008 gratias

2118 2028 2411 2097 laudesque
2437 2028 2740 2085 referimus.

2189 2119 2299 2174 lnt.
2330 2119 2502 2175 Locus
2532 2121 2620 2175 ille
2644 2121 2911 2191 quomodo
2935 2120 3281 2189 accipiendos
3324 2129 3411 2175 εει
3438 2165 3453 2187 ,
3504 2122 3559 2175 in
3610 2136 3709 2191 quo

2118 2212 2409 2268 scribitur:
2464 2212 2816 2278 Quorumdam
2867 2214 3132 2268 hominum
3182 2223 3391 2285 peccata
3439 2215 3712 2283 manifesta

2118 2312 2237 2359 sunt
2266 2303 2602 2369 prwcedentia
2630 2305 2699 2359 ad
2715 2304 2995 2377 judicium,
3018 2304 3263 2376 quosdam
3299 2313 3473 2360 autem
3514 2316 3562 2359 et
3604 2305 3713 2358 sub-

2120 2404 2402 2464 sequuntur
2432 2394 2487 2466 (ι
2514 2395 2650 2450 Tint.
2683 2411 2735 2461 v,
2765 2396 2905 2463 ειη

2193 2485 2352 2557 Resp.
2382 2485 2552 2555 Supra
2580 2485 2807 2555 dixerat,
2841 2486 3083 2542 adversus
3109 2485 3472 2558 presbyterum
3508 2503 3714 2541 accusa-

2121 2579 2312 2636 tionem
2342 2592 2448 2633 non
2475 2577 2859 2650 recipiendam,
2890 2580 2990 2634 nisi
3012 2579 3104 2632 sub
3132 2577 3327 2633 duobus
3358 2587 3406 2632 et
3444 2580 3613 2633 tribus
3649 2591 3715 2632 te-

2121 2669 2283 2722 stibus
2311 2668 2331 2739 (
2344 2668 2367 2723 Ι
2398 2667 2528 2722 Tim.
2564 2682 2617 2733 v,
2647 2667 2765 2738 19);
2796 2676 2851 2724 et
2877 2669 3033 2738 paulo
3056 2678 3177 2739 post
3204 2668 3436 2724 addidit:
3467 2670 3716 2735 Querunt-

2123 2758 2242 2811 dam
2270 2758 2530 2813 hominum
2552 2767 2758 2830 peccata
2783 2767 2903 2812 sunt
2930 2759 3271 2828 precedentia
3311 2759 3379 2811 ad
3418 2760 3715 2832 judicium,

2125 2851 2309 2921 utique
2334 2851 2459 2905 dum
2489 2851 2739 2906 omnibus
2769 2861 2893 2905 nota
2936 2859 3097 2916 sunt;
3149 2851 3394 2921 qumdam
3441 2861 3626 2907 autem
3671 2861 3720 2906 it

2124 2942 2544 3013 subsequuntur,
2574 2944 2752 3012 utique
2780 2942 2906 2997 dum
2932 2953 3117 3012 p05tea
3145 2943 3200 2997 in
3232 2943 3440 3013 judicio
3476 2959 3622 3011 com;
3643 2958 3720 2998 ro-

2125 3035 2338 3090 bantur.
2367 3035 2519 3101 Quod
2548 3035 2592 3089 si
2617 3035 2755 3089 istud
2784 3034 2945 3105 aliqui
2974 3034 3243 3105 injudicio
3270 3036 3361 3089 Dei
3388 3037 3567 3105 magis
3592 3035 3722 3090 acci-

438 3105 601 3184 ctuali
644 3128 908 3196 spirituali
954 3135 1140 3182 nostro
1189 3127 1553 3181 testimonium
1602 3126 1828 3192 reddat,
1880 3124 2022 3196 quod
2050 3105 2097 3171 Π
2130 3128 2381 3195 piendum
2414 3136 2628 3197 putant,
2660 3136 2837 3196 potest
2875 3129 2945 3182 ita
2987 3127 3251 3198 intelligi:
3296 3129 3622 3183 Prmcedere
3661 3129 3721 3182 ad

439 3234 622 3273 smnus
646 3219 746 3293 filii
770 3218 887 3272 Dei.
915 3219 1035 3271 Alio
1057 3231 1265 3286 quoque
1290 3217 1411 3270 loco
1435 3216 1722 3285 Aposmlus
1746 3217 2021 3285 loquitur:

442 3307 678 3361 Psallam
718 3308 937 3376 spiritu,
981 3306 1197 3370 psallam
1235 3314 1282 3359 et
1329 3318 1490 3360 mente
1523 3306 1575 3377 (Ι
1615 3305 1734 3360 Cor.
1768 3322 1876 3372 xw,
1910 3308 2018 3376 15).

444 3398 541 3453 llic
571 3398 818 3469 spiritum
851 3412 946 3466 pro
976 3411 1106 3451 voce
1133 3410 1359 3466 ponens,
1390 3405 1445 3451 et
1480 3411 1611 3451 voce
1652 3396 1784 3452 dicit
1825 3400 2027 3466 pariter

446 3504 497 3547 et
530 3502 707 3548 mente
732 3491 1088 3562 psallendum.

996 3598 1064 3636 AD
1101 3595 1476 3639 COLOSSENSIS.

514 3673 623 3730 Int.
656 3674 792 3744 Quid
822 3674 1230 3745 intelligendum
1252 3684 1335 3729 est
1364 3675 1415 3729 in
1444 3674 1677 3744 capitulo
1704 3673 1817 3741 illo,
1842 3675 1894 3729 in
1921 3689 2026 3744 quo

443 3768 510 3823 ad
540 3767 886 3822 Colossenses
913 3766 1200 3821 scribitur:
1235 3766 1296 3822 Si
1318 3768 1505 3820 mortui
1529 3769 1647 3820 estis
1676 3782 1789 3820 cum
1826 3764 2028 3821 Christo

444 3858 507 3912 ab
538 3858 791 3912 elementis
821 3858 1018 3923 mundi,
1050 3857 1174 3927 quid
1213 3858 1383 3911 adhuc
1424 3867 1682 3929 tamquam
1718 3859 1933 3913 virentes
1975 3860 2028 3912 in

446 3950 633 4005 mundo
661 3949 928 4004 decernitis
953 3946 1174 4017 (Coloss.
1202 3963 1261 4017 ll,
1285 3938 1415 4019 20)?
1445 3949 1510 4003 Et
1536 3949 1763 4018 reliqua.

520 4040 677 4109 Resp.
708 4038 1159 4107 Perstringamus,
1183 4047 1241 4092 ut
1269 4052 1573 4107 possumus,
1598 4040 1771 4094 locum
1803 4042 2029 4096 summis

448 4130 859 4188 obscuritatibus
889 4129 1205 4185 involutum.
1242 4130 1483 4200 Disputat
1510 4141 1697 4186 contra
1724 4146 1818 4186 eos
1846 4134 1934 4202 qui
1962 4149 2028 4188 ex

450 4222 649 4278 .ludteis
678 4220 990 4287 Christiani,
1022 4221 1251 4290 propriis
1273 4223 1668 4278 contendebant
1694 4228 2031 4282 caeremoniis

450 4315 731 4370 inhaerere.
764 4312 937 4383 Supra
958 4314 1100 4389 enim
1131 4313 1341 4369 dixerat
1369 4314 1435 4369 de
1466 4314 1801 4386 improbabili
1841 4332 2027 4372 eorum

450 4406 787 4465 obseruntia
813 4407 868 4461 in
892 4407 1002 4461 cibo
1027 4414 1073 4461 et
1099 4416 1221 4475 potu
1236 4424 1257 4474 ;
1282 4415 1337 4463 ει
1361 4407 1503 4479 quod
1527 4410 1805 4464 neomeniat
1841 4424 2033 4466 eorum

451 4511 502 4556 et
526 4498 733 4555 sabbata
771 4498 1013 4555 umbram
1062 4499 1362 4555 futurorum
1402 4500 1763 4569 praetulissent
1799 4498 1935 4570 (Col.
1970 4519 2031 4570 ιι,

454 4588 567 4661 16).
595 4589 828 4644 Rursum
856 4589 909 4643 in
937 4589 1389 4659 consequentibus
1415 4589 1544 4645 dicit
1571 4607 1586 4645 :
1617 4589 1677 4647 Si
1699 4592 1887 4646 mortui
1915 4595 2034 4649 estis

450 4697 569 4759 eum
603 4679 802 4735 Christo
832 4680 893 4733 ab
920 4679 1176 4735 elementis
1204 4679 1400 4746 mundi,
1428 4680 1553 4751 quid
1577 4680 1747 4736 adhuc
1776 4691 2034 4752 tamquam

450 4773 663 4827 uiuentes
684 4772 739 4824 in
765 4770 957 4824 mundo
998 4769 1309 4826 decernitis?
1347 4769 1404 4825 Id
1446 4780 1567 4839 est,
1613 4772 1915 4842 dijudicalis
1954 4774 2036 4829 di-

452 4861 654 4918 cendo:
686 4859 771 4916 Ne
792 4860 1073 4933 tetigeritis,
1101 4876 1260 4930 neque
1281 4862 1625 4934 gustaueritis,
1656 4880 1814 4934 neque
1837 4878 2039 4921 contre-

453 4951 729 5017 ctaveritis,
756 4965 869 5021 quae
894 4959 1013 5004 sunt
1037 4950 1209 5005 omnia
1236 4952 1292 5005 in
1313 4952 1522 5006 interitu
1545 4954 1655 5025 ipso
1691 4971 1788 5009 usu
1825 4972 1918 5011 suo
1954 4957 2040 5028 (id

453 5052 559 5112 est,
591 5043 716 5098 dum
741 5052 1085 5098 assumuntur
1118 5043 1431 5111 intereunt),
1469 5046 1750 5100 secundum
1786 5058 2043 5120 praecepta

453 5142 503 5189 et
531 5133 790 5189 doctrinas
820 5133 1117 5187 hominum:
1147 5149 1262 5204 qua:
1283 5142 1403 5188 sunt
1432 5135 1678 5189 rationem
1712 5138 1915 5206 quidem
1945 5143 2041 5192 Ita-

455 5224 621 5278 bentia
664 5224 928 5293 sapientiae
967 5224 1023 5278 in
1064 5224 1422 5295 superstitione
1458 5232 1504 5280 et
1531 5225 1839 5295 humilitate,
1866 5238 1911 5282 et
1940 5247 2045 5284 non

454 5315 526 5370 ad
555 5317 863 5386 parcendum
890 5317 1116 5387 corpori.
1150 5316 1426 5372 Doctrinas
1447 5316 1722 5374 hominum
1744 5319 1893 5386 dicit,
1917 5324 2039 5392 quia

462 5419 727 5482 praecepta
757 5410 871 5478 ipsa
898 5410 1185 5466 carnaliter
1214 5410 1534 5483 intelligant,
1568 5413 1944 5485 praecipientes
1984 5418 2039 5474 in

462 5498 598 5567 lege.
630 5498 891 5569 prohibita
923 5517 1030 5557 non
1058 5504 1405 5557 manducari:
1434 5502 1530 5557 sed
1560 5503 1692 5571 hoc,
1741 5506 1880 5561 sicut
1926 5509 2043 5577 ipse

465 5590 759 5662 sutijungit,
788 5593 841 5649 in
872 5596 1252 5665 superstitione
1276 5603 1332 5651 et
1364 5596 1665 5653 humilitate
1690 5612 2042 5671 supervacua,

467 5676 596 5733 etin
626 5684 866 5751 corporis
897 5684 1206 5755 afflictione,
1236 5686 1325 5742 cui
1356 5688 1537 5758 utique
1557 5691 1768 5760 corpori
1794 5708 1899 5750 non
1923 5711 2043 5766 par-

2122 3218 2380 3289 judicium
2406 3218 2493 3272 illa
2516 3227 2728 3286 peccata
2756 3232 2874 3287 qua:
2902 3226 3025 3272 ante
3052 3218 3140 3272 hic
3161 3219 3544 3287 unusquisque
3577 3236 3722 3272 coin-

2128 3310 2364 3376 miserit;
2394 3311 2643 3380 subsequi
2664 3326 2792 3366 vero
2823 3310 2936 3377 illa,
2965 3310 3158 3379 quibus
3199 3325 3299 3364 nos
3339 3311 3565 3379 quidem
3605 3326 3726 3365 cau-

2127 3417 2216 3458 sas
2240 3402 2504 3468 dedimus,
2536 3402 2629 3456 sed
2656 3402 2767 3471 jim
2804 3410 2923 3472 post
2966 3403 3248 3457 transitum
3299 3411 3551 3456 nostrum
3602 3418 3725 3457 cen-

2127 3504 2390 3549 summata
2437 3494 2820 3563 intelliguntur.
2871 3495 3013 3565 Ergo
3061 3494 3467 3564 subsequuntur
3523 3511 3623 3549 nos
3676 3495 3725 3549 in

2123 3586 2383 3655 judicium
2407 3587 2972 3655 hujusmodipeccata,
2992 3586 3057 3652 si,
3092 3586 3241 3641 verbi
3266 3586 3460 3656 gratia,
3499 3587 3590 3642 cui
3619 3585 3727 3640 ino-

2130 3676 2233 3745 piae
2262 3690 2362 3731 nos
2387 3691 2576 3731 causas
2601 3676 2897 3741 attulimus,
2923 3676 3064 3732 fame
3092 3685 3213 3746 post
3237 3676 3447 3731 obitum
3476 3689 3726 3732 nostrum

2130 3779 2290 3838 atque
2318 3775 2555 3838 egestate
2580 3774 2929 3836 consumptus
2955 3768 3044 3822 sit.

2672 3875 2710 3914 ιι
2740 3876 2807 3915 ΔΙ)
2836 3874 3175 3915 τΙΙΟτΠΕῠΙ.

2203 3942 2629 4006 Ιηι.ἈΙε.ταηάρν
2654 3952 2866 4005 ωνατὶιιε
2909 3952 3109 4017 multa,
3154 3948 3363 4019 inquit,
3413 3950 3561 4002 mala
3614 3948 3733 4001 mihi

2133 4044 2390 4099 ostendit:
2414 4043 2588 4096 reddet
2613 4043 2659 4095 ei
2697 4041 2941 4095 Dominus
2978 4040 3256 4094 secundum
3297 4055 3454 4107 opera
3496 4041 3614 4110 ejus
3655 4035 3731 4101 (ll

2130 4133 2267 4189 Tim.
2285 4150 2355 4197 tv,
2374 4133 2482 4203 14).
2508 4133 2575 4187 Et
2594 4132 2717 4187 item
2737 4148 2750 4184 :
2771 4130 3021 4185 Percutiet
3034 4141 3081 4186 te
3098 4130 3366 4195 Dominus,
3390 4134 3571 4200 paries
3588 4133 3739 4184 deal-

2133 4228 2401 4298 bate(.1ct.
2429 4242 2580 4289 χχιιι.
2603 4225 2658 4296 5)
2681 4242 2694 4278 :
2719 4225 2989 4295 quomodo
3011 4224 3125 4279 lucc
3146 4222 3496 4294 intelligenda
3519 4224 3685 4278 sunt?

2205 4321 2364 4389 Resp.
2394 4318 2665 4375 Percutiet
2686 4328 2761 4384 te,
2791 4317 2984 4387 inquit,
3026 4332 3132 4373 non
3178 4316 3474 4386 percutiat;
3522 4326 3579 4369 et
3622 4332 3735 4369 rur-

2138 4428 2255 4467 sum
2279 4412 2492 4477 reddet,
2516 4425 2624 4465 non
2651 4408 2860 4466 reddat.
2885 4408 3037 4465 Unde
3068 4408 3125 4462 fit
3148 4417 3205 4462 ut
3231 4422 3337 4462 non
3370 4416 3479 4461 tam
3511 4406 3734 4461 maledi-

2139 4504 2308 4559 centis
2333 4502 2512 4557 animo
2540 4500 2679 4556 dicta
2726 4514 2849 4556 esse
2894 4500 3212 4563 videantur,
3258 4513 3419 4568 quam
3466 4497 3731 4564 judicium

2146 4599 2239 4655 Dei
2266 4606 2426 4667 atque
2454 4596 2746 4653 vindictam
2773 4594 3156 4651 denuntiantis.
3185 4591 3317 4648 Item
3345 4590 3506 4647 aliter
3526 4610 3544 4645 :
3581 4591 3649 4645 Et
3688 4590 3730 4643 si

2142 4702 2239 4757 per
2264 4688 2779 4743 administrationem
2813 4685 3108 4756 prophetiae
3140 4685 3363 4739 immoto
3391 4683 3581 4738 animo
3617 4699 3702 4736 ma

2143 4779 2335 4835 ledicat
2357 4776 2640 4849 prepheta,
2674 4790 2731 4835 ut
2775 4777 2945 4832 illud:
2998 4774 3344 4830 Obscurenutr
3378 4772 3519 4827 oculi
3559 4787 3733 4827 eorum

2143 4862 2207 4927 ne
2232 4872 2433 4927 uideant
2459 4871 2577 4943 (Ps.
2607 4887 2796 4937 vaut,
2827 4870 2954 4942 21);
2978 4870 3105 4926 dicit
3130 4869 3263 4941 quid
3299 4882 3491 4925 eorum
3530 4866 3736 4922 meritis

2143 4964 2459 5021 debebatur.
2511 4963 2649 5032 Quia
2686 4966 2850 5019 omnis
2895 4963 3255 5033 praevaricatio
3301 4968 3351 5014 et
3384 4958 3737 5015 inobedientia

2145 5057 2329 5127 accipit
2371 5059 2573 5129 justam
2621 5056 2788 5124 operis
2846 5064 2997 5122 atque
3050 5054 3297 5110 mercedis
3355 5051 3735 5107 retributionem

2144 5148 2314 5220 (Hei.
2347 5165 2406 5215 ιι,
2431 5147 2512 5220 ε).

2746 5254 2815 5293 ΔΙ)
2852 5251 3126 5295 annales.

2219 5328 2329 5385 Int.
2351 5328 2496 5397 Quid
2524 5327 2580 5383 in
2607 5327 2710 5384 hoc
2747 5328 3021 5398 sequimur
3057 5325 3201 5397 quod
3236 5325 3531 5397 Apostolus
3567 5324 3735 5380 dicit-

2146 5417 2279 5474 Fide
2300 5418 2460 5474 Jacob
2488 5420 2710 5473 moriens
2738 5419 2968 5489 singulos
2990 5418 3212 5486 ﬁliorum
3230 5406 3731 5487 Josephbenedisit,

2146 5520 2192 5567 et
2218 5511 2445 5565 adorauit
2473 5509 2733 5581 fastigium
2754 5510 2910 5580 virga:
2938 5512 3048 5582 ejus
3078 5508 3241 5578 (Heb.
3273 5525 3351 5577 xx,
3380 5510 3519 5581 31)!

2134 5622 2145 5633 '
2223 5604 2378 5672 Resp.
2423 5603 2632 5671 Sceptri
2672 5601 2991 5671 signiﬁcatio
3024 5612 3108 5656 est
3142 5602 3452 5671 accipienda
3495 5616 3587 5670 per
3624 5599 3739 5653 vir-

2148 5713 2291 5768 gain,
2322 5705 2374 5749 et
2396 5709 2493 5765 per
2525 5694 2630 5751 hoc
2661 5696 2809 5768 regni
2846 5695 3234 5767 potestatisque
3256 5694 3525 5766 fastigium
3549 5693 3601 5749 in
3628 5703 3732 5761 que
