3932 6170
258 303 362 360 809

1491 291 2043 353 ΙΝΞΤὲὶυϐΤξΟλυῖιι
2087 293 2213 349 LIB.
2258 293 2300 351 Ι.

3415 303 3519 356 810

257 417 504 473 Christus
532 416 841 486 intelligitur
870 416 1121 471 adoratus
1144 457 1159 482 ,
1200 415 1290 484 qui
1338 411 1592 467 videlicet
1634 396 1852 464 iuturus
1873 409 1922 465 Α
1955 407 2080 470 Deo,
2114 423 2217 461 non
2250 420 2458 472 vocem,
2492 406 2584 462 sed
2612 407 2938 461 inconditum
2969 422 3156 462 sonum
3192 410 3338 464 vocis
3381 426 3530 467 accc-

258 517 372 562 erat
404 506 556 576 regni
588 507 933 562 llebrazorum
960 514 1138 574 caput.

680 613 733 652 ιι(
758 611 976 652 Αοτικος
1015 608 1411 651 Ανοδτοιοιωω.

327 686 433 741 Int.
467 687 609 754 Quid
642 687 840 748 iudicat
867 687 993 741 illud
1022 687 1165 756 quod
1196 687 1456 755 legimus:
1500 684 1711 739 Sabbati
1751 683 1846 735 ha-

257 777 372 831 bens
398 780 495 833 iter
522 779 656 848 (Act.
691 795 727 843 ι,
767 779 874 849 12),
906 779 953 833 id
983 788 1087 845 est,
1123 779 1272 832 mille
1303 777 1525 847 passus?

329 868 485 940 Resp.
517 869 751 925 Sahbato
779 871 920 923 enim
951 885 1117 937 usque
1143 870 1207 922 ad
1252 878 1487 922 montem
1535 867 1724 921 Obveti
1766 866 1844 920 ire

257 962 459 1017 Jndxis
490 961 690 1015 licitum
720 972 830 1015 erat
858 979 871 1014 :
909 961 994 1014 vel
1024 970 1168 1015 certe
1203 960 1370 1015 sicubi
1413 959 1657 1024 inissent,
1689 967 1842 1011 t-iuto

255 1055 429 1119 Spatfo
458 1053 834 1107 dcanihnlandi
866 1052 1131 1107 licentiam
1167 1052 1579 1119 przrsuznebant.

330 1142 437 1195 Int.
474 1142 697 1213 Spiritus
748 1153 952 1196 sanctus
998 1142 1265 1210 quomodo
1305 1150 1429 1195 ante
1473 1141 1841 1195 ascensionem

256 1244 283 1282 ε
308 1231 581 1285 Salvatore
611 1234 901 1286 semiudum
936 1232 1291 1303 evangelistam
1312 1228 1567 1285 Joannem
1596 1229 1843 1301 apostolis

253 1321 542 1391 insumatur
570 1320 743 1389 (Joan.
778 1339 869 1389 xx,
904 1321 1015 1391 22),
1047 1337 1167 1373 eum
1198 1321 1489 1376 secundum
1522 1323 1686 1375 Actus
1709 1337 1842 1389 apo-

258 1412 512 1465 stolorum
542 1423 658 1480 post
680 1413 945 1465 decimum
970 1411 1303 1465 ascensionis
1324 1410 1461 1465 diem
1491 1410 1542 1464 in
1570 1410 1842 1478 apostolos

258 1505 456 1559 missus
486 1508 555 1559 sit
584 1506 728 1573 (Act.
763 1521 819 1571 ll,
854 1505 941 1573 l)?

327 1593 487 1663 Resp.
521 1596 698 1649 Multa:
730 1595 903 1649 sancti
933 1594 1165 1664 Spiritus
1193 1597 1478 1665 gratiarum
1525 1595 1843 1650 donationes

257 1694 400 1749 sunt,
431 1686 720 1739 secundum
753 1686 877 1739 illud
908 1687 1048 1754 quod
1081 1686 1373 1755 ApOstolus
1402 1684 1529 1739 dicit
1555 1702 1567 1736 :
1598 1684 1702 1737 Alii
1728 1684 1843 1752 qui-

1952 506 2157 566 perunt,
2192 506 2247 552 ut
2269 513 2361 551 eos
2384 504 2567 566 postea
2590 498 2729 552 dicat
2755 513 2940 553 vocem
2967 514 3069 552 non
3093 500 3328 565 audisse,
3357 502 3407 555 id
3431 514 3533 566 est,

1947 601 2258 655 expressam
2290 587 2572 642 verborum
2606 587 3038 656 signiﬁcantium,
3069 605 3169 656 qua
3207 593 3411 658 possint
3449 593 3532 646 in-

1948 683 2191 752 telligere
2220 682 2361 753 quod
2390 683 2636 738 sonabat.
2682 687 2757 737 Ac
2801 682 3025 751 perinde
3076 683 3275 738 idcirco
3318 686 3538 740 diversa

1948 773 2063 826 vice
2107 782 2161 827 et
2199 772 2413 828 audisse
2458 774 2782 835 referuntur,
2814 774 2934 841 quia
2964 783 3218 842 quantum
3248 775 3312 828 ad
3340 791 3529 830 sonum

1947 866 2204 935 pertinet,
2222 865 2525 930 audierunt;
2542 872 2795 935 quantum
2812 864 2877 917 ad
2897 866 3079 931 verba,
3103 882 3207 918 non
3224 868 3531 921 audierunt.

2020 955 2126 1009 Int.
2154 957 2328 1024 Quare
2358 958 2507 1025 prius
2552 957 2834 1010 communis
2882 956 3019 1011 cibus
3070 958 3393 1023 vocabatur,
3441 961 3529 1029 qui

1946 1059 2226 1117 putaretur
2255 1047 2594 1101 immundus?

2022 1138 2176 1209 Resp.
2212 1137 2361 1203 Quod
2394 1150 2580 1191 contra
2610 1138 2949 1192 interdictum
2981 1148 3106 1193 tunc
3151 1141 3242 1194 Dei
3290 1141 3341 1194 in
3385 1156 3529 1196 com-

1947 1243 2107 1283 mune
2136 1228 2346 1282 caeteris
2373 1236 2577 1295 pateret
2606 1228 2929 1295 hominibus,
2952 1229 3040 1297 qui
3068 1231 3115 1281 in
3146 1230 3387 1283 ciborum
3418 1232 3528 1284 dis.

1946 1320 2185 1374 cretione
2208 1319 2338 1387 legis
2363 1320 2755 1374 observantiam
2787 1336 2894 1373 non
2938 1322 3209 1382 tenebant,
3248 1337 3339 1389 per
3368 1338 3526 1390 quain

1944 1410 2113 1465 Judazi
2143 1422 2345 1480 partem
2376 1411 2468 1465 Dei
2500 1425 2558 1465 se
2587 1425 2705 1466 esse
2750 1412 3044 1479 jactabant.
3093 1412 3413 1466 Puriticatus
3450 1427 3532 1475 est

1945 1510 2121 1556 autem
2153 1503 2315 1557 etiam
2349 1504 2572 1557 Domino
2595 1503 2802 1558 dicente
2829 1506 2892 1557 ad
2926 1503 3138 1557 Petrum
3169 1522 3181 1559 :
3225 1504 3352 1569 Qua:
3392 1504 3533 1558 Deus

1944 1593 2250 1665 puiiﬁcurit,
2283 1610 2343 1645 ne
2368 1604 2421 1646 tu
2447 1610 2711 1647 commune
2740 1596 2927 1647 dixeris
2962 1595 3095 1663 (Act.
3126 1611 3180 1658 κ,
3212 1596 3322 1663 l5).

2017 1687 2129 1740 lnt.
2160 1685 2295 1751 Quid
2326 1685 2455 1739 illud
2488 1695 2570 1740 est
2603 1687 2741 1755 quod
2778 1688 2826 1739 in
2859 1687 3084 1741 Artibus
3116 1688 3522 1754 apostolorum,

254 1775 370 1828 dem
398 1776 553 1828 datur
581 1794 671 1845 per
701 1777 955 1845 Spiritum
991 1793 1155 1830 sermo
1200 1777 1463 1845 sapientia:
1486 1818 1501 1840 ,
1545 1778 1637 1829 alii
1677 1792 1842 1829 sermo
1876 1772 1917 1829 Β
1948 1778 2213 1831 duodecim
2244 1780 2321 1832 illi
2350 1781 2434 1847 qui
2461 1778 2679 1831 Joannis
2712 1779 2962 1850 baptismo
3005 1780 3245 1849 baptizafi
3285 1781 3521 1850 fuerant,

254 1868 480 1920 scientia
520 1872 796 1922 secundum
839 1871 1066 1920 eumdem
1098 1866 1371 1937 Spiritum,
1399 1868 1488 1920 alii
1511 1868 1677 1939 gratia
1704 1868 1841 1919 sani-

254 1964 417 2007 tatum
446 1954 499 2007 in
526 1972 627 2008 uno
655 1956 874 2026 Spiritu,
904 1969 1006 2010 etc.
1041 1957 1090 2027 (Ι
1120 1956 1237 2010 Cor.
1274 1971 1367 2021 sit,
1409 1958 1485 2025 8).
1520 1957 1679 2025 Igitur
1716 1968 1839 2010 ante

256 2047 630 2101 ascensionem
661 2049 882 2117 gratiam
922 2052 1087 2102 sancti
1111 2047 1339 2116 SpTritus
1366 2057 1706 2117 acceperunt,
1735 2064 1836 2115 qua

252 2137 458 2204 possint
486 2148 697 2204 peccata
736 2138 1001 2191 dimittere
1022 2179 1035 2202 ,
1069 2148 1121 2192 et
1154 2138 1443 2207 baptizare,
1478 2150 1531 2193 et
1560 2139 1833 2193 credenti-

250 2226 349 2280 bus
379 2226 631 2293 Spiritum
663 2228 964 2296 ad0pti0nis
995 2226 1311 2293 infundere;
1362 2229 1652 2283 secundum
1692 2229 1833 2297 quod

249 2325 371 2370 tunc
393 2331 513 2371 cum
539 2318 615 2371 eis
635 2332 664 2371 a
683 2317 959 2373 Salvature
983 2319 1197 2387 spiritus
1222 2319 1607 2388 iusuillaretur,
1634 2320 1832 2375 dictum

248 2401 457 2463 fuerat:
492 2408 716 2475 Quorum
746 2411 1039 2464 remiseritis
1082 2420 1288 2482 peccata
1310 2454 1324 2477 ,
1369 2413 1687 2467 remittemur
1722 2415 1830 2479 eis;

246 2510 293 2553 et
318 2517 530 2569 quorum
564 2503 891 2567 retinueritis,
924 2514 1116 2556 retenta
1146 2514 1289 2556 erunt
1317 2502 1489 2574 (Joan.
1519 2521 1606 2569 xx,
1628 2504 1742 2571 25).
1765 2506 1832 2561 At

246 2606 374 2645 vero
393 2600 511 2659 post
531 2593 898 2648 ascensionem
924 2594 1088 2648 multo
1113 2595 1367 2662 majorem
1390 2595 1558 2648 sancti
1602 2594 1830 2663 Spiritus

244 2685 467 2754 gratiam
511 2696 860 2755 perceperunt
887 2686 938 2740 iu
970 2689 1280 2756 operatione
1313 2688 1594 2749 virtutum,
1629 2697 1680 2741 et
1709 2702 1830 2756 gra-

245 2776 313 2828 tia
340 2776 653 2841 sanitatum,
685 2789 737 2832 et
764 2779 1092 2833 diversarum
1126 2778 1463 2848 perceptione
1489 2780 1823 2849 linguarum:

244 2869 386 2936 juxta
416 2868 544 2922 illud
572 2870 708 2938 quod
737 2871 936 2925 eisdem
967 2872 1152 2925 eodem
1180 2874 1495 2941 promissum
1521 2872 1686 2927 fuerat
1715 2873 1823 2936 die,

245 2969 295 3012 ut
325 2960 706 3031 baptizarentur
738 2964 933 3035 Spiritu
964 2975 1153 3028 sancto,
1187 2975 1232 3019 et
1282 2966 1610 3019 induerentur
1648 2967 1828 3020 virtute

243 3052 376 3119 (Act.
407 3068 445 3119 l,
478 3054 560 3119 5),
592 3070 696 3123 qua
733 3056 1071 3123 Evangelium
1109 3055 1303 3110 Christi
1345 3057 1608 3112 universis
1646 3060 1821 3128 genti—

1946 1871 2272 1939 baptizantur
2297 1887 2328 1923 a
2361 1869 2529 1922 Paulo
2561 1870 2697 1941 (Act.
2728 1887 2814 1923 xix
2839 1916 2850 1933 ,
2873 1870 2963 1938 4)?

2016 1963 2171 2029 Resp.
2205 1962 2316 2016 lloc
2356 1961 2595 2027 idcirco,
2629 1965 2750 2032 quia
2781 1977 2885 2016 non
2919 1962 2971 2015 in
3006 1963 3218 2017 nomine
3246 1962 3527 2017 Trinitatis

1942 2053 2197 2123 liaptizati
2221 2062 2392 2107 erant.
2423 2054 2752 2123 Baptismum
2777 2054 2916 2109 enim
2939 2053 3158 2107 Joannis
3180 2054 3302 2108 licet
3326 2053 3377 2107 in
3400 2069 3523 2108 eum

1940 2145 2032 2212 qui
2062 2154 2320 2199 venturus
2347 2154 2428 2199 cst
2452 2185 2467 2207 ,
2505 2146 2795 2215 haptizaret
2818 2188 2834 2212 ,
2859 2155 3033 2201 tamen
3068 2148 3279 2216 proprie
3305 2146 3524 2202 Joannis

1942 2235 2267 2303 Baptismum
2301 2236 2601 2291 dicebatur.
2650 2238 2798 2293 Unde
2827 2247 2882 2294 et
2909 2240 2977 2292 ab
3015 2238 3283 2294 hmreticis
3308 2241 3525 2295 venienv

1940 2337 2018 2381 tes
2049 2341 2152 2382 non
2186 2327 2580 2397 rebaptizautur
2606 2344 2634 2382 a
2668 2327 2820 2382 nobis
2843 2370 2858 2394 ,
2902 2330 2945 2383 si
2981 2313 3279 2397 baptizatos
3318 2342 3527 2385 censuit

1938 2418 1990 2479 in
2022 2420 2239 2473 nomine
2269 2419 2542 2474 Trinitatis
2567 2437 2578 2472 :
2604 2421 2706 2474 nisi
2724 2420 2993 2489 impOsitio
3024 2429 3227 2475 tantum
3252 2436 3437 2475 manus
3457 2424 3523 2476 ast

1939 2511 2093 2565 tidem
2130 2521 2330 2565 rectam
2365 2513 2639 2567 conversis
2670 2512 2974 2578 adhibetur,
3008 2522 3067 2566 ut
3096 2528 3190 2582 per
3227 2513 3364 2569 hanc
3402 2527 3523 2566 sau-

1936 2604 2004 2660 Cti
2038 2603 2272 2673 Spiritus
2307 2606 2633 2675 suscipiatur
2668 2606 2884 2660 inlusio.

2440 2713 2490 2752 IN
2531 2713 2613 2751 Ei‘l
2649 2715 2785 2752 TOLA
2825 2714 3023 2754 JACOBI.

2003 2788 2110 2843 Int.
2135 2788 2416 2855 Quomodo
2438 2790 2662 2844 diritur:
2695 2790 2829 2843 Deus
2853 2792 3127 2843 intentator
3150 2791 3402 2843 malorum
3428 2799 3519 2855 est,

1931 2892 1977 2934 et
1998 2883 2104 2949 ipse
2116 2884 2361 2936 neminem
2379 2891 2534 2936 tentat
2553 2883 2691 2953 (Jac.
2713 2884 2871 2953 1,13);
2892 2899 3013 2936 curn
3032 2881 3375 2937 nihilominus
3392 2886 3522 2937 scri-

1931 2981 2074 3041 ptum
2094 2972 2190 3024 sit:
2215 2972 2392 3025 Tentat
2408 2990 2492 3028 vos
2510 2973 2758 3028 Dominus
2775 2973 2911 3027 Deus
2928 2984 3085 3029 vester
3101 2975 3278 3047 (Deut.
3302 2991 3417 3039 xm,
3432 2976 3522 3045 5)?

2001 3066 2159 3133 Resp.
2210 3064 2455 3119 Tentatio
2504 3064 2708 3119 Domini
2756 3064 2999 3133 probatio
3050 3064 3368 3133 appellatur.
3414 3066 3521 3121 Nec

241 3146 343 3199 bus
370 3146 575 3215 possint
604 3148 918 3216 praedicare.
954 3150 1007 3204 lu
1043 3153 1301 3221 liac.crgo
1343 3154 1685 3221 perceptione
1718 3170 1845 3208 san-
1872 3138 1915 3200 ε
1948 3173 2048 3222 que
2077 3157 2218 3212 enim
2263 3157 2351 3211 ille
2381 3169 2700 3226 quemquam
2733 3164 2903 3209 tentat
2934 3154 2987 3209 in
3020 3155 3357 3223 passionibus
3378 3197 3391 3217 .
3423 3158 3518 3210 sed

244 3239 315 3292 cti
342 3238 576 3307 Spiritus
605 3242 898 3297 secundum
944 3244 1231 3297 Dominicae
1278 3245 1464 3313 gratia:
1507 3243 1842 3299 distributio.

241 3343 363 3384 nem
393 3331 757 3399 apostolorum
789 3332 1180 3387 demonstratur
1210 3334 1475 3403 profectus
1503 3376 1518 3402 ,
1550 3352 1652 3389 non
1683 3352 1833 3390 com-

240 3422 589 3487 pugnzuitium
619 3420 902 3475 diversitas
931 3422 1350 3492 Scripturaruiu.
1386 3425 1450 3479 Et
1473 3426 1647 3491 aliter,
1675 3443 1839 3497 quare

241 3511 325 3566 bis
352 3514 507 3567 datus
551 3515 621 3567 sit
653 3515 879 3584 Spiritus
902 3527 1137 3580 sanctus,
1168 3518 1379 3587 egregie
1407 3520 1620 3587 quidam
1653 3520 1839 3574 ductor

240 3606 492 3674 expisait
522 3605 703 3660 dicens
728 3607 796 3662 de
822 3623 886 3661 eo
914 3623 1068 3678 queui
1096 3610 1323 3678 primum
1354 3608 1438 3663 hic
1468 3611 1717 3667 Salvator
1746 3626 1839 3679 per

242 3698 477 3763 seipsnm
508 3697 671 3764 dedit,
698 3708 750 3751 et
775 3698 843 3753 de
874 3700 1024 3753 cmlis
1052 3709 1233 3768 postea
1266 3700 1432 3762 misit,
1464 3711 1519 3753 ut
1561 3702 1831 3770 signiﬁca-

243 3798 390 3842 retur
419 3789 636 3843 dilectio
665 3792 894 3861 proximi
916 3802 970 3847 et
995 3792 1211 3846 dilectio
1240 3792 1355 3857 Dei,
1383 3809 1497 3862 qua:
1520 3794 1568 3847 in
1600 3791 1837 3847 cordibus

242 3890 535 3933 sanctorum
564 3897 655 3952 per
685 3881 934 3952 Spiritum
966 3892 1198 3936 sanctum
1239 3883 1546 3950 di/funditur
1578 3884 1756 3953 (Rom.
1781 3902 1834 3952 ν,

242 3967 323 4033 5),
359 3970 448 4039 qui
488 3971 640 4024 datus
682 3983 763 4026 est
809 3974 873 4026 ad
921 3974 1392 4043 cvangelizandum
1442 3975 1536 4029 Dei
1588 3978 1833 4032 verbum.

242 4058 347 4114 Per
373 4060 517 4129 quod
551 4063 778 4132 apostoli
812 4070 948 4119 ’scse
988 4066 1038 4118 in
1083 4065 1226 4120 orbis
1278 4077 1455 4135 partes
1504 4066 1832 4134 intulerunt,

240 4163 501 4221 quantum
550 4164 731 4209 narrat
777 4155 1042 4224 historia,
1094 4158 1515 4215 Bartbolommus
1564 4160 1616 4213 in
1650 4159 1830 4226 Indos,

238 4244 478 4299 Thomas
511 4246 733 4317 tetendit
766 4248 819 4302 in
861 4250 1085 4303 Parthos
1108 4291 1123 4315 ,
1172 4251 1452 4306 Matthrens
1499 4252 1786 4325 Ethiopes
1817 4297 1832 4322 ,

237 4334 488 4392 Andreas
539 4338 763 4407 Scythas
819 4341 1195 4409 prtedicatione
1249 4343 1511 4409 mollivit,
1568 4344 1830 4399 Joannem

238 4430 425 4481 Asiam
456 4427 638 4483 divino
659 4444 906 4485 sermone
936 4433 1193 4497 correxit,
1226 4430 1414 4487 Petrus
1438 4432 1828 4503 Cappadociam

1946 3263 1975 3302 a
2004 3247 2453 3319 concupiscentiis
2484 3246 2685 3301 nostris
2726 3243 2813 3301 illa
2850 3244 3073 3300 tentatio
3112 3250 3228 3310 est,
3260 3259 3380 3299 cum
3426 3246 3518 3299 liu-

1947 3340 2128 3397 miliati
2160 3340 2458 3409 do-jicimur.
2492 3337 2537 3391 Α
2568 3337 2796 3392 Domino
2824 3346 2906 3392 est
2938 3338 3162 3392 tentatio
3184 3382 3198 3404 ,
3242 3354 3361 3390 cum
3398 3352 3520 3406 pro-

1942 3428 2035 3485 bat
2072 3440 2127 3486 et
2168 3430 2551 3499 glorificamur,
2581 3438 2633 3484 et
2663 3429 2781 3483 ideo
2808 3425 3065 3494 Dominus
3092 3430 3383 3485 intentator
3412 3446 3522 3482 ma-

1943 3522 2113 3576 lorum
2146 3534 2245 3576 cat.

1984 3611 1990 3617 ’
2427 3608 2475 3645 l3
2520 3606 2769 3645 EPISTOLA
2810 3604 3039 3644 JOANNIS.

2012 3703 2120 3757 Int.
2159 3702 2425 3768 Quomodo
2457 3705 2681 3771 perfecta
2708 3700 2927 3754 charitos
2956 3704 3096 3770 foras
3122 3700 3207 3754 nit
3234 3700 3271 3754 it
3295 3703 3521 3757 timorem

1940 3794 2158 3867 (lJoan.
2184 3810 2263 3860 tv,
2294 3794 2407 3863 ts),
2447 3809 2567 3847 cum
2610 3808 2819 3847 rursum
2864 3791 3158 3845 scribitur:
3192 3793 3367 3845 Timor
3412 3794 3519 3846 Lo-

1926 3890 2060 3941 mini
2083 3899 2251 3942 castus
2282 3893 2536 3956 permanet
2559 3886 2608 3939 in
2635 3885 2876 3940 stcculum
2902 3884 3075 3938 sweuli
3107 3882 3219 3949 (Ps.
3247 3886 3522 3955 stutum)?

2010 3980 2164 4046 Resp.
2217 3976 2469 4046 Quisquis
2500 3976 2663 4031 Deum
2706 3978 2915 4045 diligit.
2956 3978 3137 4047 ut‘q-ic
3174 3976 3374 4046 alisque
3414 3976 3521 4028 Dcu

1937 4087 2056 4127 esse
2087 4070 2357 4125 fortuidat.
2391 4069 2488 4124 ilic
2515 4078 2598 4124 est
2636 4068 2793 4122 timor
2841 4066 2967 4133 Dei,
3015 4069 3104 4139 qui
3156 4077 3433 4138 permanet
3464 4067 3517 4121 in

1936 4162 2191 4217 sreculum
2222 4160 2424 4216 saeculi.
2454 4159 2619 4231 Igitur
2645 4159 2805 4213 timor
2833 4159 2917 4213 hic
2945 4159 3010 4215 tle
3039 4158 3276 4227 perlecta
3304 4158 3518 4213 Domini

1937 4253 2194 4308 charitate
2223 4252 2504 4308 descendit
2532 4268 2547 4314 ;
2580 4259 2633 4304 at
2661 4266 2788 4305 vero
2816 4251 2953 4303 alius
2981 4251 3141 4303 timor
3173 4250 3258 4307 ille
3287 4250 3353 4304 de
3386 4260 3519 4304 tem-

1936 4344 2162 4414 parariis
2200 4344 2363 4399 rebus
2405 4342 2683 4396 nascitur:
2718 4356 2944 4409 quarum
2988 4355 3129 4408 saepe
3172 4342 3515 4398 amissionem

1936 4450 2203 4489 veremur.
2235 4433 2384 4488 Hunc
2410 4434 2657 4486 timorem
2689 4428 2829 4484 {oras
2857 4430 3017 4485 mittit
3042 4430 3233 4485 divinae
3262 4431 3424 4499 perte.
3447 4435 3520 4486 tio

236 4529 404 4589 atque
430 4519 714 4587 Galatiam,
746 4522 1043 4593 Bithyniam
1079 4525 1275 4591 pariter
1305 4534 1358 4580 et
1395 4524 1620 4582 Pontum
1648 4569 1662 4590 .
1708 4544 1833 4596 pro-
1863 4506 1914 4566 D
1942 4523 2236 4578 cltarilatis.

236 4614 555 4682 vinciasquc
583 4615 842 4681 contines,
876 4617 999 4669 dum
1030 4615 1229 4670 Jnd:eis
1256 4618 1513 4685 prmdicat
1538 4660 1552 4682 ,
1603 4619 1831 4673 circuit:

236 4708 519 4769 postremo
562 4703 783 4759 Romam
834 4707 1194 4760 illustraturus
1243 4709 1493 4762 accessit.
1546 4706 1741 4762 Paulus
1772 4710 1833 4763 ab

236 4795 570 4851 Hierusalem
598 4815 751 4868 u'que
780 4798 1046 4870 Illyricum
1075 4818 1190 4854 cum
1228 4799 1506 4871 Evangelio
1547 4804 1835 4872 replevisset

236 4886 424 4959 (Rom.
463 4905 552 4953 xv,
598 4890 705 4957 l9),
750 4900 853 4944 tam
887 4892 1192 4947 innumeras
1223 4909 1284 4947 ac
1316 4894 1559 4963 dispares
1588 4895 1831 4950 nationes

237 4979 532 5048 praeceptis
561 4990 827 5049 tamquam
861 4983 1023 5051 armis
1057 4983 1224 5038 victor
1250 4983 1508 5037 edomuit.

315 5067 424 5122 Ini.
455 5068 585 5123 Cum
617 5072 667 5124 in
701 5073 916 5126 Actibus
940 5074 1298 5141 apostolorum
1322 5074 1553 5143 primum
1583 5075 1791 5146 lrgatur
1817 5096 1828 5130 :

241 5160 366 5215 Viri
392 5170 562 5215 autem
582 5163 667 5229 qni
687 5162 1059 5217 comitabantur
1081 5180 1193 5217 cum
1214 5182 1293 5229 eo,
1319 5167 1419 5219 hoc
1443 5175 1522 5220 est
1547 5183 1666 5221 cum
1689 5170 1834 5237 Apo-

232 5252 409 5316 stolo,
433 5254 632 5305 stabant
653 5263 930 5323 stupentes,
956 5256 1213 5310 audientes
1236 5258 1438 5327 quidem
1462 5272 1652 5324 vocem,
1675 5260 1833 5313 nemi-

236 5358 360 5396 nem
380 5352 554 5396 autem
576 5345 796 5399 uidentes
820 5347 955 5416 (Act.
984 5363 1062 5414 Ix,
1088 5344 1164 5417 7),
1187 5351 1454 5419 quomodo
1479 5361 1661 5420 postea
1691 5354 1831 5419 Apo-

234 5434 414 5489 stolus
444 5434 612 5489 dicit:
643 5436 709 5489 Et
740 5438 825 5506 qui
854 5453 1049 5504 mecum
1080 5448 1243 5506 crant,
1277 5440 1443 5495 lumen
1469 5444 1671 5513 quidem
1696 5445 1831 5496 vide-

235 5535 387 5593 runt,
418 5542 589 5580 vocem
626 5539 795 5582 autem
834 5547 934 5583 nan
964 5531 1237 5584 audierunt
1265 5538 1378 5603 ejus
1406 5534 1493 5602 qui
1531 5533 1832 5604 loquebatur

234 5628 443 5667 mecum
471 5616 609 5687 (Act.
645 5633 774 5684 xm,
804 5618 900 5689 9)?

320 5705 477 5778 Resp.
524 5709 781 5772 Superius
826 5714 915 5766 ubi
963 5714 1175 5770 audisse
1214 5729 1398 5770 vocem
1456 5712 1761 5771 referuntur
1802 5733 1830 5772 τι

536 5802 800 5861 Parnoc.
852 5805 921 5864 L.

1986 4612 2120 4670 .Int.
2147 4613 2281 4670 item
2309 4611 2362 4667 in
2392 4611 2627 4682 Epistula
2654 4625 2749 4665 sua
2778 4611 3012 4666 Joannes
3040 4609 3188 4681 ponit
3214 4628 3225 4664 :
3253 4610 3378 4665 Tria
3402 4623 3519 4666 sunt

1940 4721 2053 4773 qua:
2085 4705 2420 4758 testimonium
2448 4705 2745 4776 perhibent,
2774 4720 2907 4774 aqua
2930 4745 2943 4765 ,
2969 4703 3179 4772 sanguis
3200 4748 3213 4772 ,
3242 4714 3286 4757 et
3308 4705 3519 4776 spiritus

1939 4786 2283 4867 (lJoan.v,8)
2312 4813 2323 4849 :
2357 4795 2480 4866 quid
2513 4795 2564 4848 iu
2597 4796 2697 4849 hoc
2727 4795 3036 4849 iudica'ur?

2011 4886 2170 4957 Resp.
2211 4887 2400 4943 Simile
2440 4887 2561 4941 huic
2603 4887 2719 4941 loco
2758 4889 2919 4941 etiam
2963 4887 3087 4940 illud
3123 4887 3254 4941 mihi
3287 4888 3520 4952 videtur,

1935 4979 2074 5048 quod
2099 4979 2210 5048 ipse
2230 4978 2282 5032 in
2307 4978 2595 5047 Evangelio
2618 4993 2713 5031 suo
2735 4978 2800 5031 de
2820 4978 3062 5046 passione
3075 4977 3267 5032 Christi
3289 4979 3519 5046 loquitur

1935 5069 2122 5125 dicens
2158 5086 2170 5121 :
2216 5067 2361 5121 Unus
2400 5068 2620 5120 militum
2659 5067 2837 5122 lancea
2875 5068 3006 5121 latus
3044 5068 3151 5136 ejus
3192 5069 3427 5135 aperuit,
3468 5078 3518 5122 et

1934 5163 2175 5215 continuo
2202 5161 2352 5213 exivit
2381 5161 2587 5231 sanguis
2627 5170 2675 5214 et
2714 5177 2847 5230 aqua
2869 5178 2887 5224 ;
2921 5170 2966 5213 et
2994 5160 3082 5232 qui
3106 5160 3228 5213 vidit
3249 5201 3262 5221 ,
3288 5162 3518 5214 testimo-

1938 5253 2076 5309 nium
2117 5253 2365 5325 perhibuit
2408 5251 2604 5323 (Joan.
2632 5270 2750 5311 six.
2779 5251 2910 5319 54).
2956 5252 3012 5304 lu
3055 5251 3242 5305 eodem
3290 5251 3403 5320 ipse
3450 5252 3518 5307 do

1936 5349 2065 5401 Jesu
2095 5361 2254 5415 supra
2286 5345 2532 5400 dixerat:
2567 5344 2822 5399 Inclinato
2851 5345 3016 5414 capite
3042 5345 3256 5397 tradidit
3280 5344 3516 5416 spiritum

1936 5439 2116 5510 (Joan.
2145 5455 2229 5491 xix
2255 5479 2269 5503 ,
2300 5438 2415 5507 50).
2450 5437 2673 5505 Quidam
2704 5452 2829 5508 ergo
2858 5454 2921 5491 es
2955 5437 3055 5491 hoc
3085 5436 3157 5491 ita
3201 5436 3512 5504 distiutant:

1936 5532 2083 5598 Aqua
2134 5528 2453 5597 bapli-mttm
2493 5568 2507 5591 ,
2567 5529 2781 5596 sanguis
2830 5528 3036 5581 videtur
3092 5527 3326 5582 indicare
3375 5542 3516 5581 mar-

1938 5622 2131 5693 tyrium
2159 5664 2172 5686 ,
2214 5619 2446 5687 Spiritus
2491 5634 2617 5672 vero
2659 5619 2771 5686 ipse
2818 5627 2899 5673 est
2938 5619 3026 5688 qui
3068 5633 3164 5689 per
3201 5617 3515 5688 martyrium

1939 5711 2127 5769 transit
2158 5712 2218 5765 ad
2254 5711 2554 5765 Dominum.
2602 5708 2793 5764 Plures
2823 5717 2998 5763 tamen
3029 5710 3119 5766 hic
3152 5711 3317 5779 ipsam
3352 5710 3513 5765 inter-

2880 5803 2957 5863 '26
