3932 6170
443 297 549 354 εις

1438 301 1496 358 S.
1539 300 1865 358 EUCllEl‘lll
1909 302 2388 364 LUGDUNENSIS
2428 307 2734 371 EPlSCOPl
3625 326 3711 382 8|).

453 409 750 478 prolatione
781 407 1000 480 mystica
1037 405 1340 506 intelligunt
1378 407 1695 465 Trinitatem
1721 452 1734 474 ,
1779 425 1846 466 eo
1884 413 2030 482 quod
2064 417 2106 475 Α
2140 429 2208 469 xu
2233 458 2246 482 ,
2272 414 2386 487 '52).
2420 417 2766 488 Blasphemat
2788 422 2928 478 enim
2959 425 3046 494 qui
3071 424 3265 481 divinis
3289 428 3590 498 promissis.
3612 434 3718 506 Spi-

449 501 680 570 perfecta
722 500 834 569 ipsa
880 499 1159 568 perhibent
1203 499 1569 556 testimonium
1611 502 1868 556 Christo:
1900 518 2036 571 aqua

446 591 656 645 Patrem
691 589 933 644 indicans
957 631 971 654 ,
1000 590 1127 660 quia
1159 590 1272 659 ipse
1305 591 1373 646 de
1400 607 1459 647 se
1500 592 1669 648 dicit:
1717 591 1803 647 Me
1840 592 2035 646 dereli-

444 690 659 754 querunt
704 682 892 752 fontem
941 697 1090 753 aqua:
1134 685 1257 737 vince
1303 681 1728 756 (Jer.tt,15);
1776 686 2036 755 sanguine

443 774 714 829 Christum
732 774 1130 838 demonstrans,
1151 775 1334 845 utique
1350 790 1447 846 per
1465 777 1728 846 passionis
1749 794 2031 846 cruorem;

435 867 631 936 spiritu
658 883 790 923 vero
814 877 1061 924 sanctum
1089 868 1348 938 Spiritum
1379 871 1754 926 manifestans.
1783 872 1908 927 liter.
1932 889 2034 928 au-

441 965 550 1013 tem
582 958 682 1013 tria
709 959 777 1014 de
800 957 1016 1014 Christo
1048 961 1413 1016 tcSIimonium
1446 963 1515 1017 ita
1551 964 1870 1033 perhibent,
1916 966 2034 1036 ipso

441 1048 493 1104 in
546 1048 838 1119 Evangelio
888 1051 1190 1120 loquente:
1245 1053 1353 1124 Ego
1397 1069 1507 1106 sum
1553 1056 1644 1120 qui
1683 1057 2030 1110 testimonium

437 1137 677 1211 perhibeo
705 1139 769 1192 de
794 1141 1021 1208 meipso;
1050 1150 1095 1195 et
1125 1143 1464 1196 testimonium
1491 1144 1721 1216 perhibet
1749 1146 1814 1198 de
1839 1163 1918 1200 me
1942 1149 2028 1217 qui

436 1229 575 1284 misit
599 1246 679 1283 me
707 1229 866 1285 Pater
892 1230 1082 1302 (Joan.
1111 1233 1378 1304 vttt,18).
1430 1235 1492 1287 Et
1537 1235 1664 1288 item
1694 1252 1708 1287 :
1756 1236 1883 1290 Cum
1929 1254 2025 1290 au-

435 1329 534 1374 tem
562 1323 751 1376 venerit
791 1320 1131 1390 Paracletus,
1163 1341 1312 1393 quem
1350 1342 1442 1394 ego
1485 1326 1681 1378 mittam
1720 1327 1860 1381 vobis
1903 1328 2026 1397 Spi-

435 1415 590 1468 ritum
620 1416 872 1483 veritatis,
901 1418 989 1485 qui
1015 1433 1046 1469 a
1078 1415 1238 1471 Patre
1267 1419 1526 1483 procedit,
1559 1419 1648 1472 ille
1675 1419 2024 1474 testimonium

433 1507 710 1574 perhibeblt
731 1507 793 1560 de
812 1523 892 1562 me
918 1505 1099 1579 (Joau.
1117 1508 1334 1580 ".20).
1360 1508 1616 1564 Perhibet
1634 1525 1762 1579 ergo
1783 1512 2021 1566 testimo-
2066 1508 2068 1510 ’

431 1599 575 1651 nium
610 1599 799 1665 Pater,
831 1615 950 1654 ettm
980 1600 1111 1654 dicit
1141 1617 1155 1655 :
1189 1599 1294 1655 llic
1322 1610 1394 1655 est
1425 1600 1598 1656 Filius
1624 1619 1766 1656 meus
1806 1601 2019 1658 dilectus

431 1691 662 1762 (Matth.
709 1707 801 1760 tu,
847 1695 949 1763 Π)
977 1709 992 1760 ;
1027 1692 1193 1748 Filius
1215 1737 1229 1761 ,
1261 1709 1384 1750 cum
1415 1695 1588 1750 dicit:
1626 1695 1734 1766 Ego
1764 1705 1813 1749 et
1862 1696 2018 1750 Pater

2141 506 2371 576 rituique
2401 518 2586 563 sancto
2618 511 2840 567 minime
2867 514 3125 579 credens,
3155 517 3206 570 iu
3235 533 3342 587 quo
3373 531 3450 575 est
3483 525 3717 581 remissio

2142 607 2484 666 peccatorum
2504 642 2518 664 ,
2554 603 2888 658 reconciliari
2940 605 3052 662 Deo
3084 607 3135 662 in
3167 608 3264 664 hac
3296 610 3399 664 vita
3452 629 3548 682 per
3575 619 3720 670 satis-

2142 688 2388 745 factionis
2419 706 2582 760 Opera
2615 695 2901 751 detrectat.

2213 779 2319 834 lnt.
2355 781 2492 850 Quid
2524 784 2794 854 signiﬁcat
2820 787 2960 854 quod
2993 787 3043 841 in
3070 789 3259 844 eodem
3292 791 3553 862 legimus,
3583 812 3719 852 mun-

2137 867 2260 922 dum
2290 871 2343 924 in
2375 873 2655 942 malignum
2683 893 2790 930 esse
2814 880 3038 948 positum
3071 879 3117 948 (l
3141 879 3299 936 Joan.
3329 899 3381 948 v,
3417 882 3505 955 19)
3530 886 3553 938 ?

2210 961 2370 1032 Resp.
2402 962 2515 1016 Non
2562 964 2701 1034 quod
2749 981 2778 1019 a
2831 966 2943 1022 Deo
2995 971 3224 1025 mundus
3274 973 3326 1026 in
3377 974 3616 1044 maligno
3660 979 3719 1031 sit

2136 1055 2366 1122 positus,
2387 1057 2479 1109 sed
2499 1059 2638 1126 quod
2670 1058 2795 1112 vitia
2823 1059 3099 1116 hominum
3131 1064 3182 1118 in
3212 1066 3413 1121 mundo
3435 1069 3716 1125 viventium

2133 1150 2242 1201 sint
2282 1148 2534 1220 maligna.
2578 1149 2690 1206 Hoc
2735 1154 2895 1207 modo
2939 1156 3103 1209 etiam
3157 1157 3286 1212 illud
3334 1162 3534 1228 patebit
3584 1165 3716 1233 quod

2130 1238 2387 1308 scriptum
2421 1251 2501 1295 est
2530 1257 2545 1295 :
2579 1241 2714 1306 Quia
2744 1243 2852 1298 dies
2883 1246 3007 1299 ntali
3036 1257 3152 1301 sunt
3185 1247 3346 1323 (Eph.
3374 1267 3430 1320 v,
3461 1253 3577 1324 16).

2711 1389 2765 1430 IN
2795 1391 2959 1432 APOCA
2968 1394 3133 1434 ιιιθει.

2197 1502 2306 1556 Ιηι.
2337 1503 2435 1572 Qui
2468 1514 2590 1561 sunt
2620 1506 2695 1561 illi
2726 1518 2913 1580 septem
2943 1513 3155 1582 spiritus
3187 1515 3316 1583 Dei,
3349 1517 3442 1587 qui
3489 1520 3542 1571 in
3588 1521 3712 1590 Apo-

2123 1595 2325 1666 calypsi
2354 1597 2442 1662 (ι,
2473 1599 2545 1668 4)
2574 1605 3110 1658 commemorantur?

2197 1687 2354 1757 Resp.
2387 1688 2450 1750 lli
2481 1697 2608 1744 sunt
2645 1705 2778 1758 quos
2817 1701 2870 1747 et
2900 1694 3161 1763 propheta
3194 1695 3360 1750 lsaias
3389 1712 3710 1755 enumerat:

429 1799 588 1836 unum
637 1783 1038 1856 sumusI-(Joan.
1065 1801 1131 1854 x,
1164 1785 1256 1856 50)
1287 1803 1301 1849 ;
1331 1786 1564 1855 Spiritus
1603 1797 1820 1843 sanctus
1845 1829 1860 1852 ,
1894 1803 2012 1842 cum
2048 1793 2092 1851 Β
2125 1782 2352 1852 Spiritus
2396 1784 2662 1855 sapientiae
2704 1794 2754 1839 et
2800 1785 3091 1841 intellectus
3112 1831 3126 1854 ,
3178 1791 3392 1855 spiritus
3431 1792 3640 1846 comi/.t'
3675 1805 3714 1845 et

425 1875 494 1930 de
520 1890 584 1929 eo
617 1876 814 1930 dicitur
847 1893 860 1929 :
904 1875 973 1930 Et
1013 1877 1138 1932 vidit
1185 1877 1441 1950 Spiritum
1495 1877 1592 1932 Dei
1632 1880 2018 1933 descendentem

424 1967 553 2021 sicut
579 1966 867 2021 columbam
895 1969 1172 2023 venientem
1203 1987 1358 2039 super
1383 1987 1435 2024 se
1465 1969 1680 2041 (Matth.
1709 1987 1797 2035 tu,
1832 1972 1941 2042 16).

494 2055 605 2112 Int.
635 2059 771 2126 Quid
803 2073 878 2114 es
914 2061 1059 2130 quod
1091 2076 1305 2116 rursum
1336 2062 1386 2115 in
1415 2061 1654 2131 Epistola
1685 2077 1777 2116 sua
1811 2063 2020 2132 profert

422 2165 542 2206 esse
573 2165 670 2222 pro
699 2168 805 2221 quo
856 2167 961 2207 non
1008 2152 1202 2209 debeat
1247 2154 1390 2209 orari
1436 2163 1700 2225 peccatum
1743 2171 1901 2226 usque
1945 2155 2014 2208 ad

421 2253 634 2298 mortem
668 2242 710 2314 (l
738 2242 897 2298 Joan.
927 2260 978 2313 v,
1014 2244 1142 2315 i6)?

489 2338 646 2406 Resp.
682 2338 874 2408 Utique
901 2353 1075 2409 usque
1101 2339 1168 2394 ad
1202 2347 1428 2394 mortem
1450 2347 1649 2408 peccat
1691 2338 1781 2394 ille
1823 2353 2014 2409 pecca-

420 2441 525 2495 tor,
555 2431 645 2501 qui
686 2432 739 2485 in
783 2431 941 2502 hujus
983 2432 1326 2501 temporaria:
1368 2432 1496 2486 vitae
1535 2447 1696 2486 cursu
1740 2432 2012 2502 pamiten-

416 2523 547 2577 tiam
584 2537 690 2577 non
731 2523 860 2594 agit.
900 2523 1011 2580 liae
1051 2528 1264 2580 ratione
1293 2523 1422 2580 illud
1450 2537 1668 2595 quoque
1696 2534 1905 2594 oportet
1933 2525 2015 2579 in-

419 2615 618 2685 telligi:
649 2617 751 2682 Qui
771 2627 940 2672 autem
961 2615 1387 2688 blasphemaverit
1407 2615 1461 2670 in
1481 2624 1716 2670 sanctum
1735 2615 2013 2687 Spiritum,

416 2721 518 2761 non
544 2708 828 2763 remittetur
851 2709 899 2763 ei
915 2748 930 2773 ,
961 2723 1119 2774 neque
1149 2708 1232 2762 hic
1257 2723 1419 2778 neque
1445 2707 1500 2762 in
1532 2709 1765 2778 futurum
1794 2705 2008 2772 (Matth.

2127 1872 2331 1936 pietatis
2353 1913 2367 1938 ,
2400 1874 2611 1943 spiritus
2636 1875 2864 1930 scientia?
2887 1887 2936 1929 et
2964 1878 3186 1932 veritatis
3208 1919 3222 1944 ,
3271 1881 3485 1950 spiritus
3525 1883 3714 1935 timoris

2125 1965 2223 2020 Dei
2251 1965 2404 2036 (lsai.
2428 1981 2512 2029 XI,
2544 1967 2624 2036 2).
2656 1966 2713 2021 1η
2734 1968 2948 2037 'quibus
2991 1979 3172 2024 tamen
3215 1972 3512 2039 spiritualia
3555 1989 3709 2042 opera

2123 2057 2515 2126 significantur.
2551 2058 2738 2112 Omnia
2763 2069 2934 2114 autem
2979 2061 3070 2114 illa
3110 2072 3351 2132 aperatur
3392 2080 3527 2118 unus
3568 2076 3713 2134 atque

2120 2150 2255 2202 idem
2285 2149 2499 2217 spiritus
2528 2148 2571 2220 (Ι
2600 2146 2720 2204 Cor.
2745 2165 2820 2204 xu
2841 2191 2856 2217 ,
2886 2150 2994 2221 ll).

2191 2243 2259 2296 Et
2288 2243 2501 2312 quidem
2535 2242 2649 2297 lure
2680 2244 2747 2298 de
2777 2244 3122 2314 opinionibus
3163 2243 3612 2300 doctissimorum
3641 2246 3712 2300 vi-

2115 2350 2301 2389 rorum
2328 2335 2562 2411 exigenti
2593 2335 2687 2388 tibi
2718 2350 2746 2388 a
2781 2351 2867 2390 me
2891 2337 3098 2404 prolata
3125 2346 3268 2392 sunt.
3300 2336 3357 2393 Si
3387 2339 3509 2407 quis
3537 2347 3710 2394 tamen

2116 2427 2170 2482 in
2205 2427 2580 2496 praedictarum
2608 2428 2964 2497 quaestionum
2991 2429 3447 2497 disputationibus
3471 2432 3712 2486 attulerit

2115 2534 2236 2589 quae
2295 2520 2466 2589 magis
2523 2521 2835 2588 probentur,
2899 2521 3305 2591 reprehendens
3354 2526 3709 2593 pertinaciam

2116 2625 2235 2680 qua
2262 2609 2314 2665 in
2350 2610 2621 2680 plerisque
2650 2626 2770 2668 esse
2801 2612 2972 2680 solet,
3018 2629 3122 2667 non
3163 2615 3338 2669 abnuo
3363 2631 3452 2671 me
3497 2627 3707 2672 secutu~

2117 2718 2234 2759 rum
2266 2717 2388 2758 esse
2417 2705 2657 2757 meliora.

1340 2938 1817 3045 LIBER
1896 2934 2766 3046 SECUNDUS.

759 3183 1128 3240 PREFATIO
1166 3185 1260 3241 AD
1297 3186 1666 3245 SALONIUM.

484 3275 782 3344 Quattiam,
815 3277 888 3332 lili
917 3276 1274 3345 charissima,
1306 3279 1587 3349 superiore
1629 3281 1767 3337 libro
1807 3295 2002 3352 propo-

412 3368 700 3424 sitionibus
729 3368 834 3423 tuis
878 3383 936 3424 se
977 3369 1166 3425 retulit
1208 3370 1400 3426 crebra
1449 3372 1762 3442 responsio,
1812 3383 1868 3430 et
1909 3388 2002 3429 ve-

411 3477 558 3527 reor,
592 3477 660 3518 ne
687 3462 917 3517 assidua:
952 3463 1402 3534 interrogationes
1427 3508 1441 3532 ,
1475 3474 1531 3520 ιιι
1561 3465 1621 3520 fit
1647 3465 1998 3536 plerumque,

412 3555 608 3625 legenti
649 3564 913 3625 generent
960 3570 1026 3610 ex
1072 3556 1323 3611 satietate
1362 3555 1632 3612 fastidium
1664 3573 1678 3623 ;
1710 3573 1832 3614 meo
1861 3573 2001 3614 nunc

413 3648 630 3703 nomine
653 3661 716 3701 ea
746 3661 865 3717 qua:
891 3647 1283 3718 spoponderam
1307 3663 1440 3718 opus
1461 3650 1762 3705 variaturus
1782 3690 1798 3716 ,
1835 3650 2000 3705 adne-

411 3745 593 3794 ctam:
626 3738 851 3809 singulae
877 3745 1138 3808 qumque,
1181 3748 1239 3793 ut
1276 3741 1478 3796 ordine.
1510 3741 1628 3811 ipso
1675 3742 1846 3812 magis
1884 3742 1999 3798 cla-

410 3840 595 3898 reant,
627 3845 722 3898 per
749 3831 957 3900 species
989 3846 1114 3886 suas
1144 3831 1414 3898 dividens,
1442 3847 1508 3886 ac
1536 3833 1703 3888 titulis
1732 3837 1844 3888 suis
1874 3834 2000 3890 sub-

409 3924 564 3977 dens.
612 3921 680 3976 Et
728 3923 901 3991 primo
957 3923 1164 3977 veniam
1214 3921 1280 3976 ad
1323 3922 1674 3978 Hebraeorum
1721 3924 1999 3980 nominum

410 4013 904 4082 interpretationem
931 4053 944 4077 ,
995 4028 1025 4067 e
1066 4013 1262 4083 quibus
1300 4025 1446 4070 certa
1493 4030 1722 4086 quaeque
1762 4027 1816 4072 et
1858 4016 2001 4072 cele-

412 4104 590 4158 briora
619 4103 904 4158 brevitatis
933 4118 1093 4157 causa
1127 4119 1341 4172 ponam.

933 4191 1160 4248 CAPUT
1190 4192 1475 4249 PRIMUM.

683 4283 1016 4340 Hebraeorum
1047 4286 1313 4340 nominum
1342 4285 1714 4356 interpretatio.

479 4375 725 4448 Adonai,
783 4375 836 4431 iu
887 4375 1136 4431 Latinum
1186 4387 1341 4432 sonat
1393 4377 1673 4432 Dominus.
1724 4375 1992 4445 Sabaoth,

409 4471 742 4526 exercituum
788 4469 903 4524 sive
939 4468 1236 4535 virtutum;
1277 4477 1408 4537 aut,
1454 4477 1512 4522 ut
1555 4467 1719 4539 aliqui
1767 4467 1992 4531 volunt,

2001 3105 2328 3120 ﬂ

2037 3192 2082 3254 C
2116 3188 2315 3244 celsus.
2347 3187 2620 3244 Abraham
2645 3231 2660 3255 ,
2706 3196 2857 3258 pater
2888 3189 3074 3246 videns
3117 3191 3369 3262 populum
3395 3236 3409 3261 ,
3442 3195 3527 3251 vel
3563 3207 3710 3268 pater

2105 3279 2435 3345 multarum,
2482 3278 2688 3334 scilicet
2720 3279 2981 3349 gentium.
3029 3279 3214 3349 Sarai,
3266 3283 3520 3356 princeps
3571 3302 3708 3342 mea.

2104 3369 2234 3424 Sara
2265 3369 2534 3440 princeps.
2564 3369 2866 3425 Notandum
2896 3371 3039 3441 quod
3074 3373 3316 3442 utrisque
3359 3378 3708 3444 nominibus,

2102 3461 2308 3517 sciliCet
2338 3462 2568 3518 Abralm
2595 3471 2650 3518 et
2688 3462 2838 3519 Sara:
2867 3471 3072 3519 tantum
3104 3483 3135 3519 a
3166 3465 3399 3522 litteram
3444 3469 3710 3524 Dominus

2102 3551 2404 3620 addiderit,
2433 3569 2553 3624 qua:
2585 3563 2765 3610 tamen
2795 3555 2935 3624 apud
2967 3556 3225 3613 llebrzeos
3273 3572 3369 3628 per
3409 3577 3439 3614 e
3483 3562 3708 3631 legitur.

2102 3647 2265 3716 Agar,
2317 3645 2553 3716 advena,
2596 3645 2682 3702 vel
2723 3661 3008 3703 conversa.
3060 3647 3289 3715 lsmacl,
3332 3650 3545 3706 auditio
3590 3653 3706 3708 Dei.

2103 3735 2275 3802 Isaac,
2324 3737 2504 3802 risus;
2556 3751 2662 3792 non
2707 3746 2887 3793 tamen
2914 3779 2930 3805 ,
2973 3747 3034 3792 ut
3076 3738 3292 3809 quidam
3325 3749 3560 3809 putant,
3594 3746 3711 3798 ideo

2103 3827 2181 3882 sic
2207 3827 2543 3897 appellatus,
2577 3829 2700 3900 quia
2747 3829 2878 3886 Sara
2925 3829 3146 3896 riserit,
3191 3831 3286 3886 sed
3333 3833 3477 3901 quod
3528 3835 3709 3888 Abra-

2103 3919 2250 3987 ham,
2293 3919 2383 3990 qui
2429 3929 2554 3975 tunc
2595 3921 2782 3991 utique
2823 3921 2970 3991 prior
3001 3921 3186 3976 risisse
3227 3920 3515 3978 iudicatur.
3567 3924 3712 3980 Reb-

2101 4009 2287 4076 becca,
2321 4011 2602 4079 patientia,
2632 4011 2744 4066 sive
2773 4026 2894 4081 quae
2924 4012 3148 4070 multum
3182 4015 3473 4083 acceperit.
3503 4015 3707 4078 Iacob.

2101 4103 2502 4172 supplantator.
2531 4101 2695 4157 Israel
2720 4143 2736 4168 ,
2769 4105 2850 4156 vir
2879 4103 3070 4158 videns
3119 4103 3320 4168 Deum.
3366 4103 3463 4159 sed
3505 4107 3714 4161 melius

2103 4193 2349 4263 princeps
2376 4208 2500 4248 cum
2528 4193 2661 4248 Deo.
2691 4192 2784 4248 Lia
2806 4235 2820 4259 ,
2853 4193 3142 4250 laboriosa.
3169 4193 3404 4260 Rachel,
3437 4197 3597 4264 ovis,
3629 4201 3711 4252 vel

2101 4285 2289 4340 videns
2318 4284 2510 4340 Deum.
2539 4285 2762 4353 Ruben,
2797 4286 2986 4340 videns
3034 4285 3203 4353 filios,
3251 4287 3365 4341 sive
3409 4287 3615 4344 videns
3660 4290 3712 4343 in

2101 4374 2299 4430 medio.
2331 4375 2548 4430 Simeon
2569 4415 2584 4441 ,
2617 4375 2844 4431 audiens
2875 4375 3145 4430 tristitias.
3178 4374 3342 4441 Levi,
3373 4379 3709 4446 oppositus,

2099 4468 2214 4522 sive
2243 4466 2477 4523 additus.
2519 4466 2690 4534 Juda,
2735 4468 3030 4534 confitens,
3071 4468 3186 4523 sive
3228 4467 3576 4536 gloriﬁcans.
3611 4469 3713 4523 lac

407 4565 751 4634 omnipotens
802 4561 958 4618 Jesus
980 4601 996 4628 ,
1053 4560 1320 4618 Salvator.
1376 4561 1686 4618 Nazarenus
1706 4603 1722 4628 ,
1773 4571 1991 4616 sanctus
2021 4572 2072 4632 ι)
2100 4558 2291 4624 bulon,
2321 4559 2684 4615 habitaculum
2711 4559 3154 4630 pulchritudinis.
3177 4557 3417 4624 lsachar,
3445 4571 3537 4615 est
3566 4577 3715 4616 mer-

405 4656 519 4709 sive
567 4654 821 4709 mundus.
869 4651 1133 4721 Messias,
1183 4663 1408 4719 unctus,
1461 4653 1514 4708 id
1561 4665 1678 4718 est,
1721 4651 1990 4708 Christus.

408 4746 674 4812 Michael,
715 4747 838 4815 quis
885 4743 1028 4800 sicut
1075 4743 1236 4800 Deus.
1280 4744 1532 4812 Gabriel,
1578 4744 1832 4800 fortitudo
1870 4743 1988 4799 Dei.

409 4836 685 4907 llaphael,
737 4835 1001 4892 medicina
1048 4835 1164 4891 Dei.
1209 4837 1377 4892 Adam
1403 4880 1417 4901 ,
1450 4838 1641 4902 homo,
1683 4835 1796 4891 sive
1835 4837 1995 4890 terri-

402 4944 562 4998 gena.
599 4929 704 4983 Eva
729 4968 742 4994 ,
778 4928 882 4983 vita
907 4973 922 4999 ,
966 4928 1083 4984 sive
1125 4928 1419 4984 calamitas.
1467 4929 1632 4984 Miror
1673 4927 1813 4983 unde
1853 4927 1991 4997 apud

404 5025 661 5078 llebrteos
709 5021 1086 5092 interpretatio
1135 5021 1290 5092 hujus
1340 5021 1574 5077 nominis
1624 5032 1730 5076 tam
1778 5019 1991 5074 diversa

303 5106 316 5112 ’
401 5115 470 5168 sit
501 5131 514 5168 :
549 5114 649 5170 nisi
682 5112 822 5169 forte
853 5113 1007 5182 ideo,
1042 5113 1184 5184 quod
1215 5113 1403 5168 eadem
1437 5122 1491 5168 et
1533 5111 1744 5168 edendo
1787 5109 1991 5164 homini

400 5208 562 5262 vitam
595 5207 873 5272 attulerit,
906 5213 961 5261 et
991 5205 1436 5275 transgrediendo
1464 5204 1850 5259 calamitatem.
1884 5205 1989 5256 Aut

400 5300 541 5370 quod
572 5302 767 5357 mulier
796 5301 916 5356 aliis
947 5299 1216 5356 interdum
1249 5299 1355 5354 vita
1378 5340 1393 5362 ,
1426 5298 1547 5353 aliis
1576 5308 1657 5353 est
1688 5295 1986 5352 calamitas.

399 5391 566 5458 Abel,
598 5392 774 5446 luctus
795 5432 812 5460 ,
845 5391 927 5446 vel
957 5389 1304 5446 miserabilis.
1345 5388 1506 5454 Cain,
1555 5388 1861 5458 possessio,
1903 5387 1988 5441 vel

400 5482 726 5542 lamentatio.
766 5483 950 5539 Enoch
973 5526 987 5550 ,
1019 5483 1307 5539 dedicatio.
1339 5482 1723 5549 Mathusalem,
1758 5491 1984 5535 mortem

397 5588 546 5628 suam
575 5575 738 5629 misit.
785 5574 898 5630 Noe
919 5619 934 5644 ,
980 5576 1215 5645 requies.
1245 5572 1370 5628 Sem
1394 5615 1408 5639 ,
1439 5573 1762 5628 nominatus.
1793 5572 1985 5640 Cham,

398 5663 643 5719 callidus.
676 5664 948 5734 Japheth,
993 5666 1244 5720 latitudo.
1291 5664 1464 5731 Lnth,
1510 5663 1823 5730 declinans,
1871 5665 1987 5719 sive

398 5762 604 5811 unctus.
635 5755 1023 5811 Melchisedech
1049 5802 1060 5822 ,
1097 5776 1188 5812 rex
1216 5759 1412 5828 justus.
1451 5758 1684 5826 Abram,
1715 5765 1864 5828 pater
1891 5773 1986 5814 ex-

2097 4665 2208 4706 ccs.
2235 4650 2368 4719 Dan,
2391 4651 2672 4722 judicium,
2697 4661 2783 4706 aut
2803 4651 3074 4721 judicans.
3097 4651 3238 4720 Gad,
3264 4653 3516 4707 tentatio.
3542 4655 3710 4720 Aser,

2101 4743 2348 4809 latitudo,
2380 4744 2496 4799 sive
2528 4745 2734 4800 beatus.
2758 4743 3087 4813 Nephtalim,
3114 4753 3524 4800 conversantes.
3569 4747 3713 4802 Ben-

2097 4834 2295 4904 jamin,
2336 4835 2475 4890 filius
2501 4835 2759 4890 dexterre.
2799 4835 3081 4914 prraim,
3123 4835 3364 4906 frugifer,
3393 4835 3514 4892 sive
3544 4840 3712 4895 uber-

2101 4939 2214 4994 tas,
2248 4929 2332 4985 vel
2361 4942 2549 4985 suetus
2579 4929 2791 4986 Latine.
2824 4931 3101 5001 Manasse,
3133 4931 3353 4986 oblitus.
3387 4931 3534 4986 Esau
3556 4975 3574 4999 ,
3610 4951 3711 4989 ru-

2101 5021 2270 5088 bens,
2305 5023 2419 5078 sive
2458 5039 2682 5079 acervus
2726 5024 2988 5093 lapidum.
3037 5023 3234 5096 Cedar,
3283 5026 3564 5096 tenebr:e,
3620 5026 3708 5081 vel

2095 5128 2318 5168 maeror.
2350 5113 2482 5182 Job,
2513 5130 2731 5185 magus,
2760 5116 2843 5172 vel
2875 5115 3086 5172 dolens.
3134 5116 3425 5184 Amalech,
3461 5120 3709 5188 populus

2094 5203 2369 5272 lambens,
2416 5205 2530 5260 sive
2561 5206 2922 5278 restinguens.
2954 5208 3194 5281 Moy.es,
3227 5210 3570 5280 assumptio,
3610 5211 3703 5265 vel

2095 5297 2311 5353 liniens.
2349 5300 2528 5354 Aaron
2561 5315 2716 5355 mons
2761 5300 3113 5356 fortitudinis.
3150 5301 3362 5356 Pharao
3403 5301 3707 5356 denudans

2092 5403 2212 5442 eum
2238 5431 2252 5454 ,
2295 5389 2408 5443 sive
2439 5389 2732 5461 dissipator
2771 5392 2909 5462 ejus.
2955 5392 3062 5448 Sed
3105 5392 3315 5446 Pharao
3358 5407 3560 5446 nomen
3614 5400 3704 5448 est

2093 5495 2196 5535 neu
2232 5480 2464 5537 hominis
2489 5523 2502 5545 ,
2533 5481 2624 5538 sed
2669 5483 2945 5553 dignitatis
2987 5502 2999 5537 :
3029 5485 3166 5539 sicut
3193 5495 3246 5539 et
3276 5483 3417 5552 apud
3449 5499 3552 5536 nos
3583 5485 3705 5536 Au-

2090 5577 2227 5643 gusti
2274 5573 2618 5642 appellautur
2661 5591 2818 5646 reges
2849 5619 2865 5644 ,
2915 5593 3038 5632 cum
3091 5577 3326 5647 prepriis
3371 5574 3703 5629 nominibus

2091 5678 2436 5725 censeantur.
2475 5668 2682 5723 Pharao
2712 5677 2894 5722 tamen
2943 5668 3034 5723 ille
3081 5669 3400 5724 submersus
3440 5669 3488 5722 in
3548 5670 3700 5724 mari

2089 5757 2273 5816 Rubro
2301 5760 2516 5830 proprio
2545 5761 2802 5816 vocabulo
2829 5761 3050 5817 Ccutrcs
3073 5770 3340 5816 vacuatus
3364 5769 3460 5816 est.
3484 5757 3696 5828 Josue,
