3932 6170
239 336 343 393 81⁸5

1419 324 1983 386 INSTRUCTIONUM
2023 324 2228 382 LIBER
2266 323 2331 379 ιι.

3408 333 3515 391 8M

239 447 501 501 salvator.
537 441 818 507 Athoniel.
854 450 1066 511 tempus
1109 438 1230 510 ejus
1260 439 1385 508 Dei,
1422 441 1506 496 vel
1552 439 1832 510 responsio
1858 440 1908 502 Α
1937 438 2055 494 vico
2076 436 2281 504 Chana,
2314 437 2429 508 ipse
2444 446 2526 495 est
2548 448 2604 497 et
2627 437 2861 499 Zeloles.
2895 442 3165 511 Scarioth,
3198 450 3514 507 memorian

239 534 361 593 Dei.
397 534 546 601 Aod,
597 534 887 604 gloriosus.
923 533 1204 603 Semegar,
1245 547 1442 587 nomen
1483 532 1825 596 adveniens,

238 628 355 683 sive
404 626 476 680 ibi
521 626 765 680 colonus.
800 624 1047 692 Baraeh,
1095 623 1400 695 fulgurans.
1445 623 1675 680 Delbora
1715 624 1831 693 apis

236 720 323 775 vel
359 719 576 788 loquax.
609 716 859 778 Gedeon,
885 717 1113 772 tentatio
1134 716 1429 786 iniquitatis
1456 731 1668 772 eorum.
1701 715 1832 771 Abi-

239 812 475 878 meleeh,
498 820 650 879 pater
679 822 829 864 meus
848 824 964 864 rex.
985 808 1176 876 'l'hola,
1197 808 1521 865 vermiculus
1537 807 1603 863 ad
1632 808 1831 862 tinctu-

237 920 356 960 ram
380 902 465 957 vel
496 902 799 957 coccinum.
833 900 966 963 Jair.
990 900 1318 956 illuminans.
1348 899 1529 971 Jepte,
1556 900 1828 969 aperiens,

238 990 324 1050 vel
354 1004 594 1063 apertus.
638 992 877 1058 Esebon,
912 992 1190 1063 cogitatio,
1228 993 1341 1049 sive
1374 994 1647 1063 cingulum
1697 1008 1829 1048 moe-

238 1089 402 1144 roris.
432 1086 680 1152 Achilon,
715 1086 903 1141 vivens
930 1086 1070 1152 Deo,
1099 1086 1183 1143 vel
1220 1087 1408 1142 videns
1434 1087 1624 1141 Deum.
1656 1086 1829 1153 Abdo,

238 1193 434 1233 servus
462 1178 600 1249 ejus.
632 1178 924 1247 Sampson,
954 1179 1033 1233 sol
1057 1192 1270 1245 eorum,
1294 1178 1379 1233 vel
1401 1179 1530 1242 solis
1552 1177 1829 1233 fortitudo.

238 1268 456 1332 Dalila,
507 1270 863 1339 paupercula,
921 1270 1004 1323 vel
1056 1270 1235 1325 situla.
1298 1271 1419 1339 Eli,
1474 1270 1614 1326 Deus
1656 1285 1832 1325 meus.

240 1363 497 1428 Samuel,
528 1377 725 1417 nomen
756 1362 874 1430 ejus
921 1361 1089 1417 Deus.
1136 1362 1263 1418 Saul
1289 1403 1306 1430 ,
1364 1362 1648 1433 expeditus
1671 1405 1685 1429 ,
1720 1366 1836 1418 sive

242 1455 457 1525 petitio.
484 1453 656 1509 Jassai
678 1496 693 1521 ,
719 1453 909 1508 insulae
937 1452 1345 1519 holocaustum,
1370 1457 1454 1509 vel
1487 1455 1832 1509 sacrificium.

243 1546 418 1603 David
441 1588 455 1609 ,
513 1545 885 1601 desiderabilis
910 1586 924 1611 ,
955 1546 1069 1601 sive
1109 1546 1262 1601 fortis
1304 1561 1487 1601 manu.
1525 1547 1791 1603 Jonathtn
1820 1588 1835 1614 ,

244 1642 513 1697 columbae
538 1641 763 1707 donum,
793 1640 871 1693 vel
904 1639 1112 1693 Domini
1136 1639 1358 1694 donum.
1388 1639 1663 1706 Absalom,
1687 1651 1841 1708 pater

244 1736 422 1805 pacis.
458 1734 737 1798 Salomon,
770 1732 1045 1801 pacificus.
1074 1732 1218 1787 ldcm
1250 1732 1633 1797 Ecclesiastes,
1659 1731 1710 1787 id
1735 1742 1837 1796 est,

1934 530 2172 598 Domini,
2199 530 2283 587 vel
2316 532 2577 587 memoria
2604 534 2813 589 mortis.
2851 536 2963 592 lloc
2990 553 3122 594 vero
3158 545 3377 599 nomine
3414 558 3513 615 ap-

1934 622 2162 692 pellatus
2205 633 2289 679 est
2319 623 2486 681 ludas
2515 640 2545 680 a
2576 626 2697 682 vico
2737 625 2791 682 in
2822 643 2930 699 quo
2952 639 3106 686 natus
3131 642 3234 688 est.
3267 635 3476 692 Marcus
3496 681 3510 703 ,

1932 716 2181 772 excelsus
2204 716 2483 774 mandato.
2508 718 2703 786 Lucas,
2735 720 2853 790 ipse
2875 736 3230 795 consurgens,
3262 728 3377 784 sive
3398 728 3515 802 ipso

1934 809 2139 865 levans.
2173 809 2498 880 Stephanus,
2530 827 2717 867 norma
2741 824 2949 882 vestra;
2981 814 3172 874 Graeco
3196 830 3374 877 autem
3401 838 3515 879 ser-

1934 914 2095 955 mone
2120 911 2429 957 coronatus.
2459 902 3039 973 Augusti,solemnitcr
3059 918 3283 965 stantes.
3306 910 3513 985 Caesar,

1936 992 2207 1058 possessio
2234 994 2570 1063 principalis.
2608 996 2845 1062 Circnei,
2895 998 3161 1057 hacredes.
3192 1002 3477 1062 llethsaida
3500 1054 3514 1076 ,

1934 1080 2127 1136 domus
2181 1081 2417 1152 frugum.
2472 1084 2776 1154 Betphage,
2819 1088 3016 1157 Syrum
3042 1134 3057 1159 ,
3100 1093 3295 1150 domus
3339 1099 3441 1153 vall
3467 1116 3514 1153 ε.

1938 1170 2216 1239 Bethania,
2250 1174 2444 1229 domus
2468 1175 2795 1231 afﬂictionis.
2826 1178 3129 1249 Genesear,
3182 1195 3331 1242 ortus
3370 1190 3519 1257 prin~

1937 1264 2092 1335 cipis.
2124 1264 2356 1331 Amaus,
2393 1267 2618 1336 populus
2652 1268 2914 1339 abjeclus.
2946 1269 3356 1343 Capharnaum,
3389 1294 3520 1349 ager

1938 1356 2347 1412 consolationis.
2378 1357 2623 1429 Sarepta,
2650 1360 2892 1427 incensa,
2924 1362 3039 1418 sive
3068 1368 3309 1435 angustia
3344 1370 3516 1437 panis.

1939 1448 2313 1517 Gethscmani,
2342 1451 2497 1506 vallis
2518 1452 2921 1522 pinguedinum.
2948 1455 3234 1526 Colgotha,
3264 1462 3516 1520 calvaria.

1941 1539 2229 1606 Nazareth,
2283 1540 2383 1598 llos
2429 1543 2732 1611 munditiae,
2764 1545 2845 1599 vel
2885 1546 3194 1617 virgultum.
3238 1550 3518 1621 Ninivitae,

1922 1633 2053 1706 gnati
2081 1633 2333 1701 speciosi.
2367 1633 2533 1689 Sidon
2554 1676 2567 1700 ,
2600 1637 2835 1703 venatio.
2866 1637 3153 1708 Zaehaeus,
3178 1642 3522 1706 justifieatus.

1944 1724 2194 1789 ldumaea,
2226 1740 2369 1781 rosa.
2404 1726 2616 1782 Lisama
2639 1769 2652 1792 ,
2689 1728 2937 1783 nativitas
2964 1733 3296 1789 tentationis.
3329 1736 3524 1792 Jorda-

245 1828 627 1890 concionator,
655 1825 802 1880 ldem
837 1834 889 1881 ει
916 1824 1085 1889 ldida,
1116 1825 1168 1879 id
1195 1833 1296 1892 est,
1326 1824 1555 1881 dilectus
1603 1825 1837 1881 Dentiui.

1950 1816 2049 1883 nis,
2074 1816 2388 1874 descensus.
2414 1818 2642 1879 Martha.
2659 1834 2960 1887 provocans
2978 1822 3167 1878 Deum.
3188 1824 3520 1897 Magdalena,

246 1919 520 1987 Roboam,
546 1919 774 1973 latitudo
801 1916 1005 1987 populi.
1030 1917 1185 1982 Abia,
1219 1927 1373 1986 pater
1402 1916 1683 1973 Dominus.
1707 1917 1830 1983 Asa,

248 2011 474 2077 tollens,
508 2011 643 2077 sive,
671 2009 984 2065 sustollens.
1016 2008 1298 2079 Josaphat,
1324 2009 1835 2080 Dominijudicium.

247 2102 476 2169 Joram,
531 2102 620 2173 qui
672 2112 756 2159 est
784 2102 1069 2167 excelsus,
1120 2101 1215 2158 sed
1259 2103 1451 2158 melius
1495 2104 1836 2160 sublimatus.

247 2194 538 2259 chozias,
570 2193 981 2263 apprehendens
1010 2194 1315 2251 Dominum.
1344 2194 1557 2251 Athalia
1576 2236 1593 2263 ,
1627 2206 1843 2267 tempus

244 2285 490 2343 Domini.
511 2284 639 2341 .loas
661 2327 676 2351 ,
707 2299 971 2356 sperans,
1014 2286 1129 2342 sive
1172 2286 1503 2356 temporalis.
1556 2288 1839 2357 Amasias,

241 2378 510 2450 populum
550 2377 763 2433 tollens.
810 2377 972 2434 Azias
1014 2377 1274 2434 fortitudo
1304 2379 1537 2435 Domini.
1585 2379 1840 2446 Aztrias,

242 2470 513 2526 auxilium
560 2468 793 2525 Domini.
845 2469 1102 2536 Jotham,
1155 2468 1451 2540 perfectus.
1490 2469 1700 2538 Achas,
1745 2487 1842 2543 ap-

240 2561 617 2632 prehendens.
651 2561 934 2626 Ezechias,
983 2560 1247 2616 fortiludo
1276 2561 1510 2617 Domini.
1539 2561 1839 2627 Manasses,

243 2655 584 2722 obliviosus,
618 2656 703 2711 vel
749 2656 872 2726 quia
911 2655 1109 2710 oblitus
1139 2664 1243 2711 est.
1286 2655 1488 2721 Amen,
1523 2656 1727 2722 fidelis,
1758 2645 1844 2712 vel

243 2746 535 2801 nutritius.
562 2747 739 2802 Josias
762 2787 777 2813 ,
807 2746 899 2802 ubi
930 2757 1013 2802 est
1043 2746 1356 2811 incensum,
1385 2746 1472 2803 vel
1510 2747 1718 2802 Domini
1761 2762 1847 2803 sa-

244 2839 364 2895 lus.
389 2837 644 2902 .loachaz,
678 2838 952 2893 robustus.
981 2837 1248 2905 Joachim,
1285 2838 1440 2909 cujus
1468 2847 1552 2895 est
1577 2854 1845 2909 praepara-

245 2933 355 2986 tio.
378 2929 664 2996 Eliacbim,
693 2929 788 2984 Dei
813 2930 1163 2995 resurrectio,
1186 2930 1496 2996 Jechonias,
1527 2931 1848 3000 praeparatio

246 3023 494 3079 Domini.
522 3020 837 3088 Sedechias,
861 3019 1040 3090 justus
1070 3019 1307 3076 Domini.
1354 3020 1675 3088 Jeroboam,
1705 3020 1845 3089 diju-

1942 1910 2122 1964 turris.
2146 1909 2411 1981 Susanna,
2433 1911 2801 1981 lilium.Saba,
2825 1916 3127 1985 captivitas.
3158 1916 3410 1989 Caiphas,
3443 1922 3525 1977 in-

1942 2003 2256 2072 vestigator,
2299 2006 2414 2059 sive
2443 2020 2666 2061 vomens
2693 2022 2805 2062 ore.
2836 2008 3057 2064 Pontius
3087 2010 3363 2067 declinans
3391 2030 3523 2071 cons

1943 2093 2144 2148 silium.
2178 2094 2409 2161 Pilatus,
2442 2110 2505 2151 os
2550 2097 2893 2153 malleatoris.
2943 2100 3211 2171 Herodes,
3258 2096 3522 2174 pellicius.

1946 2185 2205 2240 Barrabas
2227 2228 2241 2253 ,
2298 2187 2436 2243 lilius
2464 2189 2661 2258 patris,
2687 2192 2769 2246 vel
2794 2193 3033 2263 magistri
3076 2211 3259 2252 eorum
3280 2238 3294 2263 ,
3324 2199 3527 2271 absque

1944 2278 2110 2334 dubio
2140 2279 2446 2335 Iudaeorum
2480 2284 2741 2354 magistri,
2773 2286 2863 2355 qui
2891 2296 2974 2343 εει
3004 2288 3267 2346 diabolus.
3297 2293 3443 2349 Edcn
3473 2296 3524 2350 in

1948 2369 2167 2437 Genesi,
2194 2372 2422 2429 deliciae.
2442 2373 2647 2443 Juda‘a,
2672 2376 2957 2433 confessio.
2984 2379 3373 2453 Hierosolyma,
3393 2387 3529 2442 visio

1948 2459 2114 2528 pacis.
2138 2459 2291 2528 Sion,
2320 2464 2560 2532 specula,
2593 2476 2642 2520 ct
2664 2476 2838 2534 recte;
2868 2484 2987 2525 nam
3022 2470 3136 2528 ltarc
3160 2476 3348 2532 civitas
3363 2478 3530 2538 David

1948 2552 2001 2605 in
2050 2562 2231 2608 monte
2260 2567 2566 2611 constructa
2622 2568 2724 2614 est.
2773 2561 3039 2635 Babylon,
3095 2568 3373 2640 confusio,
3416 2572 3534 2633 sive

1949 2643 2246 2699 translatio.
2290 2645 2562 2718 Ethiopia
2589 2691 2603 2714 ,
2639 2652 2893 2708 tenebrae.
2926 2654 3191 2729 Egyptus
3213 2701 3227 2723 ,
3260 2662 3533 2722 tribulatio

1949 2735 2065 2789 sive
2096 2736 2353 2791 tenebrae.
2394 2739 2596 2810 Tyrus,
2648 2745 2912 2813 angustia.
2948 2746 3203 2816 Romani,
3231 2752 3529 2825 sublimes,

1950 2826 2035 2882 vel
2065 2834 2333 2885 tonantes.
2362 2828 2529 2897 Siuai,
2557 2848 2837 2901 mensura,
2881 2835 2994 2893 sive
3037 2840 3381 2911 mandatum,
3416 2844 3537 2901 sive

1953 2919 2202 2985 tentatio,
2234 2921 2317 2976 vel
2341 2921 2599 2990 amphora
2627 2939 2766 2979 mea.
2795 2926 3074 2995 Gehenna,
3098 2932 3252 2987 vallis
3277 2936 3528 3004 gratuita.

1951 3011 2178 3080 Quidam
2209 3015 2477 3071 aestimant
2500 3018 2822 3087 appellatam
2854 3021 2991 3077 hanc
3008 3038 3036 3077 a
3055 3024 3192 3081 valle
3210 3026 3531 3102 Gehennon,

246 3114 447 3169 dicans
472 3111 748 3182 populum,
781 3111 866 3166 vel
894 3109 1195 3182 dijudicans
1241 3124 1525 3181 supernos.
1563 3110 1741 3177 Nave,
1772 3112 1851 3166 la-
1882 3173 1918 3185 _
1952 3121 2071 3176 quae
2087 3116 2169 3162 est
2185 3107 2334 3177 juxta
2360 3123 2570 3163 murum
2589 3109 2908 3169 Jerusalem.
2930 3115 3170 3185 Hebraei,
3194 3121 3530 3181 transitores.

249 3173 486 3260 tratus:
509 3173 678 3259 Dasaa
701 3173 1048 3275 ,vpingue‘do.
1092 3173 1539 3275 llclam,'smculi,
1572 3207 1657 3263 vel
1679 3173 1845 3262 orbis,
1874 3173 1919 3235 δ
1954 3173 2257 3265 Sadducaci,
2280 3198 2570 3268 justificati.
2602 3201 2883 3273 Pharisaei,
2916 3173 3535 3277 divisi..dalilaii,

247 3296 495 3361 Zantbri,
514 3296 774 3365 psalmus,
801 3296 884 3351 vel
902 3296 1169 3351 canticum
1190 3311 1391 3353 meum.
1412 3295 1581 3364 Omri,
1604 3298 1851 3367 crlSpans
1953 3288 2108 3344 biles.
2137 3287 2439 3359 Samaritae,
2463 3292 2739 3359 custodes,
2768 3310 2834 3351 eo
2854 3299 2995 3367 quod
3027 3314 3055 3353 a
3090 3299 3399 3374 Babyloniis
3429 3307 3536 3365 illic

249 3402 437 3442 meus.
466 3386 672 3451 Achab,
695 3388 862 3440 frater
891 3386 1079 3455 patris.
1103 3387 1342 3454 Jesahcl,
1365 3386 1541 3443 ﬂuens
1567 3390 1847 3458 sanguine,

250 3479 343 3534 vel
374 3476 802 3544 sterquilinium.
831 3476 968 3532 Jebu
993 3518 1006 3544 ,
1040 3477 1154 3546 ipse
1182 3478 1266 3533 vel
1299 3487 1402 3533 est.
1434 3478 1659 3550 Joatha,
1689 3481 1853 3537 robu-

250 3582 394 3627 stus.
420 3568 729 3637 Zacharias,
755 3569 919 3625 timor
944 3568 1180 3624 Domini.
1204 3568 1373 3640 Sella,
1406 3571 1594 3627 umbra
1611 3570 1748 3642 ejus,
1768 3573 1850 3629 vel

252 3661 473 3731 petitio.
498 3660 759 3727 Manaem,
785 3660 1093 3715 consolans.
1128 3658 1324 3726 Facee,
1348 3662 1620 3730 aperiens.
1646 3662 1847 3728 Helias,

252 3752 401 3809 Deus
431 3751 710 3807 Dominus.
756 3750 1040 3817 Helisaeus,
1076 3750 1172 3807 Dei
1214 3751 1321 3807 mei
1363 3752 1531 3807 salus.
1559 3752 1719 3822 Osee,
1746 3756 1851 3810 sal-

252 3841 634 3907 vator..lobel,
683 3842 977 3912 incipiente
1005 3843 1148 3912 Deo,
1182 3842 1297 3899 sive
1327 3852 1409 3899 εει
1452 3844 1617 3901 Deus.
1662 3848 1847 3913 Amos,

254 3943 472 4006 potens,
504 3933 587 3989 vel
619 3933 771 3989 fortis
794 3974 808 4000 ,
855 3942 949 3989 aut
993 3934 1250 4004 populum
1280 3934 1582 3992 debellans.
1616 3938 1847 4004 Abdias,

252 4042 451 4085 servus
478 4028 715 4083 Domini.
759 4027 894 4084 Jona
924 4027 1203 4093 columba,
1247 4028 1333 4083 vel
1361 4028 1575 4085 dolens.
1631 4030 1803 4086 Micha
1830 4075 1845 4100 ,

256 4120 386 4189 quis
418 4119 555 4175 istc?
598 4117 790 4185 Naum,
818 4132 1064 4188 germen,
1092 4119 1211 4175 sive
1235 4120 1552 4175 consolatio.
1604 4121 1849 4185 Abacuc.

255 4211 600 4281 amplexans.
632 4208 960 4281 Sophottias,
1009 4210 1349 4267 abscondens
1397 4226 1538 4266 eam.
1586 4210 1848 4282 Aggazus,

254 4307 455 4373 festus,
479 4304 593 4359 sive
606 4304 883 4360 solemnis.
897 4302 1215 4375 Malachias,
1231 4304 1453 4376 angelus
1471 4319 1643 4361 meus.
1661 4304 1847 4374 Isaias,

254 4399 407 4455 salus
438 4398 675 4454 Domini.
699 4398 995 4465 Jeremias,
1026 4398 1275 4454 excelsus
1307 4398 1538 4455 Domini.
1574 4398 1847 4464 Ezechiel,

252 4490 526 4548 fortitudo
557 4490 793 4546 Domini.
830 4490 1014 4546 Daniel
1037 4532 1053 4559 ,
1076 4490 1334 4561 judicium
1378 4489 1613 4545 Domini.
1641 4489 1846 4553 Judith,

252 4582 506 4646 laudans,
553 4580 638 4636 vel
675 4580 885 4637 Judma.
916 4555 1141 4652 Joseplt,
1175 4591 1385 4637 auctus.
1416 4582 1582 4638 Maria
1603 4627 1617 4651 ,
1652 4582 1849 4638 illumi-
1880 4555 1930 4615 θ

252 4686 408 4742 nata,
439 4675 556 4729 sive
582 4675 741 4730 stella
771 4674 935 4730 maris
968 4692 981 4729 :
1012 4674 1103 4731 sed
1132 4689 1381 4730 sermone
1412 4674 1572 4748 Syro,
1611 4675 1848 4732 domina.

253 4770 476 4836 Simon,
510 4784 648 4838 pone
678 4784 989 4839 maerorem,
1015 4768 1098 4823 vel
1129 4767 1410 4823 obediens.
1444 4768 1660 4835 Petrus,
1687 4784 1850 4839 agno-

250 4876 437 4917 seens.
499 4859 727 4930 Barjona
755 4902 770 4925 ,
825 4861 965 4915 lilius
999 4860 1299 4926 columbae,
1332 4859 1525 4930 Syrum
1572 4862 1775 4929 pariter
1800 4870 1857 4918 et

254 4954 567 5008 Hebraeum.
599 4952 811 5024 Cephas
827 4994 842 5017 ,
869 4953 1083 5022 Petrus,
1107 4951 1299 5023 Syrum
1323 4961 1428 5008 est.
1450 4952 1669 5018 Paulus,
1692 4953 1856 5009 mira-

253 5045 404 5099 bilis.
439 5043 668 5107 Saulus,
723 5044 946 5098 tentatio
977 5043 1347 5113 respicientis,
1403 5043 1489 5098 vel
1539 5043 1854 5100 tentationis

256 5136 547 5193 securitas.
596 5135 874 5201 Andreas,
904 5134 1093 5200 virilis,
1124 5135 1371 5190 Grzncum
1424 5144 1529 5191 est.
1578 5134 1849 5203 Jacobus,

256 5229 663 5299 supplantator.
697 5227 956 5291 Joannes,
980 5226 1187 5283 domini
1214 5228 1406 5299 gratia.
1443 5228 1723 5298 Philippus
1746 5269 1760 5293 ,
1792 5244 1854 5285 os

256 5320 658 5391 lampadarum.
726 5320 1195 5387 Bartholomaeus,
1255 5321 1397 5376 filius
1472 5320 1854 5391 suspendentis

258 5424 451 5481 aquas.
486 5410 757 5478 Thomas,
787 5411 1052 5483 abyssus,
1080 5412 1165 5467 vel
1190 5413 1468 5483 geminus;
1502 5412 1645 5469 unde
1680 5422 1735 5469 et
1763 5414 1853 5468 Di-

260 5501 462 5574 dymus
500 5500 687 5557 Graece
710 5502 925 5558 dicitur.
952 5504 1233 5558 Matthmus
1254 5545 1269 5569 ,
1297 5504 1536 5561 donatio.
1576 5506 1720 5562 Idem
1753 5521 1851 5576 ap-

261 5596 500 5666 pellatus
521 5603 603 5650 est
628 5594 778 5652 Levi.
807 5596 1067 5661 Lehbeus,
1097 5598 1394 5664 corculum,
1429 5598 1479 5654 id
1505 5608 1587 5655 est
1615 5615 1643 5655 a
1665 5600 1849 5666 corde,

262 5690 381 5757 ipse
398 5698 481 5742 est
501 5695 557 5742 et
573 5686 863 5753 Taddanus,
885 5689 999 5759 ipse
1018 5700 1097 5743 est
1116 5688 1285 5745 Judas
1308 5691 1515 5747 Jacobi.
1531 5692 1847 5755 Cananmus,

265 5778 575 5851 possidens,
608 5778 722 5834 sive
750 5782 1037 5850 possessio.
1069 5782 1144 5836 ita
1176 5795 1357 5838 autem
1383 5783 1553 5838 dictus
1582 5783 1791 5850 Simon,
1821 5798 1850 5838 a

1950 3381 2017 3436 ad
2044 3383 2339 3438 custodiam
2366 3385 2610 3442 collocati
2637 3388 2745 3442 sint
2773 3388 3101 3448 Judaeorum.

2023 3471 2156 3527 Cum
2183 3474 2235 3528 in
2264 3476 2496 3543 caeteris,
2529 3486 2637 3533 tum
2666 3489 2719 3534 ct
2751 3482 2802 3534 in
2837 3482 2938 3535 hoc
2967 3485 3304 3541 abundanter
3336 3488 3534 3561 liquet,

1951 3562 2225 3633 Scriptura
2253 3567 2428 3620 omnis
2456 3582 2606 3623 sacra
2632 3584 2789 3638 quam
2821 3587 2944 3627 vere
2966 3572 3143 3628 divina
3173 3578 3261 3640 sit,
3295 3593 3357 3632 ac
3382 3581 3535 3649 plena

1952 3656 2245 3726 mysteriis,
2276 3658 2492 3726 quando
2523 3659 2589 3712 ita
2612 3674 2909 3727 congruant
2946 3664 3105 3719 rebus
3138 3668 3376 3735 nomina,
3406 3672 3537 3727 affe-

1952 3746 2237 3815 Clibusque
2268 3748 2651 3816 respondeant.
2696 3749 2848 3806 Sicut
2878 3752 3064 3819 David,
3097 3758 3185 3825 qui
3217 3760 3537 3829 exprimitur

1951 3836 2004 3891 in
2030 3836 2274 3892 Latinum
2307 3837 2462 3893 fortis
2492 3854 2651 3894 manu
2677 3857 2689 3893 :
2723 3841 2907 3912 utique
2929 3842 3256 3903 fortissimus
3284 3851 3537 3912 omnibus

1955 3928 2065 3984 fere.
2111 3930 2268 3985 bellis
2307 3930 2536 3987 exsnitit.
2584 3933 2839 3990 Salomon
2862 3978 2876 4003 ,
2934 3937 3190 4006 pacificus
3222 3959 3234 3995 :
3269 3943 3450 4014 utique
3483 3946 3535 4003 in

1954 4038 2085 4093 pace
2135 4038 2358 4092 regnum
2385 4024 2800 4083 administravit.
2847 4031 3067 4098 Daniel,
3103 4033 3364 4103 judicium
3395 4038 3486 4092 Dei
3519 4056 3533 4092 :

1953 4114 2136 4184 utique
2167 4114 2217 4169 in
2258 4115 2692 4186 presbyterorum
2717 4119 2923 4191 judicio
2966 4128 3288 4181 sententiam
3338 4128 3537 4185 divina:

1953 4206 2355 4275 disceptationis
2395 4209 2660 4265 exhibuit.
2702 4211 2855 4268 Unde
2898 4215 3025 4285 quid
3056 4216 3250 4274 mirum
3282 4220 3327 4274 si
3364 4219 3418 4275 hi
3451 4221 3532 4278 fu-

1954 4308 2071 4353 tura
2106 4300 2544 4371 praedicaverint,
2570 4319 2794 4373 quorum
2822 4309 2984 4362 etiam
3008 4312 3223 4365 nomina
3245 4353 3259 4377 ,
3286 4314 3424 4368 sicut
3448 4330 3537 4374 res

1954 4390 2205 4455 edocent,
2233 4392 2569 4462 prophetiam
2602 4397 2831 4450 sonant?
2862 4396 2969 4453 Sed
3006 4398 3117 4469 jam
3146 4402 3213 4456 de
3236 4404 3401 4459 variis
3439 4422 3536 4458 vo.

1954 4485 2161 4540 cabulis
2192 4486 2689 4556 interpretationem
2724 4505 3004 4558 ponamus.

2574 4577 2801 4635 CAPUT
2840 4581 2902 4635 ll.

2454 4669 2532 4725 De
2570 4673 2724 4728 variis
2760 4675 3037 4731 vocabulis.

2029 4761 2251 4818 Alleluia
2273 4804 2287 4823 .
2320 4764 2372 4817 in
2412 4764 2656 4820 Latinum
2690 4778 2842 4823 sonat
2876 4767 3088 4824 laudate
3118 4769 3437 4836 Dominum;
3490 4771 3541 4825 ia

1957 4854 2103 4909 enim
2136 4870 2299 4910 unum
2326 4865 2408 4911 est
2447 4858 2515 4912 de
2537 4856 2725 4913 decem
2758 4860 3066 4918 nominibus
3098 4862 3222 4929 Dei,
3253 4879 3372 4933 quae
3401 4864 3539 4931 apud

1960 4946 2218 5003 Hebraeos
2250 4947 2537 5005 habentur.
2569 4949 2765 5015 Amen,
2800 4966 2949 5019 vere,
2987 4954 3102 5007 sive
3134 4953 3385 5009 fideliter.
3418 4954 3540 5007 Dia-

1957 5039 2187 5108 psalma,
2216 5054 2433 5110 semper
2456 5056 2468 5094 :
2489 5056 2555 5096 eo
2577 5042 2722 5112 quod
2749 5042 2838 5097 illa
2862 5043 3061 5113 quibus
3084 5042 3185 5099 hoc
3211 5045 3536 5111 adnectitur,

1955 5134 2285 5203 sempiterna
2312 5149 2433 5190 esse
2468 5134 2755 5191 confirmet
2789 5150 2817 5189 a
2852 5136 2992 5204 Deo;
3028 5153 3132 5191 non
3163 5140 3540 5193 commutatio-

1957 5241 2079 5282 nem
2104 5228 2259 5282 metri
2291 5227 2587 5296 significat,
2622 5237 2678 5281 ut
2706 5228 2921 5295 quidam
2951 5230 3283 5297 existimant,
3313 5231 3397 5285 vel
3430 5233 3541 5301 spi-

1958 5318 2093 5372 ritus
2106 5317 2405 5387 prophetici
2421 5318 2791 5375 refcmionem.
2811 5320 2949 5375 Sunt
2966 5321 3126 5374 etiam
3142 5321 3230 5391 qui
3246 5323 3538 5391 tliapsalm

1959 5412 2081 5467 ideo
2110 5410 2328 5467 inscribi
2352 5420 2572 5481 putent,
2606 5420 2666 5467 ut
2688 5429 2755 5467 ex
2787 5413 2888 5468 hoc
2910 5413 3013 5468 sibi
3045 5428 3398 5483 personarum
3429 5416 3544 5477 sive

1960 5518 2213 5560 sensuum
2233 5504 2562 5574 intelligatur
2573 5520 2696 5560 esse
2707 5503 3010 5560 conversio.
3026 5506 3260 5573 Osanna,
3283 5508 3535 5575 SalViHCa,

1960 5598 2072 5651 sive
2094 5596 2303 5651 salvum
2329 5611 2415 5649 nte
2445 5595 2541 5650 fac.
2571 5595 2664 5651 Osi
2696 5596 2839 5651 enim
2863 5595 3102 5653 salvifica
3134 5598 3538 5674 interpretatur,

1960 5704 2099 5742 anna
2123 5687 2425 5756 intcrjeetio
2443 5696 2527 5741 cst
2548 5686 2907 5756 deprecantis.
2926 5688 3064 5759 Ergo
3090 5690 3294 5761 integre
3322 5690 3540 5762 dicitur,

1961 5780 2216 5836 O~ianna.
2256 5780 2362 5839 Sed
2394 5780 2520 5837 dum
2548 5780 2834 5851 carripitur
2862 5789 2955 5837 aut
2979 5784 3361 5855 corrumpitur,
3387 5797 3541 5847 sariat
