3932 6170
365 320 471 392 sis

1356 315 1414 372 S.
1459 313 1781 370 EUCIIERll
1826 315 2306 377 LL'GDUNENSIS
2348 320 2650 379 EPISCOPI

3546 331 3650 388 818

357 452 594 493 osanna.
617 434 712 490 Est
737 440 914 488 autem
944 445 1160 496 sensus,
1186 428 1398 484 salvum
1424 430 1543 497 fac,
1581 430 1950 496 subaudiatnr,
1984 433 2032 493 Α
2058 434 2292 506 virgulto
2321 435 2548 492 Sabeth.
2581 435 2816 503 Lebetze,
2847 436 2979 491 arnei
3011 438 3245 494 minores
3285 441 3338 495 in
3371 458 3523 499 usum
3551 462 3647 503 co-

366 530 451 584 vel
482 530 736 599 populum
764 527 786 580 l
816 525 951 590 rael,
977 523 1062 579 vel
1093 533 1260 578 tomm
1290 523 1574 578 mundum.
1602 522 1830 588 Rbama,
1863 537 1956 576 ex-

368 621 534 676 celsa.
568 619 626 673 In
659 615 954 685 Evangelia
989 632 1004 669 :
1043 611 1154 667 Vox
1181 614 1234 667 in
1265 611 1448 666 rhama
1469 612 1648 666 audita
1668 611 1845 679 est,id
1875 621 1958 667 est

320 765 323 771 ,
369 713 420 764 in
445 708 694 764 excelsis.
729 707 824 761 Est
851 717 1028 760 tamen
1055 714 1107 759 et
1129 703 1352 770 civitas,
1383 718 1503 773 qua:
1538 702 1744 757 Rhama
1773 703 1958 771 appel-

370 800 529 853 latur.
555 796 736 852 Racha
763 839 777 864 ,
827 809 1027 858 vanus,
1076 802 1167 848 aut
1208 793 1404 847 inanis.
1448 793 1642 860 Rabbi,
1679 793 1955 862 magister,

368 890 562 962 Syrum
593 898 696 943 est.
723 889 864 953 Man,
909 887 1070 958 quid?
1098 887 1310 951 Manna,
1333 885 1461 955 quid
1489 895 1573 940 est
1623 886 1757 941 hoc?
1779 885 1954 952 Abba,

369 994 523 1052 pater
567 1001 579 1035 :
612 994 665 1037 et
697 984 798 1037 hoc
825 981 1021 1052 Syrum
1055 987 1156 1034 est.
1189 978 1486 1032 Anathema
1512 1018 1527 1044 ,
1561 977 1810 1048 perditio.
1843 978 1957 1032 illa—

307 1067 314 1084 ”
369 1079 616 1143 ranatha,
637 1078 899 1131 Dominus
922 1083 1107 1128 noster
1131 1071 1305 1136 venit,
1327 1071 1520 1141 Syrum
1534 1079 1641 1125 est.
1657 1070 1957 1124 Anathema

320 1207 327 1220 .
369 1181 548 1225 autem
575 1167 916 1230 maranatha,
948 1165 1089 1219 sicut
1136 1163 1351 1233 quidam
1382 1161 1596 1226 dicunt,
1647 1160 1876 1228 perditio
1905 1160 1957 1214 in

371 1263 611 1317 :.dventu
654 1259 890 1314 Domini.
938 1258 1237 1313 Mammona
1265 1299 1279 1324 ,
1323 1254 1544 1309 divitize.
1585 1251 1914 1322 Theraphim
1939 1293 1955 1314 ,

378 1357 561 1423 figura:
585 1393 599 1418 ,
627 1353 710 1407 vel
742 1350 1037 1420 imagines,
1087 1348 1280 1402 melius
1312 1360 1470 1416 quam
1496 1344 1763 1399 incendia.
1795 1345 1957 1398 Sera-

374 1445 522 1514 phim
551 1443 633 1499 vel
661 1440 940 1510 seraphin,
971 1439 1242 1502 ardentes,
1275 1437 1358 1491 vel
1387 1434 1764 1500 incendentes,
1805 1433 1960 1503 juxta

374 1535 505 1590 illud
555 1552 569 1588 :
619 1534 720 1600 Qui
760 1531 884 1602 facit
911 1530 1120 1600 angelos
1159 1543 1279 1581 suos
1304 1527 1552 1595 spiritus,
1601 1533 1648 1579 et
1700 1524 1960 1577 ministros

371 1647 490 1685 suos
521 1630 687 1700 ignem
715 1636 964 1682 urentem.
997 1624 1141 1694 Ergo
1169 1621 1423 1692 seraphin
1453 1623 1680 1676 virtutes
1718 1620 1772 1674 in
1804 1618 1963 1674 cmlis

374 1741 494 1780 esse
523 1725 866 1788 confirmant,
893 1735 1012 1790 qua:
1037 1719 1205 1773 Deum
1231 1715 1475 1783 laudent,
1504 1726 1557 1771 et
1585 1714 1637 1769 in
1663 1713 1960 1768 ministeria

2057 527 2255 594 quendi
2281 524 2471 594 parati.
2503 524 2558 579 ln
2586 525 3033 596 Paralipomenon
3066 545 3078 580 :
3111 529 3372 586 Paciﬁcas
3401 550 3528 589 vero
3551 535 3647 590 bo-

2056 616 2185 671 stias
2217 627 2476 681 coxerunt
2503 616 2557 670 in
2582 616 2794 682 lebetis,
2831 625 2887 672 et
2923 620 3156 686 cacabis,
3191 632 3244 675 et
3268 622 3413 677 ollis.
3443 623 3649 690 Cephi-

2058 724 2179 774 nus,
2203 709 2402 763 corbis.
2430 708 2653 780 llydria,
2678 725 2770 764 vas
2793 711 3096 779 aquarium.
3125 711 3318 780 Condi,
3348 716 3398 770 in
3423 717 3645 787 Genesi,

2058 803 2309 870 poculum
2340 802 2427 856 vel
2453 801 2706 871 scyphus.
2750 801 3041 874 Lecythus,
3080 805 3132 860 in
3167 806 3499 877 Regnorum,
3529 827 3649 866 am-

2061 894 2204 959 pulla
2243 895 2466 950 olearia.
2501 895 2801 961 Lenticula,
2847 899 2899 952 in
2931 899 3068 954 libro
3100 901 3428 972 Regnorum,
3460 921 3652 963 vascu-

2061 983 2171 1038 lum
2203 1001 2268 1040 ex
2317 1000 2446 1050 mre,
2498 985 2703 1041 habens
2749 988 2926 1043 oleum
2957 1005 3062 1060 quo
3105 995 3449 1063 ungebantur
3479 997 3532 1053 in
3565 1017 3653 1055 re-

2059 1091 2243 1146 gnum.
2291 1076 2562 1146 Paropsis,
2597 1079 2935 1134 acetabulum
2977 1083 3171 1152 majus.
3210 1086 3391 1158 Aliqui
3420 1098 3476 1144 et
3517 1092 3652 1146 cati-

2059 1186 2187 1223 num
2216 1169 2286 1223 ita
2325 1171 2584 1239 appellari
2614 1178 2822 1239 putant.
2867 1173 3149 1244 Epistylia,
3180 1175 3234 1232 in
3265 1179 3499 1249 Regum.
3529 1199 3652 1253 quze

2061 1273 2228 1327 super
2248 1260 2499 1330 capitella
2523 1259 2903 1316 columnarum
2930 1275 3238 1334 ponuntur;
3270 1269 3516 1326 Graecum
3544 1285 3648 1330 est.

2063 1350 2412 1420 Mechonoth,
2446 1351 2500 1406 in
2543 1351 2773 1422 Regum,
2811 1353 3042 1423 fulturas,
3083 1373 3215 1428 quas
3262 1360 3419 1417 bases
3469 1367 3654 1434 appel-

2072 1446 2273 1501 lamus.
2302 1447 2595 1516 Topaz'on,
2627 1447 2762 1516 lapis
2801 1450 3095 1519 pretiosus,
3131 1453 3181 1506 in
3213 1469 3338 1522 quo,
3377 1457 3518 1511 sicut
3559 1459 3655 1513 alio
3685 1473 3694 1494 ξ

2065 1537 2154 1606 qui
2206 1537 2500 1601 afﬁrmant,
2541 1537 2779 1592 omnium
2822 1539 3055 1608 lapidum
3097 1542 3311 1598 colores
3361 1547 3650 1618 refulgent.

2065 1629 2335 1696 Corbana,
2380 1630 2843 1701 gazophylacium.
2894 1633 3146 1688 Corbona
3177 1646 3355 1692 autem
3389 1639 3656 1709 interpre-

2067 1729 2212 1777 tatur
2255 1723 2477 1777 oblatio.
2528 1722 2784 1790 Chasma,
2827 1725 2881 1778 in
2928 1724 3091 1794 Luca,
3150 1727 3360 1794 hiatus;
3405 1730 3655 1788 Grzecnm

375 1820 594 1874 diversa
643 1816 942 1870 mittantur.
989 1812 1260 1866 Cherubin
1293 1851 1308 1876 ,
1352 1808 1592 1864 scientia:
1627 1805 1959 1862 multitudo.
1995 1797 2041 1857 Β
2069 1822 2171 1868 est,
2203 1814 2452 1885 Erysibe,
2487 1815 2538 1868 in
2566 1815 2851 1886 prepheta,
2877 1832 3082 1886 aerugo,
3113 1818 3165 1874 id
3193 1829 3277 1874 est
3298 1822 3492 1892 rubigo
3513 1840 3656 1878 mes.

375 1912 644 1967 Cmterum
694 1906 964 1962 Cherubin
1001 1905 1176 1974 ipsum
1221 1902 1276 1956 in
1300 1908 1483 1956 sancta
1515 1906 1824 1954 sanctorum
1855 1896 1963 1950 duo

378 2013 582 2058 tantum
623 2000 998 2071 signiﬁcantur
1044 1995 1324 2050 animalia.
1358 1993 1492 2048 Aliis
1525 2007 1655 2047 vero
1694 1991 1830 2045 locis
1875 1988 1965 2043 ubi

379 2094 478 2148 hoc
529 2107 725 2154 nomen
779 2089 994 2160 legi'ur,
1028 2096 1118 2141 aut
1160 2086 1422 2154 picturam
1469 2083 1699 2152 aliquam
1732 2080 1963 2144 indicat,

375 2197 468 2240 aut
499 2186 834 2240 varietatem.

981 2272 1204 2329 CAPUT
1254 2270 1342 2326 Ill.

653 2368 732 2422 De
772 2365 1084 2436 expositione
1115 2366 1431 2418 diversarum
1471 2377 1662 2414 rerum.

450 2460 823 2529 Mandragora,
876 2458 926 2511 in
976 2457 1194 2521 Genesi,
1235 2469 1404 2524 genus
1445 2453 1586 2522 pomi
1636 2450 1966 2504 simillimum

383 2569 547 2623 parvo
578 2551 774 2622 peponi
813 2550 993 2618 specie
1029 2549 1111 2602 vel
1158 2549 1345 2601 odore.
1380 2543 1649 2600 .‘llazaroth
1687 2544 1963 2606 zodiacon,

379 2661 502 2718 qua:
555 2642 837 2700 duodecim
885 2643 1035 2711 signa
1089 2637 1452 2693 mathematici
1497 2647 1762 2690 asserunt.
1813 2635 1966 2696 Falli,

381 2736 562 2800 clima,
622 2734 676 2789 id
732 2743 814 2789 est
863 2733 1015 2802 plaga
1070 2731 1398 2794 Mcridiana,
1457 2728 1536 2782 vel
1590 2726 1966 2781 Occidentalis.

381 2827 687 2890 Rhamnus,
737 2824 790 2878 in
835 2821 1123 2885 i’saltcrio,
1170 2835 1275 2874 non
1324 2819 1489 2873 rubus
1518 2826 1619 2884 εει,
1654 2817 1749 2870 sed
1791 2816 1972 2885 spina-

384 2936 503 2975 rum
540 2932 711 2989 genus
750 2916 994 2972 sentibus
1045 2912 1452 2983 permolestum.
1483 2909 1823 2978 Rhomphea,
1861 2909 1974 2977 gla-

383 3013 530 3067 dium
577 3014 632 3065 in
666 3008 911 3064 Latinum
941 3017 1115 3062 sonat.
1148 3004 1280 3060 Nam
1323 3004 1412 3058 ubi
1443 3005 1495 3057 in
1526 3002 1720 3057 Genesi
1753 3000 1969 3064 dicitur,

383 3103 609 3160 Gladius
649 3102 933 3156 flammeus
966 3108 1126 3169 atque
1151 3097 1448 3161 versatilis,
1489 3095 1540 3150 in
1573 3095 1759 3150 Gra'co
1791 3093 1976 3148 rhom-

387 3196 523 3263 phea
546 3192 792 3260 ponitur.
818 3165 1083 3254 Framcm,
1124 3189 1290 3240 hasta:
1317 3185 1670 3255 longissimae.
1716 3186 1852 3239 Sunt
1882 3183 1972 3253 qui
1999 3165 2046 3227 Ο

387 3286 453 3340 iis
495 3281 656 3338 etiam
709 3293 854 3335 nunc
896 3292 1170 3332 armorum
1213 3277 1330 3330 vice
1377 3284 1588 3330 utentes
1627 3273 1730 3328 hoc
1779 3288 1976 3328 nomen

389 3373 654 3428 tribuunt.
701 3369 930 3437 Quidam
961 3369 1125 3424 etiam
1175 3369 1246 3421 ita
1289 3365 1494 3434 gladios
1542 3365 1836 3434 signiﬁcari
1878 3381 1975 3434 pu~

389 3472 525 3518 tant.
554 3463 834 3532 Capparin,
867 3461 922 3516 in
951 3459 1240 3516 Salomone
1277 3456 1460 3511 fruteti
1490 3470 1660 3526 genus
1685 3455 1737 3509 in
1761 3454 1979 3510 Oriente

387 3557 567 3613 simile
593 3555 843 3611 lentisco.
872 3551 1147 3618 Palatinae,
1179 3552 1234 3606 in
1266 3551 1596 3621 Regnorum,
1642 3563 1834 3604 massa:
1861 3563 1980 3618 qua:

394 3654 461 3707 de
509 3651 817 3707 recentibus
862 3647 1278 3718 ficiscompingi
1309 3646 1504 3702 solent.
1548 3643 1786 3700 Palatina:
1825 3643 1980 3700 Grae-

395 3759 517 3799 cum
549 3751 655 3798 est.
684 3740 998 3810 .Debelaim,
1032 3739 1104 3794 zin
1133 3738 1270 3794 Osea
1311 3736 1600 3808 propheta,
1631 3736 1879 3806 palatinas
1901 3734 1984 3790 di-

390 3846 542 3891 cunt.
574 3836 761 3899 Dabir,
790 3834 844 3888 in
887 3832 1220 3903 Regnorum,
1263 3829 1544 3885 oraculum
1576 3829 1718 3898 quod
1759 3837 1875 3882 erat
1908 3828 1986 3881 fa-

392 3943 539 3986 ctum
570 3931 622 3984 in
651 3929 826 3984 media
857 3927 1103 3982 interiori
1135 3932 1288 3994 parte
1317 3922 1523 3992 templi,
1557 3923 1611 3976 in
1643 3936 1748 3992 quo
1776 3931 1829 3976 et
1858 3935 1980 3974 arca

395 4025 608 4080 Domini
660 4032 799 4091 erat,
845 4021 949 4076 hoc
997 4020 1366 4090 appellabatur
1411 4029 1595 4072 sancta
1642 4027 1981 4072 sanctorum.

394 4125 616 4192 llyssus,
657 4135 828 4190 genus
858 4117 1017 4173 serici
1058 4117 1369 4186 grossioris,
1399 4115 1604 4184 pariter
1635 4124 1691 4169 et
1715 4113 1979 4169 fortioris.

396 4210 776 4282 Snntqnidam
815 4208 905 4277 qui
933 4217 987 4262 et
1013 4221 1182 4278 genus
1230 4204 1322 4259 lini
1348 4219 1472 4259 esse
1505 4205 1724 4274 byssum
1772 4212 1982 4272 putent.

398 4304 755 4368 Plimnicium,
787 4301 843 4368 in
874 4300 1031 4363 Isaia,
1075 4300 1378 4356 coccinum.
1412 4298 1661 4364 Luteres,
1695 4299 1746 4350 in
1773 4297 1986 4366 Regno-

396 4415 537 4465 rum,
569 4396 813 4461 conchze,
843 4395 926 4450 vel
949 4393 1193 4449 canthari
1225 4392 1451 4461 aquarii.
1482 4390 1588 4446 Sed
1612 4399 1666 4444 et
1689 4391 1984 4444 cantharus

398 4494 642 4549 Graecum
670 4506 864 4545 nomen
895 4499 995 4544 est.
1027 4487 1258 4552 L'llOllIi,
1295 4487 1349 4539 in
1389 4485 1721 4553 Regnorum,
1747 4483 1983 4551 lapidum

399 4599 658 4640 esesores:
689 4593 742 4638 et
768 4583 869 4637 hoc
898 4582 1151 4636 Graecum
1177 4589 1281 4634 est.
1311 4578 1583 4648 Creagrm,
1617 4578 1668 4630 in
1701 4577 1979 4646 Paralipo-

402 4691 622 4741 menon,
668 4674 916 4739 fuscinm,
967 4673 1033 4726 ad
1077 4685 1270 4726 carnes
1301 4670 1370 4725 de
1400 4669 1652 4724 caldariis
1694 4667 1982 4738 proferen-

400 4773 522 4835 das,
551 4771 794 4826 Graecum
836 4777 940 4823 est.
969 4767 1257 4831 Satnbuea,
1293 4768 1346 4821 in
1389 4765 1611 4820 musicis
1639 4779 1808 4834 genus
1836 4779 1985 4835 sym-

401 4861 740 4932 phoniarum.
773 4858 998 4914 Nablum
1031 4859 1171 4928 quod
1201 4859 1391 4914 Graece
1435 4857 1740 4927 appellatur
1776 4856 1988 4910 Psalte-

403 4958 562 5020 rium,
589 4951 836 5025 quodque
857 4967 887 5007 a
912 4950 1189 5018 psallendo
1209 4948 1410 5005 dictum
1441 4957 1544 5004 est.
1572 4947 1648 5002 Ad
1682 4947 1990 5002 similitudi-

404 5063 526 5102 nem
549 5055 632 5101 est
651 5043 872 5101 cithara:
893 5042 1192 5098 barbariem
1207 5041 1258 5095 in
1284 5039 1502 5095 modum
1521 5039 1684 5094 delta:
1707 5039 1901 5093 littera:
1931 5051 1992 5093 A.

405 5140 763 5212 Tympanum,
801 5135 946 5207 quod
996 5145 1214 5191 extenta
1261 5135 1402 5204 pelle
1429 5134 1513 5188 vel
1553 5133 1704 5188 corio
1733 5132 1986 5188 efficitur.

407 5231 610 5299 Cinari,
644 5238 700 5285 ut
723 5229 941 5300 quidam
974 5237 1184 5299 putant,
1235 5228 1536 5296 acetabula,
1579 5242 1699 5296 qua:
1737 5242 1992 5296 percussa

410 5325 462 5379 in
485 5324 728 5378 modulos
754 5323 1121 5379 concitantur.
1146 5319 1374 5391 Thyina,
1404 5319 1568 5389 ligna.
1615 5319 1691 5372 De
1721 5318 1804 5373 his
1835 5319 1994 5374 Salo-

412 5431 536 5470 mon
579 5415 776 5484 gradus
805 5413 938 5470 fecit
981 5415 1033 5468 in
1065 5413 1228 5467 domo
1261 5411 1490 5475 Domini,
1541 5410 1814 5479 incognita
1852 5411 1993 5481 ligna

411 5510 572 5562 etiam
604 5507 948 5578 peritioribus
976 5505 1307 5561 Iudaeorum.
1337 5503 1570 5567 Sethim,
1619 5503 1899 5571 spinarum
1939 5503 1993 5557 in

411 5615 592 5656 eremo
619 5617 797 5670 genus
825 5611 930 5665 est,
975 5617 1005 5655 e
1039 5601 1234 5667 quibus
1262 5599 1461 5667 lignum
1507 5595 1858 5666 imputribile.
1891 5596 1994 5650 Sa-

414 5691 560 5757 belli,
598 5693 812 5760 virgulti
844 5691 984 5761 apud
1020 5692 1277 5748 llebrmos
1307 5706 1503 5745 nomen
1532 5700 1636 5757 est,
1672 5689 1723 5742 in
1756 5689 1952 5743 Genesi
1979 5706 1992 5742 :

417 5780 576 5846 Ecce,
625 5781 1001 5850 inquit,,arics
1045 5792 1165 5853 post
1197 5791 1403 5853 tergum
1451 5780 1568 5851 ejus
1623 5779 1903 5836 tenebatur
1943 5785 1992 5834 in

2016 4542 2069 4602 D

2068 1906 2240 1971 sium;
2272 1905 2518 1961 Graecum
2561 1917 2666 1960 est.
2697 1906 2940 1975 Zizania,
2976 1907 3185 1965 lolium.
3220 1911 3426 1980 Sicera,
3463 1931 3658 1972 succus

2069 2014 2134 2055 ex
2173 1999 2432 2070 daetylis;
2466 2006 2520 2054 et
2549 1999 2724 2054 omnis
2762 2008 2957 2070 praeter
2997 2003 3178 2057 vinum
3224 2005 3418 2075 liquor,
3467 2011 3560 2077 qui
3591 2010 3658 2065 ad

2072 2092 2388 2158 bibendum,
2429 2099 2522 2145 aut
2547 2107 2577 2146 e
2606 2091 2802 2162 pomis,
2833 2102 2923 2146 ant
2951 2094 3188 2162 quolibet
3215 2111 3416 2167 genere
3436 2100 3662 2155 confici-

2073 2192 2177 2247 tur,
2220 2183 2390 2238 sicera
2436 2194 2796 2253 nuncupatur.
2843 2183 3077 2238 Nardum
3118 2186 3392 2256 pisticum,
3429 2189 3659 2245 nardum

2072 2275 2248 2340 ﬁdele,
2283 2274 2335 2328 id
2363 2284 2447 2329 est
2491 2276 2612 2330 sine
2644 2277 2976 2344 impostura;
3009 2275 3254 2332 Graecum
3285 2289 3389 2333 est.
3422 2279 3658 2335 Nardum

2071 2368 2360 2438 spicatum,
2394 2367 2460 2422 ab
2499 2381 2564 2421 eo
2589 2367 2731 2437 q-zod
2775 2367 2984 2436 species
3014 2367 3127 2436 ipsa
3159 2370 3310 2424 nardi
3354 2371 3406 2425 in
3439 2373 3660 2426 modum

2073 2459 2236 2528 spica:
2267 2460 2354 2522 sit,
2383 2473 2501 2525 quce
2547 2457 2720 2511 infusa
2763 2457 3070 2513 conficitur.
3118 2461 3456 2515 Alabastrum
3489 2477 3663 2532 genus

2077 2550 2364 2604 marmoris
2399 2548 2646 2619 pretiosi,
2673 2564 2740 2602 ex
2765 2565 2872 2618 quo
2904 2549 3210 2619 Evangelici
3240 2552 3381 2607 illius
3403 2556 3663 2624 unguenti

2076 2641 2348 2696 vasculum
2391 2649 2526 2695 erat.
2562 2640 2828 2708 Stadium,
2875 2639 2929 2694 in
2967 2641 3254 2713 Evangelio
3301 2645 3468 2715 spatii
3512 2659 3660 2702 certa

2077 2732 2360 2786 dimensio.
2391 2730 2525 2785 Octo
2553 2730 2724 2786 stadia
2757 2731 2906 2786 mille
2929 2746 3118 2801 passus
3148 2733 3416 2788 efﬁciunt.

2149 2823 2278 2878 Haec
2305 2824 2521 2877 nomina
2554 2837 2672 2891 quze
2703 2822 3218 2892 subsequuntur,.in
3262 2825 3469 2894 Exodo,
3498 2830 3581 2883 vel
3612 2829 3663 2884 in

2082 2917 2288 2985 Regum
2316 2916 2471 2971 libris
2499 2914 2583 2969 his
2609 2917 2955 2981 reperiuntur
2983 2915 3135 2982 locis,
3171 2932 3288 2986 qua:
3313 2933 3453 2973 arca:
3481 2921 3564 2975 vel
3590 2931 3667 2976 ta-

2080 3008 2382 3074 bernaculi,
2417 3017 2509 3062 aut
2536 3007 2720 3078 templi
2754 3007 2966 3062 Domini
2999 3008 3320 3064 relationem
3361 3010 3663 3067 continent.

2079 3101 2318 3170 Quorum
2364 3099 2639 3153 nominum
2695 3097 2977 3164 vocabula,
3030 3098 3096 3153 ad
3144 3099 3256 3155 hare
3304 3117 3425 3170 qua:
3465 3102 3669 3159 obscu-

2080 3195 2222 3250 riora
2279 3201 2424 3258 sunt,
2468 3193 2521 3246 in
2568 3190 2923 3246 translatione
2977 3191 3147 3246 veteri
3200 3192 3487 3249 habentur.
3541 3196 3670 3250 [iam

2081 3301 2211 3342 vero
2262 3299 2386 3356 qua:
2440 3283 2699 3339 lucidiora
2755 3293 3034 3353 apparent,
3094 3298 3246 3338 novre
3294 3286 3671 3343 translationis

2083 3385 2241 3437 textu
2263 3377 2634 3432 criminentur.
2665 3374 2830 3430 Vetus
2865 3389 2995 3445 ergo
3026 3375 3304 3431 translatio
3332 3376 3513 3446 habet,
3548 3394 3674 3450 spe.

2084 3481 2289 3526 rateres
2310 3486 2324 3532 ;
2358 3482 2519 3535 n0va,
2555 3466 2776 3522 ferulas.

2155 3564 2508 3628 Calamiscos,
2532 3561 2788 3616 calamos.
2818 3561 3092 3628 Troiscos,
3123 3562 3206 3616 vel
3233 3561 3493 3629 cariseos,
3518 3566 3674 3634 quasi

2088 3659 2143 3714 in
2175 3654 2330 3711 nucis
2377 3653 2594 3708 modum
2623 3651 2977 3708 deformatos.
3011 3653 3368 3720 Anconiscos,
3411 3655 3678 3711 incastra-

2089 3760 2256 3804 iuras.
2289 3746 2620 3815 Aspidiscas,
2647 3744 2893 3799 ttncinos.
2923 3744 3210 3809 Fimbrias,
3233 3755 3476 3801 catenas.
3503 3747 3678 3802 Scita-

2086 3841 2189 3905 las,
2230 3849 2436 3894 vectes.
2481 3837 2777 3906 Lapidibus
2808 3837 3121 3900 acrotomis,
3150 3837 3439 3892 dedolatis.
3477 3839 3681 3909 Degrao

2089 3933 2286 4004 pidcm,
2335 3929 2668 3986 eaalaturam.
2719 3927 2935 3994 Petalis,
2987 3927 3223 3982 laminis.
3268 3927 3672 3995 Perimentum,

2091 4029 2307 4082 lineam.
2360 4023 2583 4093 Spiras,
2641 4021 2891 4090 capitella
2937 4019 3346 4088 columnarum,
3404 4021 3490 4076 vel
3545 4024 3685 4077 sicut

2093 4127 2240 4186 puto,
2271 4115 2528 4170 facturam
2576 4128 2783 4168 earum.
2820 4112 2992 4180 Elam,
3025 4112 3290 4182 porticum
3319 4129 3333 4164 :
3365 4111 3458 4166 sed
3491 4115 3684 4167 melius

2091 4209 2474 4276 interpretatur
2495 4213 2620 4258 ante
2650 4202 2812 4269 fores,
2837 4202 2954 4256 sive
2977 4201 3322 4256 vestibulum.
3357 4203 3502 4272 Ergo
3530 4203 3682 4257 Ela-u

2093 4299 2414 4354 llebraicum
2465 4303 2567 4350 est.
2610 4294 2818 4349 Cmtera
2859 4309 2980 4364 qua:
3023 4294 3268 4362 superius
3302 4304 3451 4360 sunt,
3497 4293 3684 4349 Grznca

2095 4400 2217 4446 sunt
2245 4390 2502 4444 maxime.
2540 4389 2672 4443 Item
2719 4388 2770 4441 in
2817 4386 3122 4441 Ezechielis
3163 4395 3406 4441 extrema
3447 4398 3600 4456 parte
3630 4388 3682 4441 in

2094 4484 2303 4538 visione
2330 4481 2584 4545 civitatis,
2618 4481 2670 4534 in
2711 4479 2881 4534 veteri
2909 4479 3264 4533 translatione
3295 4477 3462 4532 habet
3501 4487 3684 4548 pasto-

2097 4575 2306 4647 phoria.
2341 4575 2396 4629 in
2427 4589 2563 4629 nova
2609 4572 3019 4644 gamphylacia,
3062 4572 3113 4626 id
3154 4580 3258 4640 est,
3290 4571 3517 4626 cellulas
3563 4587 3684 4640 par.-

2098 4684 2212 4724 vas.
2259 4670 2427 4733 'fhee,
2481 4667 2771 4731 thalamos,
2814 4665 2995 4733 Aileu,
3045 4665 3296 4718 frontem.
3330 4663 3681 4731 Ailaucomh,

2097 4763 2442 4818 vestibulum.
2503 4759 2885 4832 Polyandron,
2939 4755 3332 4812 multitudines.
3383 4755 3683 4826 Spitamis,

2097 4854 2327 4925 palmus.
2386 4853 2596 4918 Gissus,
2651 4851 2913 4905 deﬁnitio.
2965 4848 3172 4912 Manaa,
3229 4848 3579 4903 sacriﬁcium.
3628 4849 3689 4904 In

2098 4942 2711 5018 Regumteenotaphia,
2751 4942 3058 5005 simulacra,
3101 4955 3220 5009 qua:
3259 4939 3449 4995 Grzece
3484 4946 3702 5016 μορφώ-

2100 5060 2261 5111 ματα.
2282 5036 2388 5091 Sed
2415 5035 2532 5092 hec
2559 5036 2840 5089 hactenus.
2871 5032 3025 5087 Nunc
3052 5030 3361 5087 etiamillud
3387 5032 3596 5099 accipe,
3637 5048 3697 5094 ut

2100 5128 2345 5198 quaedam
2379 5127 2599 5182 nomina
2642 5126 2788 5195 prius
2828 5122 3106 5193 Scriptura
3145 5121 3517 5192 appellaverit,
3546 5132 3601 5177 et
3632 5131 3699 5176 ut

2102 5237 2244 5276 nunc
2269 5226 2552 5275 vocentur.

2450 5295 2455 5299 '
2710 5286 2939 5342 CAPUT
2981 5285 3072 5341 IV.

2713 5379 2790 5433 De
2812 5378 3066 5448 gentibus.

2171 5495 2391 5560 Gomor,
2441 5493 2494 5547 in
2534 5491 2748 5556 Genesi,
2798 5491 3023 5556 G..latac,
3077 5490 3128 5544 id
3178 5497 3262 5544 est
3307 5486 3476 5554 Galli,
3517 5487 3610 5554 qui
3655 5501 3692 5541 ι

2099 5587 2334 5642 candore
2375 5585 2619 5655 corporis
2649 5584 2878 5653 primum
2921 5581 3127 5636 Galatze
3170 5565 3422 5649 appellati
3462 5587 3611 5642 sunt,
3653 5592 3691 5632 θ

2098 5680 2292 5748 quibus
2333 5677 2516 5747 populi
2563 5677 2834 5746 quondam
2875 5678 2926 5729 in
2970 5673 3207 5729 Orientis
3253 5671 3542 5740 longinqua
3577 5670 3688 5724 mi-

2099 5783 2313 5844 grantes
2352 5771 2579 5844 primum
2609 5769 2944 5840 Gallograeci,
2977 5783 3117 5823 nunc
3148 5766 3372 5836 antiquo
3402 5762 3688 5820 Gallorum
