  <div class='ocr_page' id='page_1' title='image "/cluster/home/n/w/nwhite01/storage/ocr_20150623/50/hvd.32044096580717/458.png"; bbox 0 0 3932 6170; ppageno 0'>
   <div class='ocr_carea' id='block_1_1' title="bbox 199 1114 216 1212">
    <p class='ocr_par' dir='ltr' id='par_1_1' title="bbox 199 1114 216 1212">
     <span class='ocr_line' id='line_1_1' title="bbox 199 1114 216 1212; baseline 0 0"><span class='ocrx_word' id='word_1_1' title='bbox 199 1114 216 1212; x_wconf 78' lang='lat' dir='ltr'><strong>I</strong></span> 
     </span>
    </p>
   </div>
   <div class='ocr_carea' id='block_1_2' title="bbox 290 322 397 378">
    <p class='ocr_par' dir='ltr' id='par_1_2' title="bbox 290 322 397 378">
     <span class='ocr_line' id='line_1_2' title="bbox 290 322 397 378; baseline -0.037 0"><span class='ocrx_word' id='word_1_2' title='bbox 290 322 397 378; x_wconf 66' lang='grc' dir='ltr'><strong>ειη</strong></span> 
     </span>
    </p>
   </div>
   <div class='ocr_carea' id='block_1_3' title="bbox 1472 310 2377 370">
    <p class='ocr_par' dir='ltr' id='par_1_3' title="bbox 1472 310 2377 370">
     <span class='ocr_line' id='line_1_3' title="bbox 1472 310 2377 370; baseline 0.001 -2"><span class='ocrx_word' id='word_1_3' title='bbox 1472 310 2030 369; x_wconf 58' lang='grc' dir='ltr'><strong>ικδτῖιυεῐιυκωί</strong></span> <span class='ocrx_word' id='word_1_4' title='bbox 2074 314 2273 369; x_wconf 73' lang='lat' dir='ltr'><strong>LIBER</strong></span> <span class='ocrx_word' id='word_1_5' title='bbox 2318 315 2377 370; x_wconf 93' lang='lat' dir='ltr'><strong>II.</strong></span> 
     </span>
    </p>
   </div>
   <div class='ocr_carea' id='block_1_4' title="bbox 3480 322 3583 377">
    <p class='ocr_par' dir='ltr' id='par_1_4' title="bbox 3480 322 3583 377">
     <span class='ocr_line' id='line_1_4' title="bbox 3480 322 3583 377; baseline 0.058 -5"><span class='ocrx_word' id='word_1_6' title='bbox 3480 322 3583 377; x_wconf 62' lang='lat' dir='ltr'><strong>IIIS</strong></span> 
     </span>
    </p>
   </div>
   <div class='ocr_carea' id='block_1_5' title="bbox 290 427 3578 512">
    <p class='ocr_par' dir='ltr' id='par_1_5' title="bbox 290 427 3578 512">
     <span class='ocr_line' id='line_1_5' title="bbox 290 427 3578 512; baseline 0.001 -19"><span class='ocrx_word' id='word_1_7' title='bbox 290 439 513 493; x_wconf 80' lang='lat' dir='ltr'><strong>nomine</strong></span> <span class='ocrx_word' id='word_1_8' title='bbox 554 434 755 491; x_wconf 75' lang='lat' dir='ltr'><strong>Galatae</strong></span> <span class='ocrx_word' id='word_1_9' title='bbox 804 443 1080 487; x_wconf 82' lang='lat' dir='ltr'><strong>vocantur.</strong></span> <span class='ocrx_word' id='word_1_10' title='bbox 1125 433 1329 502; x_wconf 59' lang='lat' dir='ltr'><strong>Magwg,</strong></span> <span class='ocrx_word' id='word_1_11' title='bbox 1365 429 1607 501; x_wconf 76' lang='lat' dir='ltr'><strong>Scythzn.</strong></span> <span class='ocrx_word' id='word_1_12' title='bbox 1657 428 1885 497; x_wconf 83' lang='lat' dir='ltr'><strong>Quidam</strong></span> <span class='ocrx_word' id='word_1_13' title='bbox 1917 429 1965 489; x_wconf 75' lang='grc' dir='ltr'><strong>Α</strong></span> <span class='ocrx_word' id='word_1_14' title='bbox 1995 427 2204 501; x_wconf 88' lang='lat' dir='ltr'><strong>Lydda,</strong></span> <span class='ocrx_word' id='word_1_15' title='bbox 2238 430 2351 500; x_wconf 87' lang='lat' dir='ltr'><strong>ipsa</strong></span> <span class='ocrx_word' id='word_1_16' title='bbox 2385 439 2468 485; x_wconf 89' lang='lat' dir='ltr'><strong>est</strong></span> <span class='ocrx_word' id='word_1_17' title='bbox 2505 430 2791 501; x_wconf 88' lang='lat' dir='ltr'><strong>Diospolis.</strong></span> <span class='ocrx_word' id='word_1_18' title='bbox 2828 434 3128 505; x_wconf 87' lang='lat' dir='ltr'><strong>Dccapolis,</strong></span> <span class='ocrx_word' id='word_1_19' title='bbox 3179 436 3229 491; x_wconf 94' lang='lat' dir='ltr'><strong>in</strong></span> <span class='ocrx_word' id='word_1_20' title='bbox 3265 437 3578 512; x_wconf 78' lang='lat' dir='ltr'><strong>Evangelio,</strong></span> 
     </span>
    </p>
   </div>
   <div class='ocr_carea' id='block_1_6' title="bbox 287 520 1885 600">
    <p class='ocr_par' dir='ltr' id='par_1_6' title="bbox 287 520 1885 600">
     <span class='ocr_line' id='line_1_6' title="bbox 287 520 1885 600; baseline -0.007 -15"><span class='ocrx_word' id='word_1_21' title='bbox 287 532 410 600; x_wconf 85' lang='lat' dir='ltr'><strong>Gog</strong></span> <span class='ocrx_word' id='word_1_22' title='bbox 443 538 499 584; x_wconf 88' lang='lat' dir='ltr'><strong>et</strong></span> <span class='ocrx_word' id='word_1_23' title='bbox 528 529 735 599; x_wconf 75' lang='lat' dir='ltr'><strong>Magog,</strong></span> <span class='ocrx_word' id='word_1_24' title='bbox 778 524 985 582; x_wconf 90' lang='lat' dir='ltr'><strong>Gothos</strong></span> <span class='ocrx_word' id='word_1_25' title='bbox 1027 533 1232 595; x_wconf 90' lang='lat' dir='ltr'><strong>putant.</strong></span> <span class='ocrx_word' id='word_1_26' title='bbox 1278 521 1457 587; x_wconf 95' lang='lat' dir='ltr'><strong>Jubal,</strong></span> <span class='ocrx_word' id='word_1_27' title='bbox 1489 521 1648 588; x_wconf 90' lang='lat' dir='ltr'><strong>Iberi,</strong></span> <span class='ocrx_word' id='word_1_28' title='bbox 1697 520 1787 591; x_wconf 86' lang='lat' dir='ltr'><strong>qui</strong></span> <span class='ocrx_word' id='word_1_29' title='bbox 1830 528 1885 575; x_wconf 92' lang='lat' dir='ltr'><strong>et</strong></span> 
     </span>
    </p>
   </div>
   <div class='ocr_carea' id='block_1_7' title="bbox 289 621 543 690">
    <p class='ocr_par' dir='ltr' id='par_1_7' title="bbox 289 621 543 690">
     <span class='ocr_line' id='line_1_7' title="bbox 289 621 543 690; baseline -0.008 -14"><span class='ocrx_word' id='word_1_30' title='bbox 289 621 543 690; x_wconf 77' lang='lat' dir='ltr'><strong>llispani.</strong></span> 
     </span>
    </p>
   </div>
   <div class='ocr_carea' id='block_1_8' title="bbox 372 704 1883 779">
    <p class='ocr_par' dir='ltr' id='par_1_8' title="bbox 372 704 1883 779">
     <span class='ocr_line' id='line_1_8' title="bbox 372 704 1883 779; baseline -0.005 -13"><span class='ocrx_word' id='word_1_31' title='bbox 372 713 608 777; x_wconf 83' lang='lat' dir='ltr'><strong>Thiras,</strong></span> <span class='ocrx_word' id='word_1_32' title='bbox 656 710 917 765; x_wconf 84' lang='lat' dir='ltr'><strong>Thraces.</strong></span> <span class='ocrx_word' id='word_1_33' title='bbox 967 709 1305 779; x_wconf 81' lang='lat' dir='ltr'><strong>Thogorma,</strong></span> <span class='ocrx_word' id='word_1_34' title='bbox 1361 706 1630 777; x_wconf 81' lang='lat' dir='ltr'><strong>Phryges,</strong></span> <span class='ocrx_word' id='word_1_35' title='bbox 1690 704 1883 772; x_wconf 82' lang='lat' dir='ltr'><strong>Madai,</strong></span> 
     </span>
    </p>
   </div>
   <div class='ocr_carea' id='block_1_9' title="bbox 292 780 1888 871">
    <p class='ocr_par' dir='ltr' id='par_1_9' title="bbox 292 780 1888 871">
     <span class='ocr_line' id='line_1_9' title="bbox 292 780 1888 871; baseline -0.006 -11"><span class='ocrx_word' id='word_1_36' title='bbox 292 804 461 860; x_wconf 74' lang='lat' dir='ltr'><strong>Medi.</strong></span> <span class='ocrx_word' id='word_1_37' title='bbox 491 780 683 866; x_wconf 83' lang='lat' dir='ltr'><strong>Javan,</strong></span> <span class='ocrx_word' id='word_1_38' title='bbox 717 803 892 867; x_wconf 88' lang='lat' dir='ltr'><strong>Iones,</strong></span> <span class='ocrx_word' id='word_1_39' title='bbox 926 801 1014 871; x_wconf 90' lang='lat' dir='ltr'><strong>qui</strong></span> <span class='ocrx_word' id='word_1_40' title='bbox 1049 812 1101 855; x_wconf 87' lang='lat' dir='ltr'><strong>et</strong></span> <span class='ocrx_word' id='word_1_41' title='bbox 1128 799 1322 854; x_wconf 68' lang='lat' dir='ltr'><strong>Grmci.</strong></span> <span class='ocrx_word' id='word_1_42' title='bbox 1351 796 1510 854; x_wconf 83' lang='lat' dir='ltr'><strong>Unde</strong></span> <span class='ocrx_word' id='word_1_43' title='bbox 1546 806 1601 852; x_wconf 91' lang='lat' dir='ltr'><strong>et</strong></span> <span class='ocrx_word' id='word_1_44' title='bbox 1632 812 1780 851; x_wconf 88' lang='lat' dir='ltr'><strong>mare</strong></span> <span class='ocrx_word' id='word_1_45' title='bbox 1803 795 1888 851; x_wconf 88' lang='lat' dir='ltr'><strong>Io-</strong></span> 
     </span>
    </p>
   </div>
   <div class='ocr_carea' id='block_1_10' title="bbox 293 887 1888 960">
    <p class='ocr_par' dir='ltr' id='par_1_10' title="bbox 293 887 1888 960">
     <span class='ocr_line' id='line_1_10' title="bbox 293 887 1888 960; baseline -0.006 -10"><span class='ocrx_word' id='word_1_46' title='bbox 293 897 472 951; x_wconf 88' lang='lat' dir='ltr'><strong>nium.</strong></span> <span class='ocrx_word' id='word_1_47' title='bbox 504 892 718 957; x_wconf 81' lang='lat' dir='ltr'><strong>Cethei,</strong></span> <span class='ocrx_word' id='word_1_48' title='bbox 760 892 909 960; x_wconf 90' lang='lat' dir='ltr'><strong>Citii,</strong></span> <span class='ocrx_word' id='word_1_49' title='bbox 949 892 1091 947; x_wconf 88' lang='lat' dir='ltr'><strong>idem</strong></span> <span class='ocrx_word' id='word_1_50' title='bbox 1120 890 1313 960; x_wconf 89' lang='lat' dir='ltr'><strong>Ciprii,</strong></span> <span class='ocrx_word' id='word_1_51' title='bbox 1345 889 1485 957; x_wconf 86' lang='lat' dir='ltr'><strong>apud</strong></span> <span class='ocrx_word' id='word_1_52' title='bbox 1517 902 1652 957; x_wconf 92' lang='lat' dir='ltr'><strong>quos</strong></span> <span class='ocrx_word' id='word_1_53' title='bbox 1678 897 1730 941; x_wconf 91' lang='lat' dir='ltr'><strong>et</strong></span> <span class='ocrx_word' id='word_1_54' title='bbox 1758 887 1888 941; x_wconf 84' lang='lat' dir='ltr'><strong>urbs</strong></span> 
     </span>
    </p>
   </div>
   <div class='ocr_carea' id='block_1_11' title="bbox 290 977 1888 1046">
    <p class='ocr_par' dir='ltr' id='par_1_11' title="bbox 290 977 1888 1046">
     <span class='ocr_line' id='line_1_11' title="bbox 290 977 1888 1046; baseline -0.006 -5"><span class='ocrx_word' id='word_1_55' title='bbox 290 985 518 1042; x_wconf 88' lang='lat' dir='ltr'><strong>Cittium</strong></span> <span class='ocrx_word' id='word_1_56' title='bbox 547 986 834 1039; x_wconf 74' lang='lat' dir='ltr'><strong>vocitatur.</strong></span> <span class='ocrx_word' id='word_1_57' title='bbox 881 983 1171 1046; x_wconf 89' lang='lat' dir='ltr'><strong>Donanim,</strong></span> <span class='ocrx_word' id='word_1_58' title='bbox 1208 979 1424 1033; x_wconf 81' lang='lat' dir='ltr'><strong>Rhodii.</strong></span> <span class='ocrx_word' id='word_1_59' title='bbox 1455 979 1531 1033; x_wconf 83' lang='lat' dir='ltr'><strong>Ex</strong></span> <span class='ocrx_word' id='word_1_60' title='bbox 1556 978 1643 1032; x_wconf 88' lang='lat' dir='ltr'><strong>his</strong></span> <span class='ocrx_word' id='word_1_61' title='bbox 1672 977 1888 1033; x_wconf 67' lang='lat' dir='ltr'><strong>Graaco-</strong></span> 
     </span>
    </p>
   </div>
   <div class='ocr_carea' id='block_1_12' title="bbox 292 1070 1887 1141">
    <p class='ocr_par' dir='ltr' id='par_1_12' title="bbox 292 1070 1887 1141">
     <span class='ocr_line' id='line_1_12' title="bbox 292 1070 1887 1141; baseline -0.005 -10"><span class='ocrx_word' id='word_1_62' title='bbox 292 1093 418 1131; x_wconf 86' lang='lat' dir='ltr'><strong>rum</strong></span> <span class='ocrx_word' id='word_1_63' title='bbox 452 1075 761 1130; x_wconf 79' lang='lat' dir='ltr'><strong>nationibus</strong></span> <span class='ocrx_word' id='word_1_64' title='bbox 790 1074 1068 1138; x_wconf 74' lang='lat' dir='ltr'><strong>exstitere,</strong></span> <span class='ocrx_word' id='word_1_65' title='bbox 1097 1072 1188 1141; x_wconf 88' lang='lat' dir='ltr'><strong>qui</strong></span> <span class='ocrx_word' id='word_1_66' title='bbox 1220 1086 1248 1123; x_wconf 91' lang='lat' dir='ltr'><strong>a</strong></span> <span class='ocrx_word' id='word_1_67' title='bbox 1279 1070 1460 1125; x_wconf 85' lang='lat' dir='ltr'><strong>Tauro</strong></span> <span class='ocrx_word' id='word_1_68' title='bbox 1503 1078 1689 1125; x_wconf 89' lang='lat' dir='ltr'><strong>monte</strong></span> <span class='ocrx_word' id='word_1_69' title='bbox 1717 1083 1887 1138; x_wconf 91' lang='lat' dir='ltr'><strong>usque</strong></span> 
     </span>
    </p>
   </div>
   <div class='ocr_carea' id='block_1_13' title="bbox 292 1163 1889 1230">
    <p class='ocr_par' dir='ltr' id='par_1_13' title="bbox 292 1163 1889 1230">
     <span class='ocr_line' id='line_1_13' title="bbox 292 1163 1889 1230; baseline -0.006 -5"><span class='ocrx_word' id='word_1_70' title='bbox 292 1168 699 1225; x_wconf 85' lang='lat' dir='ltr'><strong>Occidentalem</strong></span> <span class='ocrx_word' id='word_1_71' title='bbox 732 1167 1004 1221; x_wconf 85' lang='lat' dir='ltr'><strong>Oceanum</strong></span> <span class='ocrx_word' id='word_1_72' title='bbox 1037 1163 1361 1219; x_wconf 78' lang='lat' dir='ltr'><strong>maritimam</strong></span> <span class='ocrx_word' id='word_1_73' title='bbox 1393 1177 1544 1215; x_wconf 89' lang='lat' dir='ltr'><strong>oram</strong></span> <span class='ocrx_word' id='word_1_74' title='bbox 1587 1174 1889 1230; x_wconf 78' lang='lat' dir='ltr'><strong>occupave-</strong></span> 
     </span>
    </p>
   </div>
   <div class='ocr_carea' id='block_1_14' title="bbox 290 1252 1889 1328">
    <p class='ocr_par' dir='ltr' id='par_1_14' title="bbox 290 1252 1889 1328">
     <span class='ocr_line' id='line_1_14' title="bbox 290 1252 1889 1328; baseline -0.008 -13"><span class='ocrx_word' id='word_1_75' title='bbox 290 1268 447 1315; x_wconf 82' lang='lat' dir='ltr'><strong>runt.</strong></span> <span class='ocrx_word' id='word_1_76' title='bbox 482 1259 575 1314; x_wconf 75' lang='lat' dir='ltr'><strong>Hze</strong></span> <span class='ocrx_word' id='word_1_77' title='bbox 620 1272 807 1314; x_wconf 89' lang='lat' dir='ltr'><strong>omnes</strong></span> <span class='ocrx_word' id='word_1_78' title='bbox 853 1265 1042 1328; x_wconf 89' lang='lat' dir='ltr'><strong>gentes</strong></span> <span class='ocrx_word' id='word_1_79' title='bbox 1084 1254 1152 1310; x_wconf 91' lang='lat' dir='ltr'><strong>de</strong></span> <span class='ocrx_word' id='word_1_80' title='bbox 1179 1254 1411 1324; x_wconf 88' lang='lat' dir='ltr'><strong>Japheth</strong></span> <span class='ocrx_word' id='word_1_81' title='bbox 1458 1252 1628 1322; x_wconf 86' lang='lat' dir='ltr'><strong>stirpe</strong></span> <span class='ocrx_word' id='word_1_82' title='bbox 1664 1252 1889 1306; x_wconf 68' lang='lat' dir='ltr'><strong>descen-</strong></span> 
     </span>
    </p>
   </div>
   <div class='ocr_carea' id='block_1_15' title="bbox 293 1352 455 1406">
    <p class='ocr_par' dir='ltr' id='par_1_15' title="bbox 293 1352 455 1406">
     <span class='ocr_line' id='line_1_15' title="bbox 293 1352 455 1406; baseline -0.019 0"><span class='ocrx_word' id='word_1_83' title='bbox 293 1352 455 1406; x_wconf 92' lang='lat' dir='ltr'><strong>dunt.</strong></span> 
     </span>
    </p>
   </div>
   <div class='ocr_carea' id='block_1_16' title="bbox 373 1432 1888 1509">
    <p class='ocr_par' dir='ltr' id='par_1_16' title="bbox 373 1432 1888 1509">
     <span class='ocr_line' id='line_1_16' title="bbox 373 1432 1888 1509; baseline -0.007 -12"><span class='ocrx_word' id='word_1_84' title='bbox 373 1441 539 1504; x_wconf 88' lang='lat' dir='ltr'><strong>Cbus,</strong></span> <span class='ocrx_word' id='word_1_85' title='bbox 570 1439 864 1509; x_wconf 55' lang='lat' dir='ltr'><strong>{Ethiopian</strong></span> <span class='ocrx_word' id='word_1_86' title='bbox 898 1438 1170 1503; x_wconf 72' lang='lat' dir='ltr'><strong>Me~raim,</strong></span> <span class='ocrx_word' id='word_1_87' title='bbox 1197 1436 1484 1507; x_wconf 69' lang='lat' dir='ltr'><strong>Egyptus.</strong></span> <span class='ocrx_word' id='word_1_88' title='bbox 1516 1432 1770 1496; x_wconf 80' lang='lat' dir='ltr'><strong>Casloim,</strong></span> <span class='ocrx_word' id='word_1_89' title='bbox 1799 1433 1888 1503; x_wconf 89' lang='lat' dir='ltr'><strong>qui</strong></span> 
     </span>
    </p>
   </div>
   <div class='ocr_carea' id='block_1_17' title="bbox 296 1525 1892 1605">
    <p class='ocr_par' dir='ltr' id='par_1_17' title="bbox 296 1525 1892 1605">
     <span class='ocr_line' id='line_1_17' title="bbox 296 1525 1892 1605; baseline -0.007 -17"><span class='ocrx_word' id='word_1_90' title='bbox 296 1542 489 1605; x_wconf 87' lang='lat' dir='ltr'><strong>postea</strong></span> <span class='ocrx_word' id='word_1_91' title='bbox 532 1530 824 1595; x_wconf 82' lang='lat' dir='ltr'><strong>Philistini,</strong></span> <span class='ocrx_word' id='word_1_92' title='bbox 875 1544 1017 1583; x_wconf 91' lang='lat' dir='ltr'><strong>nunc</strong></span> <span class='ocrx_word' id='word_1_93' title='bbox 1063 1526 1358 1582; x_wconf 66' lang='lat' dir='ltr'><strong>Palaestini.</strong></span> <span class='ocrx_word' id='word_1_94' title='bbox 1404 1525 1567 1580; x_wconf 86' lang='lat' dir='ltr'><strong>Iidem</strong></span> <span class='ocrx_word' id='word_1_95' title='bbox 1610 1533 1791 1579; x_wconf 89' lang='lat' dir='ltr'><strong>tamen</strong></span> <span class='ocrx_word' id='word_1_96' title='bbox 1837 1534 1892 1578; x_wconf 87' lang='lat' dir='ltr'><strong>et</strong></span> 
     </span>
    </p>
   </div>
   <div class='ocr_carea' id='block_1_18' title="bbox 294 1613 1888 1695">
    <p class='ocr_par' dir='ltr' id='par_1_18' title="bbox 294 1613 1888 1695">
     <span class='ocr_line' id='line_1_18' title="bbox 294 1613 1888 1695; baseline -0.009 -12"><span class='ocrx_word' id='word_1_97' title='bbox 294 1624 595 1695; x_wconf 78' lang='lat' dir='ltr'><strong>Allophyli.</strong></span> <span class='ocrx_word' id='word_1_98' title='bbox 640 1622 805 1678; x_wconf 90' lang='lat' dir='ltr'><strong>Iidem</strong></span> <span class='ocrx_word' id='word_1_99' title='bbox 854 1629 910 1677; x_wconf 86' lang='lat' dir='ltr'><strong>et</strong></span> <span class='ocrx_word' id='word_1_100' title='bbox 955 1620 1272 1689; x_wconf 87' lang='lat' dir='ltr'><strong>alienigenae</strong></span> <span class='ocrx_word' id='word_1_101' title='bbox 1300 1616 1554 1687; x_wconf 76' lang='lat' dir='ltr'><strong>appellati</strong></span> <span class='ocrx_word' id='word_1_102' title='bbox 1597 1622 1742 1670; x_wconf 90' lang='lat' dir='ltr'><strong>sunt.</strong></span> <span class='ocrx_word' id='word_1_103' title='bbox 1776 1613 1888 1669; x_wconf 79' lang='lat' dir='ltr'><strong>IIo-</strong></span> 
     </span>
    </p>
   </div>
   <div class='ocr_carea' id='block_1_19' title="bbox 294 1706 1891 1776">
    <p class='ocr_par' dir='ltr' id='par_1_19' title="bbox 294 1706 1891 1776">
     <span class='ocr_line' id='line_1_19' title="bbox 294 1706 1891 1776; baseline -0.009 -2"><span class='ocrx_word' id='word_1_104' title='bbox 294 1734 421 1775; x_wconf 81' lang='lat' dir='ltr'><strong>rum</strong></span> <span class='ocrx_word' id='word_1_105' title='bbox 450 1717 636 1773; x_wconf 88' lang='lat' dir='ltr'><strong>civitas</strong></span> <span class='ocrx_word' id='word_1_106' title='bbox 673 1716 926 1770; x_wconf 85' lang='lat' dir='ltr'><strong>Ascalon.</strong></span> <span class='ocrx_word' id='word_1_107' title='bbox 968 1713 1130 1776; x_wconf 89' lang='lat' dir='ltr'><strong>Saba,</strong></span> <span class='ocrx_word' id='word_1_108' title='bbox 1166 1711 1381 1766; x_wconf 80' lang='lat' dir='ltr'><strong>Arabia.</strong></span> <span class='ocrx_word' id='word_1_109' title='bbox 1433 1710 1575 1765; x_wconf 89' lang='lat' dir='ltr'><strong>Saba</strong></span> <span class='ocrx_word' id='word_1_110' title='bbox 1616 1706 1891 1762; x_wconf 83' lang='lat' dir='ltr'><strong>vocitatur</strong></span> 
     </span>
    </p>
   </div>
   <div class='ocr_carea' id='block_1_20' title="bbox 294 1794 1965 1880">
    <p class='ocr_par' dir='ltr' id='par_1_20' title="bbox 294 1794 1965 1880">
     <span class='ocr_line' id='line_1_20' title="bbox 294 1794 1965 1880; baseline -0.008 -13"><span class='ocrx_word' id='word_1_111' title='bbox 294 1821 354 1868; x_wconf 82' lang='lat' dir='ltr'><strong>et</strong></span> <span class='ocrx_word' id='word_1_112' title='bbox 377 1811 525 1880; x_wconf 88' lang='lat' dir='ltr'><strong>regio</strong></span> <span class='ocrx_word' id='word_1_113' title='bbox 555 1808 608 1863; x_wconf 87' lang='lat' dir='ltr'><strong>in</strong></span> <span class='ocrx_word' id='word_1_114' title='bbox 639 1822 741 1879; x_wconf 90' lang='lat' dir='ltr'><strong>qua</strong></span> <span class='ocrx_word' id='word_1_115' title='bbox 771 1822 914 1861; x_wconf 92' lang='lat' dir='ltr'><strong>nunc</strong></span> <span class='ocrx_word' id='word_1_116' title='bbox 955 1804 1149 1861; x_wconf 72' lang='lat' dir='ltr'><strong>Sabaei.</strong></span> <span class='ocrx_word' id='word_1_117' title='bbox 1197 1803 1373 1870; x_wconf 84' lang='lat' dir='ltr'><strong>Evila,</strong></span> <span class='ocrx_word' id='word_1_118' title='bbox 1421 1802 1621 1857; x_wconf 85' lang='lat' dir='ltr'><strong>Gctuli.</strong></span> <span class='ocrx_word' id='word_1_119' title='bbox 1655 1800 1881 1865; x_wconf 85' lang='lat' dir='ltr'><strong>Labain,</strong></span> <span class='ocrx_word' id='word_1_120' title='bbox 1923 1794 1965 1853; x_wconf 83' lang='grc' dir='ltr'><strong><em>Β</em></strong></span> 
     </span>
    </p>
   </div>
   <div class='ocr_carea' id='block_1_21' title="bbox 295 1891 1890 1970">
    <p class='ocr_par' dir='ltr' id='par_1_21' title="bbox 295 1891 1890 1970">
     <span class='ocr_line' id='line_1_21' title="bbox 295 1891 1890 1970; baseline -0.008 -13"><span class='ocrx_word' id='word_1_121' title='bbox 295 1916 449 1957; x_wconf 84' lang='lat' dir='ltr'><strong>nunc</strong></span> <span class='ocrx_word' id='word_1_122' title='bbox 474 1901 689 1970; x_wconf 81' lang='lat' dir='ltr'><strong>Libyes,</strong></span> <span class='ocrx_word' id='word_1_123' title='bbox 721 1896 989 1968; x_wconf 89' lang='lat' dir='ltr'><strong>quondam</strong></span> <span class='ocrx_word' id='word_1_124' title='bbox 1019 1894 1215 1950; x_wconf 82' lang='lat' dir='ltr'><strong>Futhei</strong></span> <span class='ocrx_word' id='word_1_125' title='bbox 1241 1894 1677 1963; x_wconf 81' lang='lat' dir='ltr'><strong>appellabantur,</strong></span> <span class='ocrx_word' id='word_1_126' title='bbox 1716 1891 1890 1946; x_wconf 80' lang='lat' dir='ltr'><strong>Thar-</strong></span> 
     </span>
    </p>
   </div>
   <div class='ocr_carea' id='block_1_22' title="bbox 296 1985 1891 2064">
    <p class='ocr_par' dir='ltr' id='par_1_22' title="bbox 296 1985 1891 2064">
     <span class='ocr_line' id='line_1_22' title="bbox 296 1985 1891 2064; baseline -0.008 -12"><span class='ocrx_word' id='word_1_127' title='bbox 296 1996 402 2064; x_wconf 82' lang='lat' dir='ltr'><strong>sis,</strong></span> <span class='ocrx_word' id='word_1_128' title='bbox 433 1994 547 2049; x_wconf 87' lang='lat' dir='ltr'><strong>sive</strong></span> <span class='ocrx_word' id='word_1_129' title='bbox 570 1990 913 2056; x_wconf 89' lang='lat' dir='ltr'><strong>Carchedon,</strong></span> <span class='ocrx_word' id='word_1_130' title='bbox 944 1988 1215 2058; x_wconf 75' lang='lat' dir='ltr'><strong>Carthago</strong></span> <span class='ocrx_word' id='word_1_131' title='bbox 1252 1996 1335 2042; x_wconf 87' lang='lat' dir='ltr'><strong>est</strong></span> <span class='ocrx_word' id='word_1_132' title='bbox 1362 1986 1619 2053; x_wconf 88' lang='lat' dir='ltr'><strong>:quidam</strong></span> <span class='ocrx_word' id='word_1_133' title='bbox 1649 1985 1891 2039; x_wconf 85' lang='lat' dir='ltr'><strong>Tharsos</strong></span> 
     </span>
    </p>
   </div>
   <div class='ocr_carea' id='block_1_23' title="bbox 295 2076 1888 2165">
    <p class='ocr_par' dir='ltr' id='par_1_23' title="bbox 295 2076 1888 2165">
     <span class='ocr_line' id='line_1_23' title="bbox 295 2076 1888 2165; baseline -0.008 -23"><span class='ocrx_word' id='word_1_134' title='bbox 295 2084 544 2165; x_wconf 66' lang='lat' dir='ltr'><strong>Ciliciam</strong></span> <span class='ocrx_word' id='word_1_135' title='bbox 570 2083 919 2148; x_wconf 88' lang='lat' dir='ltr'><strong>arbitrantur,</strong></span> <span class='ocrx_word' id='word_1_136' title='bbox 952 2082 1075 2153; x_wconf 91' lang='lat' dir='ltr'><strong>quia</strong></span> <span class='ocrx_word' id='word_1_137' title='bbox 1104 2090 1158 2135; x_wconf 90' lang='lat' dir='ltr'><strong>et</strong></span> <span class='ocrx_word' id='word_1_138' title='bbox 1186 2079 1377 2134; x_wconf 85' lang='lat' dir='ltr'><strong>civitas</strong></span> <span class='ocrx_word' id='word_1_139' title='bbox 1408 2076 1629 2131; x_wconf 88' lang='lat' dir='ltr'><strong>Tharsis</strong></span> <span class='ocrx_word' id='word_1_140' title='bbox 1652 2076 1760 2130; x_wconf 92' lang='lat' dir='ltr'><strong>illic</strong></span> <span class='ocrx_word' id='word_1_141' title='bbox 1786 2076 1888 2130; x_wconf 85' lang='lat' dir='ltr'><strong>sita</strong></span> 
     </span>
    </p>
   </div>
   <div class='ocr_carea' id='block_1_24' title="bbox 297 2166 1889 2244">
    <p class='ocr_par' dir='ltr' id='par_1_24' title="bbox 297 2166 1889 2244">
     <span class='ocr_line' id='line_1_24' title="bbox 297 2166 1889 2244; baseline -0.008 -10"><span class='ocrx_word' id='word_1_142' title='bbox 297 2186 408 2234; x_wconf 83' lang='lat' dir='ltr'><strong>est.</strong></span> <span class='ocrx_word' id='word_1_143' title='bbox 441 2175 637 2241; x_wconf 78' lang='lat' dir='ltr'><strong>Africa,</strong></span> <span class='ocrx_word' id='word_1_144' title='bbox 671 2174 935 2244; x_wconf 86' lang='lat' dir='ltr'><strong>appellata</strong></span> <span class='ocrx_word' id='word_1_145' title='bbox 965 2172 1033 2226; x_wconf 91' lang='lat' dir='ltr'><strong>ab</strong></span> <span class='ocrx_word' id='word_1_146' title='bbox 1062 2186 1173 2225; x_wconf 92' lang='lat' dir='ltr'><strong>uno</strong></span> <span class='ocrx_word' id='word_1_147' title='bbox 1203 2186 1269 2225; x_wconf 81' lang='lat' dir='ltr'><strong>ex</strong></span> <span class='ocrx_word' id='word_1_148' title='bbox 1303 2168 1534 2239; x_wconf 88' lang='lat' dir='ltr'><strong>posteris</strong></span> <span class='ocrx_word' id='word_1_149' title='bbox 1566 2166 1794 2222; x_wconf 68' lang='lat' dir='ltr'><strong>Abrahm</strong></span> <span class='ocrx_word' id='word_1_150' title='bbox 1822 2168 1889 2221; x_wconf 91' lang='lat' dir='ltr'><strong>de</strong></span> 
     </span>
    </p>
   </div>
   <div class='ocr_carea' id='block_1_25' title="bbox 296 2260 1890 2338">
    <p class='ocr_par' dir='ltr' id='par_1_25' title="bbox 296 2260 1890 2338">
     <span class='ocr_line' id='line_1_25' title="bbox 296 2260 1890 2338; baseline -0.008 -13"><span class='ocrx_word' id='word_1_151' title='bbox 296 2269 557 2336; x_wconf 89' lang='lat' dir='ltr'><strong>Cethura,</strong></span> <span class='ocrx_word' id='word_1_152' title='bbox 593 2269 683 2338; x_wconf 90' lang='lat' dir='ltr'><strong>qui</strong></span> <span class='ocrx_word' id='word_1_153' title='bbox 714 2275 938 2321; x_wconf 91' lang='lat' dir='ltr'><strong>vocatus</strong></span> <span class='ocrx_word' id='word_1_154' title='bbox 968 2273 1049 2319; x_wconf 89' lang='lat' dir='ltr'><strong>est</strong></span> <span class='ocrx_word' id='word_1_155' title='bbox 1086 2265 1292 2333; x_wconf 82' lang='lat' dir='ltr'><strong>Apher.</strong></span> <span class='ocrx_word' id='word_1_156' title='bbox 1324 2261 1673 2327; x_wconf 77' lang='lat' dir='ltr'><strong>Ismahelitze,</strong></span> <span class='ocrx_word' id='word_1_157' title='bbox 1707 2260 1890 2314; x_wconf 86' lang='lat' dir='ltr'><strong>vocati</strong></span> 
     </span>
    </p>
   </div>
   <div class='ocr_carea' id='block_1_26' title="bbox 296 2352 1883 2419">
    <p class='ocr_par' dir='ltr' id='par_1_26' title="bbox 296 2352 1883 2419">
     <span class='ocr_line' id='line_1_26' title="bbox 296 2352 1883 2419; baseline -0.005 -4"><span class='ocrx_word' id='word_1_158' title='bbox 296 2360 373 2415; x_wconf 85' lang='lat' dir='ltr'><strong>ab</strong></span> <span class='ocrx_word' id='word_1_159' title='bbox 401 2359 620 2415; x_wconf 87' lang='lat' dir='ltr'><strong>Ismaele</strong></span> <span class='ocrx_word' id='word_1_160' title='bbox 647 2358 758 2413; x_wconf 84' lang='lat' dir='ltr'><strong>ﬁlio</strong></span> <span class='ocrx_word' id='word_1_161' title='bbox 789 2356 1043 2412; x_wconf 65' lang='lat' dir='ltr'><strong>Abrahae.</strong></span> <span class='ocrx_word' id='word_1_162' title='bbox 1077 2355 1242 2409; x_wconf 91' lang='lat' dir='ltr'><strong>Iidem</strong></span> <span class='ocrx_word' id='word_1_163' title='bbox 1272 2362 1327 2410; x_wconf 85' lang='lat' dir='ltr'><strong>et</strong></span> <span class='ocrx_word' id='word_1_164' title='bbox 1358 2354 1637 2419; x_wconf 82' lang='lat' dir='ltr'><strong>Saraceni,</strong></span> <span class='ocrx_word' id='word_1_165' title='bbox 1667 2367 1695 2405; x_wconf 91' lang='lat' dir='ltr'><strong>a</strong></span> <span class='ocrx_word' id='word_1_166' title='bbox 1728 2352 1883 2408; x_wconf 88' lang='lat' dir='ltr'><strong>Sara.</strong></span> 
     </span>
    </p>
   </div>
   <div class='ocr_carea' id='block_1_27' title="bbox 298 2443 1890 2519">
    <p class='ocr_par' dir='ltr' id='par_1_27' title="bbox 298 2443 1890 2519">
     <span class='ocr_line' id='line_1_27' title="bbox 298 2443 1890 2519; baseline -0.004 -14"><span class='ocrx_word' id='word_1_167' title='bbox 298 2450 474 2506; x_wconf 89' lang='lat' dir='ltr'><strong>Iidem</strong></span> <span class='ocrx_word' id='word_1_168' title='bbox 504 2459 558 2504; x_wconf 90' lang='lat' dir='ltr'><strong>et</strong></span> <span class='ocrx_word' id='word_1_169' title='bbox 594 2448 847 2519; x_wconf 85' lang='lat' dir='ltr'><strong>Agareni,</strong></span> <span class='ocrx_word' id='word_1_170' title='bbox 881 2447 947 2501; x_wconf 89' lang='lat' dir='ltr'><strong>ab</strong></span> <span class='ocrx_word' id='word_1_171' title='bbox 968 2446 1130 2516; x_wconf 85' lang='lat' dir='ltr'><strong>Agar.</strong></span> <span class='ocrx_word' id='word_1_172' title='bbox 1158 2444 1439 2511; x_wconf 89' lang='lat' dir='ltr'><strong>Nabathei,</strong></span> <span class='ocrx_word' id='word_1_173' title='bbox 1482 2459 1511 2497; x_wconf 94' lang='lat' dir='ltr'><strong>a</strong></span> <span class='ocrx_word' id='word_1_174' title='bbox 1540 2443 1747 2498; x_wconf 85' lang='lat' dir='ltr'><strong>Nabeth</strong></span> <span class='ocrx_word' id='word_1_175' title='bbox 1782 2443 1890 2498; x_wconf 88' lang='lat' dir='ltr'><strong>ﬂlio</strong></span> 
     </span>
    </p>
   </div>
   <div class='ocr_carea' id='block_1_28' title="bbox 295 2536 1887 2610">
    <p class='ocr_par' dir='ltr' id='par_1_28' title="bbox 295 2536 1887 2610">
     <span class='ocr_line' id='line_1_28' title="bbox 295 2536 1887 2610; baseline -0.005 -12"><span class='ocrx_word' id='word_1_176' title='bbox 295 2542 543 2599; x_wconf 89' lang='lat' dir='ltr'><strong>Ismaelis</strong></span> <span class='ocrx_word' id='word_1_177' title='bbox 582 2540 856 2610; x_wconf 86' lang='lat' dir='ltr'><strong>appellati,</strong></span> <span class='ocrx_word' id='word_1_178' title='bbox 887 2539 977 2609; x_wconf 88' lang='lat' dir='ltr'><strong>qui</strong></span> <span class='ocrx_word' id='word_1_179' title='bbox 1008 2538 1078 2591; x_wconf 88' lang='lat' dir='ltr'><strong>ab</strong></span> <span class='ocrx_word' id='word_1_180' title='bbox 1108 2536 1329 2592; x_wconf 85' lang='lat' dir='ltr'><strong>Eufrate</strong></span> <span class='ocrx_word' id='word_1_181' title='bbox 1362 2537 1430 2591; x_wconf 89' lang='lat' dir='ltr'><strong>ad</strong></span> <span class='ocrx_word' id='word_1_182' title='bbox 1470 2551 1618 2591; x_wconf 88' lang='lat' dir='ltr'><strong>mare</strong></span> <span class='ocrx_word' id='word_1_183' title='bbox 1646 2536 1887 2591; x_wconf 81' lang='lat' dir='ltr'><strong>Rubrum</strong></span> 
     </span>
    </p>
   </div>
   <div class='ocr_carea' id='block_1_29' title="bbox 298 2627 1890 2702">
    <p class='ocr_par' dir='ltr' id='par_1_29' title="bbox 298 2627 1890 2702">
     <span class='ocr_line' id='line_1_29' title="bbox 298 2627 1890 2702; baseline -0.002 -17"><span class='ocrx_word' id='word_1_184' title='bbox 298 2631 669 2702; x_wconf 86' lang='lat' dir='ltr'><strong>porriguntur.</strong></span> <span class='ocrx_word' id='word_1_185' title='bbox 722 2629 998 2685; x_wconf 90' lang='lat' dir='ltr'><strong>Chananei</strong></span> <span class='ocrx_word' id='word_1_186' title='bbox 1046 2627 1305 2698; x_wconf 85' lang='lat' dir='ltr'><strong>appellati</strong></span> <span class='ocrx_word' id='word_1_187' title='bbox 1350 2627 1418 2683; x_wconf 89' lang='lat' dir='ltr'><strong>de</strong></span> <span class='ocrx_word' id='word_1_188' title='bbox 1468 2628 1727 2682; x_wconf 88' lang='lat' dir='ltr'><strong>Chanaan</strong></span> <span class='ocrx_word' id='word_1_189' title='bbox 1779 2627 1890 2682; x_wconf 87' lang='lat' dir='ltr'><strong>ﬂlio</strong></span> 
     </span>
    </p>
   </div>
   <div class='ocr_carea' id='block_1_30' title="bbox 297 2721 1887 2793">
    <p class='ocr_par' dir='ltr' id='par_1_30' title="bbox 297 2721 1887 2793">
     <span class='ocr_line' id='line_1_30' title="bbox 297 2721 1887 2793; baseline 0 -15"><span class='ocrx_word' id='word_1_190' title='bbox 297 2725 494 2779; x_wconf 86' lang='lat' dir='ltr'><strong>Cham.</strong></span> <span class='ocrx_word' id='word_1_191' title='bbox 528 2724 730 2778; x_wconf 90' lang='lat' dir='ltr'><strong>Ilorum</strong></span> <span class='ocrx_word' id='word_1_192' title='bbox 761 2730 960 2778; x_wconf 90' lang='lat' dir='ltr'><strong>terram</strong></span> <span class='ocrx_word' id='word_1_193' title='bbox 983 2721 1155 2777; x_wconf 80' lang='lat' dir='ltr'><strong>Judaei</strong></span> <span class='ocrx_word' id='word_1_194' title='bbox 1184 2721 1420 2791; x_wconf 81' lang='lat' dir='ltr'><strong>expulsis</strong></span> <span class='ocrx_word' id='word_1_195' title='bbox 1463 2722 1655 2777; x_wconf 92' lang='lat' dir='ltr'><strong>incolis</strong></span> <span class='ocrx_word' id='word_1_196' title='bbox 1698 2737 1887 2793; x_wconf 79' lang='lat' dir='ltr'><strong>posse—</strong></span> 
     </span>
    </p>
   </div>
   <div class='ocr_carea' id='block_1_31' title="bbox 298 2809 1887 2881">
    <p class='ocr_par' dir='ltr' id='par_1_31' title="bbox 298 2809 1887 2881">
     <span class='ocr_line' id='line_1_31' title="bbox 298 2809 1887 2881; baseline -0.003 -11"><span class='ocrx_word' id='word_1_197' title='bbox 298 2816 519 2871; x_wconf 80' lang='lat' dir='ltr'><strong>derunt.</strong></span> <span class='ocrx_word' id='word_1_198' title='bbox 554 2814 618 2868; x_wconf 85' lang='lat' dir='ltr'><strong>lli</strong></span> <span class='ocrx_word' id='word_1_199' title='bbox 654 2828 844 2869; x_wconf 89' lang='lat' dir='ltr'><strong>omnes</strong></span> <span class='ocrx_word' id='word_1_200' title='bbox 870 2813 938 2868; x_wconf 90' lang='lat' dir='ltr'><strong>de</strong></span> <span class='ocrx_word' id='word_1_201' title='bbox 979 2809 1186 2881; x_wconf 77' lang='lat' dir='ltr'><strong>origine</strong></span> <span class='ocrx_word' id='word_1_202' title='bbox 1213 2812 1379 2867; x_wconf 89' lang='lat' dir='ltr'><strong>Cham</strong></span> <span class='ocrx_word' id='word_1_203' title='bbox 1410 2813 1653 2867; x_wconf 88' lang='lat' dir='ltr'><strong>veniunt.</strong></span> <span class='ocrx_word' id='word_1_204' title='bbox 1698 2816 1887 2877; x_wconf 88' lang='lat' dir='ltr'><strong>Assur,</strong></span> 
     </span>
    </p>
   </div>
   <div class='ocr_carea' id='block_1_32' title="bbox 298 2903 1891 2979">
    <p class='ocr_par' dir='ltr' id='par_1_32' title="bbox 298 2903 1891 2979">
     <span class='ocr_line' id='line_1_32' title="bbox 298 2903 1891 2979; baseline -0.003 -16"><span class='ocrx_word' id='word_1_205' title='bbox 298 2907 510 2979; x_wconf 76' lang='lat' dir='ltr'><strong>Assyrii</strong></span> <span class='ocrx_word' id='word_1_206' title='bbox 538 2906 605 2960; x_wconf 93' lang='lat' dir='ltr'><strong>ab</strong></span> <span class='ocrx_word' id='word_1_207' title='bbox 635 2905 803 2960; x_wconf 85' lang='lat' dir='ltr'><strong>Assur</strong></span> <span class='ocrx_word' id='word_1_208' title='bbox 829 2904 938 2958; x_wconf 81' lang='lat' dir='ltr'><strong>tilio</strong></span> <span class='ocrx_word' id='word_1_209' title='bbox 963 2905 1110 2959; x_wconf 88' lang='lat' dir='ltr'><strong>Sem.</strong></span> <span class='ocrx_word' id='word_1_210' title='bbox 1149 2903 1214 2958; x_wconf 90' lang='lat' dir='ltr'><strong>Ili</strong></span> <span class='ocrx_word' id='word_1_211' title='bbox 1240 2904 1427 2959; x_wconf 89' lang='lat' dir='ltr'><strong>urbem</strong></span> <span class='ocrx_word' id='word_1_212' title='bbox 1459 2903 1652 2958; x_wconf 84' lang='lat' dir='ltr'><strong>Ninum</strong></span> <span class='ocrx_word' id='word_1_213' title='bbox 1682 2920 1750 2959; x_wconf 79' lang='lat' dir='ltr'><strong>ex</strong></span> <span class='ocrx_word' id='word_1_214' title='bbox 1794 2919 1891 2959; x_wconf 86' lang='lat' dir='ltr'><strong>no-</strong></span> 
     </span>
    </p>
   </div>
   <div class='ocr_carea' id='block_1_33' title="bbox 298 2996 1888 3067">
    <p class='ocr_par' dir='ltr' id='par_1_33' title="bbox 298 2996 1888 3067">
     <span class='ocr_line' id='line_1_33' title="bbox 298 2996 1888 3067; baseline -0.003 -11"><span class='ocrx_word' id='word_1_215' title='bbox 298 3001 449 3057; x_wconf 89' lang='lat' dir='ltr'><strong>mine</strong></span> <span class='ocrx_word' id='word_1_216' title='bbox 477 2999 594 3054; x_wconf 87' lang='lat' dir='ltr'><strong>Nini</strong></span> <span class='ocrx_word' id='word_1_217' title='bbox 628 2998 770 3067; x_wconf 88' lang='lat' dir='ltr'><strong>regis</strong></span> <span class='ocrx_word' id='word_1_218' title='bbox 798 2998 1173 3058; x_wconf 88' lang='lat' dir='ltr'><strong>condiderunt.</strong></span> <span class='ocrx_word' id='word_1_219' title='bbox 1208 3012 1327 3064; x_wconf 87' lang='lat' dir='ltr'><strong>quae</strong></span> <span class='ocrx_word' id='word_1_220' title='bbox 1374 3012 1515 3050; x_wconf 91' lang='lat' dir='ltr'><strong>nunc</strong></span> <span class='ocrx_word' id='word_1_221' title='bbox 1565 2996 1755 3052; x_wconf 85' lang='lat' dir='ltr'><strong>Ninive</strong></span> <span class='ocrx_word' id='word_1_222' title='bbox 1784 3012 1888 3051; x_wconf 91' lang='lat' dir='ltr'><strong>vo-</strong></span> 
     </span>
    </p>
   </div>
   <div class='ocr_carea' id='block_1_34' title="bbox 299 3087 1887 3161">
    <p class='ocr_par' dir='ltr' id='par_1_34' title="bbox 299 3087 1887 3161">
     <span class='ocr_line' id='line_1_34' title="bbox 299 3087 1887 3161; baseline -0.003 -16"><span class='ocrx_word' id='word_1_223' title='bbox 299 3100 479 3146; x_wconf 91' lang='lat' dir='ltr'><strong>catur.</strong></span> <span class='ocrx_word' id='word_1_224' title='bbox 512 3090 679 3161; x_wconf 86' lang='lat' dir='ltr'><strong>Syros</strong></span> <span class='ocrx_word' id='word_1_225' title='bbox 716 3088 1016 3159; x_wconf 85' lang='lat' dir='ltr'><strong>appellatos</strong></span> <span class='ocrx_word' id='word_1_226' title='bbox 1046 3087 1263 3156; x_wconf 90' lang='lat' dir='ltr'><strong>quidam</strong></span> <span class='ocrx_word' id='word_1_227' title='bbox 1296 3094 1546 3141; x_wconf 89' lang='lat' dir='ltr'><strong>asserunt</strong></span> <span class='ocrx_word' id='word_1_228' title='bbox 1575 3088 1643 3142; x_wconf 86' lang='lat' dir='ltr'><strong>ab</strong></span> <span class='ocrx_word' id='word_1_229' title='bbox 1673 3087 1887 3141; x_wconf 89' lang='lat' dir='ltr'><strong>Asurim</strong></span> 
     </span>
    </p>
   </div>
   <div class='ocr_carea' id='block_1_35' title="bbox 298 3159 1961 3249">
    <p class='ocr_par' dir='ltr' id='par_1_35' title="bbox 298 3159 1961 3249">
     <span class='ocr_line' id='line_1_35' title="bbox 298 3159 1961 3249; baseline -0.002 -13"><span class='ocrx_word' id='word_1_230' title='bbox 298 3180 415 3236; x_wconf 85' lang='lat' dir='ltr'><strong>ﬂlio</strong></span> <span class='ocrx_word' id='word_1_231' title='bbox 443 3159 671 3236; x_wconf 70' lang='lat' dir='ltr'><strong>Abrahae</strong></span> <span class='ocrx_word' id='word_1_232' title='bbox 702 3195 769 3233; x_wconf 82' lang='lat' dir='ltr'><strong>ex</strong></span> <span class='ocrx_word' id='word_1_233' title='bbox 799 3179 1047 3234; x_wconf 88' lang='lat' dir='ltr'><strong>Cethura.</strong></span> <span class='ocrx_word' id='word_1_234' title='bbox 1088 3178 1182 3244; x_wconf 87' lang='lat' dir='ltr'><strong>Us,</strong></span> <span class='ocrx_word' id='word_1_235' title='bbox 1209 3194 1326 3249; x_wconf 70' lang='lat' dir='ltr'><strong>qua:</strong></span> <span class='ocrx_word' id='word_1_236' title='bbox 1352 3188 1404 3233; x_wconf 88' lang='lat' dir='ltr'><strong>et</strong></span> <span class='ocrx_word' id='word_1_237' title='bbox 1434 3178 1705 3233; x_wconf 81' lang='lat' dir='ltr'><strong>Auxitidis</strong></span> <span class='ocrx_word' id='word_1_238' title='bbox 1738 3178 1887 3249; x_wconf 88' lang='lat' dir='ltr'><strong>regio</strong></span> <span class='ocrx_word' id='word_1_239' title='bbox 1916 3159 1961 3222; x_wconf 65' lang='grc' dir='ltr'><strong>(Ξ</strong></span> 
     </span>
    </p>
   </div>
   <div class='ocr_carea' id='block_1_36' title="bbox 299 3268 1892 3341">
    <p class='ocr_par' dir='ltr' id='par_1_36' title="bbox 299 3268 1892 3341">
     <span class='ocr_line' id='line_1_36' title="bbox 299 3268 1892 3341; baseline -0.003 -13"><span class='ocrx_word' id='word_1_240' title='bbox 299 3272 447 3328; x_wconf 87' lang='lat' dir='ltr'><strong>circa</strong></span> <span class='ocrx_word' id='word_1_241' title='bbox 475 3270 849 3341; x_wconf 64' lang='lat' dir='ltr'><strong>Caslesyriam,</strong></span> <span class='ocrx_word' id='word_1_242' title='bbox 896 3270 967 3324; x_wconf 89' lang='lat' dir='ltr'><strong>ita</strong></span> <span class='ocrx_word' id='word_1_243' title='bbox 999 3269 1067 3323; x_wconf 91' lang='lat' dir='ltr'><strong>ab</strong></span> <span class='ocrx_word' id='word_1_244' title='bbox 1096 3268 1171 3325; x_wconf 88' lang='lat' dir='ltr'><strong>Us</strong></span> <span class='ocrx_word' id='word_1_245' title='bbox 1221 3271 1343 3324; x_wconf 79' lang='lat' dir='ltr'><strong>Sent</strong></span> <span class='ocrx_word' id='word_1_246' title='bbox 1378 3280 1678 3339; x_wconf 78' lang='lat' dir='ltr'><strong>pronepote</strong></span> <span class='ocrx_word' id='word_1_247' title='bbox 1706 3272 1892 3340; x_wconf 89' lang='lat' dir='ltr'><strong>appel-</strong></span> 
     </span>
    </p>
   </div>
   <div class='ocr_carea' id='block_1_37' title="bbox 297 3360 1889 3428">
    <p class='ocr_par' dir='ltr' id='par_1_37' title="bbox 297 3360 1889 3428">
     <span class='ocr_line' id='line_1_37' title="bbox 297 3360 1889 3428; baseline -0.003 -9"><span class='ocrx_word' id='word_1_248' title='bbox 297 3363 429 3419; x_wconf 88' lang='lat' dir='ltr'><strong>lata.</strong></span> <span class='ocrx_word' id='word_1_249' title='bbox 478 3362 745 3428; x_wconf 65' lang='lat' dir='ltr'><strong>Elamitaz,</strong></span> <span class='ocrx_word' id='word_1_250' title='bbox 785 3361 987 3426; x_wconf 69' lang='lat' dir='ltr'><strong>Persae,</strong></span> <span class='ocrx_word' id='word_1_251' title='bbox 1041 3360 1110 3415; x_wconf 90' lang='lat' dir='ltr'><strong>ab</strong></span> <span class='ocrx_word' id='word_1_252' title='bbox 1151 3360 1297 3413; x_wconf 87' lang='lat' dir='ltr'><strong>Elam</strong></span> <span class='ocrx_word' id='word_1_253' title='bbox 1331 3360 1439 3414; x_wconf 84' lang='lat' dir='ltr'><strong>lilio</strong></span> <span class='ocrx_word' id='word_1_254' title='bbox 1486 3361 1635 3415; x_wconf 90' lang='lat' dir='ltr'><strong>Sem.</strong></span> <span class='ocrx_word' id='word_1_255' title='bbox 1678 3360 1889 3415; x_wconf 72' lang='lat' dir='ltr'><strong>Ilebrcci</strong></span> 
     </span>
    </p>
   </div>
   <div class='ocr_carea' id='block_1_38' title="bbox 300 3450 1887 3523">
    <p class='ocr_par' dir='ltr' id='par_1_38' title="bbox 300 3450 1887 3523">
     <span class='ocr_line' id='line_1_38' title="bbox 300 3450 1887 3523; baseline -0.003 -16"><span class='ocrx_word' id='word_1_256' title='bbox 300 3452 663 3523; x_wconf 75' lang='lat' dir='ltr'><strong>cognominati</strong></span> <span class='ocrx_word' id='word_1_257' title='bbox 706 3460 830 3505; x_wconf 91' lang='lat' dir='ltr'><strong>sunt</strong></span> <span class='ocrx_word' id='word_1_258' title='bbox 866 3451 935 3505; x_wconf 88' lang='lat' dir='ltr'><strong>ab</strong></span> <span class='ocrx_word' id='word_1_259' title='bbox 963 3450 1158 3514; x_wconf 91' lang='lat' dir='ltr'><strong>lleber,</strong></span> <span class='ocrx_word' id='word_1_260' title='bbox 1189 3451 1278 3519; x_wconf 89' lang='lat' dir='ltr'><strong>qui</strong></span> <span class='ocrx_word' id='word_1_261' title='bbox 1312 3465 1581 3520; x_wconf 86' lang='lat' dir='ltr'><strong>pronepos</strong></span> <span class='ocrx_word' id='word_1_262' title='bbox 1610 3451 1710 3505; x_wconf 82' lang='lat' dir='ltr'><strong>fuit</strong></span> <span class='ocrx_word' id='word_1_263' title='bbox 1740 3452 1887 3505; x_wconf 78' lang='lat' dir='ltr'><strong>Scin.</strong></span> 
     </span>
    </p>
   </div>
   <div class='ocr_carea' id='block_1_39' title="bbox 301 3541 1889 3608">
    <p class='ocr_par' dir='ltr' id='par_1_39' title="bbox 301 3541 1889 3608">
     <span class='ocr_line' id='line_1_39' title="bbox 301 3541 1889 3608; baseline -0.003 -9"><span class='ocrx_word' id='word_1_264' title='bbox 301 3542 518 3608; x_wconf 83' lang='lat' dir='ltr'><strong>Casdei,</strong></span> <span class='ocrx_word' id='word_1_265' title='bbox 555 3558 696 3597; x_wconf 90' lang='lat' dir='ltr'><strong>nunc</strong></span> <span class='ocrx_word' id='word_1_266' title='bbox 720 3541 960 3596; x_wconf 63' lang='lat' dir='ltr'><strong>Chaldaei</strong></span> <span class='ocrx_word' id='word_1_267' title='bbox 1004 3550 1282 3603; x_wconf 88' lang='lat' dir='ltr'><strong>vocantur,</strong></span> <span class='ocrx_word' id='word_1_268' title='bbox 1317 3553 1369 3595; x_wconf 91' lang='lat' dir='ltr'><strong>et</strong></span> <span class='ocrx_word' id='word_1_269' title='bbox 1402 3542 1593 3596; x_wconf 84' lang='lat' dir='ltr'><strong>Casdei</strong></span> <span class='ocrx_word' id='word_1_270' title='bbox 1626 3558 1655 3597; x_wconf 93' lang='lat' dir='ltr'><strong>a</strong></span> <span class='ocrx_word' id='word_1_271' title='bbox 1690 3543 1889 3607; x_wconf 89' lang='lat' dir='ltr'><strong>Cased,</strong></span> 
     </span>
    </p>
   </div>
   <div class='ocr_carea' id='block_1_40' title="bbox 300 3635 1895 3705">
    <p class='ocr_par' dir='ltr' id='par_1_40' title="bbox 300 3635 1895 3705">
     <span class='ocr_line' id='line_1_40' title="bbox 300 3635 1895 3705; baseline -0.004 -11"><span class='ocrx_word' id='word_1_272' title='bbox 300 3639 414 3694; x_wconf 77' lang='lat' dir='ltr'><strong>ﬁlio</strong></span> <span class='ocrx_word' id='word_1_273' title='bbox 439 3638 651 3693; x_wconf 87' lang='lat' dir='ltr'><strong>Nachor</strong></span> <span class='ocrx_word' id='word_1_274' title='bbox 678 3636 857 3691; x_wconf 77' lang='lat' dir='ltr'><strong>fratris</strong></span> <span class='ocrx_word' id='word_1_275' title='bbox 898 3635 1153 3691; x_wconf 68' lang='lat' dir='ltr'><strong>Abrahae.</strong></span> <span class='ocrx_word' id='word_1_276' title='bbox 1202 3635 1263 3689; x_wconf 87' lang='lat' dir='ltr'><strong>Ili</strong></span> <span class='ocrx_word' id='word_1_277' title='bbox 1308 3650 1497 3689; x_wconf 87' lang='lat' dir='ltr'><strong>omnes</strong></span> <span class='ocrx_word' id='word_1_278' title='bbox 1529 3636 1595 3690; x_wconf 86' lang='lat' dir='ltr'><strong>de</strong></span> <span class='ocrx_word' id='word_1_279' title='bbox 1644 3637 1767 3692; x_wconf 87' lang='lat' dir='ltr'><strong>Sem</strong></span> <span class='ocrx_word' id='word_1_280' title='bbox 1799 3651 1895 3705; x_wconf 60' lang='lat' dir='ltr'><strong>po-</strong></span> 
     </span>
    </p>
   </div>
   <div class='ocr_carea' id='block_1_41' title="bbox 299 3722 1825 3798">
    <p class='ocr_par' dir='ltr' id='par_1_41' title="bbox 299 3722 1825 3798">
     <span class='ocr_line' id='line_1_41' title="bbox 299 3722 1825 3798; baseline -0.005 -13"><span class='ocrx_word' id='word_1_281' title='bbox 299 3730 547 3787; x_wconf 86' lang='lat' dir='ltr'><strong>steritate</strong></span> <span class='ocrx_word' id='word_1_282' title='bbox 576 3729 895 3798; x_wconf 86' lang='lat' dir='ltr'><strong>procedunt.</strong></span> <span class='ocrx_word' id='word_1_283' title='bbox 1822 3722 1825 3725; x_wconf 78' lang='grc'><em>’</em></span> 
     </span>
    </p>
   </div>
   <div class='ocr_carea' id='block_1_42' title="bbox 920 3821 1262 3877">
    <p class='ocr_par' dir='ltr' id='par_1_42' title="bbox 920 3821 1262 3877">
     <span class='ocr_line' id='line_1_42' title="bbox 920 3821 1262 3877; baseline -0.003 -1"><span class='ocrx_word' id='word_1_284' title='bbox 920 3821 1147 3877; x_wconf 89' lang='lat' dir='ltr'><strong>CAPUT</strong></span> <span class='ocrx_word' id='word_1_285' title='bbox 1200 3821 1262 3877; x_wconf 71' lang='grc' dir='ltr'><strong>ν.</strong></span> 
     </span>
    </p>
   </div>
   <div class='ocr_carea' id='block_1_43' title="bbox 963 3914 1217 3969">
    <p class='ocr_par' dir='ltr' id='par_1_43' title="bbox 963 3914 1217 3969">
     <span class='ocr_line' id='line_1_43' title="bbox 963 3914 1217 3969; baseline 0.012 -3"><span class='ocrx_word' id='word_1_286' title='bbox 963 3914 1040 3967; x_wconf 79' lang='lat' dir='ltr'><strong>De</strong></span> <span class='ocrx_word' id='word_1_287' title='bbox 1071 3915 1217 3969; x_wconf 81' lang='lat' dir='ltr'><strong>locis.</strong></span> 
     </span>
    </p>
   </div>
   <div class='ocr_carea' id='block_1_44' title="bbox 370 4007 1890 4079">
    <p class='ocr_par' dir='ltr' id='par_1_44' title="bbox 370 4007 1890 4079">
     <span class='ocr_line' id='line_1_44' title="bbox 370 4007 1890 4079; baseline -0.003 -13"><span class='ocrx_word' id='word_1_288' title='bbox 370 4010 561 4075; x_wconf 84' lang='lat' dir='ltr'><strong>Jebus,</strong></span> <span class='ocrx_word' id='word_1_289' title='bbox 602 4010 716 4079; x_wconf 89' lang='lat' dir='ltr'><strong>ipsa</strong></span> <span class='ocrx_word' id='word_1_290' title='bbox 749 4017 832 4063; x_wconf 88' lang='lat' dir='ltr'><strong>est</strong></span> <span class='ocrx_word' id='word_1_291' title='bbox 862 4008 1184 4073; x_wconf 82' lang='lat' dir='ltr'><strong>Jerusalem,</strong></span> <span class='ocrx_word' id='word_1_292' title='bbox 1238 4007 1353 4076; x_wconf 90' lang='lat' dir='ltr'><strong>ipsa</strong></span> <span class='ocrx_word' id='word_1_293' title='bbox 1399 4015 1483 4061; x_wconf 89' lang='lat' dir='ltr'><strong>est</strong></span> <span class='ocrx_word' id='word_1_294' title='bbox 1526 4015 1578 4061; x_wconf 86' lang='lat' dir='ltr'><strong>et</strong></span> <span class='ocrx_word' id='word_1_295' title='bbox 1608 4007 1805 4073; x_wconf 90' lang='lat' dir='ltr'><strong>Salem,</strong></span> <span class='ocrx_word' id='word_1_296' title='bbox 1837 4007 1890 4062; x_wconf 92' lang='lat' dir='ltr'><strong>iu</strong></span> 
     </span>
    </p>
   </div>
   <div class='ocr_carea' id='block_1_45' title="bbox 300 4099 1892 4175">
    <p class='ocr_par' dir='ltr' id='par_1_45' title="bbox 300 4099 1892 4175">
     <span class='ocr_line' id='line_1_45' title="bbox 300 4099 1892 4175; baseline -0.001 -20"><span class='ocrx_word' id='word_1_297' title='bbox 300 4120 408 4175; x_wconf 87' lang='lat' dir='ltr'><strong>qua</strong></span> <span class='ocrx_word' id='word_1_298' title='bbox 475 4104 717 4172; x_wconf 78' lang='lat' dir='ltr'><strong>regnavit</strong></span> <span class='ocrx_word' id='word_1_299' title='bbox 761 4101 1179 4157; x_wconf 81' lang='lat' dir='ltr'><strong>Melchisedech.</strong></span> <span class='ocrx_word' id='word_1_300' title='bbox 1244 4102 1369 4154; x_wconf 67' lang='lat' dir='ltr'><strong>Ilaec</strong></span> <span class='ocrx_word' id='word_1_301' title='bbox 1425 4114 1565 4154; x_wconf 87' lang='lat' dir='ltr'><strong>nunc</strong></span> <span class='ocrx_word' id='word_1_302' title='bbox 1621 4100 1688 4153; x_wconf 91' lang='lat' dir='ltr'><strong>ab</strong></span> <span class='ocrx_word' id='word_1_303' title='bbox 1740 4099 1892 4155; x_wconf 85' lang='lat' dir='ltr'><strong>Helio</strong></span> 
     </span>
    </p>
   </div>
   <div class='ocr_carea' id='block_1_46' title="bbox 297 4195 1892 4271">
    <p class='ocr_par' dir='ltr' id='par_1_46' title="bbox 297 4195 1892 4271">
     <span class='ocr_line' id='line_1_46' title="bbox 297 4195 1892 4271; baseline -0.004 -15"><span class='ocrx_word' id='word_1_304' title='bbox 297 4199 542 4256; x_wconf 82' lang='lat' dir='ltr'><strong>Adriano</strong></span> <span class='ocrx_word' id='word_1_305' title='bbox 565 4207 783 4253; x_wconf 86' lang='lat' dir='ltr'><strong>vocatur</strong></span> <span class='ocrx_word' id='word_1_306' title='bbox 807 4197 976 4252; x_wconf 86' lang='lat' dir='ltr'><strong>llelia.</strong></span> <span class='ocrx_word' id='word_1_307' title='bbox 1014 4197 1171 4250; x_wconf 89' lang='lat' dir='ltr'><strong>Babcl</strong></span> <span class='ocrx_word' id='word_1_308' title='bbox 1201 4195 1253 4250; x_wconf 94' lang='lat' dir='ltr'><strong>in</strong></span> <span class='ocrx_word' id='word_1_309' title='bbox 1284 4195 1504 4262; x_wconf 88' lang='lat' dir='ltr'><strong>Genesi,</strong></span> <span class='ocrx_word' id='word_1_310' title='bbox 1540 4212 1681 4252; x_wconf 92' lang='lat' dir='ltr'><strong>nunc</strong></span> <span class='ocrx_word' id='word_1_311' title='bbox 1714 4197 1892 4271; x_wconf 85' lang='lat' dir='ltr'><strong>Baby-</strong></span> 
     </span>
    </p>
   </div>
   <div class='ocr_carea' id='block_1_47' title="bbox 295 4290 1890 4362">
    <p class='ocr_par' dir='ltr' id='par_1_47' title="bbox 295 4290 1890 4362">
     <span class='ocr_line' id='line_1_47' title="bbox 295 4290 1890 4362; baseline 0.001 -17"><span class='ocrx_word' id='word_1_312' title='bbox 295 4291 387 4345; x_wconf 87' lang='lat' dir='ltr'><strong>Ion</strong></span> <span class='ocrx_word' id='word_1_313' title='bbox 426 4301 670 4346; x_wconf 83' lang='lat' dir='ltr'><strong>vocatur.</strong></span> <span class='ocrx_word' id='word_1_314' title='bbox 708 4291 764 4345; x_wconf 91' lang='lat' dir='ltr'><strong>In</strong></span> <span class='ocrx_word' id='word_1_315' title='bbox 807 4291 910 4346; x_wconf 87' lang='lat' dir='ltr'><strong>hoc</strong></span> <span class='ocrx_word' id='word_1_316' title='bbox 952 4290 1072 4345; x_wconf 91' lang='lat' dir='ltr'><strong>loco</strong></span> <span class='ocrx_word' id='word_1_317' title='bbox 1107 4307 1227 4345; x_wconf 91' lang='lat' dir='ltr'><strong>cum</strong></span> <span class='ocrx_word' id='word_1_318' title='bbox 1261 4300 1464 4346; x_wconf 89' lang='lat' dir='ltr'><strong>turrem</strong></span> <span class='ocrx_word' id='word_1_319' title='bbox 1492 4292 1759 4362; x_wconf 90' lang='lat' dir='ltr'><strong>quondam</strong></span> <span class='ocrx_word' id='word_1_320' title='bbox 1795 4293 1890 4347; x_wconf 80' lang='lat' dir='ltr'><strong>ho-</strong></span> 
     </span>
    </p>
   </div>
   <div class='ocr_carea' id='block_1_48' title="bbox 294 4382 1889 4453">
    <p class='ocr_par' dir='ltr' id='par_1_48' title="bbox 294 4382 1889 4453">
     <span class='ocr_line' id='line_1_48' title="bbox 294 4382 1889 4453; baseline 0.001 -15"><span class='ocrx_word' id='word_1_321' title='bbox 294 4384 474 4438; x_wconf 86' lang='lat' dir='ltr'><strong>mines</strong></span> <span class='ocrx_word' id='word_1_322' title='bbox 505 4382 773 4437; x_wconf 67' lang='lat' dir='ltr'><strong>aedificare</strong></span> <span class='ocrx_word' id='word_1_323' title='bbox 801 4383 1061 4437; x_wconf 90' lang='lat' dir='ltr'><strong>adversus</strong></span> <span class='ocrx_word' id='word_1_324' title='bbox 1084 4385 1278 4438; x_wconf 73' lang='lat' dir='ltr'><strong>cretum</strong></span> <span class='ocrx_word' id='word_1_325' title='bbox 1309 4384 1548 4453; x_wconf 75' lang='lat' dir='ltr'><strong>aggressi</strong></span> <span class='ocrx_word' id='word_1_326' title='bbox 1580 4395 1784 4451; x_wconf 83' lang='lat' dir='ltr'><strong>essent,</strong></span> <span class='ocrx_word' id='word_1_327' title='bbox 1808 4386 1889 4439; x_wconf 93' lang='lat' dir='ltr'><strong>di-</strong></span> 
     </span>
    </p>
   </div>
   <div class='ocr_carea' id='block_1_49' title="bbox 295 4474 1886 4546">
    <p class='ocr_par' dir='ltr' id='par_1_49' title="bbox 295 4474 1886 4546">
     <span class='ocr_line' id='line_1_49' title="bbox 295 4474 1886 4546; baseline -0.001 -16"><span class='ocrx_word' id='word_1_328' title='bbox 295 4475 471 4544; x_wconf 87' lang='lat' dir='ltr'><strong>Spersi</strong></span> <span class='ocrx_word' id='word_1_329' title='bbox 518 4483 666 4538; x_wconf 88' lang='lat' dir='ltr'><strong>sunt,</strong></span> <span class='ocrx_word' id='word_1_330' title='bbox 718 4476 977 4529; x_wconf 74' lang='lat' dir='ltr'><strong>immensa</strong></span> <span class='ocrx_word' id='word_1_331' title='bbox 1020 4475 1273 4529; x_wconf 86' lang='lat' dir='ltr'><strong>divinitus</strong></span> <span class='ocrx_word' id='word_1_332' title='bbox 1322 4474 1639 4530; x_wconf 84' lang='lat' dir='ltr'><strong>confusione</strong></span> <span class='ocrx_word' id='word_1_333' title='bbox 1672 4476 1886 4546; x_wconf 82' lang='lat' dir='ltr'><strong>lingua-</strong></span> 
     </span>
    </p>
   </div>
   <div class='ocr_carea' id='block_1_50' title="bbox 1989 521 3580 601">
    <p class='ocr_par' dir='ltr' id='par_1_50' title="bbox 1989 521 3580 601">
     <span class='ocr_line' id='line_1_50' title="bbox 1989 521 3580 601; baseline 0.009 -27"><span class='ocrx_word' id='word_1_334' title='bbox 1989 521 2139 589; x_wconf 78' lang='lat' dir='ltr'><strong>regio</strong></span> <span class='ocrx_word' id='word_1_335' title='bbox 2162 530 2243 577; x_wconf 86' lang='lat' dir='ltr'><strong>est</strong></span> <span class='ocrx_word' id='word_1_336' title='bbox 2271 521 2481 578; x_wconf 89' lang='lat' dir='ltr'><strong>habens</strong></span> <span class='ocrx_word' id='word_1_337' title='bbox 2507 524 2757 579; x_wconf 80' lang='lat' dir='ltr'><strong>civitates</strong></span> <span class='ocrx_word' id='word_1_338' title='bbox 2782 526 2993 581; x_wconf 65' lang='lat' dir='ltr'><strong>decem.</strong></span> <span class='ocrx_word' id='word_1_339' title='bbox 3025 528 3293 601; x_wconf 87' lang='lat' dir='ltr'><strong>Accaron,</strong></span> <span class='ocrx_word' id='word_1_340' title='bbox 3327 534 3456 588; x_wconf 88' lang='lat' dir='ltr'><strong>urbs</strong></span> <span class='ocrx_word' id='word_1_341' title='bbox 3482 534 3580 588; x_wconf 82' lang='lat' dir='ltr'><strong>Pa—</strong></span> 
     </span>
    </p>
   </div>
   <div class='ocr_carea' id='block_1_51' title="bbox 1990 606 3578 694">
    <p class='ocr_par' dir='ltr' id='par_1_51' title="bbox 1990 606 3578 694">
     <span class='ocr_line' id='line_1_51' title="bbox 1990 606 3578 694; baseline 0.008 -26"><span class='ocrx_word' id='word_1_342' title='bbox 1990 614 2237 670; x_wconf 56' lang='lat' dir='ltr'><strong>laestinae.</strong></span> <span class='ocrx_word' id='word_1_343' title='bbox 2286 613 2655 682; x_wconf 88' lang='lat' dir='ltr'><strong>Autilibanus,</strong></span> <span class='ocrx_word' id='word_1_344' title='bbox 2701 616 2817 672; x_wconf 91' lang='lat' dir='ltr'><strong>loca</strong></span> <span class='ocrx_word' id='word_1_345' title='bbox 2870 606 3207 689; x_wconf 88' lang='lat' dir='ltr'><strong>appellant-ur</strong></span> <span class='ocrx_word' id='word_1_346' title='bbox 3254 638 3373 694; x_wconf 72' lang='lat' dir='ltr'><strong>quae</strong></span> <span class='ocrx_word' id='word_1_347' title='bbox 3413 641 3578 694; x_wconf 86' lang='lat' dir='ltr'><strong>supra</strong></span> 
     </span>
    </p>
   </div>
   <div class='ocr_carea' id='block_1_52' title="bbox 1991 704 3575 781">
    <p class='ocr_par' dir='ltr' id='par_1_52' title="bbox 1991 704 3575 781">
     <span class='ocr_line' id='line_1_52' title="bbox 1991 704 3575 781; baseline 0.008 -23"><span class='ocrx_word' id='word_1_348' title='bbox 1991 704 2249 760; x_wconf 83' lang='lat' dir='ltr'><strong>Libanum</strong></span> <span class='ocrx_word' id='word_1_349' title='bbox 2305 715 2543 761; x_wconf 85' lang='lat' dir='ltr'><strong>montem</strong></span> <span class='ocrx_word' id='word_1_350' title='bbox 2601 705 2934 763; x_wconf 83' lang='lat' dir='ltr'><strong>Orientaleiu</strong></span> <span class='ocrx_word' id='word_1_351' title='bbox 2992 710 3201 781; x_wconf 87' lang='lat' dir='ltr'><strong>plagam</strong></span> <span class='ocrx_word' id='word_1_352' title='bbox 3257 714 3575 779; x_wconf 69' lang='grc' dir='ltr'><strong>γεδιιὶρὶυιιι.</strong></span> 
     </span>
    </p>
   </div>
   <div class='ocr_carea' id='block_1_53' title="bbox 1990 797 3625 863">
    <p class='ocr_par' dir='ltr' id='par_1_53' title="bbox 1990 797 3625 863">
     <span class='ocr_line' id='line_1_53' title="bbox 1990 797 3625 863; baseline 0.003 -11"><span class='ocrx_word' id='word_1_353' title='bbox 1990 797 2213 863; x_wconf 77' lang='lat' dir='ltr'><strong>Eﬂ‘rata,</strong></span> <span class='ocrx_word' id='word_1_354' title='bbox 2248 800 2439 854; x_wconf 84' lang='lat' dir='ltr'><strong>civitas</strong></span> <span class='ocrx_word' id='word_1_355' title='bbox 2472 799 2811 855; x_wconf 83' lang='lat' dir='ltr'><strong>Bethlehem.</strong></span> <span class='ocrx_word' id='word_1_356' title='bbox 2846 801 3096 857; x_wconf 83' lang='lat' dir='ltr'><strong>Eulrates</strong></span> <span class='ocrx_word' id='word_1_357' title='bbox 3123 819 3251 859; x_wconf 89' lang='lat' dir='ltr'><strong>vero</strong></span> <span class='ocrx_word' id='word_1_358' title='bbox 3283 804 3475 859; x_wconf 90' lang='lat' dir='ltr'><strong>ﬂuvius</strong></span> <span class='ocrx_word' id='word_1_359' title='bbox 3510 808 3578 862; x_wconf 84' lang='lat' dir='ltr'><strong>de</strong></span> <span class='ocrx_word' id='word_1_360' title='bbox 3618 816 3625 857; x_wconf 68' lang='grc' dir='ltr'><strong><em>ξ</em></strong></span> 
     </span>
    </p>
   </div>
   <div class='ocr_carea' id='block_1_54' title="bbox 1991 888 3637 967">
    <p class='ocr_par' dir='ltr' id='par_1_54' title="bbox 1991 888 3637 967">
     <span class='ocr_line' id='line_1_54' title="bbox 1991 888 3637 967; baseline 0.005 -27"><span class='ocrx_word' id='word_1_361' title='bbox 1991 888 2263 956; x_wconf 84' lang='lat' dir='ltr'><strong>paradiso.</strong></span> <span class='ocrx_word' id='word_1_362' title='bbox 2292 890 2678 959; x_wconf 88' lang='lat' dir='ltr'><strong>Mesopotamia</strong></span> <span class='ocrx_word' id='word_1_363' title='bbox 2710 890 2911 946; x_wconf 87' lang='lat' dir='ltr'><strong>idcirco</strong></span> <span class='ocrx_word' id='word_1_364' title='bbox 2939 892 3156 960; x_wconf 90' lang='lat' dir='ltr'><strong>dicitur,</strong></span> <span class='ocrx_word' id='word_1_365' title='bbox 3190 897 3330 964; x_wconf 89' lang='lat' dir='ltr'><strong>quod</strong></span> <span class='ocrx_word' id='word_1_366' title='bbox 3361 895 3579 967; x_wconf 75' lang='lat' dir='ltr'><strong>Tigride</strong></span> <span class='ocrx_word' id='word_1_367' title='bbox 3636 896 3637 901; x_wconf 64' lang='grc'><em>“</em></span> 
     </span>
    </p>
   </div>
   <div class='ocr_carea' id='block_1_55' title="bbox 1988 978 3579 1057">
    <p class='ocr_par' dir='ltr' id='par_1_55' title="bbox 1988 978 3579 1057">
     <span class='ocr_line' id='line_1_55' title="bbox 1988 978 3579 1057; baseline 0.008 -24"><span class='ocrx_word' id='word_1_368' title='bbox 1988 989 2044 1033; x_wconf 92' lang='lat' dir='ltr'><strong>et</strong></span> <span class='ocrx_word' id='word_1_369' title='bbox 2076 978 2291 1036; x_wconf 79' lang='lat' dir='ltr'><strong>Eufrate</strong></span> <span class='ocrx_word' id='word_1_370' title='bbox 2331 981 2641 1037; x_wconf 83' lang='lat' dir='ltr'><strong>ﬂuminibus</strong></span> <span class='ocrx_word' id='word_1_371' title='bbox 2682 984 2967 1039; x_wconf 88' lang='lat' dir='ltr'><strong>ambiatur.</strong></span> <span class='ocrx_word' id='word_1_372' title='bbox 3003 984 3248 1041; x_wconf 83' lang='lat' dir='ltr'><strong>Samaria</strong></span> <span class='ocrx_word' id='word_1_373' title='bbox 3287 988 3401 1057; x_wconf 64' lang='lat' dir='ltr'><strong>ipsa</strong></span> <span class='ocrx_word' id='word_1_374' title='bbox 3432 1006 3579 1045; x_wconf 85' lang='lat' dir='ltr'><strong>nunc</strong></span> 
     </span>
    </p>
   </div>
   <div class='ocr_carea' id='block_1_56' title="bbox 1989 1074 3631 1148">
    <p class='ocr_par' dir='ltr' id='par_1_56' title="bbox 1989 1074 3631 1148">
     <span class='ocr_line' id='line_1_56' title="bbox 1989 1074 3631 1148; baseline 0.005 -20"><span class='ocrx_word' id='word_1_375' title='bbox 1989 1074 2214 1129; x_wconf 73' lang='lat' dir='ltr'><strong>Sebaste</strong></span> <span class='ocrx_word' id='word_1_376' title='bbox 2260 1075 2586 1142; x_wconf 79' lang='lat' dir='ltr'><strong>appellatur.</strong></span> <span class='ocrx_word' id='word_1_377' title='bbox 2638 1076 2857 1141; x_wconf 85' lang='lat' dir='ltr'><strong>Emaus,</strong></span> <span class='ocrx_word' id='word_1_378' title='bbox 2907 1076 2959 1130; x_wconf 88' lang='lat' dir='ltr'><strong>in</strong></span> <span class='ocrx_word' id='word_1_379' title='bbox 3010 1077 3324 1148; x_wconf 78' lang='lat' dir='ltr'><strong>Evangelia,</strong></span> <span class='ocrx_word' id='word_1_380' title='bbox 3375 1097 3574 1136; x_wconf 86' lang='lat' dir='ltr'><strong>nomen</strong></span> <span class='ocrx_word' id='word_1_381' title='bbox 3630 1078 3631 1081; x_wconf 49' lang='grc'><em>“</em></span> 
     </span>
    </p>
   </div>
   <div class='ocr_carea' id='block_1_57' title="bbox 1989 1164 3579 1237">
    <p class='ocr_par' dir='ltr' id='par_1_57' title="bbox 1989 1164 3579 1237">
     <span class='ocr_line' id='line_1_57' title="bbox 1989 1164 3579 1237; baseline 0.006 -21"><span class='ocrx_word' id='word_1_382' title='bbox 1989 1164 2262 1233; x_wconf 74' lang='lat' dir='ltr'><strong>quondam</strong></span> <span class='ocrx_word' id='word_1_383' title='bbox 2294 1165 2524 1230; x_wconf 89' lang='lat' dir='ltr'><strong>castelli,</strong></span> <span class='ocrx_word' id='word_1_384' title='bbox 2570 1181 2712 1220; x_wconf 91' lang='lat' dir='ltr'><strong>nunc</strong></span> <span class='ocrx_word' id='word_1_385' title='bbox 2737 1166 2947 1233; x_wconf 90' lang='lat' dir='ltr'><strong>civitas,</strong></span> <span class='ocrx_word' id='word_1_386' title='bbox 2982 1183 3103 1237; x_wconf 65' lang='lat' dir='ltr'><strong>qua:</strong></span> <span class='ocrx_word' id='word_1_387' title='bbox 3144 1168 3416 1236; x_wconf 77' lang='lat' dir='ltr'><strong>NICopolis</strong></span> <span class='ocrx_word' id='word_1_388' title='bbox 3444 1172 3579 1226; x_wconf 89' lang='lat' dir='ltr'><strong>dici-</strong></span> 
     </span>
    </p>
   </div>
   <div class='ocr_carea' id='block_1_58' title="bbox 1992 1256 3580 1330">
    <p class='ocr_par' dir='ltr' id='par_1_58' title="bbox 1992 1256 3580 1330">
     <span class='ocr_line' id='line_1_58' title="bbox 1992 1256 3580 1330; baseline 0.004 -20"><span class='ocrx_word' id='word_1_389' title='bbox 1992 1265 2098 1310; x_wconf 92' lang='lat' dir='ltr'><strong>tur.</strong></span> <span class='ocrx_word' id='word_1_390' title='bbox 2134 1256 2397 1322; x_wconf 88' lang='lat' dir='ltr'><strong>Calvaria,</strong></span> <span class='ocrx_word' id='word_1_391' title='bbox 2433 1257 2580 1310; x_wconf 89' lang='lat' dir='ltr'><strong>locus</strong></span> <span class='ocrx_word' id='word_1_392' title='bbox 2614 1256 2683 1310; x_wconf 90' lang='lat' dir='ltr'><strong>ob</strong></span> <span class='ocrx_word' id='word_1_393' title='bbox 2714 1257 2849 1310; x_wconf 90' lang='lat' dir='ltr'><strong>hanc</strong></span> <span class='ocrx_word' id='word_1_394' title='bbox 2870 1272 3090 1311; x_wconf 75' lang='lat' dir='ltr'><strong>causam</strong></span> <span class='ocrx_word' id='word_1_395' title='bbox 3116 1259 3484 1330; x_wconf 89' lang='lat' dir='ltr'><strong>dictus,_quod</strong></span> <span class='ocrx_word' id='word_1_396' title='bbox 3510 1262 3580 1317; x_wconf 85' lang='lat' dir='ltr'><strong>de</strong></span> 
     </span>
    </p>
   </div>
   <div class='ocr_carea' id='block_1_59' title="bbox 1990 1346 3584 1419">
    <p class='ocr_par' dir='ltr' id='par_1_59' title="bbox 1990 1346 3584 1419">
     <span class='ocr_line' id='line_1_59' title="bbox 1990 1346 3584 1419; baseline 0.001 -17"><span class='ocrx_word' id='word_1_397' title='bbox 1990 1346 2379 1402; x_wconf 87' lang='lat' dir='ltr'><strong>consuetudine</strong></span> <span class='ocrx_word' id='word_1_398' title='bbox 2411 1348 2462 1401; x_wconf 91' lang='lat' dir='ltr'><strong>in</strong></span> <span class='ocrx_word' id='word_1_399' title='bbox 2504 1346 2695 1403; x_wconf 88' lang='lat' dir='ltr'><strong>eodem</strong></span> <span class='ocrx_word' id='word_1_400' title='bbox 2727 1348 2844 1403; x_wconf 90' lang='lat' dir='ltr'><strong>loco</strong></span> <span class='ocrx_word' id='word_1_401' title='bbox 2876 1349 3110 1403; x_wconf 89' lang='lat' dir='ltr'><strong>damnati</strong></span> <span class='ocrx_word' id='word_1_402' title='bbox 3156 1350 3335 1419; x_wconf 89' lang='lat' dir='ltr'><strong>capite</strong></span> <span class='ocrx_word' id='word_1_403' title='bbox 3368 1361 3584 1406; x_wconf 85' lang='lat' dir='ltr'><strong>trunca-</strong></span> 
     </span>
    </p>
   </div>
   <div class='ocr_carea' id='block_1_60' title="bbox 1991 1438 3623 1511">
    <p class='ocr_par' dir='ltr' id='par_1_60' title="bbox 1991 1438 3623 1511">
     <span class='ocr_line' id='line_1_60' title="bbox 1991 1438 3623 1511; baseline 0.003 -18"><span class='ocrx_word' id='word_1_404' title='bbox 1991 1448 2197 1493; x_wconf 87' lang='lat' dir='ltr'><strong>rentur.</strong></span> <span class='ocrx_word' id='word_1_405' title='bbox 2234 1438 2555 1509; x_wconf 86' lang='lat' dir='ltr'><strong>Ariopagus,</strong></span> <span class='ocrx_word' id='word_1_406' title='bbox 2603 1439 2767 1493; x_wconf 74' lang='lat' dir='ltr'><strong>curia:</strong></span> <span class='ocrx_word' id='word_1_407' title='bbox 2796 1440 2940 1509; x_wconf 90' lang='lat' dir='ltr'><strong>apud</strong></span> <span class='ocrx_word' id='word_1_408' title='bbox 2970 1441 3340 1509; x_wconf 79' lang='lat' dir='ltr'><strong>Athenienses</strong></span> <span class='ocrx_word' id='word_1_409' title='bbox 3381 1458 3579 1498; x_wconf 89' lang='lat' dir='ltr'><strong>nomen</strong></span> <span class='ocrx_word' id='word_1_410' title='bbox 3617 1504 3623 1511; x_wconf 50' lang='grc'><em>,</em></span> 
     </span>
    </p>
   </div>
   <div class='ocr_carea' id='block_1_61' title="bbox 1991 1530 2994 1602">
    <p class='ocr_par' dir='ltr' id='par_1_61' title="bbox 1991 1530 2994 1602">
     <span class='ocr_line' id='line_1_61' title="bbox 1991 1530 2994 1602; baseline 0.002 -16"><span class='ocrx_word' id='word_1_411' title='bbox 1991 1542 2093 1598; x_wconf 79' lang='lat' dir='ltr'><strong>est,</strong></span> <span class='ocrx_word' id='word_1_412' title='bbox 2123 1547 2240 1602; x_wconf 76' lang='lat' dir='ltr'><strong>quae</strong></span> <span class='ocrx_word' id='word_1_413' title='bbox 2272 1546 2302 1585; x_wconf 93' lang='lat' dir='ltr'><strong>a</strong></span> <span class='ocrx_word' id='word_1_414' title='bbox 2333 1530 2504 1588; x_wconf 83' lang='lat' dir='ltr'><strong>Marte</strong></span> <span class='ocrx_word' id='word_1_415' title='bbox 2534 1547 2731 1587; x_wconf 91' lang='lat' dir='ltr'><strong>nomen</strong></span> <span class='ocrx_word' id='word_1_416' title='bbox 2763 1533 2994 1602; x_wconf 86' lang='lat' dir='ltr'><strong>accepit.</strong></span> 
     </span>
    </p>
   </div>
   <div class='ocr_carea' id='block_1_62' title="bbox 2598 1663 2960 1721">
    <p class='ocr_par' dir='ltr' id='par_1_62' title="bbox 2598 1663 2960 1721">
     <span class='ocr_line' id='line_1_62' title="bbox 2598 1663 2960 1721; baseline -0.006 -1"><span class='ocrx_word' id='word_1_417' title='bbox 2598 1663 2829 1721; x_wconf 87' lang='lat' dir='ltr'><strong>CAPUT</strong></span> <span class='ocrx_word' id='word_1_418' title='bbox 2869 1663 2960 1719; x_wconf 84' lang='lat' dir='ltr'><strong>Vl.</strong></span> 
     </span>
    </p>
   </div>
   <div class='ocr_carea' id='block_1_63' title="bbox 2429 1779 3137 1850">
    <p class='ocr_par' dir='ltr' id='par_1_63' title="bbox 2429 1779 3137 1850">
     <span class='ocr_line' id='line_1_63' title="bbox 2429 1779 3137 1850; baseline -0.003 -16"><span class='ocrx_word' id='word_1_419' title='bbox 2429 1780 2508 1836; x_wconf 74' lang='lat' dir='ltr'><strong>De</strong></span> <span class='ocrx_word' id='word_1_420' title='bbox 2541 1779 2842 1850; x_wconf 79' lang='lat' dir='ltr'><strong>ﬂuminibus</strong></span> <span class='ocrx_word' id='word_1_421' title='bbox 2868 1780 2947 1835; x_wconf 81' lang='lat' dir='ltr'><strong>vel</strong></span> <span class='ocrx_word' id='word_1_422' title='bbox 2969 1779 3137 1849; x_wconf 82' lang='lat' dir='ltr'><strong>aquis.</strong></span> 
     </span>
    </p>
   </div>
   <div class='ocr_carea' id='block_1_64' title="bbox 2063 1892 3587 1965">
    <p class='ocr_par' dir='ltr' id='par_1_64' title="bbox 2063 1892 3587 1965">
     <span class='ocr_line' id='line_1_64' title="bbox 2063 1892 3587 1965; baseline 0.001 -16"><span class='ocrx_word' id='word_1_423' title='bbox 2063 1894 2234 1963; x_wconf 88' lang='lat' dir='ltr'><strong>Geon,</strong></span> <span class='ocrx_word' id='word_1_424' title='bbox 2269 1892 2462 1949; x_wconf 86' lang='lat' dir='ltr'><strong>ﬂuvius</strong></span> <span class='ocrx_word' id='word_1_425' title='bbox 2513 1903 2597 1949; x_wconf 90' lang='lat' dir='ltr'><strong>est</strong></span> <span class='ocrx_word' id='word_1_426' title='bbox 2642 1893 2954 1965; x_wconf 66' lang='lat' dir='ltr'><strong>EthiOpiae,</strong></span> <span class='ocrx_word' id='word_1_427' title='bbox 3005 1893 3071 1949; x_wconf 91' lang='lat' dir='ltr'><strong>de</strong></span> <span class='ocrx_word' id='word_1_428' title='bbox 3117 1893 3369 1964; x_wconf 89' lang='lat' dir='ltr'><strong>paradiso</strong></span> <span class='ocrx_word' id='word_1_429' title='bbox 3406 1909 3587 1951; x_wconf 75' lang='lat' dir='ltr'><strong>emer-</strong></span> 
     </span>
    </p>
   </div>
   <div class='ocr_carea' id='block_1_65' title="bbox 1990 1986 3579 2058">
    <p class='ocr_par' dir='ltr' id='par_1_65' title="bbox 1990 1986 3579 2058">
     <span class='ocr_line' id='line_1_65' title="bbox 1990 1986 3579 2058; baseline 0 -17"><span class='ocrx_word' id='word_1_430' title='bbox 1990 2002 2141 2057; x_wconf 83' lang='lat' dir='ltr'><strong>gens,</strong></span> <span class='ocrx_word' id='word_1_431' title='bbox 2166 2002 2325 2058; x_wconf 91' lang='lat' dir='ltr'><strong>quem</strong></span> <span class='ocrx_word' id='word_1_432' title='bbox 2349 1986 2528 2042; x_wconf 81' lang='lat' dir='ltr'><strong>Nilum</strong></span> <span class='ocrx_word' id='word_1_433' title='bbox 2558 1988 2753 2042; x_wconf 82' lang='lat' dir='ltr'><strong>usitato</strong></span> <span class='ocrx_word' id='word_1_434' title='bbox 2782 1986 2999 2042; x_wconf 89' lang='lat' dir='ltr'><strong>nomine</strong></span> <span class='ocrx_word' id='word_1_435' title='bbox 3023 1986 3321 2057; x_wconf 89' lang='lat' dir='ltr'><strong>appellant.</strong></span> <span class='ocrx_word' id='word_1_436' title='bbox 3351 1986 3579 2054; x_wconf 78' lang='lat' dir='ltr'><strong>PhiSon,</strong></span> 
     </span>
    </p>
   </div>
   <div class='ocr_carea' id='block_1_66' title="bbox 1991 2079 3581 2150">
    <p class='ocr_par' dir='ltr' id='par_1_66' title="bbox 1991 2079 3581 2150">
     <span class='ocr_line' id='line_1_66' title="bbox 1991 2079 3581 2150; baseline 0.001 -16"><span class='ocrx_word' id='word_1_437' title='bbox 1991 2079 2185 2134; x_wconf 86' lang='lat' dir='ltr'><strong>ﬂuvius</strong></span> <span class='ocrx_word' id='word_1_438' title='bbox 2225 2079 2410 2148; x_wconf 68' lang='lat' dir='ltr'><strong>ludite,</strong></span> <span class='ocrx_word' id='word_1_439' title='bbox 2443 2079 2586 2135; x_wconf 91' lang='lat' dir='ltr'><strong>idem</strong></span> <span class='ocrx_word' id='word_1_440' title='bbox 2620 2094 2833 2150; x_wconf 87' lang='lat' dir='ltr'><strong>quoque</strong></span> <span class='ocrx_word' id='word_1_441' title='bbox 2854 2094 2883 2133; x_wconf 91' lang='lat' dir='ltr'><strong>a</strong></span> <span class='ocrx_word' id='word_1_442' title='bbox 2914 2079 3164 2149; x_wconf 84' lang='lat' dir='ltr'><strong>paradiso</strong></span> <span class='ocrx_word' id='word_1_443' title='bbox 3195 2079 3368 2134; x_wconf 92' lang='lat' dir='ltr'><strong>ﬂuens</strong></span> <span class='ocrx_word' id='word_1_444' title='bbox 3401 2080 3581 2136; x_wconf 87' lang='lat' dir='ltr'><strong>:hunc</strong></span> 
     </span>
    </p>
   </div>
   <div class='ocr_carea' id='block_1_67' title="bbox 1990 2170 3583 2242">
    <p class='ocr_par' dir='ltr' id='par_1_67' title="bbox 1990 2170 3583 2242">
     <span class='ocr_line' id='line_1_67' title="bbox 1990 2170 3583 2242; baseline 0.003 -17"><span class='ocrx_word' id='word_1_445' title='bbox 1990 2171 2080 2225; x_wconf 90' lang='lat' dir='ltr'><strong>alii</strong></span> <span class='ocrx_word' id='word_1_446' title='bbox 2111 2171 2331 2242; x_wconf 89' lang='lat' dir='ltr'><strong>Gangen</strong></span> <span class='ocrx_word' id='word_1_447' title='bbox 2360 2180 2574 2228; x_wconf 90' lang='lat' dir='ltr'><strong>vocant.</strong></span> <span class='ocrx_word' id='word_1_448' title='bbox 2604 2173 2774 2239; x_wconf 90' lang='lat' dir='ltr'><strong>Siloe,</strong></span> <span class='ocrx_word' id='word_1_449' title='bbox 2816 2170 2938 2228; x_wconf 89' lang='lat' dir='ltr'><strong>l&#39;ons</strong></span> <span class='ocrx_word' id='word_1_450' title='bbox 2983 2181 3066 2228; x_wconf 80' lang='lat' dir='ltr'><strong>est</strong></span> <span class='ocrx_word' id='word_1_451' title='bbox 3100 2172 3150 2226; x_wconf 91' lang='lat' dir='ltr'><strong>in</strong></span> <span class='ocrx_word' id='word_1_452' title='bbox 3180 2173 3479 2228; x_wconf 87' lang='lat' dir='ltr'><strong>Jerusalem</strong></span> <span class='ocrx_word' id='word_1_453' title='bbox 3514 2175 3583 2230; x_wconf 84' lang='lat' dir='ltr'><strong>de</strong></span> 
     </span>
    </p>
   </div>
   <div class='ocr_carea' id='block_1_68' title="bbox 1992 2263 3581 2336">
    <p class='ocr_par' dir='ltr' id='par_1_68' title="bbox 1992 2263 3581 2336">
     <span class='ocr_line' id='line_1_68' title="bbox 1992 2263 3581 2336; baseline 0.003 -19"><span class='ocrx_word' id='word_1_454' title='bbox 1992 2264 2173 2319; x_wconf 83' lang='lat' dir='ltr'><strong>radice</strong></span> <span class='ocrx_word' id='word_1_455' title='bbox 2205 2266 2401 2321; x_wconf 90' lang='lat' dir='ltr'><strong>montis</strong></span> <span class='ocrx_word' id='word_1_456' title='bbox 2428 2266 2556 2322; x_wconf 92' lang='lat' dir='ltr'><strong>Sion</strong></span> <span class='ocrx_word' id='word_1_457' title='bbox 2588 2265 2846 2330; x_wconf 89' lang='lat' dir='ltr'><strong>bulliens,</strong></span> <span class='ocrx_word' id='word_1_458' title='bbox 2878 2263 2970 2334; x_wconf 91' lang='lat' dir='ltr'><strong>qui</strong></span> <span class='ocrx_word' id='word_1_459' title='bbox 3004 2279 3109 2320; x_wconf 91' lang='lat' dir='ltr'><strong>non</strong></span> <span class='ocrx_word' id='word_1_460' title='bbox 3142 2280 3375 2336; x_wconf 88' lang='lat' dir='ltr'><strong>semper,</strong></span> <span class='ocrx_word' id='word_1_461' title='bbox 3407 2267 3500 2321; x_wconf 87' lang='lat' dir='ltr'><strong>sed</strong></span> <span class='ocrx_word' id='word_1_462' title='bbox 3528 2269 3581 2321; x_wconf 92' lang='lat' dir='ltr'><strong>in</strong></span> 
     </span>
    </p>
   </div>
   <div class='ocr_carea' id='block_1_69' title="bbox 1993 2356 3578 2428">
    <p class='ocr_par' dir='ltr' id='par_1_69' title="bbox 1993 2356 3578 2428">
     <span class='ocr_line' id='line_1_69' title="bbox 1993 2356 3578 2428; baseline 0.001 -17"><span class='ocrx_word' id='word_1_463' title='bbox 1993 2357 2154 2411; x_wconf 87' lang='lat' dir='ltr'><strong>certis</strong></span> <span class='ocrx_word' id='word_1_464' title='bbox 2196 2356 2344 2411; x_wconf 90' lang='lat' dir='ltr'><strong>horis</strong></span> <span class='ocrx_word' id='word_1_465' title='bbox 2380 2356 2678 2425; x_wconf 88' lang='lat' dir='ltr'><strong>diebusque</strong></span> <span class='ocrx_word' id='word_1_466' title='bbox 2729 2364 2945 2411; x_wconf 87' lang='lat' dir='ltr'><strong>emanat</strong></span> <span class='ocrx_word' id='word_1_467' title='bbox 2993 2371 3087 2426; x_wconf 93' lang='lat' dir='ltr'><strong>per</strong></span> <span class='ocrx_word' id='word_1_468' title='bbox 3138 2366 3291 2412; x_wconf 90' lang='lat' dir='ltr'><strong>antra</strong></span> <span class='ocrx_word' id='word_1_469' title='bbox 3336 2372 3578 2428; x_wconf 82' lang='lat' dir='ltr'><strong>saxaque</strong></span> 
     </span>
    </p>
   </div>
   <div class='ocr_carea' id='block_1_70' title="bbox 1992 2447 3585 2520">
    <p class='ocr_par' dir='ltr' id='par_1_70' title="bbox 1992 2447 3585 2520">
     <span class='ocr_line' id='line_1_70' title="bbox 1992 2447 3585 2520; baseline 0.001 -16"><span class='ocrx_word' id='word_1_470' title='bbox 1992 2448 2310 2505; x_wconf 89' lang='lat' dir='ltr'><strong>decurrens.</strong></span> <span class='ocrx_word' id='word_1_471' title='bbox 2336 2449 2613 2515; x_wconf 89' lang='lat' dir='ltr'><strong>Jordanis,</strong></span> <span class='ocrx_word' id='word_1_472' title='bbox 2638 2447 2759 2504; x_wconf 87' lang='lat' dir='ltr'><strong>ideo</strong></span> <span class='ocrx_word' id='word_1_473' title='bbox 2783 2449 2957 2504; x_wconf 90' lang='lat' dir='ltr'><strong>dictus</strong></span> <span class='ocrx_word' id='word_1_474' title='bbox 2988 2460 3092 2515; x_wconf 87' lang='lat' dir='ltr'><strong>est,</strong></span> <span class='ocrx_word' id='word_1_475' title='bbox 3114 2450 3255 2520; x_wconf 77' lang='lat' dir='ltr'><strong>quod</strong></span> <span class='ocrx_word' id='word_1_476' title='bbox 3280 2450 3387 2506; x_wconf 88' lang='lat' dir='ltr'><strong>duo</strong></span> <span class='ocrx_word' id='word_1_477' title='bbox 3406 2454 3585 2506; x_wconf 88' lang='lat' dir='ltr'><strong>l&#39;outcs</strong></span> 
     </span>
    </p>
   </div>
   <div class='ocr_carea' id='block_1_71' title="bbox 1993 2538 3582 2611">
    <p class='ocr_par' dir='ltr' id='par_1_71' title="bbox 1993 2538 3582 2611">
     <span class='ocr_line' id='line_1_71' title="bbox 1993 2538 3582 2611; baseline 0.001 -18"><span class='ocrx_word' id='word_1_478' title='bbox 1993 2538 2045 2593; x_wconf 89' lang='lat' dir='ltr'><strong>in</strong></span> <span class='ocrx_word' id='word_1_479' title='bbox 2094 2556 2257 2594; x_wconf 86' lang='lat' dir='ltr'><strong>unum</strong></span> <span class='ocrx_word' id='word_1_480' title='bbox 2301 2540 2596 2606; x_wconf 88' lang='lat' dir='ltr'><strong>conﬂuant,</strong></span> <span class='ocrx_word' id='word_1_481' title='bbox 2629 2555 2859 2611; x_wconf 91' lang='lat' dir='ltr'><strong>quorum</strong></span> <span class='ocrx_word' id='word_1_482' title='bbox 2893 2541 3032 2595; x_wconf 72' lang='lat' dir='ltr'><strong>alter</strong></span> <span class='ocrx_word' id='word_1_483' title='bbox 3062 2542 3260 2597; x_wconf 80' lang='lat' dir='ltr'><strong>dicitur</strong></span> <span class='ocrx_word' id='word_1_484' title='bbox 3286 2542 3399 2607; x_wconf 89' lang='lat' dir='ltr'><strong>Jor,</strong></span> <span class='ocrx_word' id='word_1_485' title='bbox 3446 2543 3582 2596; x_wconf 81' lang='lat' dir='ltr'><strong>alter</strong></span> 
     </span>
    </p>
   </div>
   <div class='ocr_carea' id='block_1_72' title="bbox 1996 2630 3585 2700">
    <p class='ocr_par' dir='ltr' id='par_1_72' title="bbox 1996 2630 3585 2700">
     <span class='ocr_line' id='line_1_72' title="bbox 1996 2630 3585 2700; baseline 0.004 -18"><span class='ocrx_word' id='word_1_486' title='bbox 1996 2630 2107 2683; x_wconf 85' lang='lat' dir='ltr'><strong>Dan</strong></span> <span class='ocrx_word' id='word_1_487' title='bbox 2145 2630 2464 2700; x_wconf 84' lang='lat' dir='ltr'><strong>appellatur.</strong></span> <span class='ocrx_word' id='word_1_488' title='bbox 2497 2630 2643 2686; x_wconf 85' lang='lat' dir='ltr'><strong>Mare</strong></span> <span class='ocrx_word' id='word_1_489' title='bbox 2672 2631 2917 2700; x_wconf 70' lang='lat' dir='ltr'><strong>Galilcaz,</strong></span> <span class='ocrx_word' id='word_1_490' title='bbox 2955 2632 3098 2688; x_wconf 87' lang='lat' dir='ltr'><strong>idem</strong></span> <span class='ocrx_word' id='word_1_491' title='bbox 3147 2641 3201 2688; x_wconf 89' lang='lat' dir='ltr'><strong>ct</strong></span> <span class='ocrx_word' id='word_1_492' title='bbox 3242 2648 3395 2689; x_wconf 88' lang='lat' dir='ltr'><strong>mare</strong></span> <span class='ocrx_word' id='word_1_493' title='bbox 3424 2634 3585 2689; x_wconf 80' lang='lat' dir='ltr'><strong>Tibe-</strong></span> 
     </span>
    </p>
   </div>
   <div class='ocr_carea' id='block_1_73' title="bbox 1994 2721 3587 2794">
    <p class='ocr_par' dir='ltr' id='par_1_73' title="bbox 1994 2721 3587 2794">
     <span class='ocr_line' id='line_1_73' title="bbox 1994 2721 3587 2794; baseline 0.006 -19"><span class='ocrx_word' id='word_1_494' title='bbox 1994 2721 2180 2791; x_wconf 77' lang='lat' dir='ltr'><strong>riadis,</strong></span> <span class='ocrx_word' id='word_1_495' title='bbox 2217 2722 2357 2776; x_wconf 88' lang='lat' dir='ltr'><strong>idem</strong></span> <span class='ocrx_word' id='word_1_496' title='bbox 2389 2731 2443 2777; x_wconf 92' lang='lat' dir='ltr'><strong>et</strong></span> <span class='ocrx_word' id='word_1_497' title='bbox 2468 2732 2712 2793; x_wconf 82' lang='lat' dir='ltr'><strong>stagnum</strong></span> <span class='ocrx_word' id='word_1_498' title='bbox 2742 2724 3004 2794; x_wconf 87' lang='lat' dir='ltr'><strong>Genesar,</strong></span> <span class='ocrx_word' id='word_1_499' title='bbox 3042 2724 3181 2781; x_wconf 88' lang='lat' dir='ltr'><strong>idem</strong></span> <span class='ocrx_word' id='word_1_500' title='bbox 3217 2736 3270 2781; x_wconf 90' lang='lat' dir='ltr'><strong>et</strong></span> <span class='ocrx_word' id='word_1_501' title='bbox 3300 2727 3449 2783; x_wconf 85' lang='lat' dir='ltr'><strong>lacus</strong></span> <span class='ocrx_word' id='word_1_502' title='bbox 3479 2729 3587 2783; x_wconf 76' lang='lat' dir='ltr'><strong>Ge-</strong></span> 
     </span>
    </p>
   </div>
   <div class='ocr_carea' id='block_1_74' title="bbox 1995 2813 3587 2882">
    <p class='ocr_par' dir='ltr' id='par_1_74' title="bbox 1995 2813 3587 2882">
     <span class='ocr_line' id='line_1_74' title="bbox 1995 2813 3587 2882; baseline 0.004 -15"><span class='ocrx_word' id='word_1_503' title='bbox 1995 2813 2268 2867; x_wconf 83' lang='lat' dir='ltr'><strong>nesareth.</strong></span> <span class='ocrx_word' id='word_1_504' title='bbox 2314 2813 2457 2868; x_wconf 77' lang='lat' dir='ltr'><strong>Marc</strong></span> <span class='ocrx_word' id='word_1_505' title='bbox 2505 2815 2855 2882; x_wconf 88' lang='lat' dir='ltr'><strong>Salinarium,</strong></span> <span class='ocrx_word' id='word_1_506' title='bbox 2914 2816 3016 2871; x_wconf 93' lang='lat' dir='ltr'><strong>hoc</strong></span> <span class='ocrx_word' id='word_1_507' title='bbox 3072 2825 3293 2873; x_wconf 74' lang='lat' dir='ltr'><strong>vocatur</strong></span> <span class='ocrx_word' id='word_1_508' title='bbox 3330 2828 3384 2874; x_wconf 92' lang='lat' dir='ltr'><strong>et</strong></span> <span class='ocrx_word' id='word_1_509' title='bbox 3435 2836 3587 2874; x_wconf 80' lang='lat' dir='ltr'><strong>mare</strong></span> 
     </span>
    </p>
   </div>
   <div class='ocr_carea' id='block_1_75' title="bbox 1994 2905 3584 2976">
    <p class='ocr_par' dir='ltr' id='par_1_75' title="bbox 1994 2905 3584 2976">
     <span class='ocr_line' id='line_1_75' title="bbox 1994 2905 3584 2976; baseline 0.004 -17"><span class='ocrx_word' id='word_1_510' title='bbox 1994 2905 2291 2970; x_wconf 81' lang='lat' dir='ltr'><strong>Mortuum,</strong></span> <span class='ocrx_word' id='word_1_511' title='bbox 2336 2905 2419 2960; x_wconf 90' lang='lat' dir='ltr'><strong>vel</strong></span> <span class='ocrx_word' id='word_1_512' title='bbox 2449 2906 2721 2976; x_wconf 83' lang='lat' dir='ltr'><strong>Asphalti,</strong></span> <span class='ocrx_word' id='word_1_513' title='bbox 2756 2907 2807 2960; x_wconf 85' lang='lat' dir='ltr'><strong>id</strong></span> <span class='ocrx_word' id='word_1_514' title='bbox 2842 2916 2944 2973; x_wconf 88' lang='lat' dir='ltr'><strong>cst,</strong></span> <span class='ocrx_word' id='word_1_515' title='bbox 2977 2908 3273 2975; x_wconf 75' lang='lat' dir='ltr'><strong>bituminis,</strong></span> <span class='ocrx_word' id='word_1_516' title='bbox 3305 2925 3334 2964; x_wconf 92' lang='lat' dir='ltr'><strong>a</strong></span> <span class='ocrx_word' id='word_1_517' title='bbox 3366 2910 3584 2966; x_wconf 74' lang='lat' dir='ltr'><strong>Iericho</strong></span> 
     </span>
    </p>
   </div>
   <div class='ocr_carea' id='block_1_76' title="bbox 1996 2994 3577 3069">
    <p class='ocr_par' dir='ltr' id='par_1_76' title="bbox 1996 2994 3577 3069">
     <span class='ocr_line' id='line_1_76' title="bbox 1996 2994 3577 3069; baseline 0.004 -21"><span class='ocrx_word' id='word_1_518' title='bbox 1996 2994 2134 3049; x_wconf 82' lang='lat' dir='ltr'><strong>haud</strong></span> <span class='ocrx_word' id='word_1_519' title='bbox 2166 2997 2321 3065; x_wconf 80' lang='lat' dir='ltr'><strong>Iunge</strong></span> <span class='ocrx_word' id='word_1_520' title='bbox 2363 3000 2533 3052; x_wconf 85' lang='lat' dir='ltr'><strong>abest.</strong></span> <span class='ocrx_word' id='word_1_521' title='bbox 2572 2998 2876 3064; x_wconf 83' lang='lat' dir='ltr'><strong>Bctltsaida,</strong></span> <span class='ocrx_word' id='word_1_522' title='bbox 2914 3000 3118 3069; x_wconf 83' lang='lat' dir='ltr'><strong>piscina</strong></span> <span class='ocrx_word' id='word_1_523' title='bbox 3161 3000 3214 3054; x_wconf 90' lang='lat' dir='ltr'><strong>in</strong></span> <span class='ocrx_word' id='word_1_524' title='bbox 3251 2999 3577 3064; x_wconf 77' lang='lat' dir='ltr'><strong>Jerusalem,</strong></span> 
     </span>
    </p>
   </div>
   <div class='ocr_carea' id='block_1_77' title="bbox 1996 3084 3580 3159">
    <p class='ocr_par' dir='ltr' id='par_1_77' title="bbox 1996 3084 3580 3159">
     <span class='ocr_line' id='line_1_77' title="bbox 1996 3084 3580 3159; baseline 0.004 -20"><span class='ocrx_word' id='word_1_525' title='bbox 1996 3085 2049 3139; x_wconf 92' lang='lat' dir='ltr'><strong>in</strong></span> <span class='ocrx_word' id='word_1_526' title='bbox 2082 3101 2241 3156; x_wconf 89' lang='lat' dir='ltr'><strong>quam</strong></span> <span class='ocrx_word' id='word_1_527' title='bbox 2286 3095 2341 3141; x_wconf 91' lang='lat' dir='ltr'><strong>et</strong></span> <span class='ocrx_word' id='word_1_528' title='bbox 2389 3084 2520 3159; x_wconf 70' lang='lat' dir='ltr'><strong>a&#39;gri</strong></span> <span class='ocrx_word' id='word_1_529' title='bbox 2557 3088 2978 3145; x_wconf 75' lang='lat' dir='ltr'><strong>deferebantur:</strong></span> <span class='ocrx_word' id='word_1_530' title='bbox 3012 3089 3135 3147; x_wconf 91' lang='lat' dir='ltr'><strong>ideo</strong></span> <span class='ocrx_word' id='word_1_531' title='bbox 3181 3100 3233 3146; x_wconf 89' lang='lat' dir='ltr'><strong>et.</strong></span> <span class='ocrx_word' id='word_1_532' title='bbox 3276 3090 3580 3157; x_wconf 86' lang='lat' dir='ltr'><strong>Probatica,</strong></span> 
     </span>
    </p>
   </div>
   <div class='ocr_carea' id='block_1_78' title="bbox 1994 3180 3591 3254">
    <p class='ocr_par' dir='ltr' id='par_1_78' title="bbox 1994 3180 3591 3254">
     <span class='ocr_line' id='line_1_78' title="bbox 1994 3180 3591 3254; baseline 0.004 -20"><span class='ocrx_word' id='word_1_533' title='bbox 1994 3180 2045 3234; x_wconf 90' lang='lat' dir='ltr'><strong>id</strong></span> <span class='ocrx_word' id='word_1_534' title='bbox 2100 3191 2214 3246; x_wconf 92' lang='lat' dir='ltr'><strong>est,</strong></span> <span class='ocrx_word' id='word_1_535' title='bbox 2270 3182 2503 3250; x_wconf 81' lang='lat' dir='ltr'><strong>pecualis</strong></span> <span class='ocrx_word' id='word_1_536' title='bbox 2562 3182 2884 3252; x_wconf 74' lang='lat' dir='ltr'><strong>appellatur,</strong></span> <span class='ocrx_word' id='word_1_537' title='bbox 2938 3183 3081 3254; x_wconf 85' lang='lat' dir='ltr'><strong>quod</strong></span> <span class='ocrx_word' id='word_1_538' title='bbox 3156 3184 3361 3239; x_wconf 85' lang='lat' dir='ltr'><strong>hostias</strong></span> <span class='ocrx_word' id='word_1_539' title='bbox 3417 3188 3469 3239; x_wconf 89' lang='lat' dir='ltr'><strong>in</strong></span> <span class='ocrx_word' id='word_1_540' title='bbox 3521 3201 3591 3241; x_wconf 85' lang='lat' dir='ltr'><strong>ea</strong></span> 
     </span>
    </p>
   </div>
   <div class='ocr_carea' id='block_1_79' title="bbox 1992 3271 2904 3341">
    <p class='ocr_par' dir='ltr' id='par_1_79' title="bbox 1992 3271 2904 3341">
     <span class='ocr_line' id='line_1_79' title="bbox 1992 3271 2904 3341; baseline 0.005 -16"><span class='ocrx_word' id='word_1_541' title='bbox 1992 3271 2262 3341; x_wconf 70' lang='lat' dir='ltr'><strong>quondam</strong></span> <span class='ocrx_word' id='word_1_542' title='bbox 2291 3271 2602 3327; x_wconf 81' lang='lat' dir='ltr'><strong>sacerdotes</strong></span> <span class='ocrx_word' id='word_1_543' title='bbox 2633 3273 2904 3330; x_wconf 66' lang='lat' dir='ltr'><strong>lambant.</strong></span> 
     </span>
    </p>
   </div>
   <div class='ocr_carea' id='block_1_80' title="bbox 2595 3405 2979 3464">
    <p class='ocr_par' dir='ltr' id='par_1_80' title="bbox 2595 3405 2979 3464">
     <span class='ocr_line' id='line_1_80' title="bbox 2595 3405 2979 3464; baseline -0.003 -2"><span class='ocrx_word' id='word_1_544' title='bbox 2595 3405 2823 3464; x_wconf 83' lang='lat' dir='ltr'><strong>CAPUT</strong></span> <span class='ocrx_word' id='word_1_545' title='bbox 2865 3408 2979 3463; x_wconf 80' lang='lat' dir='ltr'><strong>VII.</strong></span> 
     </span>
    </p>
   </div>
   <div class='ocr_carea' id='block_1_81' title="bbox 2588 3518 2971 3574">
    <p class='ocr_par' dir='ltr' id='par_1_81' title="bbox 2588 3518 2971 3574">
     <span class='ocr_line' id='line_1_81' title="bbox 2588 3518 2971 3574; baseline 0.005 -2"><span class='ocrx_word' id='word_1_546' title='bbox 2588 3518 2669 3572; x_wconf 88' lang='lat' dir='ltr'><strong>De</strong></span> <span class='ocrx_word' id='word_1_547' title='bbox 2698 3519 2971 3574; x_wconf 77' lang='lat' dir='ltr'><strong>mensibus.</strong></span> 
     </span>
    </p>
   </div>
   <div class='ocr_carea' id='block_1_82' title="bbox 2070 3631 3583 3702">
    <p class='ocr_par' dir='ltr' id='par_1_82' title="bbox 2070 3631 3583 3702">
     <span class='ocr_line' id='line_1_82' title="bbox 2070 3631 3583 3702; baseline 0.003 -16"><span class='ocrx_word' id='word_1_548' title='bbox 2070 3632 2257 3698; x_wconf 85' lang='lat' dir='ltr'><strong>Nisan,</strong></span> <span class='ocrx_word' id='word_1_549' title='bbox 2290 3634 2340 3686; x_wconf 91' lang='lat' dir='ltr'><strong>in</strong></span> <span class='ocrx_word' id='word_1_550' title='bbox 2386 3632 2523 3686; x_wconf 88' lang='lat' dir='ltr'><strong>libro</strong></span> <span class='ocrx_word' id='word_1_551' title='bbox 2555 3631 2758 3698; x_wconf 69' lang='lat' dir='ltr'><strong>Esdraa,</strong></span> <span class='ocrx_word' id='word_1_552' title='bbox 2791 3634 2991 3688; x_wconf 89' lang='lat' dir='ltr'><strong>mensis</strong></span> <span class='ocrx_word' id='word_1_553' title='bbox 3032 3633 3400 3702; x_wconf 76' lang='lat' dir='ltr'><strong>qucmdicunt</strong></span> <span class='ocrx_word' id='word_1_554' title='bbox 3440 3633 3583 3691; x_wconf 81' lang='lat' dir='ltr'><strong>Illar-</strong></span> 
     </span>
    </p>
   </div>
   <div class='ocr_carea' id='block_1_83' title="bbox 1996 3725 3578 3797">
    <p class='ocr_par' dir='ltr' id='par_1_83' title="bbox 1996 3725 3578 3797">
     <span class='ocr_line' id='line_1_83' title="bbox 1996 3725 3578 3797; baseline 0.001 -17"><span class='ocrx_word' id='word_1_555' title='bbox 1996 3728 2147 3792; x_wconf 88' lang='lat' dir='ltr'><strong>tium,</strong></span> <span class='ocrx_word' id='word_1_556' title='bbox 2175 3728 2373 3795; x_wconf 87' lang='lat' dir='ltr'><strong>quique</strong></span> <span class='ocrx_word' id='word_1_557' title='bbox 2400 3726 2451 3780; x_wconf 91' lang='lat' dir='ltr'><strong>in</strong></span> <span class='ocrx_word' id='word_1_558' title='bbox 2484 3725 2775 3792; x_wconf 88' lang='lat' dir='ltr'><strong>Scripturis</strong></span> <span class='ocrx_word' id='word_1_559' title='bbox 2802 3727 3104 3795; x_wconf 77' lang='lat' dir='ltr'><strong>appellatur</strong></span> <span class='ocrx_word' id='word_1_560' title='bbox 3127 3727 3328 3782; x_wconf 90' lang='lat' dir='ltr'><strong>mensis</strong></span> <span class='ocrx_word' id='word_1_561' title='bbox 3353 3729 3578 3797; x_wconf 84' lang='lat' dir='ltr'><strong>primus.</strong></span> 
     </span>
    </p>
   </div>
   <div class='ocr_carea' id='block_1_84' title="bbox 1998 3816 3583 3891">
    <p class='ocr_par' dir='ltr' id='par_1_84' title="bbox 1998 3816 3583 3891">
     <span class='ocr_line' id='line_1_84' title="bbox 1998 3816 3583 3891; baseline 0.003 -20"><span class='ocrx_word' id='word_1_562' title='bbox 1998 3817 2138 3881; x_wconf 85' lang='lat' dir='ltr'><strong>Elul,</strong></span> <span class='ocrx_word' id='word_1_563' title='bbox 2180 3819 2233 3871; x_wconf 93' lang='lat' dir='ltr'><strong>in</strong></span> <span class='ocrx_word' id='word_1_564' title='bbox 2277 3816 2707 3872; x_wconf 68' lang='lat' dir='ltr'><strong>Machahmorum</strong></span> <span class='ocrx_word' id='word_1_565' title='bbox 2756 3818 2917 3881; x_wconf 84' lang='lat' dir='ltr'><strong>libro,</strong></span> <span class='ocrx_word' id='word_1_566' title='bbox 2968 3821 3265 3887; x_wconf 82' lang='lat' dir='ltr'><strong>Augustus,</strong></span> <span class='ocrx_word' id='word_1_567' title='bbox 3308 3821 3401 3891; x_wconf 88' lang='lat' dir='ltr'><strong>qui</strong></span> <span class='ocrx_word' id='word_1_568' title='bbox 3444 3822 3583 3891; x_wconf 84' lang='lat' dir='ltr'><strong>apud</strong></span> 
     </span>
    </p>
   </div>
   <div class='ocr_carea' id='block_1_85' title="bbox 1996 3908 3586 3984">
    <p class='ocr_par' dir='ltr' id='par_1_85' title="bbox 1996 3908 3586 3984">
     <span class='ocr_line' id='line_1_85' title="bbox 1996 3908 3586 3984; baseline 0.004 -22"><span class='ocrx_word' id='word_1_569' title='bbox 1996 3924 2093 3963; x_wconf 82' lang='lat' dir='ltr'><strong>nos</strong></span> <span class='ocrx_word' id='word_1_570' title='bbox 2126 3908 2327 3963; x_wconf 79' lang='lat' dir='ltr'><strong>mensis</strong></span> <span class='ocrx_word' id='word_1_571' title='bbox 2348 3918 2531 3963; x_wconf 84' lang='lat' dir='ltr'><strong>sextus</strong></span> <span class='ocrx_word' id='word_1_572' title='bbox 2558 3918 2801 3963; x_wconf 88' lang='lat' dir='ltr'><strong>vocatur.</strong></span> <span class='ocrx_word' id='word_1_573' title='bbox 2829 3910 3041 3975; x_wconf 85' lang='lat' dir='ltr'><strong>Caslcu,</strong></span> <span class='ocrx_word' id='word_1_574' title='bbox 3075 3911 3125 3964; x_wconf 94' lang='lat' dir='ltr'><strong>in</strong></span> <span class='ocrx_word' id='word_1_575' title='bbox 3164 3911 3426 3968; x_wconf 86' lang='lat' dir='ltr'><strong>Zacharia</strong></span> <span class='ocrx_word' id='word_1_576' title='bbox 3456 3929 3586 3984; x_wconf 81' lang='lat' dir='ltr'><strong>pro-</strong></span> 
     </span>
    </p>
   </div>
   <div class='ocr_carea' id='block_1_86' title="bbox 1996 4001 3582 4073">
    <p class='ocr_par' dir='ltr' id='par_1_86' title="bbox 1996 4001 3582 4073">
     <span class='ocr_line' id='line_1_86' title="bbox 1996 4001 3582 4073; baseline 0.001 -19"><span class='ocrx_word' id='word_1_577' title='bbox 1996 4001 2177 4070; x_wconf 91' lang='lat' dir='ltr'><strong>pheta,</strong></span> <span class='ocrx_word' id='word_1_578' title='bbox 2227 4001 2547 4069; x_wconf 88' lang='lat' dir='ltr'><strong>November,</strong></span> <span class='ocrx_word' id='word_1_579' title='bbox 2598 4003 2801 4073; x_wconf 89' lang='lat' dir='ltr'><strong>quiest</strong></span> <span class='ocrx_word' id='word_1_580' title='bbox 2842 4018 3039 4059; x_wconf 84' lang='lat' dir='ltr'><strong>nonus.</strong></span> <span class='ocrx_word' id='word_1_581' title='bbox 3086 4003 3313 4070; x_wconf 89' lang='lat' dir='ltr'><strong>cheth,</strong></span> <span class='ocrx_word' id='word_1_582' title='bbox 3352 4005 3405 4059; x_wconf 93' lang='lat' dir='ltr'><strong>in</strong></span> <span class='ocrx_word' id='word_1_583' title='bbox 3445 4006 3582 4059; x_wconf 81' lang='lat' dir='ltr'><strong>Iihro</strong></span> 
     </span>
    </p>
   </div>
   <div class='ocr_carea' id='block_1_87' title="bbox 1995 4092 3580 4164">
    <p class='ocr_par' dir='ltr' id='par_1_87' title="bbox 1995 4092 3580 4164">
     <span class='ocr_line' id='line_1_87' title="bbox 1995 4092 3580 4164; baseline 0.001 -18"><span class='ocrx_word' id='word_1_584' title='bbox 1995 4092 2210 4160; x_wconf 82' lang='lat' dir='ltr'><strong>ilester,</strong></span> <span class='ocrx_word' id='word_1_585' title='bbox 2246 4092 2561 4159; x_wconf 79' lang='lat' dir='ltr'><strong>December,</strong></span> <span class='ocrx_word' id='word_1_586' title='bbox 2594 4095 2685 4164; x_wconf 91' lang='lat' dir='ltr'><strong>qui</strong></span> <span class='ocrx_word' id='word_1_587' title='bbox 2726 4103 2810 4150; x_wconf 88' lang='lat' dir='ltr'><strong>est</strong></span> <span class='ocrx_word' id='word_1_588' title='bbox 2838 4094 3099 4150; x_wconf 89' lang='lat' dir='ltr'><strong>decimus.</strong></span> <span class='ocrx_word' id='word_1_589' title='bbox 3135 4094 3361 4163; x_wconf 89' lang='lat' dir='ltr'><strong>Sabath,</strong></span> <span class='ocrx_word' id='word_1_590' title='bbox 3394 4097 3446 4150; x_wconf 91' lang='lat' dir='ltr'><strong>in</strong></span> <span class='ocrx_word' id='word_1_591' title='bbox 3479 4095 3580 4152; x_wconf 83' lang='lat' dir='ltr'><strong>Za-</strong></span> 
     </span>
    </p>
   </div>
   <div class='ocr_carea' id='block_1_88' title="bbox 1994 4185 3581 4257">
    <p class='ocr_par' dir='ltr' id='par_1_88' title="bbox 1994 4185 3581 4257">
     <span class='ocr_line' id='line_1_88' title="bbox 1994 4185 3581 4257; baseline 0.004 -20"><span class='ocrx_word' id='word_1_592' title='bbox 1994 4185 2174 4239; x_wconf 86' lang='lat' dir='ltr'><strong>charia</strong></span> <span class='ocrx_word' id='word_1_593' title='bbox 2208 4186 2467 4254; x_wconf 80' lang='lat' dir='ltr'><strong>prOpheta</strong></span> <span class='ocrx_word' id='word_1_594' title='bbox 2497 4185 2809 4252; x_wconf 90' lang='lat' dir='ltr'><strong>Januarius,</strong></span> <span class='ocrx_word' id='word_1_595' title='bbox 2832 4189 2921 4257; x_wconf 91' lang='lat' dir='ltr'><strong>qui</strong></span> <span class='ocrx_word' id='word_1_596' title='bbox 2952 4188 3091 4257; x_wconf 88' lang='lat' dir='ltr'><strong>apud</strong></span> <span class='ocrx_word' id='word_1_597' title='bbox 3125 4203 3223 4243; x_wconf 93' lang='lat' dir='ltr'><strong>nos</strong></span> <span class='ocrx_word' id='word_1_598' title='bbox 3246 4186 3581 4244; x_wconf 84' lang='lat' dir='ltr'><strong>undecimus.</strong></span> 
     </span>
    </p>
   </div>
   <div class='ocr_carea' id='block_1_89' title="bbox 1995 4276 3584 4348">
    <p class='ocr_par' dir='ltr' id='par_1_89' title="bbox 1995 4276 3584 4348">
     <span class='ocr_line' id='line_1_89' title="bbox 1995 4276 3584 4348; baseline 0.003 -19"><span class='ocrx_word' id='word_1_599' title='bbox 1995 4276 2158 4343; x_wconf 88' lang='lat' dir='ltr'><strong>Adar,</strong></span> <span class='ocrx_word' id='word_1_600' title='bbox 2190 4276 2241 4330; x_wconf 92' lang='lat' dir='ltr'><strong>in</strong></span> <span class='ocrx_word' id='word_1_601' title='bbox 2267 4276 2402 4331; x_wconf 86' lang='lat' dir='ltr'><strong>libro</strong></span> <span class='ocrx_word' id='word_1_602' title='bbox 2427 4277 2631 4343; x_wconf 71' lang='lat' dir='ltr'><strong>Esdrm,</strong></span> <span class='ocrx_word' id='word_1_603' title='bbox 2661 4277 3009 4345; x_wconf 85' lang='lat' dir='ltr'><strong>Februarius,</strong></span> <span class='ocrx_word' id='word_1_604' title='bbox 3034 4279 3124 4347; x_wconf 91' lang='lat' dir='ltr'><strong>qui</strong></span> <span class='ocrx_word' id='word_1_605' title='bbox 3150 4279 3287 4348; x_wconf 91' lang='lat' dir='ltr'><strong>apud</strong></span> <span class='ocrx_word' id='word_1_606' title='bbox 3322 4295 3420 4334; x_wconf 91' lang='lat' dir='ltr'><strong>nos</strong></span> <span class='ocrx_word' id='word_1_607' title='bbox 3450 4281 3584 4333; x_wconf 89' lang='lat' dir='ltr'><strong>duo-</strong></span> 
     </span>
    </p>
   </div>
   <div class='ocr_carea' id='block_1_90' title="bbox 1994 4368 3581 4441">
    <p class='ocr_par' dir='ltr' id='par_1_90' title="bbox 1994 4368 3581 4441">
     <span class='ocr_line' id='line_1_90' title="bbox 1994 4368 3581 4441; baseline 0.003 -19"><span class='ocrx_word' id='word_1_608' title='bbox 1994 4368 2257 4423; x_wconf 87' lang='lat' dir='ltr'><strong>decimus.</strong></span> <span class='ocrx_word' id='word_1_609' title='bbox 2304 4370 2458 4436; x_wconf 87' lang='lat' dir='ltr'><strong>Quod</strong></span> <span class='ocrx_word' id='word_1_610' title='bbox 2502 4372 2545 4425; x_wconf 91' lang='lat' dir='ltr'><strong>si</strong></span> <span class='ocrx_word' id='word_1_611' title='bbox 2588 4371 2751 4427; x_wconf 90' lang='lat' dir='ltr'><strong>etiam</strong></span> <span class='ocrx_word' id='word_1_612' title='bbox 2802 4371 3004 4441; x_wconf 88' lang='lat' dir='ltr'><strong>reliqua</strong></span> <span class='ocrx_word' id='word_1_613' title='bbox 3042 4372 3270 4426; x_wconf 81' lang='lat' dir='ltr'><strong>Hebraea</strong></span> <span class='ocrx_word' id='word_1_614' title='bbox 3315 4374 3581 4428; x_wconf 83' lang='lat' dir='ltr'><strong>mensium</strong></span> 
     </span>
    </p>
   </div>
   <div class='ocr_carea' id='block_1_91' title="bbox 1991 4462 3580 4532">
    <p class='ocr_par' dir='ltr' id='par_1_91' title="bbox 1991 4462 3580 4532">
     <span class='ocr_line' id='line_1_91' title="bbox 1991 4462 3580 4532; baseline 0.004 -20"><span class='ocrx_word' id='word_1_615' title='bbox 1991 4462 2271 4526; x_wconf 89' lang='lat' dir='ltr'><strong>vocabula,</strong></span> <span class='ocrx_word' id='word_1_616' title='bbox 2314 4477 2436 4532; x_wconf 78' lang='lat' dir='ltr'><strong>quae</strong></span> <span class='ocrx_word' id='word_1_617' title='bbox 2485 4462 2535 4516; x_wconf 90' lang='lat' dir='ltr'><strong>in</strong></span> <span class='ocrx_word' id='word_1_618' title='bbox 2581 4477 2789 4517; x_wconf 90' lang='lat' dir='ltr'><strong>canone</strong></span> <span class='ocrx_word' id='word_1_619' title='bbox 2822 4479 2926 4517; x_wconf 91' lang='lat' dir='ltr'><strong>non</strong></span> <span class='ocrx_word' id='word_1_620' title='bbox 2960 4463 3158 4532; x_wconf 88' lang='lat' dir='ltr'><strong>reperi,</strong></span> <span class='ocrx_word' id='word_1_621' title='bbox 3198 4464 3340 4519; x_wconf 89' lang='lat' dir='ltr'><strong>scire</strong></span> <span class='ocrx_word' id='word_1_622' title='bbox 3381 4466 3527 4519; x_wconf 79' lang='lat' dir='ltr'><strong>voles</strong></span> <span class='ocrx_word' id='word_1_623' title='bbox 3567 4482 3580 4519; x_wconf 92' lang='lat'><strong>:</strong></span> 
     </span>
    </p>
   </div>
   <div class='ocr_carea' id='block_1_92' title="bbox 297 4528 3581 4633">
    <p class='ocr_par' dir='ltr' id='par_1_92' title="bbox 297 4528 3581 4633">
     <span class='ocr_line' id='line_1_92' title="bbox 297 4528 3581 4633; baseline 0 -10"><span class='ocrx_word' id='word_1_624' title='bbox 297 4583 441 4623; x_wconf 86' lang='lat' dir='ltr'><strong>rum.</strong></span> <span class='ocrx_word' id='word_1_625' title='bbox 476 4566 675 4633; x_wconf 85' lang='lat' dir='ltr'><strong>Achar,</strong></span> <span class='ocrx_word' id='word_1_626' title='bbox 722 4582 865 4622; x_wconf 92' lang='lat' dir='ltr'><strong>nunc</strong></span> <span class='ocrx_word' id='word_1_627' title='bbox 903 4566 1104 4621; x_wconf 88' lang='lat' dir='ltr'><strong>Nisibis</strong></span> <span class='ocrx_word' id='word_1_628' title='bbox 1136 4575 1374 4622; x_wconf 88' lang='lat' dir='ltr'><strong>vocatur.</strong></span> <span class='ocrx_word' id='word_1_629' title='bbox 1417 4568 1703 4632; x_wconf 73' lang='lat' dir='ltr'><strong>Ileblatha,</strong></span> <span class='ocrx_word' id='word_1_630' title='bbox 1744 4585 1889 4624; x_wconf 93' lang='lat' dir='ltr'><strong>nunc</strong></span> <span class='ocrx_word' id='word_1_631' title='bbox 1921 4528 1963 4587; x_wconf 69' lang='grc' dir='ltr'>υ</span> <span class='ocrx_word' id='word_1_632' title='bbox 1992 4550 2085 4604; x_wconf 61' lang='lat'><strong>331&#39;</strong></span> <span class='ocrx_word' id='word_1_633' title='bbox 2114 4562 2338 4607; x_wconf 65' lang='grc' dir='ltr'><strong>νοοδίυτ</strong></span> <span class='ocrx_word' id='word_1_634' title='bbox 2386 4554 2587 4608; x_wconf 53' lang='lat' dir='ltr'><strong>meum</strong></span> <span class='ocrx_word' id='word_1_635' title='bbox 2631 4554 2928 4621; x_wconf 73' lang='grc' dir='ltr'><strong>δεουηάυεὶ</strong></span> <span class='ocrx_word' id='word_1_636' title='bbox 2978 4555 3141 4611; x_wconf 64' lang='lat' dir='ltr'><strong>Slva“</strong></span> <span class='ocrx_word' id='word_1_637' title='bbox 3184 4555 3412 4621; x_wconf 69' lang='grc' dir='ltr'><strong>ιθτιίιιεῖ</strong></span> <span class='ocrx_word' id='word_1_638' title='bbox 3442 4559 3581 4612; x_wconf 67' lang='grc' dir='ltr'><strong>’Πιδ-</strong></span> 
     </span>
    </p>
   </div>
   <div class='ocr_carea' id='block_1_93' title="bbox 296 4658 1884 4728">
    <p class='ocr_par' dir='ltr' id='par_1_93' title="bbox 296 4658 1884 4728">
     <span class='ocr_line' id='line_1_93' title="bbox 296 4658 1884 4728; baseline -0.002 -12"><span class='ocrx_word' id='word_1_639' title='bbox 296 4658 587 4716; x_wconf 77' lang='lat' dir='ltr'><strong>Antiochia</strong></span> <span class='ocrx_word' id='word_1_640' title='bbox 617 4660 939 4728; x_wconf 87' lang='lat' dir='ltr'><strong>appellatur.</strong></span> <span class='ocrx_word' id='word_1_641' title='bbox 983 4658 1181 4712; x_wconf 87' lang='lat' dir='ltr'><strong>Eadem</strong></span> <span class='ocrx_word' id='word_1_642' title='bbox 1219 4668 1303 4713; x_wconf 87' lang='lat' dir='ltr'><strong>est</strong></span> <span class='ocrx_word' id='word_1_643' title='bbox 1332 4659 1653 4727; x_wconf 78' lang='lat' dir='ltr'><strong>Epiphania.</strong></span> <span class='ocrx_word' id='word_1_644' title='bbox 1684 4661 1884 4727; x_wconf 90' lang='lat' dir='ltr'><strong>Sicem,</strong></span> 
     </span>
    </p>
   </div>
   <div class='ocr_carea' id='block_1_94' title="bbox 297 4750 1887 4820">
    <p class='ocr_par' dir='ltr' id='par_1_94' title="bbox 297 4750 1887 4820">
     <span class='ocr_line' id='line_1_94' title="bbox 297 4750 1887 4820; baseline 0.001 -15"><span class='ocrx_word' id='word_1_645' title='bbox 297 4753 414 4806; x_wconf 71' lang='lat' dir='ltr'><strong>base</strong></span> <span class='ocrx_word' id='word_1_646' title='bbox 448 4760 533 4805; x_wconf 90' lang='lat' dir='ltr'><strong>est</strong></span> <span class='ocrx_word' id='word_1_647' title='bbox 561 4761 611 4805; x_wconf 92' lang='lat' dir='ltr'><strong>et</strong></span> <span class='ocrx_word' id='word_1_648' title='bbox 643 4752 871 4818; x_wconf 86' lang='lat' dir='ltr'><strong>Sicetna,</strong></span> <span class='ocrx_word' id='word_1_649' title='bbox 922 4767 1061 4805; x_wconf 91' lang='lat' dir='ltr'><strong>nunc</strong></span> <span class='ocrx_word' id='word_1_650' title='bbox 1085 4750 1337 4820; x_wconf 85' lang='lat' dir='ltr'><strong>Neapolis</strong></span> <span class='ocrx_word' id='word_1_651' title='bbox 1364 4752 1562 4805; x_wconf 88' lang='lat' dir='ltr'><strong>civitas</strong></span> <span class='ocrx_word' id='word_1_652' title='bbox 1590 4754 1887 4807; x_wconf 87' lang='lat' dir='ltr'><strong>Samarita-</strong></span> 
     </span>
    </p>
   </div>
   <div class='ocr_carea' id='block_1_95' title="bbox 294 4842 1885 4911">
    <p class='ocr_par' dir='ltr' id='par_1_95' title="bbox 294 4842 1885 4911">
     <span class='ocr_line' id='line_1_95' title="bbox 294 4842 1885 4911; baseline 0.001 -14"><span class='ocrx_word' id='word_1_653' title='bbox 294 4858 508 4897; x_wconf 88' lang='lat' dir='ltr'><strong>norum.</strong></span> <span class='ocrx_word' id='word_1_654' title='bbox 545 4843 805 4907; x_wconf 81' lang='lat' dir='ltr'><strong>Ulihama,</strong></span> <span class='ocrx_word' id='word_1_655' title='bbox 838 4844 888 4896; x_wconf 90' lang='lat' dir='ltr'><strong>in</strong></span> <span class='ocrx_word' id='word_1_656' title='bbox 930 4844 1215 4911; x_wconf 83' lang='lat' dir='ltr'><strong>prepheta,</strong></span> <span class='ocrx_word' id='word_1_657' title='bbox 1263 4842 1453 4897; x_wconf 78' lang='lat' dir='ltr'><strong>civitas</strong></span> <span class='ocrx_word' id='word_1_658' title='bbox 1490 4844 1539 4897; x_wconf 93' lang='lat' dir='ltr'><strong>in</strong></span> <span class='ocrx_word' id='word_1_659' title='bbox 1573 4860 1676 4911; x_wconf 89' lang='lat' dir='ltr'><strong>qua</strong></span> <span class='ocrx_word' id='word_1_660' title='bbox 1718 4846 1885 4899; x_wconf 80' lang='lat' dir='ltr'><strong>Edoni</strong></span> 
     </span>
    </p>
   </div>
   <div class='ocr_carea' id='block_1_96' title="bbox 298 4935 1885 5006">
    <p class='ocr_par' dir='ltr' id='par_1_96' title="bbox 298 4935 1885 5006">
     <span class='ocr_line' id='line_1_96' title="bbox 298 4935 1885 5006; baseline 0.001 -15"><span class='ocrx_word' id='word_1_661' title='bbox 298 4937 571 5006; x_wconf 85' lang='lat' dir='ltr'><strong>principes</strong></span> <span class='ocrx_word' id='word_1_662' title='bbox 600 4936 1001 4990; x_wconf 88' lang='lat' dir='ltr'><strong>habitaverunt.</strong></span> <span class='ocrx_word' id='word_1_663' title='bbox 1033 4935 1203 4999; x_wconf 87' lang='lat' dir='ltr'><strong>Ariel,</strong></span> <span class='ocrx_word' id='word_1_664' title='bbox 1231 4936 1283 4988; x_wconf 92' lang='lat' dir='ltr'><strong>in</strong></span> <span class='ocrx_word' id='word_1_665' title='bbox 1315 4935 1475 5001; x_wconf 87' lang='lat' dir='ltr'><strong>Isaia,</strong></span> <span class='ocrx_word' id='word_1_666' title='bbox 1512 4936 1649 4991; x_wconf 89' lang='lat' dir='ltr'><strong>hanc</strong></span> <span class='ocrx_word' id='word_1_667' title='bbox 1670 4937 1885 5006; x_wconf 88' lang='lat' dir='ltr'><strong>quidem</strong></span> 
     </span>
    </p>
   </div>
   <div class='ocr_carea' id='block_1_97' title="bbox 292 5026 1887 5098">
    <p class='ocr_par' dir='ltr' id='par_1_97' title="bbox 292 5026 1887 5098">
     <span class='ocr_line' id='line_1_97' title="bbox 292 5026 1887 5098; baseline -0.002 -15"><span class='ocrx_word' id='word_1_668' title='bbox 292 5044 416 5083; x_wconf 89' lang='lat' dir='ltr'><strong>esse</strong></span> <span class='ocrx_word' id='word_1_669' title='bbox 457 5035 646 5097; x_wconf 81' lang='lat' dir='ltr'><strong>putant</strong></span> <span class='ocrx_word' id='word_1_670' title='bbox 674 5026 995 5093; x_wconf 89' lang='lat' dir='ltr'><strong>Ariopolim,</strong></span> <span class='ocrx_word' id='word_1_671' title='bbox 1038 5028 1107 5080; x_wconf 90' lang='lat' dir='ltr'><strong>ab</strong></span> <span class='ocrx_word' id='word_1_672' title='bbox 1153 5026 1298 5080; x_wconf 91' lang='lat' dir='ltr'><strong>idolo</strong></span> <span class='ocrx_word' id='word_1_673' title='bbox 1330 5026 1509 5085; x_wconf 76' lang='lat' dir='ltr'><strong>Martis</strong></span> <span class='ocrx_word' id='word_1_674' title='bbox 1541 5027 1706 5094; x_wconf 87' lang='lat' dir='ltr'><strong>Ariel,</strong></span> <span class='ocrx_word' id='word_1_675' title='bbox 1746 5030 1887 5098; x_wconf 85' lang='lat' dir='ltr'><strong>quod</strong></span> 
     </span>
    </p>
   </div>
   <div class='ocr_carea' id='block_1_98' title="bbox 295 5118 1886 5188">
    <p class='ocr_par' dir='ltr' id='par_1_98' title="bbox 295 5118 1886 5188">
     <span class='ocr_line' id='line_1_98' title="bbox 295 5118 1886 5188; baseline 0.001 -13"><span class='ocrx_word' id='word_1_676' title='bbox 295 5120 410 5175; x_wconf 86' lang='lat' dir='ltr'><strong>illic</strong></span> <span class='ocrx_word' id='word_1_677' title='bbox 460 5120 625 5173; x_wconf 89' lang='lat' dir='ltr'><strong>situm</strong></span> <span class='ocrx_word' id='word_1_678' title='bbox 665 5128 765 5173; x_wconf 87' lang='lat' dir='ltr'><strong>est.</strong></span> <span class='ocrx_word' id='word_1_679' title='bbox 806 5118 1190 5187; x_wconf 86' lang='lat' dir='ltr'><strong>Interpretatur</strong></span> <span class='ocrx_word' id='word_1_680' title='bbox 1220 5126 1399 5171; x_wconf 86' lang='lat' dir='ltr'><strong>autem</strong></span> <span class='ocrx_word' id='word_1_681' title='bbox 1449 5118 1591 5171; x_wconf 77' lang='lat' dir='ltr'><strong>Aricl</strong></span> <span class='ocrx_word' id='word_1_682' title='bbox 1641 5118 1727 5173; x_wconf 90' lang='lat' dir='ltr'><strong>leo</strong></span> <span class='ocrx_word' id='word_1_683' title='bbox 1766 5119 1886 5188; x_wconf 82' lang='lat' dir='ltr'><strong>Dei,</strong></span> 
     </span>
    </p>
   </div>
   <div class='ocr_carea' id='block_1_99' title="bbox 295 5209 1883 5282">
    <p class='ocr_par' dir='ltr' id='par_1_99' title="bbox 295 5209 1883 5282">
     <span class='ocr_line' id='line_1_99' title="bbox 295 5209 1883 5282; baseline -0.003 -12"><span class='ocrx_word' id='word_1_684' title='bbox 295 5212 604 5269; x_wconf 83' lang='lat' dir='ltr'><strong>Jerusalem</strong></span> <span class='ocrx_word' id='word_1_685' title='bbox 632 5210 928 5279; x_wconf 82' lang='lat' dir='ltr'><strong>ﬂguralitcr</strong></span> <span class='ocrx_word' id='word_1_686' title='bbox 957 5209 1288 5280; x_wconf 81' lang='lat' dir='ltr'><strong>signiﬁcans.</strong></span> <span class='ocrx_word' id='word_1_687' title='bbox 1314 5209 1572 5277; x_wconf 84' lang='lat' dir='ltr'><strong>Ararath,</strong></span> <span class='ocrx_word' id='word_1_688' title='bbox 1610 5212 1883 5282; x_wconf 84' lang='lat' dir='ltr'><strong>Armenia,</strong></span> 
     </span>
    </p>
   </div>
   <div class='ocr_carea' id='block_1_100' title="bbox 296 5302 1888 5374">
    <p class='ocr_par' dir='ltr' id='par_1_100' title="bbox 296 5302 1888 5374">
     <span class='ocr_line' id='line_1_100' title="bbox 296 5302 1888 5374; baseline -0.001 -14"><span class='ocrx_word' id='word_1_689' title='bbox 296 5305 349 5360; x_wconf 91' lang='lat' dir='ltr'><strong>in</strong></span> <span class='ocrx_word' id='word_1_690' title='bbox 378 5305 537 5374; x_wconf 85' lang='lat' dir='ltr'><strong>cujus</strong></span> <span class='ocrx_word' id='word_1_691' title='bbox 566 5302 836 5357; x_wconf 86' lang='lat' dir='ltr'><strong>montibus</strong></span> <span class='ocrx_word' id='word_1_692' title='bbox 867 5311 983 5371; x_wconf 86' lang='lat' dir='ltr'><strong>post</strong></span> <span class='ocrx_word' id='word_1_693' title='bbox 1014 5302 1272 5356; x_wconf 85' lang='lat' dir='ltr'><strong>diluvium</strong></span> <span class='ocrx_word' id='word_1_694' title='bbox 1302 5316 1426 5355; x_wconf 90' lang='lat' dir='ltr'><strong>arca</strong></span> <span class='ocrx_word' id='word_1_695' title='bbox 1456 5302 1723 5367; x_wconf 87' lang='lat' dir='ltr'><strong>consedit,</strong></span> <span class='ocrx_word' id='word_1_696' title='bbox 1751 5303 1888 5358; x_wconf 89' lang='lat' dir='ltr'><strong>adeo</strong></span> 
     </span>
    </p>
   </div>
   <div class='ocr_carea' id='block_1_101' title="bbox 297 5393 1886 5465">
    <p class='ocr_par' dir='ltr' id='par_1_101' title="bbox 297 5393 1886 5465">
     <span class='ocr_line' id='line_1_101' title="bbox 297 5393 1886 5465; baseline -0.002 -14"><span class='ocrx_word' id='word_1_697' title='bbox 297 5407 356 5451; x_wconf 88' lang='lat' dir='ltr'><strong>ut</strong></span> <span class='ocrx_word' id='word_1_698' title='bbox 386 5396 497 5451; x_wconf 90' lang='lat' dir='ltr'><strong>iliic</strong></span> <span class='ocrx_word' id='word_1_699' title='bbox 538 5395 718 5465; x_wconf 85' lang='lat' dir='ltr'><strong>aliqua</strong></span> <span class='ocrx_word' id='word_1_700' title='bbox 758 5393 953 5448; x_wconf 86' lang='lat' dir='ltr'><strong>indicia</strong></span> <span class='ocrx_word' id='word_1_701' title='bbox 986 5408 1127 5447; x_wconf 93' lang='lat' dir='ltr'><strong>nunc</strong></span> <span class='ocrx_word' id='word_1_702' title='bbox 1162 5408 1332 5461; x_wconf 90' lang='lat' dir='ltr'><strong>usque</strong></span> <span class='ocrx_word' id='word_1_703' title='bbox 1365 5402 1740 5464; x_wconf 85' lang='lat' dir='ltr'><strong>permaneant.</strong></span> <span class='ocrx_word' id='word_1_704' title='bbox 1784 5394 1886 5450; x_wconf 85' lang='lat' dir='ltr'><strong>Ar-</strong></span> 
     </span>
    </p>
   </div>
   <div class='ocr_carea' id='block_1_102' title="bbox 266 5485 1888 5558">
    <p class='ocr_par' dir='ltr' id='par_1_102' title="bbox 266 5485 1888 5558">
     <span class='ocr_line' id='line_1_102' title="bbox 266 5485 1888 5558; baseline -0.003 -13"><span class='ocrx_word' id='word_1_705' title='bbox 266 5489 437 5557; x_wconf 75' lang='lat' dir='ltr'><strong>-be:e,</strong></span> <span class='ocrx_word' id='word_1_706' title='bbox 472 5502 593 5558; x_wconf 78' lang='lat' dir='ltr'><strong>quze</strong></span> <span class='ocrx_word' id='word_1_707' title='bbox 622 5487 797 5541; x_wconf 84' lang='lat' dir='ltr'><strong>Arbos</strong></span> <span class='ocrx_word' id='word_1_708' title='bbox 837 5486 888 5540; x_wconf 88' lang='lat' dir='ltr'><strong>in</strong></span> <span class='ocrx_word' id='word_1_709' title='bbox 922 5485 1121 5539; x_wconf 85' lang='lat' dir='ltr'><strong>nostris</strong></span> <span class='ocrx_word' id='word_1_710' title='bbox 1163 5486 1439 5541; x_wconf 90' lang='lat' dir='ltr'><strong>codicibus</strong></span> <span class='ocrx_word' id='word_1_711' title='bbox 1471 5496 1726 5556; x_wconf 84' lang='lat' dir='ltr'><strong>corrupte</strong></span> <span class='ocrx_word' id='word_1_712' title='bbox 1758 5487 1888 5557; x_wconf 89' lang='lat' dir='ltr'><strong>legi-</strong></span> 
     </span>
    </p>
   </div>
   <div class='ocr_carea' id='block_1_103' title="bbox 294 5578 1881 5652">
    <p class='ocr_par' dir='ltr' id='par_1_103' title="bbox 294 5578 1881 5652">
     <span class='ocr_line' id='line_1_103' title="bbox 294 5578 1881 5652; baseline -0.004 -13"><span class='ocrx_word' id='word_1_713' title='bbox 294 5592 409 5652; x_wconf 88' lang='lat' dir='ltr'><strong>tur,</strong></span> <span class='ocrx_word' id='word_1_714' title='bbox 442 5582 500 5637; x_wconf 90' lang='lat' dir='ltr'><strong>in</strong></span> <span class='ocrx_word' id='word_1_715' title='bbox 530 5596 633 5652; x_wconf 91' lang='lat' dir='ltr'><strong>qua</strong></span> <span class='ocrx_word' id='word_1_716' title='bbox 663 5590 771 5637; x_wconf 92' lang='lat' dir='ltr'><strong>tres</strong></span> <span class='ocrx_word' id='word_1_717' title='bbox 808 5578 1126 5650; x_wconf 56' lang='lat' dir='ltr'><strong>patriarcha</strong></span> <span class='ocrx_word' id='word_1_718' title='bbox 1177 5579 1371 5648; x_wconf 89' lang='lat' dir='ltr'><strong>sepulti</strong></span> <span class='ocrx_word' id='word_1_719' title='bbox 1404 5587 1551 5645; x_wconf 88' lang='lat' dir='ltr'><strong>sunt,</strong></span> <span class='ocrx_word' id='word_1_720' title='bbox 1590 5579 1881 5643; x_wconf 91' lang='lat' dir='ltr'><strong>Abraham,</strong></span> 
     </span>
    </p>
   </div>
   <div class='ocr_carea' id='block_1_104' title="bbox 295 5669 1887 5740">
    <p class='ocr_par' dir='ltr' id='par_1_104' title="bbox 295 5669 1887 5740">
     <span class='ocr_line' id='line_1_104' title="bbox 295 5669 1887 5740; baseline -0.004 -10"><span class='ocrx_word' id='word_1_721' title='bbox 295 5673 471 5739; x_wconf 87' lang='lat' dir='ltr'><strong>Isaac,</strong></span> <span class='ocrx_word' id='word_1_722' title='bbox 506 5681 559 5727; x_wconf 91' lang='lat' dir='ltr'><strong>et</strong></span> <span class='ocrx_word' id='word_1_723' title='bbox 588 5671 777 5737; x_wconf 91' lang='lat' dir='ltr'><strong>Jacob,</strong></span> <span class='ocrx_word' id='word_1_724' title='bbox 820 5680 875 5725; x_wconf 91' lang='lat' dir='ltr'><strong>et</strong></span> <span class='ocrx_word' id='word_1_725' title='bbox 920 5678 1178 5740; x_wconf 80' lang='lat' dir='ltr'><strong>praeterea</strong></span> <span class='ocrx_word' id='word_1_726' title='bbox 1226 5670 1396 5723; x_wconf 88' lang='lat' dir='ltr'><strong>Adam</strong></span> <span class='ocrx_word' id='word_1_727' title='bbox 1447 5674 1582 5739; x_wconf 59' lang='lat' dir='ltr'><strong>ipse.</strong></span> <span class='ocrx_word' id='word_1_728' title='bbox 1635 5669 1758 5724; x_wconf 82' lang='lat' dir='ltr'><strong>llaec</strong></span> <span class='ocrx_word' id='word_1_729' title='bbox 1805 5678 1887 5726; x_wconf 87' lang='lat' dir='ltr'><strong>est</strong></span> 
     </span>
    </p>
   </div>
   <div class='ocr_carea' id='block_1_105' title="bbox 293 5762 1888 5834">
    <p class='ocr_par' dir='ltr' id='par_1_105' title="bbox 293 5762 1888 5834">
     <span class='ocr_line' id='line_1_105' title="bbox 293 5762 1888 5834; baseline -0.001 -16"><span class='ocrx_word' id='word_1_730' title='bbox 293 5767 454 5823; x_wconf 85' lang='lat' dir='ltr'><strong>etiam</strong></span> <span class='ocrx_word' id='word_1_731' title='bbox 488 5764 726 5833; x_wconf 81' lang='lat' dir='ltr'><strong>Ilcbron,</strong></span> <span class='ocrx_word' id='word_1_732' title='bbox 760 5764 810 5820; x_wconf 88' lang='lat' dir='ltr'><strong>in</strong></span> <span class='ocrx_word' id='word_1_733' title='bbox 842 5779 942 5834; x_wconf 88' lang='lat' dir='ltr'><strong>qua</strong></span> <span class='ocrx_word' id='word_1_734' title='bbox 979 5762 1140 5817; x_wconf 78' lang='lat' dir='ltr'><strong>David</strong></span> <span class='ocrx_word' id='word_1_735' title='bbox 1193 5763 1429 5833; x_wconf 83' lang='lat' dir='ltr'><strong>regntvit</strong></span> <span class='ocrx_word' id='word_1_736' title='bbox 1490 5762 1623 5831; x_wconf 69' lang='lat' dir='ltr'><strong>Lnd,</strong></span> <span class='ocrx_word' id='word_1_737' title='bbox 1664 5763 1773 5831; x_wconf 79' lang='lat' dir='ltr'><strong>ipsa</strong></span> <span class='ocrx_word' id='word_1_738' title='bbox 1807 5769 1888 5817; x_wconf 85' lang='lat' dir='ltr'><strong>cst</strong></span> 
     </span>
    </p>
   </div>
   <div class='ocr_carea' id='block_1_106' title="bbox 1995 4644 3581 4716">
    <p class='ocr_par' dir='ltr' id='par_1_106' title="bbox 1995 4644 3581 4716">
     <span class='ocr_line' id='line_1_106' title="bbox 1995 4644 3581 4716; baseline 0.005 -21"><span class='ocrx_word' id='word_1_739' title='bbox 1995 4659 2111 4695; x_wconf 79' lang='lat' dir='ltr'><strong>mus</strong></span> <span class='ocrx_word' id='word_1_740' title='bbox 2142 4656 2398 4712; x_wconf 87' lang='lat' dir='ltr'><strong>quartus;</strong></span> <span class='ocrx_word' id='word_1_741' title='bbox 2452 4644 2552 4699; x_wconf 84' lang='lat' dir='ltr'><strong>Alo</strong></span> <span class='ocrx_word' id='word_1_742' title='bbox 2583 4647 2839 4716; x_wconf 85' lang='lat' dir='ltr'><strong>quintus;</strong></span> <span class='ocrx_word' id='word_1_743' title='bbox 2872 4647 3010 4701; x_wconf 85' lang='lat' dir='ltr'><strong>Tisri</strong></span> <span class='ocrx_word' id='word_1_744' title='bbox 3062 4658 3282 4714; x_wconf 83' lang='lat' dir='ltr'><strong>sextus;</strong></span> <span class='ocrx_word' id='word_1_745' title='bbox 3333 4649 3581 4705; x_wconf 82' lang='lat' dir='ltr'><strong>Mareson</strong></span> 
     </span>
    </p>
   </div>
   <div class='ocr_carea' id='block_1_107' title="bbox 1994 4737 2273 4804">
    <p class='ocr_par' dir='ltr' id='par_1_107' title="bbox 1994 4737 2273 4804">
     <span class='ocr_line' id='line_1_107' title="bbox 1994 4737 2273 4804; baseline 0.007 -17"><span class='ocrx_word' id='word_1_746' title='bbox 1994 4737 2273 4804; x_wconf 78' lang='lat' dir='ltr'><strong>septimus.</strong></span> 
     </span>
    </p>
   </div>
   <div class='ocr_carea' id='block_1_108' title="bbox 2581 4832 2985 4889">
    <p class='ocr_par' dir='ltr' id='par_1_108' title="bbox 2581 4832 2985 4889">
     <span class='ocr_line' id='line_1_108' title="bbox 2581 4832 2985 4889; baseline -0.005 0"><span class='ocrx_word' id='word_1_747' title='bbox 2581 4832 2807 4889; x_wconf 83' lang='lat' dir='ltr'><strong>CAPUT</strong></span> <span class='ocrx_word' id='word_1_748' title='bbox 2854 4834 2985 4889; x_wconf 76' lang='lat' dir='ltr'><strong>VIII.</strong></span> 
     </span>
    </p>
   </div>
   <div class='ocr_carea' id='block_1_109' title="bbox 2526 4926 3049 4981">
    <p class='ocr_par' dir='ltr' id='par_1_109' title="bbox 2526 4926 3049 4981">
     <span class='ocr_line' id='line_1_109' title="bbox 2526 4926 3049 4981; baseline 0.004 -2"><span class='ocrx_word' id='word_1_749' title='bbox 2526 4926 2602 4980; x_wconf 86' lang='lat' dir='ltr'><strong>De</strong></span> <span class='ocrx_word' id='word_1_750' title='bbox 2625 4926 3049 4981; x_wconf 72' lang='lat' dir='ltr'><strong>solemnitatibus.</strong></span> 
     </span>
    </p>
   </div>
   <div class='ocr_carea' id='block_1_110' title="bbox 2068 5016 3583 5088">
    <p class='ocr_par' dir='ltr' id='par_1_110' title="bbox 2068 5016 3583 5088">
     <span class='ocr_line' id='line_1_110' title="bbox 2068 5016 3583 5088; baseline -0.001 -15"><span class='ocrx_word' id='word_1_751' title='bbox 2068 5023 2259 5073; x_wconf 85' lang='lat' dir='ltr'><strong>Annus</strong></span> <span class='ocrx_word' id='word_1_752' title='bbox 2284 5019 2556 5088; x_wconf 70' lang='lat' dir='ltr'><strong>jubilzcus,</strong></span> <span class='ocrx_word' id='word_1_753' title='bbox 2599 5033 2771 5074; x_wconf 86' lang='lat' dir='ltr'><strong>annus</strong></span> <span class='ocrx_word' id='word_1_754' title='bbox 2800 5016 3296 5088; x_wconf 84' lang='lat' dir='ltr'><strong>quinquagesimus,</strong></span> <span class='ocrx_word' id='word_1_755' title='bbox 3344 5017 3432 5083; x_wconf 88' lang='lat' dir='ltr'><strong>qui</strong></span> <span class='ocrx_word' id='word_1_756' title='bbox 3467 5026 3583 5071; x_wconf 81' lang='lat' dir='ltr'><strong>erat</strong></span> 
     </span>
    </p>
   </div>
   <div class='ocr_carea' id='block_1_111' title="bbox 1997 5110 3582 5181">
    <p class='ocr_par' dir='ltr' id='par_1_111' title="bbox 1997 5110 3582 5181">
     <span class='ocr_line' id='line_1_111' title="bbox 1997 5110 3582 5181; baseline -0.003 -14"><span class='ocrx_word' id='word_1_757' title='bbox 1997 5127 2171 5169; x_wconf 90' lang='lat' dir='ltr'><strong>annus</strong></span> <span class='ocrx_word' id='word_1_758' title='bbox 2194 5111 2554 5177; x_wconf 86' lang='lat' dir='ltr'><strong>remissionis,</strong></span> <span class='ocrx_word' id='word_1_759' title='bbox 2578 5112 2759 5181; x_wconf 89' lang='lat' dir='ltr'><strong>quoin</strong></span> <span class='ocrx_word' id='word_1_760' title='bbox 2788 5110 2951 5165; x_wconf 78' lang='lat' dir='ltr'><strong>Israel</strong></span> <span class='ocrx_word' id='word_1_761' title='bbox 2977 5110 3341 5179; x_wconf 86' lang='lat' dir='ltr'><strong>unusquisque</strong></span> <span class='ocrx_word' id='word_1_762' title='bbox 3366 5110 3445 5163; x_wconf 89' lang='lat' dir='ltr'><strong>rei</strong></span> <span class='ocrx_word' id='word_1_763' title='bbox 3470 5126 3582 5163; x_wconf 75' lang='lat' dir='ltr'><strong>sine</strong></span> 
     </span>
    </p>
   </div>
   <div class='ocr_carea' id='block_1_112' title="bbox 1998 5201 3583 5273">
    <p class='ocr_par' dir='ltr' id='par_1_112' title="bbox 1998 5201 3583 5273">
     <span class='ocr_line' id='line_1_112' title="bbox 1998 5201 3583 5273; baseline -0.001 -17"><span class='ocrx_word' id='word_1_764' title='bbox 1998 5206 2247 5260; x_wconf 83' lang='lat' dir='ltr'><strong>venditur</strong></span> <span class='ocrx_word' id='word_1_765' title='bbox 2276 5204 2340 5257; x_wconf 88' lang='lat' dir='ltr'><strong>ad</strong></span> <span class='ocrx_word' id='word_1_766' title='bbox 2364 5203 2453 5273; x_wconf 83' lang='lat' dir='ltr'><strong>jus</strong></span> <span class='ocrx_word' id='word_1_767' title='bbox 2499 5203 2617 5273; x_wconf 85' lang='lat' dir='ltr'><strong>ejus</strong></span> <span class='ocrx_word' id='word_1_768' title='bbox 2646 5202 2806 5257; x_wconf 88' lang='lat' dir='ltr'><strong>etiam</strong></span> <span class='ocrx_word' id='word_1_769' title='bbox 2839 5201 3041 5269; x_wconf 85' lang='lat' dir='ltr'><strong>absque</strong></span> <span class='ocrx_word' id='word_1_770' title='bbox 3071 5201 3255 5271; x_wconf 82' lang='lat' dir='ltr'><strong>pretio</strong></span> <span class='ocrx_word' id='word_1_771' title='bbox 3274 5201 3583 5257; x_wconf 79' lang='lat' dir='ltr'><strong>reverteba-</strong></span> 
     </span>
    </p>
   </div>
   <div class='ocr_carea' id='block_1_113' title="bbox 1997 5292 3579 5361">
    <p class='ocr_par' dir='ltr' id='par_1_113' title="bbox 1997 5292 3579 5361">
     <span class='ocr_line' id='line_1_113' title="bbox 1997 5292 3579 5361; baseline -0.004 -9"><span class='ocrx_word' id='word_1_772' title='bbox 1997 5309 2101 5352; x_wconf 91' lang='lat' dir='ltr'><strong>tur.</strong></span> <span class='ocrx_word' id='word_1_773' title='bbox 2148 5295 2375 5361; x_wconf 86' lang='lat' dir='ltr'><strong>Pascha,</strong></span> <span class='ocrx_word' id='word_1_774' title='bbox 2406 5304 2773 5361; x_wconf 76' lang='lat' dir='ltr'><strong>transcensus,</strong></span> <span class='ocrx_word' id='word_1_775' title='bbox 2825 5294 3106 5347; x_wconf 73' lang='lat' dir='ltr'><strong>Hebraeum</strong></span> <span class='ocrx_word' id='word_1_776' title='bbox 3136 5298 3239 5354; x_wconf 85' lang='lat' dir='ltr'><strong>est,</strong></span> <span class='ocrx_word' id='word_1_777' title='bbox 3278 5306 3383 5346; x_wconf 92' lang='lat' dir='ltr'><strong>non</strong></span> <span class='ocrx_word' id='word_1_778' title='bbox 3423 5292 3579 5347; x_wconf 71' lang='lat' dir='ltr'><strong>Gne-</strong></span> 
     </span>
    </p>
   </div>
   <div class='ocr_carea' id='block_1_114' title="bbox 1993 5387 3582 5456">
    <p class='ocr_par' dir='ltr' id='par_1_114' title="bbox 1993 5387 3582 5456">
     <span class='ocr_line' id='line_1_114' title="bbox 1993 5387 3582 5456; baseline -0.003 -10"><span class='ocrx_word' id='word_1_779' title='bbox 1993 5407 2139 5447; x_wconf 74' lang='lat' dir='ltr'><strong>cum:</strong></span> <span class='ocrx_word' id='word_1_780' title='bbox 2171 5390 2538 5445; x_wconf 87' lang='lat' dir='ltr'><strong>Transcensus</strong></span> <span class='ocrx_word' id='word_1_781' title='bbox 2567 5404 2697 5444; x_wconf 87' lang='lat' dir='ltr'><strong>vero</strong></span> <span class='ocrx_word' id='word_1_782' title='bbox 2738 5387 3141 5443; x_wconf 37' lang='lat' dir='ltr'><strong>idcircoldictus</strong></span> <span class='ocrx_word' id='word_1_783' title='bbox 3163 5392 3265 5451; x_wconf 64' lang='grc' dir='ltr'><strong>εει,</strong></span> <span class='ocrx_word' id='word_1_784' title='bbox 3299 5388 3438 5456; x_wconf 89' lang='lat' dir='ltr'><strong>quod</strong></span> <span class='ocrx_word' id='word_1_785' title='bbox 3476 5388 3582 5442; x_wconf 85' lang='lat' dir='ltr'><strong>Ile-</strong></span> 
     </span>
    </p>
   </div>
   <div class='ocr_carea' id='block_1_115' title="bbox 1993 5478 3577 5551">
    <p class='ocr_par' dir='ltr' id='par_1_115' title="bbox 1993 5478 3577 5551">
     <span class='ocr_line' id='line_1_115' title="bbox 1993 5478 3577 5551; baseline -0.002 -15"><span class='ocrx_word' id='word_1_786' title='bbox 1993 5484 2121 5536; x_wconf 72' lang='grc' dir='ltr'><strong>ιητωὶ</strong></span> <span class='ocrx_word' id='word_1_787' title='bbox 2151 5481 2217 5535; x_wconf 89' lang='lat' dir='ltr'><strong>ab</strong></span> <span class='ocrx_word' id='word_1_788' title='bbox 2239 5481 2473 5551; x_wconf 67' lang='lat' dir='ltr'><strong>Egypto</strong></span> <span class='ocrx_word' id='word_1_789' title='bbox 2502 5480 2555 5535; x_wconf 92' lang='lat' dir='ltr'><strong>in</strong></span> <span class='ocrx_word' id='word_1_790' title='bbox 2589 5490 2785 5535; x_wconf 88' lang='lat' dir='ltr'><strong>terram</strong></span> <span class='ocrx_word' id='word_1_791' title='bbox 2826 5478 3264 5545; x_wconf 87' lang='lat' dir='ltr'><strong>repromissionis</strong></span> <span class='ocrx_word' id='word_1_792' title='bbox 3296 5486 3577 5533; x_wconf 78' lang='lat' dir='ltr'><strong>transcen-</strong></span> 
     </span>
    </p>
   </div>
   <div class='ocr_carea' id='block_1_116' title="bbox 1992 5570 3579 5641">
    <p class='ocr_par' dir='ltr' id='par_1_116' title="bbox 1992 5570 3579 5641">
     <span class='ocr_line' id='line_1_116' title="bbox 1992 5570 3579 5641; baseline -0.003 -12"><span class='ocrx_word' id='word_1_793' title='bbox 1992 5576 2207 5630; x_wconf 90' lang='lat' dir='ltr'><strong>deruut.</strong></span> <span class='ocrx_word' id='word_1_794' title='bbox 2243 5572 2402 5627; x_wconf 90' lang='lat' dir='ltr'><strong>Certe</strong></span> <span class='ocrx_word' id='word_1_795' title='bbox 2432 5572 2627 5641; x_wconf 88' lang='lat' dir='ltr'><strong>pascha</strong></span> <span class='ocrx_word' id='word_1_796' title='bbox 2659 5580 2900 5625; x_wconf 91' lang='lat' dir='ltr'><strong>nostrum</strong></span> <span class='ocrx_word' id='word_1_797' title='bbox 2930 5578 3029 5635; x_wconf 89' lang='lat' dir='ltr'><strong>est,</strong></span> <span class='ocrx_word' id='word_1_798' title='bbox 3064 5571 3206 5639; x_wconf 90' lang='lat' dir='ltr'><strong>quod</strong></span> <span class='ocrx_word' id='word_1_799' title='bbox 3238 5570 3486 5626; x_wconf 88' lang='lat' dir='ltr'><strong>Salvator</strong></span> <span class='ocrx_word' id='word_1_800' title='bbox 3509 5572 3579 5624; x_wconf 88' lang='lat' dir='ltr'><strong>ab</strong></span> 
     </span>
    </p>
   </div>
   <div class='ocr_carea' id='block_1_117' title="bbox 1993 5662 3574 5735">
    <p class='ocr_par' dir='ltr' id='par_1_117' title="bbox 1993 5662 3574 5735">
     <span class='ocr_line' id='line_1_117' title="bbox 1993 5662 3574 5735; baseline -0.004 -13"><span class='ocrx_word' id='word_1_801' title='bbox 1993 5667 2181 5722; x_wconf 81' lang='lat' dir='ltr'><strong>inferis</strong></span> <span class='ocrx_word' id='word_1_802' title='bbox 2240 5678 2528 5735; x_wconf 88' lang='lat' dir='ltr'><strong>resurgens</strong></span> <span class='ocrx_word' id='word_1_803' title='bbox 2589 5662 2848 5717; x_wconf 63' lang='lat' dir='ltr'><strong>caelorum</strong></span> <span class='ocrx_word' id='word_1_804' title='bbox 2922 5676 3085 5732; x_wconf 86' lang='lat' dir='ltr'><strong>regna</strong></span> <span class='ocrx_word' id='word_1_805' title='bbox 3160 5662 3574 5719; x_wconf 87' lang='lat' dir='ltr'><strong>transcenderit.</strong></span> 
     </span>
    </p>
   </div>
   <div class='ocr_carea' id='block_1_118' title="bbox 1995 5753 3582 5827">
    <p class='ocr_par' dir='ltr' id='par_1_118' title="bbox 1995 5753 3582 5827">
     <span class='ocr_line' id='line_1_118' title="bbox 1995 5753 3582 5827; baseline -0.006 -12"><span class='ocrx_word' id='word_1_806' title='bbox 1995 5758 2190 5827; x_wconf 74' lang='lat' dir='ltr'><strong>Phasc,</strong></span> <span class='ocrx_word' id='word_1_807' title='bbox 2226 5756 2411 5812; x_wconf 85' lang='lat' dir='ltr'><strong>itidem</strong></span> <span class='ocrx_word' id='word_1_808' title='bbox 2444 5753 2638 5826; x_wconf 86' lang='lat' dir='ltr'><strong>pascha</strong></span> <span class='ocrx_word' id='word_1_809' title='bbox 2671 5762 2752 5809; x_wconf 83' lang='lat' dir='ltr'><strong>est</strong></span> <span class='ocrx_word' id='word_1_810' title='bbox 2782 5760 3154 5821; x_wconf 80' lang='lat' dir='ltr'><strong>transcensus,</strong></span> <span class='ocrx_word' id='word_1_811' title='bbox 3186 5753 3265 5809; x_wconf 85' lang='lat' dir='ltr'><strong>vel</strong></span> <span class='ocrx_word' id='word_1_812' title='bbox 3298 5754 3582 5809; x_wconf 77' lang='lat' dir='ltr'><strong>transitus.</strong></span> 
     </span>
    </p>
   </div>
  </div>
