3932 6170
378 290 484 355 819

1364 287 1423 343 S.
1468 282 1786 344 EUCIIERII
1828 283 2303 345 LUGDUNEXSIS
2343 286 2644 347 EI‘I‘ECOI‘I

3545 298 3652 357 830

379 412 516 470 Sunt
557 408 646 480 qui
691 409 857 477 magis
886 413 1282 469 transcensum,
1318 399 1401 456 vcl
1433 402 1713 456 transitum
1756 417 1823 455 ex
1854 398 1956 455 hoc
1986 402 2032 462 Α
2062 402 2341 459 caracellae
2389 403 2630 469 modum,
2684 404 2779 457 sed
2829 404 2944 459 sine
2998 408 3230 462 cucullo.
3278 408 3445 478 Cujus
3498 416 3658 469 vesu.

381 503 707 575 appellatum
749 497 1037 562 aflirmant,
1085 492 1227 564 quod
1267 492 1458 549 eadem
1505 499 1665 548 nocte
1700 492 1963 547 Dominus

381 607 479 666 per
508 591 802 665 Egyptum
853 586 1147 652 transierit,
1194 601 1317 641 cum
1365 584 1737 657 Egypliorum
1768 581 1963 651 primo-

379 686 560 759 genita
611 692 801 742 cuncta
857 679 1494 753 percussit(Exod.xm,
1546 676 1655 746 I5).
1707 674 1966 731 Penteco-

380 791 483 845 ste,
515 776 980 849 quinquagesima,
1009 774 1255 831 Graecum
1298 780 1402 830 est.
1443 770 1611 840 Hujus
1639 769 1967 839 quinquage-

380 872 532 927 sima:
578 870 805 942 ﬁguram
851 882 1026 922 annus
1063 864 1315 936 jubilreus
1357 862 1544 934 gessit,
1591 862 1790 932 quique
1825 871 1967 914 nunc

382 963 577 1017 iterum
638 960 832 1015 futura:
891 955 1325 1027 repromissionis
1398 960 1656 1008 aeternam
1723 950 1964 1020 requiem

382 1051 708 1123 prmﬁgurat.
742 1049 1095 1119 Scenopegia,
1145 1063 1267 1102 cum
1311 1044 1651 1100 tabernacula
1698 1058 1727 1097 a
1766 1042 1966 1098 .Iudzeis

384 1144 643 1213 figuntur,
681 1141 750 1197 ob
780 1140 1095 1195 memoriam
1127 1135 1616 1192 tabernaculorum.
1644 1142 1796 1194 Σκηνῆ
1824 1132 1965 1186 enim

384 1237 573 1293 Graece
605 1232 1008 1289 tabernaculum
1035 1231 1254 1286 dicitur.
1289 1230 1413 1284 Ilaec
1439 1228 1743 1283 ludreorum
1776 1224 1971 1279 solem-

385 1327 528 1383 nitas
557 1326 859 1397 Septembri
905 1339 1090 1380 mense
1134 1324 1458 1377 celebratur.
1508 1320 1781 1382 Encmnia,
1812 1334 1970 1373 novae

385 1418 757 1474 mdiﬁcationis
788 1415 1096 1471 observatio
1127 1414 1206 1468 vel
1233 1413 1519 1468 dedicatio.
1553 1412 1723 1467 Καινὸν
1742 1425 1970 1479 namque

386 1509 443 1564 in
474 1512 663 1564 Graeca
708 1508 887 1575 lingua
920 1520 1114 1561 novum
1147 1504 1430 1573 signiﬁcat.
1468 1502 1612 1573 Ergo
1656 1501 1709 1555 in
1750 1501 1850 1555 hac
1878 1514 1968 1555 so-

284 1584 293 1589 i
387 1599 659 1654 lemnitate
687 1596 858 1653 Jttdmi
908 1592 1130 1651 Octobri
1170 1608 1354 1648 mense
1400 1590 1755 1647 dedicationis
1785 1589 1970 1655 templi

384 1690 633 1743 colebant
656 1688 819 1742 diem.
853 1685 1175 1755 Epiphania,
1209 1684 1458 1740 Graecum
1489 1692 1595 1746 est,
1633 1681 1773 1751 quod
1804 1680 1969 1752 signi-

2066 495 2230 549 menti
2276 495 2386 549 duo
2428 503 2553 549 sunt
2596 511 2818 566 genera,
2850 512 3014 552 unum
3057 499 3258 554 lineum
3304 508 3362 556 et
3398 502 3657 573 simplex,

2066 586 2209 655 quod
2237 585 2549 643 sacerdotes
2589 586 2887 654 habebant;
2922 588 3066 644 aliud
3111 591 3336 648 diversis
3379 596 3656 653 coloribus

2066 677 2134 734 de
2160 692 2311 744 auro,
2341 692 2601 748 purpura,
2644 686 2699 734 et
2744 679 2927 753 bysso,
2971 681 3283 753 hyacintho,
3316 688 3656 757 gemmisque

2068 779 2401 836 contextum,
2452 784 2563 841 quo
2606 772 2709 826 soli
2750 771 3034 841 pontiﬁces
3064 776 3374 831 utebantur.
3405 777 3655 846 Poderis,

2068 861 2425 918 sacerdotalis
2455 862 2594 917 linea
2644 862 2860 932 corpori
2891 865 3105 933 penitus
3151 866 3397 936 astricta,
3425 868 3653 925 eadem-

2069 967 2173 1021 que
2202 953 2409 1015 talaris.
2450 952 2593 1007 unde
2635 962 2689 1007 et
2720 952 2939 1021 potieris
2965 954 3231 1023 appellata
3267 974 3282 1010 :
3317 957 3436 1011 lucc
3479 969 3537 1014 et
3566 974 3654 1013 su-

2068 1041 2261 1096 bucula
2304 1040 2523 1096 dicitur.
2559 1040 2783 1111 Logion,
2829 1043 2971 1111 quod
3018 1053 3074 1098 et
3118 1044 3402 1112 rationale,
3448 1060 3658 1116 pannus

2068 1136 2316 1204 exiguus,
2342 1149 2406 1188 ex
2447 1134 2699 1203 gemmis,
2742 1149 2874 1188 auro
2917 1134 3303 1208 coloribusque
3347 1139 3536 1207 variis,
3566 1140 3655 1211 qui

2071 1226 2497 1297 superhumerali
2522 1236 2713 1282 contra
2744 1239 2932 1297 pectus
2954 1231 3223 1301 pontiﬁcis
3244 1234 3655 1290 annectebatur.

2147 1317 2377 1383 Cidaris,
2406 1318 2578 1387 pileus
2606 1319 2957 1374 sacerdotalis
2982 1337 3047 1375 ex
3090 1322 3273 1393 bysso.
3307 1324 3457 1380 llunc
3482 1325 3658 1381 Graaci

2070 1416 2125 1463 et
2154 1410 2319 1462 nostri
2350 1407 2563 1475 tiaram,
2603 1407 2820 1476 quidam
2851 1409 3011 1463 etiam
3061 1411 3272 1465 mitram
3308 1422 3526 1469 vocant.
3558 1413 3661 1470 Pe-

2071 1499 2261 1564 talum,
2300 1512 2464 1553 aurea
2494 1497 2693 1553 lamina
2746 1499 2799 1553 in
2844 1498 3023 1554 fronte
3063 1500 3348 1569 pontiﬁcis,
3378 1519 3502 1573 qua:
3554 1504 3651 1560 Dei

2072 1607 2270 1649 nomen
2297 1591 2429 1648 illud
2460 1590 2733 1648 iueﬂ‘abile
2778 1600 3285 1663 tetragrammaton,
3314 1605 3549 1666 quatuor
3573 1598 3661 1653 lit-

2072 1684 2201 1738 teris
2225 1682 2461 1739 llebrasis
2485 1682 2709 1753 gerebat
2730 1683 3013 1753 scriptum.
3044 1684 3264 1750 Penula,
3290 1686 3345 1740 in
3370 1687 3657 1756 Apostolo,

385 1780 505 1835 ﬁcat
545 1778 834 1848 apparitio,
883 1777 967 1831 vel
998 1776 1239 1832 ostensio
1268 1792 1280 1829 :
1314 1775 1430 1830 sive
1472 1773 1613 1844 quod
1655 1772 1845 1827 eadem
1881 1770 1969 1824 die
2000 1775 2043 1835 Β
2073 1774 2318 1829 Latinum
2349 1782 2454 1830 est.
2491 1775 2583 1829 Est
2623 1784 2800 1829 autem
2833 1776 2989 1845 quasi
3020 1776 3231 1831 lacerna
3268 1776 3655 1834 descendenti-

388 1872 641 1925 Dominus
672 1879 726 1924 et
754 1872 998 1925 Salvator
1030 1878 1212 1923 noster
1243 1866 1296 1921 in
1328 1867 1594 1937 baptismo
1624 1879 1723 1919 suo
1754 1862 1962 1934 populis

387 1960 546 2017 fuerit
574 1970 857 2025 ostensus;
906 1960 1018 2013 sive
1048 1957 1190 2028 quod
1233 1956 1389 2012 stel'a
1430 1956 1641 2026 magis;
1674 1956 1790 2010 sive
1820 1951 1963 2023 quod

386 2053 560 2123 primo
590 2051 742 2120 signo
776 2050 985 2105 Domini
1011 2064 1145 2119 aqua
1178 2048 1230 2103 in
1256 2051 1435 2102 vinum
1470 2063 1621 2101 versa
1656 2057 1783 2101 tunc
1803 2058 1966 2115 appa-

386 2146 575 2199 ruerit.
607 2141 924 2208 Neomenia,
957 2142 1057 2196 hoc
1084 2151 1189 2207 cst,
1229 2139 1371 2209 quod
1399 2140 1537 2209 apud
1574 2152 1673 2193 nos
1700 2136 1963 2193 kalendae.

388 2239 493 2296 Sed
513 2238 632 2309 quia
664 2236 800 2306 apud
833 2236 1089 2291 llebrtcos
1112 2232 1404 2289 secundum
1435 2234 1573 2287 luna:
1595 2245 1791 2286 cursus
1816 2244 1968 2285 men-

386 2345 474 2385 ses
519 2338 893 2399 supptnantttr,
925 2336 977 2382 et
998 2330 1129 2399 μήνη
1158 2325 1345 2382 Graece
1375 2325 1501 2380 luna
1532 2325 1852 2395 appellatur,
1882 2323 1967 2378 id-

387 2421 531 2476 circo
561 2419 844 2475 neomenia
876 2434 1010 2473 nova
1050 2418 1170 2471 luna
1202 2417 1371 2485 accipi
1411 2425 1607 2485 potest.
1645 2417 1966 2483 Parasceve,

384 2511 732 2581 prmparatio,
765 2508 1012 2563 Graecum
1038 2516 1141 2562 est.
1168 2508 1465 2563 Parascevc
1489 2506 1633 2562 enim
1660 2516 1813 2561 sexta
1846 2506 1971 2561 sab-

390 2600 498 2657 bati
527 2600 851 2671 appellatur.
885 2598 1018 2653 llinc
1058 2613 1186 2653 vero
1217 2597 1538 2667 praeparatio
1585 2594 1801 2661 dicitur,
1829 2593 1969 2665 qttod

389 2706 417 2745 a
445 2690 643 2748 Judceis
672 2690 860 2746 eadem
889 2690 976 2745 die
1006 2705 1126 2759 quae
1154 2690 1206 2744 in
1232 2689 1457 2746 sabbato
1483 2697 1606 2744 sunt
1646 2686 1969 2754 necessaria,

391 2791 784 2853 prmparentur.
816 2781 1131 2846 Sabbatum,
1173 2777 1409 2849 requies,
1438 2779 1721 2835 Hebraeum
1753 2786 1855 2833 est.
1888 2777 1973 2831 Id-

388 2875 537 2930 circo
566 2882 743 2929 autem
776 2872 1011 2942 requies,
1044 2871 1186 2942 quod
1214 2872 1265 2925 in
1289 2870 1476 2925 eadem
1506 2868 1599 2927 die
1627 2869 1884 2924 Dominus
1907 2868 1973 2921 ab

388 2981 576 3037 opere,
607 2964 858 3035 perfectis
888 2963 1141 3019 omnibus
1168 2961 1538 3031 absolutisque
1575 2957 1861 3032 requievit.

999 3094 1221 3151 CAPUT
1263 3094 1356 3150 IX.

1044 3208 1116 3262 De
1141 3206 1317 3263 idolis.

460 3318 629 3387 Idola,
660 3318 967 3386 simulacra,
1002 3316 1248 3374 Grmcutn
1280 3326 1383 3372 est.
1437 3314 1790 3388 Beelphegor,
1828 3315 1969 3387 quod

388 3412 772 3482 interpretatur
818 3408 1166 3464 simulacrum
1228 3406 1579 3476 ignominiae,
1636 3407 1837 3462 idolum
1892 3415 1973 3461 est

389 3502 566 3559 Moab.
616 3500 769 3555 llunc
794 3498 969 3554 Latini
1017 3496 1269 3567 Priapum
1319 3497 1611 3567 appellant.
1652 3498 1800 3566 Boel,
1829 3497 1969 3566 quod

388 3594 792 3661 interpretatur,
815 3599 1079 3655 vetustas,
1104 3589 1307 3644 idolum
1338 3599 1421 3645 est
1446 3589 1821 3662 Babylonium.
1851 3589 1974 3644 Fuit

386 3698 516 3738 vero
546 3682 636 3738 lt'e
682 3681 824 3737 idem
872 3680 1033 3736 Belus
1080 3689 1230 3749 pater
1280 3678 1400 3734 Nini
1432 3681 1574 3752 regis
1602 3680 1967 3753 Assyriorum.

387 3775 769 3841 Adramelecb,
802 3774 1003 3830 idolum
1034 3774 1402 3845 Assyriorum,
1426 3774 1566 3844 quod
1590 3775 1752 3828 etiam
1786 3774 1972 3828 Sama-

387 3870 504 3923 ritae
547 3866 849 3923 coluerunt.
898 3865 1177 3930 Astarten,
1226 3864 1367 3934 quod
1424 3865 1476 3919 in
1529 3863 1772 3919 Latinum
1817 3873 1972 3919 sanat

388 3963 591 4015 factura
618 3958 907 4030 superﬂua,
954 3959 1152 4011 idolum
1191 3956 1551 4027 Sydoniorum
1580 3956 1784 4012 dicunt.
1819 3956 1971 4012 Beel-

387 4051 566 4116 sebul,
598 4050 987 4119 interpretatur
1017 4049 1096 4101 vir
1128 4062 1455 4113 muscarum,
1485 4047 1769 4117 Diabolus,
1814 4046 1973 4101 deor-
2026 4048 2035 4060 '

387 4156 504 4195 sum
524 4139 727 4205 ﬂuens;
754 4138 942 4194 Grzcce
963 4153 1091 4192 vero
1120 4137 1433 4193 criminator
1456 4139 1670 4192 dicitur.
1702 4140 1890 4205 Satan,
1916 4139 1969 4193 in

389 4232 634 4286 Latinum
666 4238 823 4285 sonat
850 4228 1213 4295 adversarius,
1248 4230 1361 4285 sive
1390 4236 1776 4301 transgressor.
1807 4231 1972 4302 Syre-

388 4339 492 4390 nre,
520 4323 571 4378 in
606 4321 759 4390 Isaia,
794 4321 1089 4388 dmmones,
1120 4327 1210 4375 aut
1242 4321 1504 4377 dracones
1534 4322 1734 4391 magni,
1766 4324 1970 4378 cristati

388 4416 592 4485 pariter
615 4429 678 4469 ac
700 4412 967 4478 volantes,
1009 4421 1068 4467 ttt
1105 4427 1134 4467 a
1163 4412 1478 4482 quibusdam
1512 4422 1742 4483 putatur.

1994 3134 2041 3197 C

2066 1868 2165 1923 bus
2190 1868 2377 1923 clavis.
2408 1868 2657 1936 Baddim,
2691 1869 2742 1923 in
2774 1869 3013 1935 Daniele,
3046 1881 3224 1926 vestes
3252 1871 3433 1937 lineae,
3458 1850 3658 1942 quibus

2066 1961 2358 2025 feminalia,
2390 1969 2446 2016 ut
2482 1962 2738 2030 arbitror,
2786 1962 3176 2033 signiﬁcantur.
3224 1964 3479 2019 Badenim
3514 1963 3659 2033 apud

2067 2052 2322 2106 Ilebrzeos
2346 2051 2511 2106 linum
2540 2051 2737 2107 dicitur
2767 2071 2781 2106 :
2810 2052 2952 2108 unde
2995 2062 3050 2109 et
3090 2055 3141 2108 in
3171 2054 3491 2125 quibusdam
3523 2056 3659 2110 locis

2069 2143 2286 2213 legitur,
2321 2142 2507 2212 Epltod
2535 2143 2658 2207 bad,
2692 2143 2795 2199 hoc
2817 2152 2921 2208 est,
2954 2143 3128 2213 ephod
3150 2145 3385 2210 litteum;
3420 2159 3528 2200 non
3561 2161 3657 2200 au-

2069 2243 2175 2289 tem
2215 2232 2402 2303 Ephod
2441 2233 2633 2298 barud,
2676 2242 2734 2289 ut
2762 2234 2980 2303 quidam
3016 2243 3270 2304 corrupte
3302 2236 3513 2305 legunt.
3569 2235 3660 2290 Di-

2068 2324 2228 2395 plois,
2258 2324 2311 2378 in
2359 2324 2562 2395 Regum
2596 2323 2771 2391 libris,
2807 2339 3017 2395 sagum,
3048 2326 3133 2380 vel
3177 2325 3424 2392 chlamis,
3454 2326 3560 2382 ἀπὸ
3587 2329 3661 2381 τώ

2068 2410 2278 2483 διπλόω,
2309 2416 2448 2487 quod
2484 2417 2785 2486 duplicetur
2819 2436 2832 2469 :
2864 2426 2918 2495 et
2964 2432 3125 2472 omne
3155 2416 3525 2472 indumentum
3550 2433 3660 2486 quo

2070 2506 2354 2577 dupliciter
2394 2506 2686 2576 ambimur,
2734 2507 2930 2577 diplois
2958 2507 3218 2577 appellari
3250 2517 3449 2578 potest.
3492 2507 3662 2561 Melo-

2072 2606 2163 2665 tze,
2214 2598 2267 2653 in
2313 2598 2516 2669 Regum
2565 2599 2725 2665 libro,
2770 2599 2925 2668 pellis
2963 2600 3213 2669 simplex,
3247 2615 3351 2670 qua
3407 2600 3658 2655 monachi

2072 2687 2310 2759 Egyptii
2348 2688 2509 2745 etiam
2542 2704 2685 2745 nunc
2716 2698 2961 2757 utuntur,
3003 2705 3070 2745 ex
3103 2705 3208 2745 uno
3237 2691 3412 2746 latere
3455 2690 3659 2760 depen-

2072 2780 2227 2836 dens.
2270 2780 2631 2847 Tlteristrum,
2675 2781 2730 2836 in
2767 2780 2986 2851 Genesi,
3037 2782 3177 2851 apud
3220 2783 3453 2848 Arabes,
3492 2796 3661 2852 genus

2073 2869 2218 2942 pallii
2266 2872 2562 2927 muliebris.
2614 2871 2990 2938 Periscelides,
3047 2873 3098 2927 in
3149 2873 3307 2942 Isaia,
3354 2882 3416 2928 ut
3444 2872 3663 2943 quidam

2074 2966 2281 3034 dicunt,
2310 2964 2448 3035 apud
2471 2962 2701 3021 feminas
2726 2980 2946 3021 crurum
2976 2973 3314 3021 ornamenta.

2681 3119 2908 3179 CAPUT
2958 3121 3055 3180 XI.

2504 3230 2579 3287 De
2606 3232 2782 3288 avibus
2812 3234 2893 3288 rel
2916 3234 3226 3290 volatilibus.

2145 3343 2447 3409 Pelicanus,
2477 3344 2588 3398 avis
2634 3358 2818 3413 parva,
2865 3360 2983 3414 quze
3013 3345 3303 3401 solitudine
3330 3346 3660 3403 delectatur.

2077 3434 2174 3491 Est
2197 3443 2253 3489 et
2278 3433 2419 3489 aliud
2451 3434 2814 3503 pelieanorum
2844 3449 3017 3504 genus
3040 3434 3094 3489 in
3124 3435 3263 3493 Nilo.
3298 3451 3441 3504 [tene
3475 3439 3663 3508 cygnis

2074 3525 2270 3591 simile,
2298 3524 2400 3579 nisi
2430 3523 2572 3594 quod
2602 3525 2759 3593 paulo
2788 3524 3021 3593 majores
3064 3535 3207 3580 sunt.
3234 3526 3466 3593 Quidam
3499 3529 3572 3581 iis
3602 3534 3660 3581 et

2078 3616 2421 3671 onocrotalos
2451 3624 2664 3670 vocant.
2710 3614 3055 3687 Nycticorax,
3086 3627 3322 3682 noctua;
3375 3618 3529 3672 multi
3565 3618 3662 3673 bu-

2076 3707 2272 3762 bonem
2326 3720 2447 3762 esse
2492 3706 2844 3762 contendunt.
2897 3707 3034 3762 Sunt
3072 3709 3237 3764 etiam
3284 3709 3373 3778 qui
3412 3719 3665 3764 asserunt

2074 3816 2195 3857 esse
2243 3800 2572 3856 Orientalem
2614 3784 2790 3864 avem,
2835 3815 2955 3870 quae
3001 3812 3289 3856 nocturnus
3331 3816 3526 3855 corvus
3568 3815 3665 3869 ap-

2074 3892 2323 3965 pelletur.
2358 3890 2485 3961 lbis,
2519 3892 2572 3945 in
2604 3891 2988 3957 Pentateucbo,
3018 3893 3134 3947 avis
3179 3892 3430 3963 Egyptia
3477 3894 3664 3948 obsce-

2075 3986 2246 4041 nitate
2271 3983 2381 4041 oris
2414 3982 2705 4047 immunda,
2750 3997 2856 4052 quo
2882 3985 3057 4038 alvum
3092 3999 3323 4054 purgare
3352 3986 3657 4039 consuevit.

2075 4075 2363 4143 Ilerodius,
2396 4076 2449 4129 in
2479 4075 2686 4144 psalmo
2717 4073 2837 4145 (Ps.
2882 4089 2997 4140 cm,
3029 4074 3146 4144 17),
3174 4074 3336 4129 ardea
3379 4090 3410 4129 a
3440 4075 3663 4144 quibus-

2074 4168 2197 4223 dam
2240 4173 2477 4237 putatur.
2523 4165 2714 4231 Larus,
2747 4165 2801 4220 in
2851 4165 3216 4222 Pentateucho
3258 4165 3399 4237 (Leu.
3445 4182 3520 4231 st,
3558 4165 3658 4231 16;

2076 4258 2232 4315 Deut.
2262 4272 2373 4325 xxv,
2407 4255 2517 4328 lii),
2550 4257 2760 4325 gaviam
2791 4256 3078 4326 signiﬁcat.

2143 4346 2480 4418 Cmnomyia,
2514 4360 2621 4401 non
2655 4360 2837 4400 musca
2866 4346 3078 4410 canina,
3119 4355 3177 4400 ut
3197 4346 3413 4415 quidam
3442 4354 3660 4418 putant,

2077 4442 2130 4496 in
2163 4441 2370 4511 psalmo
2400 4439 2519 4513 (Ps.
2550 4454 2756 4505 Lxxvtt,
2787 4442 2920 4508 etv),
2949 4439 3256 4510 accipienda
3283 4450 3387 4509 est,
3415 4425 3517 4495 sed
3544 4457 3662 4494 mu-

462 4505 736 4602 UluImLin
773 4504 928 4573 Isaia,
958 4504 1024 4559 ab
1052 4506 1194 4559 omni
1228 4504 1577 4560 translatione
1608 4506 1824 4562 nomine
1855 4507 1971 4576 ipso
2004 4510 2052 4571 υ
2075 4504 2504 4588 δοτιόηιηίηιωρ
2538 4548 2550 4583 ε
2577 4540 2632 4586 ει
2659 4504 2779 4586 ideo
2813 4504 2917 4585 ησή
2950 4504 3105 4602 ρετῇ
3137 4504 3659 4591 amcam'lmemm.

390 4598 615 4653 llebrtno
643 4596 739 4651 Iim
772 4597 1132 4668 appellantur.
1178 4596 1528 4666 Septuaginta
1570 4606 1775 4651 tantum
1808 4598 1974 4653 inter-

387 4698 568 4760 pretes
594 4704 695 4759 pro
725 4688 809 4743 his
855 4698 1255 4743 onocentauros
1302 4689 1353 4742 in
1386 4689 1741 4745 translatione
1778 4705 1973 4760 posue-

387 4789 534 4836 runt.
566 4779 703 4835 Sunt
732 4779 820 4849 qui
851 4778 1025 4833 ululas
1048 4787 1237 4847 putent
1266 4792 1393 4835 aves
1414 4792 1536 4835 esse
1567 4789 1878 4849 nocturnas,
1904 4782 1973 4838 ab

387 4873 592 4929 ululatu
621 4874 771 4927 vocis
816 4886 977 4942 quem
1017 4871 1267 4935 ellerunt,
1314 4886 1450 4943 quas
1492 4872 1653 4941 vulgo
1700 4887 1970 4928 cavannos

385 4971 591 5024 dicunt.
625 4966 834 5036 Lamia,
867 4979 1038 5035 genus
1069 4963 1316 5029 monstri,
1352 4972 1409 5019 ut
1438 4964 1653 5035 quidam
1674 4966 1964 5020 afﬁrmant.

388 5063 573 5130 Pilosi,
626 5060 680 5117 in
726 5059 880 5125 Isaia,
934 5072 1133 5131 genera
1178 5057 1505 5111 daemonum.
1564 5057 1673 5112 llos
1726 5058 1971 5112 nonnulli

386 5155 549 5209 etiam
604 5150 1038 5209 doctissimorum
1093 5147 1412 5213 incuboncs,
1470 5148 1556 5205 vel
1602 5159 1835 5222 satyros,
1880 5159 1974 5205 aut.

386 5243 651 5316 quosdam
682 5242 960 5299 silvestres
990 5240 1239 5296 homines
1273 5248 1613 5308 putaverunt.

996 5397 1226 5457 CAPUT
1264 5399 1336 5455 Χ.

996 5513 1075 5570 De
1113 5512 1357 5570 vestibus.

458 5626 670 5699 Ephod,
698 5628 862 5684 vestis
885 5626 1254 5695 sacerdotalis,
1287 5640 1407 5698 qua:
1429 5600 1965 5696 superindumcntutn

388 5720 470 5780 Vel
506 5721 949 5791 suferhumerale
992 5721 1311 5793 appellatur.
1366 5720 1460 5776 Est
1505 5728 1683 5775 autem
1730 5718 1875 5773 velut
1913 5720 1963 5773 in

2077 4623 2171 4679 sed
2204 4638 2300 4693 per
2324 4621 2657 4693 diphtongon
2701 4640 2745 4677 ae
2776 4623 2936 4679 scribi
2980 4623 3142 4679 debet
3171 4624 3350 4697 (Deut.
3396 4638 3509 4687 xtv,
3542 4622 3657 4691 13).

2073 4715 2352 4787 Cinipbes,
2380 4716 2614 4772 culicum
2645 4731 2811 4787 genus
2838 4725 2920 4771 est
2946 4716 3150 4771 aculeis
3179 4714 3585 4786 permolestum.

2668 4847 2893 4904 CAPUT
2943 4847 3056 4902 XII.

2518 4957 2595 5014 De
2621 4959 2792 5014 bestiis
2820 4958 2898 5013 vel
2927 4958 3216 5028 reptilibus.

2144 5074 2511 5140 Rhinoceron,
2545 5071 2655 5128 fera
2685 5070 2967 5138 terribilis,
2989 5071 3204 5141 gemina
3230 5069 3282 5124 in
3319 5067 3546 5123 naribus
3571 5082 3661 5139 ges

2070 5174 2222 5222 stans
2250 5180 2471 5220 Curtttta.
2503 5164 2846 5227 Monoceron,
2892 5162 2945 5216 in
2978 5161 3205 5232 psalmo,
3238 5160 3516 5214 unicornis
3561 5174 3661 5228 ap-

2073 5256 2325 5327 pellatur.
2368 5255 2758 5326 Trageluphus,
2810 5254 2863 5308 in
2893 5252 3189 5308 Deuteron.
3236 5252 3565 5318 platoceros,
3605 5249 3665 5304 id

2075 5357 2179 5413 est,
2221 5346 2481 5401 cornibus
2512 5344 2655 5400 latis.
2709 5343 2963 5411 Erinacii,
3002 5342 3297 5412 cbirogrilli
3346 5356 3665 5412 nuncupan-

2076 5448 2181 5504 tur,
2234 5453 2399 5509 prepe
2446 5437 2816 5509 magnitudine
2868 5436 3219 5492 mediocrium
3257 5435 3663 5500 cuniculorum.

2073 5532 2141 5587 de
2195 5530 2442 5588 cavernis
2507 5542 2776 5602 petrarum
2834 5532 3190 5603 procedentes
3242 5530 3550 5601 gregatim;
3607 5529 3666 5586 in

2071 5640 2261 5680 eremo
2291 5640 2409 5693 quae
2432 5632 2517 5680 est
2550 5632 2743 5679 contra
2775 5639 2921 5677 mare
2950 5624 3240 5688 Mortuum,
3268 5623 3662 5693 depascuntur.

2074 5716 2292 5808 lleﬁricii,
2335 5716 2425 5787 qui
2473 5724 2526 5771 et
2568 5715 2747 5773 echini
2779 5716 3051 5781 dicuntur,
3101 5717 3170 5771 ita
3213 5720 3443 5783 spinosa
3472 5714 3664 5771 defen-
