3932 6170
304 289 407 345 821

1309 287 1541 344 PASSIO
1581 288 1640 345 S.
1682 286 1993 343 MAURICII
2033 286 2118 342 ET
2160 284 2505 344 SOCIORUM
2548 283 2731 344 IiJIJS.

3479 293 3586 349 8'22

301 402 507 454 duntur
557 399 808 469 tegmine,
855 406 911 452 ut
958 413 1057 454 nec
1105 398 1341 469 contingi
1390 398 1607 454 cuidem
1648 408 1880 467 possmt.
1913 403 1961 463 Α
1987 397 2356 467 aspectando,
2389 396 2439 453 id
2464 407 2547 452 est
2572 396 2754 452 omnia
2788 397 3192 470 prospiciendo.
3227 402 3581 475 Ilontousion,

305 492 575 559 liruchus,
620 493 670 544 in
709 490 916 560 psalmo
944 490 1062 561 (Ps.
1097 504 1298 555 Lxxvu,
1339 493 1473 558 ειν),
1518 492 1743 546 locustae
1774 506 1892 562 qua:

302 583 547 638 nondum
581 581 785 648 volant,
814 596 973 651 quam
1004 581 1168 650 vulgo
1199 582 1379 635 olbam
1403 593 1617 636 vocant.

909 692 1134 749 CAPUT
1162 692 1300 749 XIII.

890 784 969 838 De
995 784 1324 853 ponderibus.

378 901 684 966 Talentum,
717 909 801 955 est
827 900 1005 969 pondo
1027 914 1160 965 1.x",
1183 896 1326 969 quod
1354 897 1553 953 faciunt
1577 915 1717 954 Lxxx
1741 899 1895 955 librae

302 993 520 1050 Atticae.
557 991 722 1061 Mica,
764 1000 847 1045 est
879 990 1014 1044 libra
1040 1005 1166 1056 una,
1197 998 1253 1045 et
1278 990 1576 1045 semuncia.
1607 989 1894 1059 Talentum

304 1084 476 1141 habet
504 1084 677 1140 minas
708 1098 797 1139 1.x.
844 1082 967 1138 bina
995 1080 1200 1147 Gnrce,
1251 1081 1444 1137 Latine
1489 1080 1632 1137 mina
1674 1081 1893 1137 dicitur.

307 1174 570 1230 Drachma
586 1171 1007 1241 habetscrupula
1026 1170 1395 1244 [ALscripula]
1410 1171 1534 1227 tria.
1550 1171 1892 1238 Didraehma,

302 1265 586 1322 drachma:
628 1265 751 1321 dum
788 1274 937 1320 sunt.
982 1262 1132 1320 Unde
1162 1265 1331 1320 miror
1364 1263 1637 1334 quomodo
1667 1265 1720 1319 in
1753 1264 1893 1320 libro

304 1356 689 1411 Ilebraicarum
703 1353 1069 1422 Quaestionum
1085 1354 1361 1421 semuncia
1380 1354 1667 1410 scribatur.
1691 1354 1891 1422 Stater,

302 1460 391 1503 est
422 1460 678 1501 nummus
706 1445 913 1501 habens
957 1445 1040 1516 (ut
1080 1443 1297 1514 quidam
1344 1443 1638 1517 afﬁrmant)
1682 1447 1891 1501 unciam

305 1555 504 1605 unam;
554 1540 608 1593 id
650 1546 755 1607 est,
803 1551 1001 1593 aureos
1043 1551 1173 1603 sex;
1223 1545 1282 1592 ut
1308 1537 1397 1592 alii
1428 1545 1639 1607 putant,
1673 1549 1803 1593 tres.
1833 1537 1890 1593 In

306 1629 602 1700 Evangelia
622 1629 768 1684 enim
796 1642 895 1696 pro
922 1627 1132 1683 duobus
1154 1628 1484 1684 didrachmis
1512 1638 1683 1685 stator
1709 1628 1889 1685 datur.

305 1722 474 1789 Sicel,
504 1722 595 1791 qui
619 1720 673 1776 In
724 1721 914 1776 Latina
944 1720 1130 1790 lingua
1166 1729 1421 1790 corrupte
1458 1721 1626 1777 siclus
1668 1720 1885 1789 dicitur,

304 1821 369 1866 ut
397 1813 451 1866 in
489 1811 891 1879 Quaestionibus
938 1811 1325 1882 suprascriptis
1371 1812 1675 1880 indicatur,
1717 1814 1889 1869 unciae

305 1900 520 1970 pondus
560 1900 739 1968 habet,
796 1906 853 1956 ut
896 1901 1027 1957 alibi
1069 1901 1334 1971 scriptum
1381 1903 1586 1973 reperi,
1636 1904 1888 1973 scrupula

304 1987 437 2062 [ΑΙ.
488 1987 755 2061 scripula]
782 1990 1004 2045 decem:
1037 1991 1179 2060 quod
1210 1998 1266 2045 et
1310 1991 1429 2059 ipse
1466 1991 1720 2048 arbitror.
1755 1990 1887 2046 Nam

302 2080 475 2138 siclus
494 2081 635 2151 ipse,
656 2082 742 2137 vel
770 2082 922 2150 sicel,
949 2083 1015 2138 de
1032 2084 1433 2154 propinquitate
1460 2085 1715 2155 ponderis
1735 2086 1887 2155 quasi

301 2173 550 2229 sicilicus
594 2181 772 2229 sonat.
819 2173 1023 2230 Obolus
1068 2184 1153 2229 est
1196 2175 1508 2244 scrupulum
1565 2174 1884 2243 dimidium,

300 2266 451 2334 quod
478 2264 605 2320 facit
629 2265 850 2336 siliquas
893 2274 1034 2325 tres:
1065 2264 1120 2321 in
1150 2266 1457 2323 Ezechiele.
1501 2268 1677 2325 Siclus
1705 2278 1885 2325 autem

304 2369 378 2408 xx
408 2353 596 2411 obolos
622 2354 807 2411 habet.

892 2422 1121 2481 CAPUT
1151 2424 1289 2481 XIV.

902 2512 977 2568 De
1014 2516 1285 2570 mensuris.

376 2624 567 2690 Corus,
617 2633 699 2681 est
749 2624 915 2680 modii
953 2642 1082 2681 xxx.
1132 2629 1320 2695 Batus,
1372 2630 1634 2698 amphora
1665 2646 1802 2699 una;
1833 2632 1885 2688 id

301 2727 391 2770 est
424 2716 588 2771 modii
614 2726 744 2772 tres.
794 2717 996 2785 Cadus,
1040 2718 1224 2775 Grreca
1271 2721 1529 2791 amphora
1575 2732 1680 2793 est,
1724 2725 1887 2782 habet

305 2821 474 2861 urnas
501 2817 627 2861 tres.
663 2806 824 2877 Ephi,
851 2809 965 2863 sive
995 2808 1158 2877 opha,
1188 2811 1352 2865 modii
1382 2820 1513 2868 tres.
1548 2813 1691 2884 Ερίιί
1738 2815 1882 2872 idem

303 2912 575 2952 mensurae
631 2896 790 2954 habet
832 2899 884 2952 in
936 2900 1127 2969 aridis,
1167 2902 1307 2970 quod
1355 2905 1410 2959 in
1462 2905 1677 2975 liquidis
1702 2908 1881 2965 batus.

304 2988 528 3045 Metreta
556 3005 685 3057 una,
714 3000 770 3046 ut
798 2991 1015 3061 quidam
1048 2993 1256 3062 dicunt,
1290 2997 1451 3053 habet
1472 3000 1732 3056 sextarios
1754 3016 1885 3056 cen-

304 3088 443 3135 tum.
474 3080 716 3144 Mensura
738 3091 914 3138 autem
936 3083 1122 3140 Grzece
1147 3088 1329 3165 μέτρον
1348 3088 1567 3159 dicitur,
1598 3092 1741 3148 unde
1768 3108 1884 3149 me—

305 3176 445 3224 treta
492 3171 810 3241 appellatur.
866 3172 1169 3230 Notandum
1220 3194 1370 3248 vero,
1427 3182 1570 3251 quod
1624 3197 1879 3241 mensura

302 3259 599 3316 Hebraeum
623 3277 826 3319 nomen
856 3273 961 3333 est,
991 3264 1209 3323 Artabre
1241 3270 1291 3324 in
1320 3271 1477 3338 Isaia,
1506 3273 1881 3347 Egyptiorum

304 3366 601 3419 mensurae,
650 3370 771 3425 quae
818 3365 928 3412 tres
972 3356 1170 3413 faciunt
1208 3363 1417 3419 modios
1456 3381 1512 3421 x.
1561 3365 1689 3424 Sata
1738 3368 1881 3426 idem

297 3453 432 3500 sunt
458 3444 597 3515 quod
639 3446 786 3516 ephi,
818 3448 871 3504 id
909 3460 992 3505 est
1019 3452 1183 3507 modii
1217 3463 1348 3510 tres.
1374 3456 1585 3514 'Gomor
1626 3476 1878 3518 mensura

303 3542 388 3588 est
415 3535 610 3603 Attica,
656 3538 859 3595 habens
890 3539 970 3612 (ut
1000 3543 1217 3611 quidam
1248 3547 1561 3619 opinantur)
1604 3554 1879 3610 chmnires

304 3633 435 3691 tres,
489 3625 543 3681 id
583 3636 668 3682 est
710 3631 975 3685 sextarios
1006 3648 1100 3687 xtl.
1150 3633 1254 3689 Alii
1286 3652 1477 3705 gomor
1506 3641 1691 3696 dicunt
1720 3648 1879 3712 paulo

298 3715 482 3770 minus
508 3731 537 3769 a
566 3720 825 3775 sextariis
852 3723 1123 3793 quinque:
1154 3727 1295 3795 quod
1331 3731 1491 3782 etiam
1518 3731 1631 3799 ipse
1656 3748 1874 3803 sequor,

299 3820 367 3860 eo
399 3807 543 3875 quod
587 3824 777 3878 gomor
807 3812 877 3866 sit
907 3814 1114 3869 decima
1145 3832 1267 3886 pars
1295 3819 1441 3888 ephi.
1469 3821 1638 3878 Nebel
1662 3826 1875 3895 quidam

297 3896 500 3953 Putant
526 3901 735 3955 modios
771 3912 901 3959 tres.
944 3906 1220 3964 Sextarius
1245 3920 1330 3966 est
1373 3912 1653 3971 dimidium
1684 3919 1876 3987 cotyla:

298 3985 354 4040 in
388 3987 577 4057 liquidi
608 3992 810 4059 specie.
843 3992 1050 4065 Cotyla,
1096 3996 1309 4054 hemina
1339 4011 1442 4057 est.
1486 4004 1541 4059 In
1568 3985 1872 4077 Ezechiele,

294 4077 520 4149 Decem,
550 4082 743 4153 inquit,
774 4086 965 4158 cotylae
988 4100 1112 4143 sunt
1136 4105 1344 4161 gomor.
1830 4082 1834 4086 ’

897 4202 1124 4260 CAPUT
1146 4201 1263 4261 XV.

769 4310 847 4368 De
878 4312 1069 4371 Graecis
1096 4319 1402 4375 nominibus.

2000 489 2155 541 unius
2181 488 2515 551 substantia.
2553 488 2957 557 lIomomusion,
3004 491 3200 547 similis
3248 494 3584 551 subatantim.

1995 578 2261 645 tlhristus,
2287 588 2502 634 unctus.
2538 576 2871 645 Paraclctus,
2905 582 3237 652 consolator,
3275 586 3393 641 sive
3422 587 3588 642 adm-

1997 680 2167 727 catus.
2198 671 2421 743 Ilagios,
2452 684 2695 728 sanctus.
2731 674 2988 744 Angelus,
3026 677 3268 732 nuntius.
3311 679 3560 735 Thronns

1996 763 2155 819 sedes
2204 764 2288 819 vel
2330 766 2551 820 solium.
2601 766 2916 835 APOSIUIUS,
2964 768 3186 835 missus,
3222 770 3344 825 ideo
3385 774 3528 841 quod
3556 789 3585 826 .1

1997 854 2228 911 Domino
2250 854 2320 911 ad
2358 857 2840 926 evangelizandum
2889 860 3038 914 missi
3090 870 3234 916 sunt.
3287 863 3582 933 Propheta,

1996 946 2306 1016 prmdictor.
2339 948 2629 1019 Martyres,
2662 958 2851 1009 testes.
2881 952 3205 1023 Episcopus,
3235 955 3585 1026 superimpo-

1994 1048 2155 1105 ctor;
2186 1050 2241 1095 et
2266 1041 2389 1097 ideo
2419 1042 2686 1113 propheta
2732 1044 2850 1098 ait:
2882 1043 3290 1116 Speculatorem
3340 1059 3391 1105 te
3432 1054 3584 1120 posui

1995 1128 2188 1185 domus
2211 1129 2397 1187 Israel.
2424 1132 2737 1204 Presbyter,
2771 1136 2976 1191 senior.
3010 1138 3298 1207 Diaconus,
3320 1141 3583 1198 minister.

1995 1221 2206 1288 Clerus,
2235 1237 2378 1279 sors.
2426 1223 2697 1291 Ecclesia,
2726 1227 2936 1280 vocatio
2967 1227 3049 1283 vel
3080 1229 3351 1285 collectio.
3379 1229 3582 1287 (ιδιιω.

1995 1311 2119 1380 lica,
2143 1314 2488 1379 universalis,
2507 1316 2723 1373 ἀπὸτοῦ
2746 1315 3158 1390 καθ’ὄλανμιιιοά
3176 1332 3258 1377 εει
3283 1322 3583 1379 secundum

1994 1412 2189 1461 totum.

2063 1495 2363 1569 Synagoga,
2392 1510 2721 1568 conventus,
2754 1502 2839 1558 vel
2868 1506 3238 1574 congregatio.
3294 1507 3580 1573 Ethnicus,

1990 1590 2226 1660 gentilis.
2254 1591 2565 1663 Ilypocrita,
2590 1592 2899 1651 simulator.
2951 1597 3188 1654 lla-rosis
3212 1639 3226 1665 ,
3256 1611 3423 1656 secta.
3469 1602 3585 1657 Μυ-

1994 1685 2221 1748 nachus,
2275 1686 2571 1741 solitarius.
2632 1688 2879 1758 Eremus,
2936 1690 3234 1750 desertum.
3293 1693 3578 1761 Paroecia,

1924 1788 1962 1846 Β
1992 1774 2241 1845 adjacens
2269 1776 2483 1843 domus,
2514 1779 2722 1834 scilicet
2752 1779 2868 1835 Dei.
2902 1781 3159 1837 Dimcesis
3178 1823 3194 1850 ,
3227 1786 3577 1853 gubernatio:

1992 1866 2177 1922 ethoc
2222 1882 2331 1923 non
2382 1870 2680 1924 secundum
2728 1872 3114 1941 proprietatem
3163 1882 3217 1929 et
3258 1884 3579 1945 potestatem

1991 1959 2160 2028 verbi,
2182 1960 2275 2016 sed
2289 1963 2587 2017 secundum
2602 1963 2874 2020 ell'ectum.
2902 1964 3114 2034 Laicus,
3140 1983 3207 2035 po
3217 1969 3419 2036 pularis
3437 1986 3450 2031 ;
3476 1972 3580 2026 ἀπὸ

1989 2057 2079 2106 τοῦ
2109 2051 2249 2119 λαοῦ,
2294 2052 2397 2108 hoc
2419 2060 2523 2120 est,
2555 2069 2584 2108 a
2630 2056 2852 2124 papulo.
2893 2054 3345 2127 Cateehumenus,
3383 2061 3581 2117 instru-

1990 2151 2134 2211 ctus,
2182 2143 2296 2199 sive
2340 2145 2590 2201 audiens.
2632 2147 2974 2220 Νεοριιθιυς,
3018 2151 3235 2207 novella
3290 2154 3576 2221 plantatio.

1990 2232 2397 2302 Baptisterium,
2425 2236 2757 2291 tinctorium.
2790 2239 3205 2308 Ilolocaustum,
3237 2252 3409 2299 totum
3434 2260 3580 2300 com-

1990 2322 2236 2390 bustum;
2270 2325 2414 2392 ideo,
2460 2326 2582 2395 quia
2620 2330 2831 2400 integra
2878 2331 3051 2386 hostia
3085 2334 3193 2403 igni
3225 2336 3419 2391 tradita
3448 2351 3581 2392 con-

1988 2417 2328 2473 sumebatur.
2359 2418 2639 2488 Chrisma,
2696 2423 2898 2479 unctio.
2948 2424 3332 2496 Eueharistia,
3381 2431 3578 2498 gratia.

1987 2508 2325 2580 Symbolum,
2371 2512 2615 2582 collatio,
2664 2523 2756 2568 aut
2812 2523 3047 2584 pactum,
3076 2518 3163 2573 vel
3195 2520 3578 2589 complacitum

1986 2599 2129 2669 quod
2150 2600 2225 2655 sit
2246 2601 2449 2658 homini
2474 2618 2595 2658 cum
2622 2604 2753 2660 Deo.
2772 2606 3036 2678 Ilymnus,
3056 2623 3271 2664 carmen
3295 2610 3347 2664 in
3365 2612 3579 2667 laudem

1987 2688 2107 2765 Dei.
2137 2691 2471 2763 Antiphone,
2503 2710 2604 2750 vox
2635 2697 2932 2768 reciproca.
2961 2699 3393 2769 Pentateucbus,
3423 2704 3582 2773 quin-

1987 2798 2095 2854 que
2126 2785 2433 2853 volumina;
2462 2787 2515 2843 id
2543 2798 2646 2853 est,
2699 2789 2867 2860 Moysi
2898 2790 3020 2846 libri
3059 2793 3328 2863 quinque:
3363 2795 3432 2851 de
3461 2797 3582 2866 qui-

1987 2875 2090 2932 bus
2110 2876 2243 2933 dicit
2273 2880 2567 2948 Apostolus
2588 2882 2826 2952 quinque
2848 2884 3026 2939 verbis
3056 2885 3195 2942 velle
3215 2901 3277 2943 se
3305 2887 3358 2942 in
3390 2888 3577 2946 Eccle—

1985 2967 2066 3020 sia
2107 2968 2273 3037 loqui.
2298 2970 2537 3038 Exodus,
2571 2972 2779 3040 exitus,
2805 2974 2887 3029 vel
2928 2989 3202 3045 egressus,
3242 2979 3453 3037 scilicet
3482 2996 3580 3051 po-

1989 3056 2098 3123 puli
2126 3057 2310 3113 Israel.
2340 3059 2847 3129 Deuteronomium,
2900 3065 3139 3120 secunda
3192 3067 3316 3135 lex;
3359 3069 3415 3125 in
3462 3087 3574 3141 quo

1910 3153 1956 3217 ο
1984 3157 2070 3203 εει
2103 3152 2432 3221 evangelica:
2476 3152 2613 3223 legis
2652 3155 3040 3226 praeliguratio.
3097 3159 3569 3231 Paralipomenon.

1987 3241 2412 3313 prmmissorum,
2436 3244 2523 3300 vel
2550 3246 2879 3316 reliquorum
2906 3263 2921 3314 ;
2954 3248 3007 3304 id
3031 3259 3135 3313 est,
3160 3253 3301 3321 quod
3332 3252 3575 3309 historia:

1982 3332 2117 3388 inibi
2155 3336 2552 3403 contineantur,
2588 3354 2710 3409 qua:
2741 3340 2793 3395 in
2827 3341 3032 3412 Regum
3059 3344 3210 3400 libris
3242 3349 3574 3416 praetermis-

1980 3439 2059 3480 sa:
2083 3436 2229 3482 sunt.
2262 3428 2638 3500 Evangelium,
2666 3433 2815 3489 bona
2843 3436 3197 3500 annuntiatio,
3233 3438 3351 3493 sive
3374 3439 3571 3495 bonum

1982 3518 2252 3572 nuntium.
2311 3521 2696 3592 Apocalypsis,
2745 3526 3030 3581 revelatio.
3086 3525 3568 3599 Gazophylacium,

1980 3606 2288 3662 divitiarum
2318 3610 2594 3677 custodia,
2625 3615 2984 3682 compositum
3018 3616 3084 3670 de
3130 3617 3305 3686 lingua
3350 3619 3569 3676 Persica

1980 3698 2264 3753 etGrteca.
2305 3699 2581 3770 Synodus,
2627 3704 2867 3772 comitia,
2898 3706 2981 3762 vel
3012 3715 3210 3762 cmtus.
3240 3709 3446 3779 Canon,
3484 3729 3570 3768 re-

1977 3780 2121 3859 gula.
2148 3791 2418 3859 Teuchos,
2448 3795 2721 3849 volumen.
2758 3798 3103 3870 Apocrypha,
3146 3804 3448 3871 recondita,
3480 3808 3565 3861 vel

1977 3881 2209 3938 occulta.
2237 3882 2498 3951 Hexapla,
2543 3888 2891 3957 sexeuplieia.
2926 3890 3212 3961 ApoIOgia,
3245 3898 3561 3951 excusatio:

1978 3971 2121 4028 unde
2143 3973 2509 4044 apologcticus
2549 3978 2885 4048 appellatur:
2916 3982 3002 4037 vel
3050 3984 3192 4039 sicut
3233 3987 3561 4055 quibusdam

1966 4064 2210 4161 bvidetur,
2242 4069 2514 4137 purgatio,
2546 4084 2643 4125 seu
2674 4071 2934 4129 defensio.
2986 4077 3270 4147 Anagoge,
3315 4082 3565 4150 superior

1977 4158 2193 4211 Sensus.
2222 4158 2543 4231 Tropologia
2564 4203 2578 4227 ,
2612 4163 2836 4220 moralis
2865 4165 3238 4236 intelligentia.
3270 4169 3556 4237 Parabola,

1976 4246 2289 4304 similitudo.
2315 4248 2796 4322 Anacepbaleosis,
2821 4257 3218 4325 recapitulatio.

2048 4339 2221 4394 Habes
2246 4344 2573 4412 opusculum,
2605 4344 2686 4412 fili
2716 4348 2787 4400 mi
2825 4346 3143 4415 charissima,
3178 4352 3231 4405 in
3263 4369 3414 4408 omne
3454 4355 3564 4424 fere

1977 4428 2366 4502 Scripturarum
2382 4448 2568 4505 corpus
2586 4437 2735 4502 quasi
2760 4437 3022 4506 quoddam
3035 4438 3391 4510 intelligentia:
3409 4446 3563 4499 semi-

286 4504 415 4559 quze
460 4491 720 4549 Ecclesia:
768 4511 863 4552 ore
893 4500 1165 4555 celebrata
1198 4501 1251 4557 in
1283 4519 1591 4562 sermonem
1632 4524 1870 4567 nnsmrm
1902 4516 1950 4575 ι)
1977 4491 2202 4587 narium,
2229 4537 2332 4590 quo
2357 4522 2409 4575 in
2438 4491 2637 4579 duobus
2658 4525 3001 4582 voluminibus
3021 4544 3124 4584 non
3149 4546 3357 4601 parum,
3389 4544 3444 4587 ut
3474 4551 3564 4589 ar-

286 4592 682 4638 convertuntur
709 4602 772 4639 ex
795 4586 1004 4657 Graeco,
1034 4591 1076 4644 Τ
1082 4594 1232 4661 heos,
1262 4594 1425 4651 Deus.
1451 4597 1629 4655 Theos
1661 4614 1866 4673 autem,

286 4680 345 4725 ut
374 4677 731 4740 quorumdam
758 4680 941 4748 Opinio
968 4683 1149 4751 habet,
1180 4687 1281 4742 διπό
1301 4696 1392 4743 τοῦ
1421 4692 1649 4764 οεάομαι,
1683 4696 1731 4750 id
1765 4707 1867 4765 est,

1972 4608 2152 4676 bitror,
2178 4613 2525 4669 instructionis
2552 4616 2625 4671 ad
2666 4618 2982 4674 edocendum
3010 4628 3080 4684 te.
3126 4638 3191 4678 es
3224 4624 3374 4679 rebus
3404 4628 3561 4682 uariis

1981 4704 2379 4774 necessariisque
2414 4708 2667 4779 congessi.

289 4811 3543 4868 MM

1222 4946 1852 5051 RUINARTII
1924 4958 2605 5047 ADMONITIO

774 5091 842 5144 IN
876 5095 1223 5150 PASSIONEH
1255 5100 1636 5157 SANCTOBUM
1669 5108 1955 5162 MAURICII
1985 5111 2068 5163 ET
2100 5111 2420 5167 SOCIORUH
2452 5117 2627 5182 EJUS,
2662 5118 3035 5171 MARTYRUI.

356 5211 809 5292 I.__Jam_priden_1
836 5232 864 5272 a
891 5218 1183 5292 Laurentio
1209 5222 1390 5292 Surio,
1419 5228 1520 5284 sub
1548 5231 1723 5287 sancti
1762 5232 1871 5288 Eu-

282 5284 458 5363 cherii
500 5284 739 5355 episcopi
784 5287 1155 5363 Lugdunensis
1204 5284 1452 5363 nomine,
1484 5302 1625 5355 edita
1658 5284 1874 5358 iubati:

282 5355 419 5443 facta
447 5363 757 5443 sanctorum
789 5355 1030 5414 Mauricii
1061 5370 1114 5417 et
1138 5355 1591 5443 sociorumejus;
1619 5355 1871 5443 sedquie

283 5423 377 5502 ita.
388 5438 580 5502 parum
612 5426 711 5502 sibi
738 5440 1069 5498 constarent,
1103 5443 1160 5485 ut
1179 5435 1302 5502 jure
1331 5423 1524 5494 meiiio
1543 5423 1730 5498 a'v'iris
1751 5423 1874 5499 Eia".

280 5491 412 5548 ditis
443 5496 580 5584 inter
611 5491 1202 5584 falsuet‘supposititia
1225 5491 1575 5584 haberentur:
1612 5491 1870 5584 ’ἐξενιιᾶ-

281 5578 394 5646 que
432 5565 575 5646 apud
609 5565 979 5646 Mombritiuin
998 5613 1013 5636 ,
1047 5575 1208 5646 paulo
1244 5578 1462 5646 Quidem
1505 5565 1873 5640 ermendatjiora

281 5634 745 5715 exstabant;_sed
775 5634 1074 5715 inuam—en
1113 5634 1468 5715 interpolata,

287 5703 636 5775 Lugdunensi
662 5711 883 5768 attribui
911 5728 1017 5769 non
1050 5703 1293 5785 posseui.
1347 5703 1502 5779 Unile
1523 5703 1873 5785 ’dcﬁiai'i'éiéé

1975 5237 2075 5292 viri
2123 5240 2362 5327 graviter
2411 5240 2693 5304 ferebant,
2726 5245 2867 5327 quod
2903 5256 3006 5327 tam
3040 5248 3323 5327 illustrium
3355 5265 3556 5327 marty-

1974 5323 2094 5362 rum
2120 5314 2254 5388 ﬁcta
2285 5327 2541 5380 germana
2572 5323 2666 5388 aut
2697 5314 2991 5388 deperdita
3040 5320 3261 5374 fuissent
3284 5362 3300 5388 ,
3334 5332 3426 5378 aut
3450 5314 3555 5378 sa'l-

1977 5380 2188 5461 tetn_ita
2221 5379 2511 5461 depravata
2535 5393 2589 5439 et
2616 5379 2796 5437 vitiata
2820 5428 2834 5450 ,
2876 5388 3181 5461 ut__nullam
3228 5379 3385 5446 Iidem
3416 5398 3557 5461 apud

1976 5450 2231 5504 eordatos
2268 5452 2512 5508 homines
2541 5463 2899 5509 mererentur.
2939 5457 3131 5511 Verum
3182 5461 3296 5516 haec
3338 5462 3428 5515 diu
3456 5450 3559 5517 ’ἀιτο

1977 5520 2211 5591 siderata
2233 5521 2365 5576 Acta
2400 5526 2600 5591 reperit
2632 5525 2843 5578 tandem
2867 5526 2931 5579 R.
2949 5526 3008 5580 P.
3034 5528 3220 5583 Petrus
3243 5530 3560 5589 Franciscus

1976 5589 2305 5672 Chil‘lletius,
2333 5589 2606 5672 societatis
2634 5593 2767 5672 Iesu
2780 5599 3092 5672 presbyter,
3114 5600 3167 5653 in
3191 5603 3410 5672 antiquo
3432 5607 3557 5662 cod.

1980 5675 2081 5741 ms.
2106 5662 2447 5741 celeberrimi
2481 5664 2793 5741 monasterii
2833 5662 3094 5741 .IUI‘CIISIS,
3134 5662 3383 5741 eaque'in
3414 5673 3557 5728 l’au-

1981 5731 2074 5785 lini
2099 5732 2340 5788 illustrati
2390 5745 2538 5805 parte
2569 5736 2743 5805 prima
2777 5736 3048 5808 vulgavit;
3081 5731 3154 5795 ad
3182 5731 3337 5813 quam
3368 5744 3553 5802 editio-
