3932 6170
262 308 365 371 ’ἒἳο

1190 304 1427 363 PASSIO
1466 303 1523 361 S.
1565 302 1874 361 MAURICII
1916 302 2001 357 ΕΤ
2039 299 2381 359 SOCIOBUM
2423 304 2605 362 EJUS.

3416 312 3519 371 830

346 429 488 483 circa
516 425 838 481 Octodorum
868 422 1059 479 itinere
1099 425 1270 478 lessus
1298 422 1515 478 tenebat
1546 440 1558 475 :
1592 421 1681 477 ubi
1710 435 1830 476 cum
1864 427 1909 481 Α
1938 432 2346 490 prrecesserant.
2388 423 2669 492 Flagrabat
2707 425 2849 480 enim
2878 427 2988 496 jam
3021 434 3146 483 tunc
3177 429 3229 483 in
3266 427 3519 484 beatissi-

392 538 431 573 ~r
456 521 669 575 nuntios
695 520 923 574 delatum
950 530 1093 575 esset
1124 519 1388 588 legionem
1428 520 1565 574 hanc
1587 518 1842 573 adtersus

464 621 515 665 ta
554 613 700 681 regia
744 610 1002 665 rebellem
1046 610 1095 663 in
1137 610 1547 664 Acaunensibus
1582 607 1843 678 angustiis

512 715 587 768 se,
622 703 675 754 in
704 708 729 737 ι
752 701 984 754 furorem
1010 699 1262 754 instinctu
1288 698 1668 768 indignationis
1689 713 1846 752 exar-

572 789 644 842 ihi
674 789 983 859 priusquam
1011 789 1213 858 reliqua
1240 803 1679 855 commemorem,
1711 787 1844 841 situs

614 879 796 933 'ationi
826 878 1149 934 inserendus
1177 880 1408 934 videtur.

680 986 693 1013 τ
724 969 1008 1039 sexaginta
1031 969 1199 1024 ferme
1226 969 1460 1023 millibus
1484 982 1512 1023 a
1543 966 1843 1025 Genavensi

662 1060 1050 1130 ,uatuordecim
1080 1074 1208 1114 vero
1238 1060 1479 1114 millibus
1509 1059 1674 1114 distat
1702 1074 1728 1111 a
1757 1074 1847 1113 ca-

550 1151 688 1204 .tnni
728 1150 876 1205 lacus
900 1190 914 1214 ,
943 1165 1100 1220 quem
1132 1149 1303 1205 inﬂuit
1330 1149 1641 1205 Rhodanus.
1677 1151 1848 1205 Locus

447 1258 514 1294 ,ιη
538 1240 679 1294 inter
704 1239 894 1308 Alpina
918 1238 1041 1308 juga
1064 1239 1116 1293 in
1138 1239 1279 1295 valle
1298 1240 1432 1294 situs
1454 1250 1569 1294 est:
1594 1240 1660 1294 ad
1687 1254 1844 1309 quem

322 1329 619 1400 .rgentibus
656 1327 861 1383 dil'llcili
902 1329 1126 1383 transitu
1165 1343 1412 1398 asperum
1454 1338 1611 1398 atque
1639 1339 1845 1384 arctum

261 1424 368 1479 iter
390 1422 659 1492 panditur.
680 1420 909 1476 Infestus
935 1437 1163 1492 namque
1185 1422 1476 1479 Rhodanus
1490 1423 1669 1477 saxosi
1690 1438 1843 1478 mon-

264 1513 336 1566 tis
365 1511 636 1567 radicibus
666 1511 749 1565 vix
778 1512 1017 1580 pervium
1057 1513 1325 1567 viantibus
1350 1511 1377 1551 δ
1406 1528 1654 1584 aggerem
1686 1513 1849 1567 relin-

260 1606 399 1675 quit.
452 1603 653 1660 l'lvictis
701 1605 1137 1674 transmissisque
1175 1606 1541 1674 angustiarum
1581 1605 1845 1670 faucibus,

258 1698 441 1754 subito
468 1712 566 1753 nec
592 1696 814 1766 exiguus
840 1698 978 1752 inter
999 1698 1259 1752 montium
1292 1711 1452 1767 rupes
1475 1713 1695 1767 campus
1722 1712 1849 1765 ape-

1944 530 2047 570 mts
2072 515 2200 570 viris
2221 516 2463 587 martyrii
2491 516 2758 586 gloriosus
2787 517 2973 572 ardor.
3000 519 3090 572 llis
3116 506 3295 589 itaque
3322 519 3523 589 primo-

1944 607 2094 662 ribus
2136 607 2248 662 suis
2277 616 2435 678 atque
2476 609 2786 664 auctoribus
2828 608 2847 647 ί
2887 611 3149 678 animati,
3199 612 3523 669 Maximiano

1944 695 2151 750 insania
2181 696 2355 753 adhuc
2383 699 2628 752 aestuanti
2676 699 2924 752 mandata
2970 701 3212 764 mittunt,
3246 702 3385 755 sicut
3412 704 3519 771 pia,

1945 784 2016 838 ita
2042 794 2095 840 et
2126 784 2283 839 fortia
2305 831 2318 855 ,
2342 802 2460 855 qua:
2486 786 2734 842 feruntur
2761 788 2927 842 fuisse
2961 789 3011 842 in
3042 792 3180 844 hunc
3212 791 3450 845 modum.

2016 874 2210 929 Milites
2229 891 2426 941 sumus,
2449 877 2745 945 imperator,
2767 878 2836 930 tui
2857 892 2877 942 ,'
2897 877 2988 932 sed
3017 886 3185 931 tamen
3207 881 3359 947 servi,
3387 880 3524 949 quod

1945 964 2102 1019 libere
2126 966 2447 1032 conﬁtemur,
2484 965 2596 1019 Dei.
2628 966 2742 1020 Tibi
2770 968 3007 1021 militiam
3039 968 3295 1036 debemus,
3323 970 3402 1023 illi
3439 971 3523 1023 in-

1947 1057 2265 1121 nocentiam;
2292 1073 2324 1109 a
2353 1067 2402 1110 te
2428 1058 2740 1126 stipendium
2778 1058 2966 1112 laboris
2993 1061 3300 1131 accepimus,
3332 1060 3395 1114 ab
3430 1060 3525 1114 illo

1944 1147 2062 1200 vita
2082 1147 2350 1201 exordium
2370 1148 2700 1217 sumpsimus.
2728 1148 2886 1217 Sequi
2914 1159 2960 1202 te
2978 1151 3331 1220 imperatorem
3355 1151 3410 1203 in
3431 1150 3525 1203 hoc

1947 1255 2265 1309 nequaquam
2290 1256 2579 1309 possumus,
2603 1248 2660 1293 ut
2681 1249 2941 1294 auctorem
2968 1259 3073 1312 neg;
3094 1259 3203 1295 mus
3227 1243 3410 1309 Deum,
3426 1245 3526 1298 uti-

1946 1344 2044 1399 que
2071 1339 2325 1383 auctorem
2353 1340 2601 1393 nostrum,
2634 1330 2928 1396 Dominum,
2963 1344 3243 1397 auctorem,
3276 1332 3398 1387 velis
3435 1350 3527 1387 no-

1948 1419 2030 1482 lis,
2063 1425 2111 1471 et
2151 1426 2312 1471 tuum.
2349 1418 2409 1474 Si
2439 1435 2538 1473 non
2564 1419 2633 1472 ad
2678 1432 2781 1473 tam
2825 1422 3026 1491 funesta
3068 1421 3441 1493 compellimur,
3472 1435 3527 1477 ut

1949 1508 2083 1561 hunc
2108 1507 2449 1574 offendamus,
2479 1510 2587 1571 tibi,
2618 1520 2672 1563 ut
2693 1513 2902 1580 fecimus
2932 1511 3194 1576 hactenus,
3227 1514 3396 1568 adhuc
3425 1531 3521 1583 pa-

1947 1600 2164 1653 rebimus
2187 1617 2206 1664 ;
2240 1602 2316 1653 sin
2345 1602 2511 1667 aliter,
2552 1602 2631 1655 illi
2681 1603 2969 1671 parebimus
3017 1606 3183 1673 petius
3223 1622 3373 1673 quant
3414 1607 3522 1660 tibi.

1954 1687 2229 1757 Oﬂ'erimus
2274 1702 2473 1744 nostras
2505 1694 2558 1744 in
2598 1693 2867 1761 quemlibet
2902 1694 3096 1746 hostem
3131 1712 3349 1759 manus;
3400 1713 3526 1765 quas

261 1792 420 1846 ritur.
473 1790 529 1843 ln
571 1792 671 1885 hac
707 1790 845 1858 legio
882 1798 1063 1843 sancta
1096 1789 1435 1843 consederat.
1485 1788 1680 1858 Igitur,
1711 1788 1849 1843 sicut
1878 1785 1923 1843 B
1948 1782 2195 1853 sanguine
2220 1782 2564 1835 innocentium
2593 1793 2863 1836 cruentare
2892 1787 3034 1853 nefas
3056 1785 3308 1837 ducimus.
3344 1785 3528 1838 Dexte-

257 1898 428 1952 supra
483 1881 755 1946 diximus,
801 1882 1017 1951 cognito
1083 1881 1434 1937 Maximianus
1488 1881 1843 1937 Thebxorum

256 1988 543 2043 responso,
568 1974 826 2043 prmcipiti
849 1975 925 2027 ira
955 1973 1214 2040 fervidus,
1240 1975 1308 2029 ob
1332 1974 1574 2044 neglecta
1598 1974 1842 2044 imperia,

257 2064 531 2119 decimum
559 2079 828 2134 quemque
864 2080 929 2119 ex
973 2064 1161 2119 eadem
1201 2065 1411 2135 legione
1441 2076 1462 2104 ο
1490 2065 1672 2135 gladio
1698 2064 1844 2122 feriri

258 2152 448 2223 jubet,
496 2167 602 2222 quo
649 2152 855 2207 facilius
903 2153 1087 2208 caueri
1136 2155 1296 2222 regiis
1344 2155 1626 2224 prmceptis
1673 2154 1845 2210 territi

258 2252 412 2298 metu
439 2243 693 2297 cederent
720 2260 735 2294 :
770 2242 1253 2313 redintegratisth
1282 2242 1565 2311 mandatis,
1595 2243 1759 2299 edicit
1789 2252 1847 2298 ut

259 2332 459 2401 reliqui
510 2332 562 2386 in
606 2333 1041 2399 persecutionem
1084 2332 1512 2388 ChriStianorum
1562 2344 1843 2405 cogantur.

267 2420 371 2476 Ubi
413 2436 542 2476 vero
571 2421 639 2475 ad
680 2419 943 2475 Thebanos
981 2421 1315 2477 denuntiatio
1351 2424 1539 2476 iterata
1580 2426 1841 2491 pervenit,

259 2511 645 2582 cognitumque
678 2512 746 2567 ab
776 2512 852 2567 eis
883 2520 964 2566 est
996 2512 1198 2582 injungi
1233 2512 1333 2567 sibi
1376 2528 1585 2566 rursum
1620 2527 1845 2567 exsecu-

261 2601 440 2657 tiones
469 2600 724 2671 profanas
748 2641 762 2664 ,
810 2600 1120 2655 vociferatio
1165 2602 1363 2670 passim
1403 2617 1466 2656 ac
1502 2602 1760 2657 tumultus
1792 2602 1844 2656 in

259 2693 458 2747 castris
482 2693 724 2746 exoritur
746 2691 1121 2746 affirmantium
1154 2708 1440 2762 numquam
1464 2709 1523 2749 se
1544 2695 1634 2748 ulli
1658 2694 1711 2748 in
1736 2695 1849 2748 hac

263 2790 377 2837 tam
409 2781 670 2851 saerilega
697 2782 992 2837 ministeria
1021 2796 1305 2846 cessuros;
1339 2784 1596 2837 idolorum
1626 2783 1845 2851 profana

255 2886 481 2939 semper
537 2870 941 2935 detestaturos,
1002 2886 1170 2927 sacra:
1224 2883 1276 2926 et
1326 2872 1520 2926 divinae
1576 2872 1848 2944 religionis

260 2960 435 3014 cultui
468 2960 778 3026 instituros;
812 2976 974 3014 unum
1008 2976 1067 3015 se
1093 2961 1408 3016 mternitatis
1440 2962 1605 3016 Deum
1632 2963 1844 3028 calere;

259 3058 509 3106 extrema
546 3052 777 3117 experiri
825 3050 993 3105 satius
1034 3067 1155 3106 esse
1197 3067 1353 3122 quam
1394 3053 1653 3107 adversus
1692 3052 1846 3107 Chri-

259 3142 496 3197 Stianam
539 3141 696 3196 fidem
730 3140 935 3196 venire.
984 3142 1079 3196 llis
1106 3143 1298 3198 deinde
1321 3144 1615 3212 compertis
1639 3185 1653 3206 ,
1684 3143 1851 3198 Maxi-
1878 3112 1920 3174 δ

261 3229 481 3284 mianus
505 3231 649 3283 omni
682 3230 855 3289 bellua
891 3234 1181 3299 cruentior,
1217 3248 1403 3286 rursus
1439 3234 1504 3287 ad
1539 3234 1737 3303 ingenii
1769 3233 1849 3289 sui

261 3320 528 3374 secvitiam
551 3321 713 3385 redit,
743 3329 903 3391 atque
930 3321 1155 3391 imperat
1182 3331 1240 3377 ut
1268 3324 1459 3378 iterum
1487 3322 1725 3379 decimus
1753 3339 1847 3378 eo-

262 3425 388 3465 rum
417 3410 575 3465 morti
604 3410 779 3479 detur,
815 3421 867 3466 et
896 3413 1077 3467 ca'teri
1108 3413 1456 3468 nihilominus
1497 3414 1563 3469 ad
1595 3415 1709 3469 hau:
1732 3430 1852 3484 qua!

258 3513 585 3574 spreverant
628 3507 1100 3576 compellerentur.
1147 3508 1352 3575 Quibus
1388 3508 1551 3579 jussis
1591 3510 1768 3565 denuo
1798 3512 1849 3564 in

263 3607 447 3653 castra
476 3599 693 3668 perlatis
716 3640 733 3665 ,
767 3609 1079 3668 segregatus
1123 3608 1205 3654 est
1249 3609 1409 3669 atque
1451 3616 1735 3668 percussus
1761 3602 1849 3669 qui

261 3691 513 3745 decimus
551 3701 699 3745 sorte
739 3690 1057 3755 obvenerat;
1109 3692 1309 3761 reliqua
1356 3707 1484 3745 vero
1526 3706 1586 3746 se
1627 3693 1849 3746 militum

262 3781 555 3835 multitudo
586 3791 769 3835 mutuo
801 3797 1051 3837 sermone
1079 3783 1370 3853 instigabat
1406 3791 1461 3836 ut
1496 3782 1549 3837 iu
1580 3790 1683 3836 tam
1716 3798 1851 3851 pra:-

263 3873 420 3930 claro
451 3889 613 3941 apere
640 3875 1009 3943 persisterent.

338 3965 431 4020 IV.
473 3964 882 4020 incitamentum
928 3975 1104 4022 tamen
1149 3966 1438 4021 maximum
1499 3964 1619 4020 fidei
1660 3966 1712 4020 in
1761 3966 1850 4019 illo

268 4071 522 4128 tempore
573 4074 739 4128 penes
794 4069 1040 4114 sanctum
1086 4060 1395 4115 Mauricium
1439 4060 1570 4126 fuit,
1609 4055 1637 4097 ἀ
1670 4060 1852 4129 primi-

262 4149 474 4204 ceriutn
515 4159 668 4213 tunc,
706 4150 842 4204 sicut
880 4149 1136 4216 traditur,
1178 4150 1402 4219 legionis
1443 4150 1581 4218 ejus,
1610 4149 1847 4219 quicum

264 4240 590 4307 Exsuperio,
616 4250 669 4293 ut
697 4240 749 4294 in
773 4241 1014 4295 exercitu
1037 4241 1326 4310 appellant,
1351 4241 1769 4311 campidoctore,
1797 4252 1851 4297 et

266 4342 291 4369 ⁸
319 4330 564 4386 Candida
593 4340 847 4387 senatore
876 4333 1123 4401 militum,
1147 4332 1493 4397 accendebat,
1519 4330 1849 4387 exhortando

261 4421 509 4492 singulos
554 4431 607 4476 et
652 4421 920 4478 monendo
962 4422 1158 4487 ﬁdem;
1209 4422 1631 4476 commilitonum
1685 4422 1845 4476 etiam

260 4522 561 4584 martyrum
586 4515 829 4583 exempla
855 4514 1125 4584 ingerens,
1152 4529 1245 4583 pro
1266 4524 1601 4567 sacramento
1626 4512 1843 4577 Christi,

261 4621 364 4675 pro
392 4606 589 4661 divinis
619 4606 857 4677 legibus,
889 4606 934 4660 si
962 4606 1032 4659 ita
1063 4606 1355 4660 necessitas
1382 4606 1565 4673 ferret,
1599 4605 1846 4659 omnibus

263 4684 606 4751 moriendum
638 4697 929 4763 suadebat,
965 4694 1376 4766 sequettdosque
1410 4694 1731 4749 admonebat
1758 4708 1845 4748 so-

261 4789 381 4844 cios
411 4787 533 4842 illos
572 4795 626 4842 et
664 4788 1078 4843 contubernales
1124 4801 1252 4842 suos
1294 4786 1385 4858 qui
1424 4786 1532 4856 jam
1563 4786 1615 4841 in
1645 4787 1843 4843 cmlum

339 5016 369 5116 ἒ
404 5006 539 5116 god.
791 5011 960 5079 furore
979 5009 1248 5064 instinctus
1273 5010 1623 5080 indignatione
1642 5010 1852 5066 exarsit.

438 5094 574 5116 -ΩΡΙη
696 5094 749 5116 ρι’

343 5077 369 5116 δ
660 5078 672 5090 .
792 5077 799 5079 ν
1387 5077 1401 5080 -

343 5158 367 5186 ε
409 5077 908 5215 gtfbgiibiiigapud
950 5148 1218 5205 Romanos
1263 5150 1536 5203 usitatum.
1592 5147 1851 5212 Exempla

264 5219 479 5289 aliquot
498 5218 663 5289 relert
681 5218 939 5274 Baronius
964 5221 1017 5272 in
1048 5221 1186 5273 uotis
1217 5220 1283 5273 ad
1309 5218 1742 5289 Martyrologium
1765 5219 1854 5275 die

263 5287 342 5343 2‘2
367 5288 720 5353 Septembris.

342 5354 370 5393 ἀ
411 5356 644 5430 Gaugius
672 5359 724 5411 iu
754 5356 1048 5430 Glossario,
1081 5354 1430 5430 Primicerius,
1463 5357 1854 5430 inquit,_c_ligni-

264 5513 484 5566 nymunt
519 5513 587 5549 aa
626 5513 1015 5550 t'ammacmunt
1052 5513 1071 5551 :
1102 5513 1207 5551 aea
1241 5513 1357 5551 ante
1383 5514 1731 5567 primicerius,
1763 5513 1846 5553 ae-

262 5567 391 5619 inde
410 5577 643 5634 senator,
674 5567 1004 5630 ducenarius,
1040 5567 1308 5635 biarchus,
1336 5567 1612 5620 cirmicitor
1631 5608 1647 5633 ,
1677 5584 1846 5637 eques,

265 5637 463 5692 deinde
487 5638 603 5689 tiro.
632 5638 703 5691 De
724 5639 812 5692 his
834 5637 1179 5701 dignitatibus
1201 5637 1394 5705 passim
1418 5638 1556 5705 apud
1580 5647 1845 5690 auctores.

348 5716 372 5745 ε
401 5707 570 5764 Codd.
596 5706 788 5779 Regius
809 5715 861 5764 et
886 5706 1096 5775 Germ.,
1121 5706 1356 5762 Candida
1378 5717 1608 5763 senatore
1630 5707 1847 5761 militum

1944 1885 2016 1924 rae
2043 1872 2153 1925 ista:
2172 1887 2398 1942 pugnare
2416 1873 2685 1927 adversum
2708 1874 2892 1941 impios
2915 1885 3063 1943 atque
3086 1874 3317 1927 inimicos
3340 1877 3526 1941 sciunt;

1946 1962 2145 2016 laniare
2175 1963 2285 2028 pios
2313 1971 2361 2015 et
2390 1964 2518 2017 cives
2547 1965 2796 2017 nesciunt.
2833 1963 3185 2030 Meminimus,
3217 1982 3307 2018 nos
3330 1982 3422 2036 pro
3452 1968 3527 2018 ci—

1945 2053 2085 2108 vibus
2110 2055 2280 2125 potius
2305 2070 2458 2125 quam
2489 2056 2732 2109 adversus
2772 2056 2902 2109 cit-es
2927 2073 3071 2109 arma
3104 2058 3393 2127 sumpsisse.
3427 2057 3527 2109 Pu-

1946 2146 2208 2216 gnavimus
2235 2161 2435 2213 semper
2460 2162 2551 2215 pro
2581 2147 2789 2215 justitia
2810 2156 2858 2211 tt,
2890 2164 2985 2218 pro
3014 2149 3216 2218 pietate,
3248 2162 3343 2215 pro
3381 2149 3527 2200 inno-

1946 2238 2163 2291 centium
2190 2236 2359 2291 salute
2376 2253 2395 2291 .'
2422 2239 2528 2291 lucc
2551 2240 2756 2307 fuerunt
2779 2238 3021 2291 hactenus
3052 2239 3195 2292 nobis
3212 2235 3239 2274 δ
3264 2241 3422 2308 pretia
3440 2257 3528 2309 pe-

1946 2326 2247 2380 riculorum.
2278 2326 2627 2397 Pugnavimus
2654 2344 2747 2397 pro
2778 2329 2898 2397 ﬁde,
2931 2345 3084 2399 quam
3111 2344 3211 2397 quo
3232 2340 3377 2398 pacto
3406 2346 3527 2383 cono

1945 2416 2252 2471 servabimus
2293 2417 2403 2480 tibi,
2444 2418 2491 2470 si
2525 2416 2659 2471 hanc
2694 2419 2800 2471 Deo
2840 2429 3013 2472 nostro
3052 2434 3153 2472 non
3193 2419 3528 2474 exhibemus?

1948 2506 2247 2562 Juravimus
2278 2509 2501 2578 primum
2544 2510 2596 2562 in
2643 2521 2962 2564 sacramenta
2994 2511 3211 2577 divina;
3241 2513 3529 2583 juravimus

1947 2602 2131 2657 deinde
2170 2604 2225 2657 in
2261 2611 2579 2658 sacramenta
2620 2604 2792 2675 regia:
2823 2603 2953 2657 nihil
2991 2604 3135 2658 nobis
3183 2606 3247 2657 de
3292 2605 3528 2659 secundis

1948 2694 2126 2748 credas
2156 2710 2356 2748 necesse
2380 2703 2475 2760 est,
2506 2695 2550 2747 si
2576 2696 2740 2764 prima
2768 2697 3167 2766 perrumpimus.
3208 2694 3527 2752 Christianos

1947 2784 2017 2835 ad
2048 2799 2245 2853 plenam
2271 2798 2361 2855 per
2403 2800 2496 2836 nos
2528 2784 2721 2855 requiri
2750 2785 2923 2855 jubes.
2965 2784 3086 2839 Jam
3117 2787 3206 2840 tibi
3224 2804 3287 2841 ea:
3318 2788 3410 2842 hoc
3437 2790 3529 2844 alii

1947 2875 2239 2943 requirendi
2280 2892 2379 2930 non
2414 2885 2576 2930 sunt:
2612 2877 2765 2931 habes
2797 2877 2877 2931 hic
2920 2894 3013 2931 nos
3041 2880 3337 2947 conﬁtentes
3369 2880 3528 2935 Deum

1951 2966 2162 3021 Patrem
2215 2977 2472 3021 auctorem
2517 2969 2762 3031 omnium,
2818 2977 2864 3021 et
2923 2966 3117 3022 Filium
3164 2968 3319 3041 ejusi
3359 2969 3528 3025 Jesuu

1953 3056 2219 3114 Cuntswu
2250 3059 2401 3113 DEUH
2431 3058 2706 3114 credimus.
2735 3059 2969 3113 Vidimus
2996 3060 3249 3127 laborum,
3279 3064 3530 3131 periculo-

1953 3168 2161 3222 rumque
2187 3158 2476 3205 nostrorum
2499 3152 2682 3217 socios,
2709 3151 2849 3206 nob’s
2874 3169 3073 3223 quoque
3088 3169 3261 3206 eorum
3287 3155 3532 3223 sanguine

1952 3243 2202 3311 aspersis,
2256 3242 2509 3295 trucidari
2548 3243 2721 3313 ferro;
2770 3253 2817 3296 et
2869 3251 3034 3296 tamen
3093 3244 3531 3297 sanetissimorum

1953 3332 2358 3387 commilitonum
2384 3341 2590 3397 mortes,
2619 3342 2663 3385 et
2684 3336 2906 3402 fratrum
2934 3337 3114 3403 funera
3139 3349 3238 3386 non
3273 3334 3532 3403 ﬂeuimus,

1952 3441 2052 3478 non
2075 3424 2365 3491 doluimus;
2394 3424 2483 3478 sed
2510 3425 2679 3495 potius
2704 3424 3047 3489 laudavimus,
3077 3434 3123 3477 et
3145 3424 3333 3493 gaudio
3352 3440 3531 3493 prose-

1952 3517 2056 3571 cuti
2084 3532 2277 3583 sumus,
2304 3517 2426 3586 quia
2466 3516 2609 3586 digni
2636 3516 2795 3568 habiti
2826 3523 2986 3569 essent
3032 3515 3139 3583 pati
3166 3529 3259 3584 pro
3309 3512 3530 3567 Domino

1953 3608 2060 3660 Deo
2089 3622 2282 3660 eorum.
2315 3605 2380 3658 Et
2412 3622 2549 3658 nunc
2576 3621 2675 3658 non
2709 3621 2801 3657 nos
2835 3604 2910 3659 vel
2934 3603 3043 3657 hcce
3081 3604 3261 3657 ultinta
3287 3606 3403 3657 vita:
3442 3621 3533 3656 ne-

1951 3698 2157 3751 cessitas
2202 3698 2257 3749 in
2299 3694 2623 3750 rebellionem
2656 3694 2858 3763 coegit:
2890 3710 2990 3746 non
3029 3710 3120 3746 nos
3163 3693 3432 3745 adversum
3463 3702 3530 3757 te,

1951 3789 2247 3858 imperator,
2280 3784 2497 3837 armavit
2539 3785 2651 3855 ipsa
2680 3784 2881 3848 saltem,
2914 3798 3027 3851 qua:
3068 3782 3345 3852 fortissima
3379 3792 3451 3835 est
3481 3784 3533 3834 in

1951 3876 2212 3949 periculis,
2243 3875 2545 3946 desperatio.
2579 3873 2830 3928 Tenemus
2862 3888 2972 3927 ecce
3005 3889 3170 3937 arma,
3201 3881 3248 3926 et
3279 3887 3379 3924 non
3407 3872 3534 3925 resi-

1953 3973 2171 4025 stimus:
2203 3969 2322 4039 quia
2365 3969 2495 4021 mori
2538 3984 2692 4037 quam
2734 3968 2957 4022 occidere
3000 3968 3126 4021 satis
3168 3966 3441 4032 malumus,
3488 3976 3533 4020 et

1951 4062 2237 4115 innocentes
2276 4059 2482 4113 interire
2520 4075 2669 4128 quam
2708 4058 2849 4112 noxii
2882 4058 3040 4111 vivere
3082 4065 3426 4123 peroptamus.
3471 4056 3532 4111 Si

1952 4154 2076 4222 quid
2118 4154 2171 4206 in
2192 4168 2283 4207 nos
2309 4151 2448 4206 ultra
2486 4151 2747 4213 statueris,
2776 4150 2973 4221 siquid
3011 4150 3180 4203 adhuc
3209 4146 3447 4221 jusseris,
3489 4148 3533 4202 si

1950 4246 2075 4316 quid
2119 4245 2436 4309 admoveris;
2465 4244 2624 4317 ignes,
2658 4252 2925 4308 tormenta,
2956 4245 3148 4311 ferrum
3174 4240 3341 4293 subire
3368 4240 3534 4311 parati

1952 4355 2147 4393 sumus.
2175 4338 2492 4394 Christianos
2528 4354 2617 4391 nos
2655 4341 2897 4407 fatemur,
2947 4334 3179 4406 persequi
3212 4331 3532 4387 Christianos

1954 4446 2055 4484 non
2078 4446 2365 4497 possumus.

2021 4518 2225 4573 V.Cum
2242 4520 2352 4573 haec
2367 4518 2488 4571 talia
2505 4516 2851 4571 Maximianus
2862 4516 3118 4579 audisset,
3133 4515 3533 4584 obstinatosque

1948 4609 2000 4662 in
2024 4607 2126 4662 lide
2139 4607 2336 4660 Christi
2350 4606 2814 4662 cerneretanimos
2829 4605 3331 4674 eorum,desperans
3345 4606 3533 4676 glorio-

1946 4714 2060 4753 sam
2080 4712 2265 4753 eorum
2295 4698 2644 4753 constantiam
2670 4712 2828 4766 posse
2850 4698 3110 4763 revocari,
3141 4712 3241 4750 una
3268 4698 3529 4751 sententia

1946 4787 2176 4843 interfici
2222 4801 2415 4842 omnes
2451 4786 2718 4852 decrevit;
2750 4794 2804 4841 et
2826 4802 2937 4841 rem
2969 4786 3161 4840 conlici
3193 4785 3532 4842 circumfusis

1957 5008 2224 5062 accedebat
2252 5008 2323 5061 ad
2354 5006 2725 5062 exhortandum
2763 5007 2991 5077 singulos
3020 5016 3066 5061 et
3097 5007 3436 5075 monendum,
3469 5008 3534 5074 fi-

1958 5079 2254 5147 deliumque
2272 5078 2699 5143 commilitonum,
2722 5088 2826 5132 etc.
2862 5079 3056 5132 Eadem
3084 5081 3133 5130 in
3164 5077 3405 5141 Fossat.;
3437 5078 3530 5131 sed

1956 5164 2054 5215 pro
2082 5149 2485 5214 exhortandum,
2515 5157 2646 5215 etc.,
2681 5147 2844 5203 habet
2870 5148 3305 5204 exhortando“...
3345 5157 3390 5201 et
3422 5162 3533 5200 mo-

1956 5220 2144 5273 uendo.

2031 5290 2051 5328 τ
2088 5288 2274 5357 Sorb.,
2302 5287 2669 5343 animantibus.

2027 5367 2052 5427 β
2082 5359 2266 5424 Sorb.,
2292 5361 2575 5427 provincia.

2024 5426 2053 5499 ξι
2082 5429 2238 5499 Reg.,
2268 5426 2550 5499 prwcipua.

2031 5496 2047 5536 ί
2095 5494 2306 5553 Ιηῖξὸἰί.
2348 5494 2609 5564 CltilﬂeL,
2658 5496 2834 5550 Iesum
2880 5495 3143 5551 Christum
3184 5504 3231 5549 et
3278 5494 3533 5562 Spiritum

1951 5580 2204 5624 sanctum.
2234 5569 2290 5622 ln
2317 5570 2438 5622 cod.
2471 5577 2647 5622 autem
2686 5568 2941 5621 German.
2992 5581 3093 5620 nec
3128 5566 3389 5619 habentur
3421 5568 3534 5620 haec

1952 5640 2134 5761 zerba,
2168 5649 2215 5694 et
2251 5639 2303 5693 in
2343 5639 2599 5709 Spiritum
2628 5648 2881 5706 sanctum,
2923 5652 3022 5694 nec
3064 5636 3184 5700 ista.
3230 5637 3392 5692 Deum
3427 5652 3536 5691 cre-

1992 5724 2147 5761 tutus.

1992 5724 2147 5762 unus.
