3932 6170
453 306 554 361 851

1429 293 1486 346 S.
1532 284 1853 345 ELCllEflll
1893 279 2370 338 LUGDUNENSIS
2411 273 2714 331 EPISCOPI

3610 277 3707 334 83?.

457 388 2033 481 militumagminibusjubetﬂuicumrnissiadbeatis'simam
2065 398 2117 457 Α
2141 409 2261 449 rum
2290 408 2420 449 vero
2447 401 2686 448 castrum
2723 399 2806 445 est
2842 403 3003 460 supra
3028 388 3247 445 Arulam
3296 390 3516 456 flumen,
3551 406 3711 462 neque

462 509 724 576 legionem
741 503 1030 567 venissent,
1046 501 1314 568 su-ingunt
1327 497 1378 549 in
1392 501 1638 551 sanctos'I
1653 491 1799 560 impii
1817 491 2038 554 ferrum,

464 599 719 653 morinon
744 603 1055 650 recusantes
1082 593 1203 644 vita:
1249 604 1454 643 amore.
1483 585 1833 642 Caedebantur
1865 584 2044 650 itaque

465 689 661 758 passim
684 687 894 756 gladiis,
921 701 1027 738 non
1047 683 1401 736 reclamantes
1427 680 1618 732 saltem
1637 687 1725 730 aut
1746 691 2046 745 repugnan-

469 792 581 844 tes;
606 779 698 832 sed
724 777 980 846 depositis
1009 775 1175 828 armis
1197 771 1441 826 cervices
1463 768 1893 840 persecutoribus
1914 781 2050 834 prac-

469 855 678 936 bentes,
705 869 1012 938 etjugnlum
1030 864 1470 936 persecutoribus
1483 862 1565 917 vel
1580 862 1836 916 intectum
1854 873 2050 926 corpus

471 965 782 1020 offerentes.
834 961 948 1015 Non
995 959 1078 1012 vel
1119 958 1234 1026 ipsa
1271 970 1491 1010 suorum
1538 952 1900 1014 multitudine,
1944 964 2049 1003 non

473 1071 748 1111 armorum
777 1053 1081 1108 munitione
1118 1049 1242 1104 elati
1279 1058 1436 1110 sunt,
1467 1055 1523 1099 ut
1559 1047 1700 1098 ferro
1729 1054 2056 1098 conarentur

477 1163 720 1203 asserere
741 1147 960 1215 justitia:
984 1157 1232 1204 causam;
1261 1141 1356 1195 sed
1387 1143 1488 1192 hoc
1509 1139 1681 1191 solum
1707 1137 2057 1189 reminiscen-

483 1248 580 1302 tes,
616 1252 674 1290 se
704 1235 849 1288 illum
872 1233 1139 1295 confiteri,
1179 1231 1267 1300 qui
1302 1245 1398 1283 nec
1434 1229 1774 1283 reclamando
1809 1229 1874 1280 ad
1916 1227 2060 1280 occi-

483 1329 690 1382 sionem
724 1326 914 1379 ductus
937 1332 1042 1390 est,
1069 1331 1123 1375 et
1145 1332 1410 1390 tamquam
1441 1335 1609 1390 agnus
1642 1334 1744 1372 non
1774 1317 2061 1388 aperuitos

487 1435 674 1474 suum:
719 1419 819 1486 ipsi
864 1431 1077 1486 quoque
1129 1425 1394 1483 tamquam
1438 1428 1568 1480 grex
1597 1411 1621 1448 ιι
1662 1411 2060 1464 Dominicarum

490 1511 690 1572 mium,
718 1509 905 1563 laniari
938 1524 996 1562 se
1021 1517 1291 1574 tamquam
1317 1505 1383 1558 ab
1410 1504 1734 1558 irruentibus
1759 1505 1896 1572 lupis
1921 1502 2065 1571 passi

489 1612 630 1652 sunt.
663 1599 858 1668 Operta
889 1607 968 1650 est
993 1606 1136 1652 terra
1171 1598 1277 1650 illic
1315 1595 1788 1664 procumbentibus
1832 1594 1884 1647 in
1924 1609 2065 1647 mor-

493 1700 598 1743 tem
625 1689 944 1755 corporibus
986 1688 1218 1756 piorum,
1263 1687 1644 1751 Duxeruntque
1685 1684 1901 1752 pretiosi
1945 1699 2068 1738 san-

2147 487 2303 556 longe
2328 503 2357 540 a
2389 485 2578 541 Rheno
2601 485 2856 556 positum.

2218 577 2328 631 ΥΠ.
2363 575 2553 646 Operae
2603 575 2832 644 pretium
2861 583 2944 628 est
2983 574 3142 629 etiam
3184 574 3317 629 illud
3362 574 3602 632 indicare
3637 576 3711 646 qui

2148 666 2345 722 deinde
2373 665 2754 720 Maximianum
2785 675 2990 719 trucem
3025 675 3310 735 tyrannum
3338 667 3517 721 exitus
3539 682 3716 724 conse-

2149 767 2306 813 cutus
2347 767 2454 812 est.
2483 757 2618 811 Cum
2649 756 2925 826 dispositis
2965 755 3174 812 insidiis
3216 772 3421 826 genero
3461 774 3561 812 suo
3590 760 3718 814 Cou-

2151 849 2388 902 stantino
2433 857 2558 901 tunc
2611 861 2836 917 regnum
2891 848 3098 901 tenenti
3141 859 3368 902 mortem
3425 851 3718 918 moliretur,

2155 939 2494 1008 deprehenso
2519 939 2643 992 dolo
2683 938 2821 1007 ejus,
2869 937 3012 1006 apud
3053 937 3344 992 Massiliam
3388 951 3606 1008 captus,
3638 958 3722 998 nec

2157 1029 2326 1082 multo
2354 1039 2473 1099 post
2497 1029 2880 1098 strangulatus,
2911 1028 3297 1098 teterrimoque
3336 1029 3440 1088 hoc
3470 1032 3722 1100 supplicio

2159 1121 2404 1187 affectus,
2430 1121 2644 1190 impiam
2673 1121 2836 1175 vitam
2863 1130 2885 1157 ⁶
2908 1120 3068 1190 digna
3099 1131 3273 1176 morte
3298 1122 3490 1178 finivit.
3515 1125 3590 1178 At
3613 1139 3724 1180 vero

2161 1213 2594 1268 beatissimorum
2610 1211 3006 1266 Acannensium
3032 1222 3326 1283 martyrum
3348 1227 3603 1283 corpora,
3625 1225 3728 1285 post

2164 1305 2360 1358 multos
2407 1303 2674 1373 passionis
2714 1318 2905 1366 annos,
2958 1314 3146 1357 sancto
3175 1303 3467 1359 Theodoro
3497 1306 3728 1375 ejusdem

2165 1397 2271 1451 loci
2294 1397 2549 1466 episcopo
2581 1395 2814 1449 revelata
2859 1395 3170 1462 traduntur;
3211 1397 3264 1450 in
3295 1413 3523 1468 quorum
3576 1399 3732 1455 hono-

2167 1502 2280 1542 rem
2303 1501 2424 1542 cum
2449 1495 2821 1542 exstrueretur
2852 1487 3100 1551 basilica,
3132 1504 3254 1558 quas
3283 1500 3453 1545 vastae
3495 1491 3734 1561 adjuncta

2169 1579 2310 1648 rupi,
2339 1593 2445 1632 non
2474 1586 2678 1632 tantum
2709 1579 2879 1634 latere
2908 1580 3130 1634 acclinis
3163 1580 3326 1649 jacet,
3351 1583 3476 1650 quid
3505 1585 3736 1641 miraculi

2171 1679 2296 1724 tunc
2317 1672 2625 1740 apparuerit
2657 1685 2999 1740 nequaquam
3034 1673 3316 1727 tacendum
3351 1675 3561 1742 putavi.
3602 1677 3742 1732 Acci-

490 1780 664 1848 guinis
695 1781 820 1834 rivi.
846 1779 978 1846 Qua:
1004 1793 1257 1848 umquam
1298 1777 1474 1831 rabies
1515 1777 1717 1846 absque
1757 1777 1896 1830 bello)
1945 1784 2064 1828 trn-
2096 1771 2143 1831 B
2168 1763 2248 1818 ἀίι
2275 1772 2332 1817 υι
2362 1763 2505 1818 illi"
2531 1762 2770 1830 τειὶιιιιοε
2796 1763 3056 1830 δτιίίίεθεν
3079 1764 3170 1833 qui
3197 1765 3403 1848 ίηνίίέῑί
3435 1768 3743 1824 convenis“

496 1883 600 1923 tam
635 1869 986 1923 humanorum
1016 1883 1298 1937 corporum
1331 1877 1563 1936 stragem
1596 1867 1774 1921 dedit?
1799 1883 1917 1936 quas
1945 1867 2071 1920 feri-

498 1972 576 2011 tas
601 1977 666 2012 ex
701 1960 964 2013 sententia
993 1975 1085 2014 sua
1120 1968 1196 2012 tot
1220 1959 1375 2012 simul
1413 1959 1588 2027 perire
1622 1959 1703 2010 \cl
1733 1956 2072 2025 rcosjussit?

496 2037 574 2104 Ne
609 2051 736 2118 justi
783 2051 1138 2118 punirentur,
1181 2050 1467 2104 multitudo
1511 2065 1616 2103 non
1649 2050 1899 2116 obtinuit,
1951 2063 2072 2103 cum

499 2143 725 2196 inultum
752 2158 873 2197 esse
910 2143 1105 2208 soleat,
1140 2142 1281 2208 quod
1325 2142 1611 2196 multitudo
1651 2142 1928 2210 delinquit.
1969 2141 2076 2194 llac

498 2235 658 2302 igitur
687 2235 1001 2289 crudelitate
1031 2234 1404 2288 immanissimi
1436 2236 1646 2306 tyranni
1686 2235 1964 2289 confectus
1993 2243 2078 2288 est

501 2327 590 2380 ille
619 2335 925 2380 sanctorum
952 2327 1199 2395 populus,
1225 2327 1314 2394 qui
1344 2326 1670 2393 contempsit
1702 2341 1814 2379 rem
1847 2340 2079 2393 pt‘mscu-

503 2417 636 2468 tium
666 2417 733 2469 ob
763 2432 910 2483 Spem
937 2417 1259 2470 futurorum.
1281 2415 1370 2470 Sic
1393 2416 1674 2470 interfecta
1699 2427 1778 2468 est
1810 2416 1895 2468 illa
1921 2416 2080 2483 plane

504 2507 741 2574 angelica
776 2506 939 2573 legio,
967 2520 1109 2574 qum,
1150 2515 1205 2558 ut
1242 2506 1533 2574 credimus,
1565 2519 1684 2558 cum
1729 2505 1834 2557 illis
1863 2505 2084 2572 angelo-

507 2611 624 2648 rmn
650 2596 949 2664 legionibus
970 2595 1080 2665 jam
1109 2595 1396 2650 conlaudat
1411 2610 1624 2665 semper
1651 2595 1702 2649 in
1724 2595 1874 2651 caelis
1900 2595 2079 2648 Domi-

508 2702 634 2739 num
659 2686 824 2740 Deum
851 2687 1109 2746 Sabaoth.

579 2775 666 2830 Vl.
712 2776 892 2830 Victor
943 2786 1118 2830 autem
1173 2786 1374 2846 martyr
1419 2792 1518 2831 nec
1567 2777 1791 2845 legionis
1845 2775 2083 2846 ejusdem

508 2865 628 2928 fuit,
662 2881 835 2934 neque
869 2867 1051 2932 miles;
1087 2868 1181 2921 sed
1213 2868 1450 2922 emeritae
1485 2867 1596 2936 jam
1640 2868 1843 2921 militia:
1879 2878 2086 2922 vetera-

507 2973 626 3010 nus.
664 2957 765 3034 llic
785 2973 905 3012 cum
935 2958 1041 3012 iter
1071 2972 1235 3027 agens
1261 2957 1440 3012 subito
1479 2958 1754 3013 incidisset
1785 2959 1834 3012 in
1867 2960 1966 3013 hos
1994 2960 2086 3028 qui

509 3050 705 3118 passim
734 3051 1085 3119 epulabantur
1117 3051 1224 3106 lceti
1261 3061 1556 3119 martyrum
1586 3051 1798 3120 spoliis,
1832 3063 1992 3121 atque
2021 3051 2088 3106 ab

2173 1851 2240 1906 ad
2288 1852 2421 1906 illud
2461 1866 2598 1920 opus
2641 1851 3001 1916 videbantur,
3042 1853 3256 1922 quidam
3309 1843 3527 1910 a‘desset
3574 1855 3742 1923 faber,

2174 1957 2330 2012 quem
2351 1941 2526 2001 adhuc
2551 1943 2805 2014 gentilem
2837 1957 2958 1997 esse
2984 1953 3276 1998 constaret.
3301 1944 3398 2000 llic
3419 1961 3546 2000 cum
3583 1947 3748 2001 Domi-

2176 2033 2296 2087 nico
2325 2033 2435 2098 die,
2467 2048 2574 2102 quo
2605 2032 2786 2088 exteri
2824 2033 2890 2088 ad
2933 2034 3290 2102 exspectanda
3321 2035 3428 2111 diei
3459 2036 3607 2091 illius
3634 2037 3750 2092 festa

2177 2123 2565 2187 abscesserunt,
2592 2123 2643 2178 in
2668 2123 2870 2178 fabrica
2911 2123 3058 2178 solus
3090 2124 3437 2188 substitisset,
3471 2126 3526 2180 in
3559 2127 3650 2180 illo
3676 2142 3752 2182 sco

2179 2224 2328 2272 creto
2376 2231 2434 2271 se
2487 2215 2664 2271 subito
2705 2217 2848 2272 clara
2884 2217 3001 2271 luce
3044 2217 3516 2272 manifestantibus
3563 2219 3754 2274 sanctis

2182 2311 2267 2366 hic
2291 2311 2429 2365 idem
2459 2311 2608 2366 faber
2632 2313 2857 2381 rapitur,
2892 2321 3052 2380 atque
3074 2311 3140 2366 ad
3172 2327 3384 2380 poenam
3414 2313 3502 2366 vel
3541 2312 3610 2366 ad
3637 2328 3754 2381 sup-

2183 2403 2337 2470 plicia
2373 2403 2730 2468 diStenditur;
2782 2415 2835 2458 et
2883 2403 3168 2457 visibiliter
3211 2403 3418 2458 turbam
3469 2413 3755 2473 martyrum

2183 2510 2432 2559 cernens,
2455 2496 2770 2550 verberatus
2797 2496 2956 2550 etiam
2983 2505 3037 2550 et
3063 2495 3386 2564 increpatus,
3413 2495 3561 2564 quod
3583 2495 3665 2548 vel
3683 2495 3759 2548 die

2185 2586 2465 2640 Dominico
2503 2585 2746 2640 ecclesia
2793 2587 2942 2640 solus
2981 2585 3216 2653 deesset,
3259 2587 3340 2640 vel
3373 2586 3503 2639 illud
3555 2585 3759 2639 fabrica

2185 2693 2319 2746 Opus
2353 2688 2594 2733 sanctum
2623 2678 2896 2747 suscipere
2920 2677 3133 2746 gentilis
3173 2676 3415 2730 auderet.
3451 2675 3612 2742 Quod
3639 2676 3759 2730 adeo

2187 2769 2606 2824 misericorditer
2625 2783 2654 2821 a
2681 2769 2879 2822 sanctis
2894 2767 3098 2821 factum
3127 2768 3388 2831 constitit,
3421 2780 3478 2820 ut
3508 2768 3662 2822 faber
3682 2767 3762 2821 ille

2186 2873 2562 2917 consternatus
2586 2870 2640 2916 et
2672 2864 2910 2926 territus,
2941 2863 3177 2916 salutare
3217 2863 3317 2915 sibi
3352 2877 3556 2916 nomen
3604 2877 3758 2932 popo-

2188 2955 2373 3018 scerit,
2401 2956 2684 3025 statimque
2713 2955 3050 3008 Christianus
3081 2955 3301 3012 effectus
3333 2954 3422 3009 sit.

2265 3047 2395 3101 \‘lll.
2446 3046 2627 3115 Neque
2654 3047 2782 3100 illud
2819 3046 2871 3099 in
2899 3057 3209 3100 sanctorum
3242 3047 3518 3100 miraculis
3558 3058 3765 3115 prmter-

509 3140 591 3193 his
622 3139 687 3192 ad
719 3141 1150 3193 convescendum
1192 3141 1468 3208 invitatus,
1513 3144 1775 3210 prolatam
1813 3143 1880 3196 ab
1905 3143 2086 3196 exsul-
2113 3142 2158 3204 C
2191 3140 2420 3197 millam.
2448 3137 2589 3204 (100d
2621 3135 2841 3204 Perinde
2869 3137 3074 3189 Clarum
3121 3145 3282 3202 atque
3312 3136 3569 3190 omnibus
3593 3146 3764 3190 nulum

512 3230 746 3283 tantibus
778 3245 872 3298 per
910 3231 1154 3285 ordinem
1185 3246 1401 3286 causam
1441 3235 1801 3302 cognovisset,
1839 3249 1902 3288 ac
1939 3235 2087 3288 dete~

510 3330 682 3374 status
719 3321 991 3388 convivas,
1034 3321 1440 3391 detestatusque
1481 3325 1809 3387 convivium,
1858 3323 2091 3393 refugie-

511 3409 601 3464 bat
627 3427 641 3475 ;
675 3413 1184 3481 requirentibusque
1209 3428 1274 3466 ne
1300 3423 1354 3467 et
1376 3415 1486 3481 ipse
1511 3415 1684 3467 forsita
1697 3431 1730 3467 ιι
1752 3415 2090 3469 Christianus

511 3513 675 3567 esset,
699 3504 1060 3557 Christianum
1102 3520 1159 3559 se
1189 3519 1328 3568 esse,
1362 3515 1416 3559 et
1445 3520 1659 3575 semper
1689 3509 1926 3560 futurum
1967 3522 2091 3562 esse

511 3593 818 3660 respondit;
847 3608 908 3646 ac
931 3596 1111 3648 statim
1145 3595 1212 3648 ab
1249 3596 1578 3650 irruentibus
1609 3597 1953 3663 interfectus;
1987 3613 2092 3652 ca:-

511 3685 748 3754 terisque
778 3686 1102 3756 martyribus
1135 3688 1186 3739 in
1220 3687 1406 3740 eodem
1441 3689 1576 3749 loco,
1616 3690 1754 3740 sicut
1784 3700 1982 3754 morte,
2024 3692 2095 3743 ita

511 3776 672 3828 etiam
701 3776 904 3830 honore
931 3777 1248 3845 conjunctus
1279 3787 1384 3839 est,
1420 3779 1541 3833 llaec
1593 3780 1745 3834 nobis
1781 3790 1982 3835 tantum
2028 3783 2095 3837 de

515 3882 738 3922 numero
767 3869 856 3923 illo
885 3879 1176 3940 martyrum
1202 3882 1474 3940 comperta
1505 3883 1629 3926 sunt
1660 3876 1904 3929 nomina:
1935 3877 1984 3929 id
2013 3886 2096 3932 est

511 3960 945 4015 beatissimorum
992 3962 1252 4028 Mauricii,
1316 3965 1614 4032 Exsuperii,
1664 3966 1885 4022 Candidi
1931 3978 2092 4037 atque

518 4050 784 4116 Victoris;
831 4063 1027 4106 extera
1060 4069 1188 4108 vero
1213 4055 1367 4108 nobis
1393 4057 1602 4123 quidrm
1649 4059 1950 4128 incognita;
1996 4060 2088 4114 sed

518 4143 572 4194 in
610 4141 745 4195 libro
775 4148 901 4195 vita:
938 4143 1138 4209 scripta
1181 4153 1327 4197 sunt.
1383 4145 1458 4198 Ex
1513 4146 1840 4202 hac-eadem
1883 4149 2094 4217 legione

515 4228 682 4284 fuisse
711 4231 960 4286 dicuntur
988 4233 1151 4287 etiam
1197 4234 1275 4286 illi
1316 4245 1580 4304 martyres
1625 4248 1646 4274 ε
1686 4239 1850 4292 Ursus
1906 4247 1963 4292 et
2009 4238 2092 4292 Vi-

512 4335 652 4390 ctor,
670 4338 808 4394 quos
833 4323 1096 4379 Salodoro
1126 4339 1310 4394 passos
1328 4325 1468 4380 fama
1493 4326 1800 4382 confirmat.
1818 4325 1843 4364 ἀ
1863 4328 2090 4382 Salodo-

587 4445 610 4516 _'
639 4435 773 4516 god.
804 4438 1088 4516 Fossat.ct
1112 4440 1369 4516 Chilll_et.,
1397 4458 1515 4496 cum
1541 4444 2096 4515 Sorbonic.,impium.
2134 4457 2180 4516 ι)

585 4505 611 4543 δ
643 4508 875 4583 δίολρρό.
903 4510 1062 4566 Sorb.
1087 4514 1212 4577 Alii,
1242 4512 1558 4568 Dominicus.

591 4587 612 4615 ε
651 4580 834 4654 lle'his
865 4583 986 4635 vide
1011 4584 1324 4654 Suriunrad
1360 4586 1498 4639 diem
1549 4585 1616 4640 30
1658 4585 1938 4654 Septemb.
1972 4585 2096 4642 Ursi

521 4663 652 4700 vero
671 4652 1411 4725 translationemgab(Econio
1433 4658 1685 4723 episcopo
1703 4652 2100 4710 Mauriennensi

515 4722 792 4841 :ll‘l’loeﬁzoi
829 4721 1020 4776 factam
1057 4723 1314 4778 describit
1348 4721 1702 4795 Fredegarius
1742 4727 1794 4781 in
1833 4727 2100 4782 Chronico

551 4807 575 4837 ει
623 4827 636 4840 .
701 4805 753 4841 '.
1991 4805 1996 4808 ’

516 4802 575 4841 Ca
623 4827 636 4840 .
661 4802 753 4841 ‘12.
1991 4805 1996 4808 ’

583 4803 616 4893 Β
649 4856 967 4932 Solodorum
1004 4860 1266 4932 hodieque
1305 4872 1571 4932 superest,
1622 4866 1782 4920 unius
1831 4867 2102 4922 llelvetio-

518 4941 636 5008 rum
650 4930 781 5008 pagi
806 4930 1264 5008 catholicicaput;
1290 4930 1478 5003 Gallis,
1504 4935 1552 4990 le
1571 4947 1758 4990 canton
1775 4937 1837 4991 de
1861 4939 2094 5008 Soleure,

518 5001 712 5056 incolis
737 5015 864 5058 vero
893 5001 1203 5059 Solotlturu.

2193 3238 2296 3285 est.
2353 3228 2760 3283 Malerfamilias
2796 3227 3028 3295 Quincii,
3078 3227 3279 3296 egrc-gii
3318 3235 3483 3294 atque
3532 3227 3767 3280 honorati

2201 3323 2322 3388 viri,
2357 3336 2476 3375 cum
2526 3322 2595 3374 ita
2635 3320 2866 3390 paralysi
2899 3319 3090 3374 fuisset
3120 3319 3400 3385 obstricta,
3434 3327 3496 3371 ut
3535 3319 3588 3373 ei
3619 3319 3767 3374 etiam

2198 3414 2390 3482 pedum
2420 3427 2548 3466 usus
2581 3423 2890 3482 negaretur,
2922 3427 2948 3464 a
2983 3412 3100 3465 vim
3120 3427 3240 3476 suo,
3271 3420 3330 3464 ut
3361 3414 3643 3465 Acaunum
3686 3426 3770 3478 per

2201 3505 2424 3560 multum
2474 3507 2678 3560 itineris
2725 3506 2955 3572 spatium
3000 3503 3320 3567 deferretur,
3365 3505 3636 3572 poposcit.
3665 3503 3770 3570 Quo

2197 3612 2320 3650 cum
2346 3596 2679 3666 pervenisset
2700 3603 3004 3649 sanctorum
3032 3609 3323 3663 martyrum
3351 3593 3590 3646 basilica:
3614 3594 3770 3646 famu-

2204 3690 2426 3742 lantium
2457 3689 2699 3742 manibus
2732 3688 2900 3753 illata,
2932 3687 3154 3756 pedibus
3191 3687 3256 3740 ad
3299 3687 3660 3740 diversorium
3690 3700 3771 3740 re-

2199 3785 2327 3849 diit;
2359 3799 2420 3837 ac
2451 3783 2668 3836 sanitati
2713 3783 2780 3838 de
2822 3781 3159 3854 prtemortuis
3206 3782 3453 3836 restituta
3496 3784 3772 3846 membris,

2200 3889 2340 3928 nunc
2384 3873 2698 3926 miraculum
2751 3889 2906 3927 suum
2953 3875 3065 3940 ipsa
3115 3871 3448 3926 circumfert.
3488 3872 3626 3927 Ilmc
3678 3873 3774 3926 duo

2198 3973 2402 4020 tantum
2436 3965 2566 4016 mira
2591 3963 2829 4031 passioni
2877 3971 3188 4016 sanctorum
3219 3961 3504 4016 inserenda
3555 3962 3775 4016 credidi.

2195 4060 2466 4112 Ca'tcrum
2492 4058 2622 4110 satis
2654 4057 2816 4109 multa
2849 4067 2969 4109 sunt
3000 4072 3114 4126 qua:
3134 4056 3218 4109 vel
3251 4057 3299 4108 in
3332 4057 3653 4125 purgatione
3675 4058 3777 4108 dae-

2199 4162 2440 4211 monum,
2472 4148 2557 4202 vel
2586 4147 2636 4200 in
2673 4147 2893 4213 reliquis
2915 4146 3280 4201 curationibus
3311 4146 3417 4200 illic
3448 4164 3545 4217 per
3572 4161 3778 4202 sanctos

2196 4255 2322 4293 suos
2351 4237 2562 4293 Domini
2584 4240 2752 4290 virtus
2774 4246 3052 4314 operatur.

2279 4455 2300 4482 θ
2337 4445 2508 4509 nunc,
2539 4460 2658 4499 cum
2682 4443 2940 4501 adversus
2965 4445 3378 4500 Constantinum
3411 4444 3637 4500 insidias
3677 4425 3803 4498 mo-I

2206 4516 2288 4569 liri
2319 4517 2684 4584 deprehensus
2715 4516 2922 4580 fuisset,
2966 4517 3242 4584 fwdissimo
3280 4516 3459 4568 mortis
3491 4533 3674 4584 genere
3704 4520 3780 4568 in-

2208 4586 2415 4640 teriisse
2445 4586 2607 4640 refert
2643 4587 2842 4641 Euseb.
2875 4588 2970 4642 lib.
3005 4602 3096 4641 vrn
3120 4586 3256 4639 llist.
3299 4585 3508 4640 Eceles.
3547 4600 3668 4651 cap.
3697 4587 3779 4647 15,

2207 4665 2260 4709 et
2288 4657 2380 4709 lib.
2413 4657 2518 4710 Ide
2546 4657 2662 4710 Vita
2693 4654 3031 4711 Constantini
3067 4671 3188 4720 cap.
3213 4656 3301 4709 47.
3345 4655 3545 4711 Paulus
3568 4656 3782 4710 Orosius

2208 4727 2300 4780 lib.
2333 4743 2404 4779 vn
2427 4742 2546 4795 cap.
2571 4727 2662 4788 28,
2692 4727 2742 4779 id
2769 4727 3013 4782 Massilia:
3039 4726 3355 4794 contigisse,
3379 4739 3434 4779 ut
3468 4738 3653 4781 noster
3686 4725 3785 4778 Eu-

2205 4797 2442 4861 cherius,
2479 4797 2663 4850 refert.
2689 4797 2822 4850 llem
2853 4813 2980 4852 vero
3019 4796 3188 4849 fusius
3217 4797 3439 4863 exponit
3481 4797 3785 4851 Lacrantius

2207 4868 2258 4920 in
2289 4867 2482 4930 insigni
2514 4867 2700 4920 libello
2739 4867 3003 4922 de'Morte
3041 4876 3471 4936 persecuturum,
3517 4882 3663 4920 num.
3718 4863 3782 4936 29

2204 4947 2258 4990 et
2278 4937 2367 4992 3t).
2390 4939 2636 4992 Occisum
2668 4953 2772 4990 non
2801 4938 2964 4992 fuisse
2986 4934 3110 4992 ante
3141 4951 3345 5008 annum
3363 4937 3465 5008 3H
3493 4937 3684 5008 probat
3711 4934 3790 4989 vir

2206 5008 2427 5064 doctiss.
2461 5009 2724 5063 Antonius
2747 5009 2874 5079 Pagi
2901 5008 2968 5069 ad
2993 5022 3080 5063 an.
3109 5008 3211 5061 307
3237 5014 3292 5063 et
3317 5006 3444 5072 310.

2127 5385 2386 5396 -.._._..-—~.
