3932 6170
233 340 337 397 833

1687 350 2012 407 liOMlLl/E.

3388 363 3490 419 83L

1083 589 1748 703 SANCTI
1822 593 2681 706 EUGEERII

1378 773 1922 835 LUGDUNENSIS
1965 775 2313 838 EPISCOPI

856 928 1782 1077 HOMILI/E
1880 928 2841 1109 QU/EDAM.

848 1288 1129 1343 llOBllLlA
1181 1288 1219 1343 l.

829 1378 908 1430 Ad
945 1377 1238 1432 monachos.

298 1469 631 1524 Exhortatur
671 1484 768 1523 nos
799 1485 978 1524 sermo
1014 1471 1249 1535 divinus,
1286 1479 1343 1524 ut
1372 1484 1648 1524 curramus
1677 1471 1801 1526 dum

224 1560 402 1614 lucem
434 1562 712 1623 habemus,
731 1561 1034 1630 priusquam
1060 1575 1156 1614 nos
1185 1561 1421 1615 tenebrze
1446 1561 1807 1631 comprehen-

227 1652 382 1706 dant.
428 1653 625 1706 Lucem
659 1652 917 1706 habemus
949 1655 992 1706 si
1021 1654 1307 1718 currimus,
1333 1653 1375 1706 si
1408 1668 1648 1722 gressum
1683 1653 1804 1707 ﬁdei

226 1758 654 1811 promovemus;
684 1744 735 1795 in
782 1744 1017 1797 tenebris
1057 1744 1376 1809 residemus,
1410 1746 1452 1797 si
1493 1760 1807 1812 promovere

226 1846 533 1887 cessamus.
560 1833 778 1885 Paratus
811 1846 907 1885 nos
940 1832 1174 1885 inveniat
1209 1844 1455 1886 extrema
1488 1835 1804 1899 necessitas,

224 1937 352 1990 quae
380 1937 522 1990 smpe
550 1922 813 1990 prmvenit
844 1922 1157 1990 imparatos.
1191 1921 1407 1976 Certant
1443 1924 1595 1976 nobis
1628 1924 1803 1992 impo-

226 2024 322 2067 nat
358 2014 775 2069 sollicitudinem
811 2015 1017 2067 incerta
1058 2013 1326 2078 conditio;
1362 2014 1702 2083 quotidianus
1740 2015 1808 2068 sit

226 2106 383 2160 illius
405 2106 626 2173 periculi
660 2116 854 2167 metus,
881 2105 1033 2173 cujus
1064 2105 1305 2158 nescitur
1337 2104 1605 2157 incursus.
1638 2104 1806 2171 Quam

228 2194 391 2249 tarde
436 2196 628 2248 misera
672 2196 849 2248 anima
905 2195 1169 2248 malorum
1220 2209 1436 2248 suorum
1497 2195 1805 2264 paenitebit,

225 2301 359 2340 cum
392 2285 476 2340 die
504 2286 692 2339 ultimo
720 2285 1137 2353 superveniente
1167 2288 1403 2353 separari
1432 2302 1489 2338 se
1520 2302 1547 2338 a
1577 2302 1807 2354 corpore

226 2393 335 2432 suo
362 2378 572 2443 viderit,
597 2393 717 2431 cum
747 2378 845 2431 sibi
878 2378 929 2430 in
965 2378 1067 2431 ﬁne
1098 2377 1367 2431 clandenti
1401 2379 1585 2432 oculos
1632 2380 1808 2448 nigre-

232 2486 397 2526 scere
438 2480 492 2525 et
542 2470 856 2525 horrescere
905 2472 1231 2539 sempiterna
1282 2488 1383 2525 nox
1416 2476 1661 2541 cmperit,
1688 2489 1809 2528 cum

224 2564 419 2633 jacere
462 2573 584 2619 ante
630 2578 690 2618 se
732 2578 957 2617 vacuum
1005 2564 1191 2617 salutis
1242 2578 1302 2617 ac.
1357 2565 1487 2618 lucis
1541 2564 1807 2619 infelicent

1840 1281 1882 1338 A
1915 1287 2257 1355 destitutam,
2290 1292 2400 1347 sola
2433 1295 2705 1363 torquebit
2735 1297 2985 1366 cogitatio
3013 1301 3372 1371 desperatam,
3403 1322 3493 1363 so-

1915 1380 1996 1435 lus
2048 1391 2221 1437 metus
2275 1388 2598 1442 examinabit
2649 1392 2961 1455 attonitam;
3002 1402 3053 1447 ct
3106 1397 3228 1463 quia
3267 1399 3338 1453 ibi
3381 1401 3490 1469 jam

1912 1472 2051 1524 nulla
2098 1474 2200 1526 erit
2250 1477 2466 1541 parandi
2516 1479 2685 1531 victus
2738 1491 2827 1533 aut
2874 1484 3096 1537 vestitus
3143 1488 3486 1557 sollicitudo,

1914 1562 2056 1615 nulla
2089 1563 2363 1617 laborandi
2385 1605 2397 1626 ,
2432 1567 2694 1620 militandi
2737 1572 2995 1637 agendive
3021 1577 3318 1644 occupatio,
3345 1581 3490 1635 nulla

1910 1652 2175 1708 facultatis
2225 1666 2314 1709 aut
2369 1656 2583 1711 honoris
2624 1674 2687 1710 an
2712 1660 2862 1723 bitio,
2913 1664 3059 1716 Sitllls
3099 1676 3331 1722 mentem
3372 1684 3489 1724 om-

1913 1746 2069 1799 nibus
2103 1746 2222 1800 aliis
2259 1748 2404 1801 curis
2440 1764 2659 1804 vacuam
2695 1752 3057 1809 intolerandus
3089 1758 3370 1815 reddendae
3403 1777 3490 1816 ra-
3570 1804 3579 1811 κ

1915 1836 2073 1890 tionis
2109 1848 2281 1891 terror
2311 1839 2569 1905 implebit,
2594 1842 2763 1895 solum
2786 1859 2845 1897 ac
2876 1853 3039 1898 totum
3070 1847 3253 1915 judicii
3278 1851 3487 1919 pondus

1914 1928 2140 1996 captivis
2170 1931 2416 1984 sensibus
2444 1933 2763 1987 imminebit.
2794 1936 2927 2001 Quid
2974 1954 3099 1991 vero
3143 1942 3355 2009 quando
3398 1960 3488 2000 re-

1912 2019 2061 2087 gredi
2103 2020 2167 2073 ad
2215 2036 2486 2076 carcerem
2521 2026 2764 2092 corporis
2795 2026 2899 2091 sui,
2933 2036 2987 2081 et
3022 2042 3114 2097 per
3139 2034 3489 2089 resurrectio-

1917 2124 2039 2162 nem
2082 2110 2321 2178 recipere
2356 2112 2486 2165 illud
2524 2114 2857 2181 praecipietur
2880 2116 2945 2170 ad
2979 2118 3288 2175 societatem
3319 2125 3488 2179 malo~

1912 2200 2230 2266 runt‘iQuid
2265 2202 2422 2256 faciet
2450 2218 2569 2257 cum
2614 2203 2768 2259 ftedis
2807 2207 3085 2262 vuinerum
3118 2210 3284 2279 signis
3326 2215 3488 2269 castis

1912 2290 2222 2359 angelorum
2254 2294 2620 2360 prasentanda
2658 2299 3059 2364 conspectibus,
3089 2307 3143 2354 et
3163 2311 3286 2356 ante
3309 2319 3487 2373 regem

1915 2382 2235 2435 saeculorum
2270 2397 2481 2436 causam
2507 2384 2573 2439 de
2600 2386 2820 2455 singulis
2849 2389 3157 2444 redditura?
3178 2392 3305 2459 Qua:
3330 2396 3489 2449 modo

1918 2472 2117 2542 absque
2155 2473 2319 2526 dubio
2348 2474 2394 2526 si
2436 2475 2486 2527 in
2537 2476 2714 2529 medio
2756 2478 2925 2531 nostri
2957 2479 3343 2549 objicerentur,
3372 2500 3490 2539 rea-

1918 2570 2028 2615 tum
2080 2563 2216 2615 intra
2266 2579 2324 2617 se
2376 2579 2529 2617 suum
2575 2565 2841 2621 sustinere
2886 2583 2992 2621 non
3040 2582 3239 2637 posset,
3286 2573 3489 2641 pudore

231 2655 441 2708 (omnii
468 2652 665 2709 itonern
716 2669 868 2708 suum
914 2655 1104 2708 viderit
1134 2658 1460 2709 incentnrem
1511 2658 1711 2725 pariter
1752 2674 1813 2713 ac

1919 2666 2125 2719 magna:
2170 2653 2499 2707 confusionis
2545 2670 2820 2724 Oppressa.
2849 2658 2984 2724 Quid
3024 2667 3153 2715 tunc
3189 2662 3352 2716 animi
3387 2664 3484 2718 ha-

227 2743 614 2812 deceptorem,
641 2760 759 2798 cum
792 2759 896 2813 quo
924 2745 988 2799 de
1015 2760 1175 2799 arena
1205 2747 1382 2799 mundi
1410 2747 1568 2814 hujus
1596 2764 1688 2816 per
1715 2747 1812 2801 ﬁa-

226 2837 426 2906 gitium
464 2851 617 2890 suum
645 2838 782 2891 victa
812 2837 1081 2890 discessit.
1114 2835 1246 2890 Cum
1277 2841 1501 2907 cmperit
1523 2839 1590 2893 ab
1617 2839 1807 2894 eodem

221 2929 349 2998 jam
379 2929 583 2982 divulsa
638 2928 902 2983 immanes
940 2939 994 2983 et
1054 2932 1239 2985 inanes
1294 2931 1423 2985 dare
1480 2947 1644 2999 super
1683 2948 1805 2985 eum

226 3019 507 3088 planctus,
538 3030 591 3074 et
614 3019 791 3074 dicere
827 3037 839 3073 :
874 3020 973 3076 Ubi
1006 3030 1129 3074 sunt
1176 3020 1544 3074 animositates
1576 3031 1629 3074 et
1660 3022 1809 3090 cupi-

227 3110 434 3163 rlitatcs
458 3120 581 3175 tum,
611 3111 801 3179 quibus
830 3110 1106 3181 hucusque
1148 3109 1494 3181 impatienter
1523 3112 1723 3177 arsisti,
1756 3123 1810 3167 et

227 3215 428 3255 arsura
474 3201 679 3269 jugiter
724 3201 1108 3269 congregaSti?
1155 3202 1291 3255 Ecce
1341 3202 1670 3254 transierunt
1718 3202 1807 3257 illa

227 3294 417 3349 omnia
466 3305 732 3363 tamquam
765 3294 977 3362 umbra,
1003 3294 1257 3348 abierunt
1302 3293 1722 3357 oblectamenta,
1757 3302 1809 3349 ct

227 3385 352 3439 sola
400 3385 450 3437 in
494 3396 804 3451 perpetuum
836 3383 1123 3452 opprobria
1171 3392 1225 3437 et
1267 3383 1487 3437 crimina
1535 3398 1808 3439 remanse-

230 3486 387 3530 runt.
416 3475 505 3529 Va:
536 3475 686 3541 mihi,
718 3489 750 3529 o
780 3474 980 3541 anima,
1003 3474 1067 3527 ad
1097 3484 1202 3527 tam
1236 3475 1498 3541 perditum
1531 3489 1624 3528 vas
1650 3474 1809 3528 velim

232 3567 407 3620 nolim
448 3564 684 3618 reditura
724 3579 862 3629 sum,
894 3573 946 3619 et
976 3575 1197 3635 propter
1230 3563 1478 3632 fugitivas
1508 3566 1811 3632 voluptates

228 3669 529 3724 numquam
560 3654 873 3722 eﬁugiendis
904 3669 1024 3708 cum
1052 3668 1117 3707 co
1144 3652 1432 3720 vaporibus
1460 3666 1811 3706 concreman-

226 3749 325 3803 da.
360 3748 495 3814 Quid
521 3746 658 3800 inter
688 3745 823 3811 haec,
852 3760 971 3798 cum
1004 3759 1121 3798 eam
1164 3743 1389 3812 coeperit
1430 3741 1493 3795 ad
1537 3741 1810 3795 deﬁnitam

226 3838 581 3903 sententiam,
624 3849 679 3892 et
725 3836 987 3889 immobili
1040 3834 1155 3905 lege
1204 3833 1433 3887 deﬁxam
1477 3831 1811 3900 importunus

230 3930 472 4001 depositi
515 3938 733 3984 exactor
761 3927 1096 3990 abstrahere,
1126 3934 1181 3981 et
1212 3926 1336 3979 hinc
1378 3925 1500 3979 inde
1532 3924 1811 3990 insultare,

1919 2741 2094 2808 ὺώἰι,
2126 2759 2247 2797 cum
2294 2744 2428 2798 alios
2478 2745 2584 2799 illic
2632 2759 2885 2816 erogante
2936 2748 3165 2803 Domino
3211 2752 3491 2820 percipere

1918 2832 2111 2886 viderit
2154 2835 2334 2887 illmsa:
2378 2842 2434 2886 et
2479 2836 2700 2902 integra:
2747 2835 2867 2889 ﬁdei
2920 2837 3195 2903 bravittm,
3249 2842 3490 2897 candidas

1917 2924 2221 2977 thesaurum
2266 2926 2544 2990 castitatis,
2590 2926 2788 2981 fructus
2839 2928 3243 2997 misericordiae,
3288 2933 3489 2988 talenta

1909 3016 2163 3085 justitize?
2204 3016 2335 3071 Cum
2368 3018 2578 3087 indigna
2621 3021 2721 3073 sibi
2748 3031 2890 3075 sorte
2921 3026 3267 3092 conspexerit
3312 3028 3492 3083 novis-

1913 3106 2077 3160 simos
2117 3107 2185 3163 de
2216 3109 2399 3178 primis
2430 3110 2563 3178 ﬁeri,
2593 3120 2644 3164 et
2675 3110 2741 3165 de
2768 3113 3072 3168 novissimis
3094 3116 3331 3183 primos?
3359 3132 3492 3185 pau-

1913 3214 2066 3267 peres
2094 3213 2249 3268 supra
2274 3200 2482 3267 divites,
2498 3217 2679 3256 servos
2695 3218 2854 3273 supra
2876 3203 3120 3259 dominos
3158 3208 3489 3275 gloriﬁcari?

1913 3300 1968 3345 et
2024 3307 2456 3361 unumquemque
2506 3308 2601 3361 pro
2653 3293 2857 3348 meritis
2906 3294 3325 3353 immortalitatis
3374 3299 3492 3355 luco

1914 3380 2187 3450 perfusum
2238 3384 2288 3435 in
2342 3383 2652 3452 angelorum
2694 3394 2890 3439 statum
2929 3400 2995 3441 ex
3036 3385 3342 3444 hominibus
3367 3404 3491 3457 pro-

1916 3471 2148 3535 moveri,
2179 3479 2231 3525 et
2260 3486 2379 3525 cum
2409 3482 2622 3527 terreno
2652 3475 2920 3543 quendam
2952 3490 3178 3545 corpore
3204 3493 3372 3547 supra
3397 3495 3490 3534 ex-

1914 3563 2055 3616 celsa
2087 3564 2232 3631 regni
2259 3564 2494 3618 caelestis
2516 3565 2750 3632 imponi,
2781 3575 2835 3620 et
2866 3566 3003 3619 inter
3029 3566 3164 3621 ﬁlios
3191 3569 3487 3638 maiestatis

1914 3652 2164 3720 epulenta
2215 3655 2451 3720 parentis
2488 3654 2579 3707 Dei
2626 3654 2934 3709 hmreditate
2977 3655 3169 3721 ditari;
3201 3672 3259 3711 se
3306 3671 3485 3715 autem

1917 3742 2056 3795 inter
2086 3742 2199 3796 hrec
2236 3758 2360 3796 cum
2389 3743 2626 3811 peccatis
2664 3744 2776 3797 suis
2803 3746 3063 3812 relictam,
3089 3748 3157 3802 de
3181 3751 3489 3816 spectaculo

1916 3834 2183 3888 felicitatis
2221 3836 2409 3889 alienze
2448 3835 2694 3890 dolorum
2746 3837 2870 3892 vitia
2920 3844 3330 3907 reportantem?
3378 3844 3482 3909 Qui

1918 3923 2097 3995 [Forte
2125 3923 2282 3996 Quid]
2302 3924 2575 3993 posthaec?
2600 3940 2720 3980 cum
2752 3940 2811 3981 se
2836 3925 3144 3983 miseranda
3174 3932 3486 3989 conditione

228 4033 286 4076 et
326 4020 577 4074 insistere
604 4019 786 4092 [Forte
836 4015 1065 4087 insilire]
1094 4015 1441 4070 infernalium
1472 4015 1605 4069 dira:
1650 4015 1812 4069 facies
1842 4001 1885 4063 C
1918 4012 2103 4087 [Forte
2132 4012 2392 4085 conditio]
2423 4016 2616 4070 viderit
2644 4018 2788 4071 omni
2819 4019 3187 4074 consolatione
3234 4022 3509 4083 nudatam

230 4112 646 4167 ministrorum?
667 4111 801 4178 Quid
828 4111 932 4165 erit
952 4123 1072 4163 cum
1103 4107 1169 4161 ab
1197 4106 1598 4176 apparitoribus
1625 4105 1814 4160 mortis

232 4220 337 4274 per
386 4204 525 4257 hunc
580 4214 787 4257 vastum
832 4216 1012 4256 aerem
1064 4199 1328 4269 separari,
1362 4208 1416 4254 et
1459 4214 1554 4269 per
1594 4198 1814 4254 semitas

231 4295 580 4350 tenebrarum
621 4293 812 4348 abduci
860 4304 1006 4348 trans
1048 4292 1187 4346 diem
1228 4292 1475 4361 coeperit,
1513 4301 1567 4346 et
1610 4306 1815 4360 nequa-

229 4402 401 4455 quam
446 4385 736 4440 remeabile
781 4385 882 4439 iter
925 4397 1082 4453 agere
1111 4397 1209 4451 per
1240 4383 1374 4436 ﬁnes
1418 4380 1538 4435 illos
1579 4381 1669 4435 ubi
1699 4382 1815 4449 ipsa

232 4479 331 4531 lux
365 4475 568 4541 deﬁcit,
600 4491 722 4531 cum
758 4477 1037 4546 peregrina
1071 4474 1158 4528 illa
1207 4473 1406 4542 ubique
1438 4473 1612 4526 anima
1642 4472 1814 4526 comi-

231 4576 389 4621 tante
434 4569 695 4620 malorum
740 4581 960 4620 suorum
995 4563 1135 4618 tristi
1176 4561 1387 4633 agmine
1412 4561 1606 4615 viderit
1631 4575 1690 4615 se
1721 4575 1816 4631 per

232 4670 513 4717 extremas
546 4660 726 4713 mundi
757 4674 880 4737 oras
911 4659 964 4712 in
1006 4657 1138 4711 illud
1172 4658 1329 4710 inane
1362 4670 1424 4709 ac
1457 4670 1681 4709 vacuum
1720 4669 1814 4707 ea-

234 4752 377 4806 dere
425 4750 491 4804 de
541 4752 760 4816 mundo,
797 4763 960 4820 atque
1002 4747 1131 4803 illttd
1164 4762 1412 4816 magnum
1453 4746 1639 4813 chaos,
1672 4743 1815 4813 quod

232 4843 369 4896 vita:
402 4842 699 4910 mortisque
728 4842 1004 4911 regionem
1038 4839 1321 4903 discernit,
1355 4838 1554 4890 intrare
1586 4844 1639 4889 et
1680 4835 1818 4888 vita-

231 4935 322 4987 les
353 4948 510 4985 auras
554 4944 755 4987 natura:
789 4934 954 5002 ipsius
986 4931 1136 4986 exsul
1168 4929 1450 4983 amittere?
1493 4929 1623 4982 Cum
1655 4928 1817 4981 rebus

233 5025 493 5077 humanis
513 5025 628 5079 vale
658 5025 900 5079 ultimum
934 5024 1141 5085 dicens,
1187 5030 1415 5075 mortem
1449 5027 1572 5073 ante
1616 5033 1674 5073 se
1718 5018 1814 5070 ha-

235 5119 398 5183 bens,
424 5129 475 5171 et
504 5119 665 5171 vitam
695 5126 816 5186 post
856 5132 913 5171 se
945 5117 1279 5186 relinquens,
1315 5113 1367 5165 in
1412 5111 1539 5164 illud
1584 5111 1816 5164 horren-

234 5209 370 5263 dum
401 5217 451 5262 et
482 5209 571 5263 vix
611 5210 778 5263 oculis
808 5208 1176 5276 attingendnm
1221 5203 1565 5273 pertrahetur
1596 5199 1818 5268 profun-

236 5299 395 5362 dum,
417 5298 639 5353 diversis
659 5296 895 5352 avaritia:
914 5312 975 5350 ac
999 5297 1216 5350 malitiae
1235 5301 1479 5348 catenata
1503 5291 1817 5345 criminibus

1916 4105 1969 4158 in
2016 4108 2307 4160 exteriores
2354 4106 2604 4162 tenebras
2646 4109 2853 4173 excuti,
2888 4118 2940 4162 et
2968 4109 3035 4164 ab
3078 4109 3167 4163 illa
3208 4112 3487 4168 beatorum

1917 4195 2154 4250 Ecclesia
2200 4207 2455 4266 perpetua
2507 4198 3060 4253 excommunicatione
3107 4201 3371 4256 seclusam
3423 4202 3492 4259 ab

1916 4285 2029 4355 ipsa
2070 4286 2194 4339 vita:
2220 4287 2400 4340 radice
2428 4285 2689 4356 pratcidi‘!
2723 4287 2858 4341 lllud
2890 4297 3067 4343 autem
3098 4291 3365 4359 quomodo
3388 4300 3495 4346 trc-

1916 4376 2074 4446 pidus
2104 4386 2159 4431 et
2186 4377 2325 4431 male
2350 4377 2604 4431 conscius
2626 4392 2805 4431 sermo
2831 4379 3024 4446 poterit
3046 4381 3334 4447 explicare,
3365 4396 3491 4436 cum

1918 4469 2143 4538 cmperit
2186 4469 2526 4537 inexpiabilis
2561 4483 2686 4523 caro
2713 4478 2767 4523 et
2787 4468 2997 4523 infectae
3024 4472 3258 4539 peccatis
3286 4472 3495 4525 medul-

1915 4559 1981 4613 la:
2030 4559 2190 4629 saevis
2244 4561 2503 4628 gehenna:
2555 4558 2775 4614 aestibus
2800 4559 3088 4628 penetrari,
3121 4568 3175 4614 et
3200 4575 3349 4616 more
3392 4562 3496 4615 fer-

1915 4649 2151 4704 ventium
2175 4664 2237 4703 ac
2260 4649 2671 4718 deeoquentium
2701 4650 3040 4704 metallorum
3066 4650 3493 4720 inexstingnibili

1917 4741 2108 4795 ardore
2127 4750 2235 4794 tota
2259 4740 2493 4794 hominis
2509 4741 2804 4795 substantia
2833 4742 2977 4796 intus
2999 4741 3222 4805 infundi,
3250 4752 3302 4795 et
3331 4743 3495 4812 depa-

1916 4829 2187 4883 scentibus
2211 4829 2438 4884 ﬂammis
2455 4845 2680 4899 corpora
2708 4840 2865 4899 atque
2885 4833 3087 4885 animas
3106 4848 3166 4885 ex
3200 4843 3351 4901 parte
3376 4850 3499 4887 con-

1918 4921 2079 4985 sumi,
2103 4937 2167 4975 ex
2197 4929 2347 4990 parte
2369 4922 2580 4987 nutriri,
2610 4930 2667 4975 ut
2688 4922 2827 4976 inter
2854 4923 3061 4977 medios
3084 4923 3280 4992 ignium
3309 4925 3499 4992 globos

1918 5011 2165 5065 damna'a
2180 5022 2369 5067 natura
2385 5014 2474 5067 det
2490 5013 2817 5082 pabulum,et
2832 5014 3059 5082 accipiat
3078 5014 3500 5068 incrementum?

1920 5104 1974 5157 Si
2003 5102 2139 5157 forte
2166 5104 2463 5172 inspersum
2498 5104 2626 5156 illud
2647 5104 2843 5157 dudum
2860 5103 3207 5157 conscientiis
3225 5103 3501 5167 vitium,et

1920 5196 2041 5248 reris
2066 5206 2116 5249 et
2144 5197 2341 5264 plumbi
2375 5197 2671 5249 adulterina
2697 5195 3338 5264 pertnixtio,qnandoque
3362 5197 3501 5250 inter

1922 5297 2104 5354 stagna
2144 5286 2397 5340 ferventia
2440 5284 2738 5340 anhelantis
2764 5286 2985 5355 gurgitis
3014 5294 3291 5350 exuretur,
3326 5295 3503 5340 trans-

237 5355 505 5460 qnantum
550 5389 795 5459 perdidit.
819 5391 1072 5457 pretium,
1111 5394 1311 5440 tantum
1351 5392 1642 5452 exceptura
1688 5398 1817 5445 sup-
1852 5355 1901 5415 Ῑ)
1928 5378 2076 5432 ituris
2120 5394 2211 5445 per
2247 5378 2376 5431 vada
2410 5377 2562 5445 ignea
2593 5392 2741 5430 mora
2771 5378 2877 5431 erit
2915 5377 3159 5444 supplicii
3197 5376 3503 5447 magnitudo

239 5480 501 5550 pliciuml
523 5480 651 5535 Cum
682 5480 748 5533 ad
779 5483 891 5533 hazc
940 5480 1115 5548 itaque
1147 5475 1380 5530 crudelis
1412 5473 1667 5527 custodire
1698 5488 1818 5541 per-

240 5579 465 5626 ventum
511 5573 667 5626 fuerit
708 5572 845 5635 loca,
875 5570 965 5623 ubi
992 5568 1100 5637 jam
1134 5566 1294 5620 futuri
1325 5580 1601 5634 pmnarum
1630 5562 1819 5630 judicii

240 5668 364 5733 ipsa
416 5666 498 5719 sui
541 5663 942 5733 exSpeCtatione
989 5660 1263 5728 desaeviet,
1298 5674 1366 5713 ne
1421 5659 1593 5712 dicam
1649 5656 1817 5723 aliud,

242 5754 400 5810 solus
448 5770 647 5810 maeror
676 5752 1015 5810 excruciabit
1052 5751 1284 5805 animam
1316 5748 1583 5804 universis
1618 5746 1826 5800 solatiis

1930 5470 2165 5539 peccati;
2197 5484 2346 5523 escas
2385 5468 2669 5532 ardoribus
2699 5469 2919 5522 crimina
2954 5469 3355 5533 ministrabunt,
3389 5483 3504 5522 ma-

1934 5561 2079 5615 nebit
2104 5561 2156 5613 in
2189 5560 2289 5613 hoc
2335 5547 2656 5628 prmedptum
2711 5567 2765 5612 et
2820 5559 3059 5612 auctoris
3104 5567 3160 5613 et
3207 5559 3419 5628 judicis,
3450 5568 3501 5616 ut

1928 5653 2133 5707 viscera
2174 5651 2449 5705 doloribus
2487 5650 2736 5715 obnoxia,
2781 5657 2836 5705 et
2865 5650 2993 5703 solis
3025 5650 3348 5705 cruciatibus
3376 5664 3504 5705 con-

1932 5756 2161 5811 secrata,
2213 5744 2348 5815 ignis
2392 5743 2591 5799 arbiter
2638 5741 2859 5812 depasta
2911 5757 3015 5797 non
3045 5740 3284 5811 devoret,
3314 5740 3408 5797 sed
3436 5740 3503 5799 ad
