3932 6170
456 306 564 366 835

1437 293 1497 350 S.
1542 284 1865 346 EUCflERll
1904 277 2378 340 LUGDUNENSIS
2418 277 2718 334 EPISCOPI

2305 163 2354 179 —?\

3605 283 3706 340 836

458 427 564 480 hoc
603 426 787 491 pereat
815 415 999 490 [Forte
1027 407 1234 479 ardeat}
1272 414 1330 463 ut
1371 419 1588 475 semper
1635 401 1908 459 interimat
1934 416 1948 453 :
1979 404 2038 452 ιιι
2062 393 2113 452 Δ
2141 393 2352 450 Scimus
2379 393 2502 466 quia
2531 410 2680 450 mens
2710 394 2940 448 humana
2968 392 3196 449 diversis
3235 391 3421 450 mundi
3444 393 3707 450 illecebris

460 528 594 583 Opus
622 526 685 566 ac
718 509 1032 577 figmentum
1082 497 1332 569 corporis
1373 494 1542 550 nostri
1570 494 1624 547 in
1656 491 1888 559 antiquis
1916 502 2032 583 sce-

461 578 666 660 leribus
703 606 997 659 mortuum,
1026 601 1080 647 et
1108 591 1175 645 ad
1217 588 1332 644 sola
1365 595 1630 642 tormenta
1651 583 1950 640 redivivum
1977 578 2038 633 li-

461 709 583 751 nem
635 693 691 746 in
740 690 857 760 ipso
905 683 1156 740 interitus
1200 679 1436 735 confinio
1493 693 1599 732 non
1651 674 1911 738 inveniat,
1942 669 2038 726 sed

463 781 732 841 exinanita
773 779 994 848 jamque
1045 770 1345 828 tolerantia:
1393 770 1566 823 virtus
1613 766 1694 821 sic
1743 772 1950 834 pereat,
1981 768 2042 815 ut

465 880 735 941 resurgat.
767 868 858 923 illa
890 865 1035 920 enim
1066 878 1174 917 non
1204 859 1457 920 casualis.
1489 856 1583 912 sed
1619 853 1954 910 rationabilis
1984 858 2042 906 et

469 962 702 1036 poenalis
743 956 987 1018 exustio,
1040 955 1163 1022 quia
1217 952 1426 1019 culpam
1471 947 1695 1017 jubetur
1741 945 2042 1013 inquirere,

469 1034 823 1110 substantiam
860 1045 1033 1100 nescit
1077 1043 1383 1096 absumere.
1428 1039 1491 1092 Et
1519 1039 1640 1106 quia
1676 1035 1822 1090 velut
1859 1034 2047 1089 carba-

471 1159 531 1200 sa
561 1138 746 1214 [Forte
775 1147 830 1192 ιιι
881 1138 930 1189 in
979 1131 1282 1205 suppliciis]
1309 1131 1442 1185 levis
1470 1141 1794 1198 percurrens
1823 1139 2047 1182 concre-

476 1234 665 1298 matio,
693 1231 810 1298 ipsa
840 1226 1083 1297 purgatio
1109 1233 1210 1287 est,
1242 1221 1455 1275 flamma
1499 1220 1591 1274 illa
1617 1234 1721 1272 non
1752 1228 1859 1272 tam
1897 1230 2044 1270 reum

476 1320 815 1394 persequitur
863 1331 1022 1386 quam
1057 1321 1298 1376 reatum;
1329 1320 1382 1365 et
1408 1310 1453 1365 si
1483 1308 1676 1362 modus
1718 1306 1878 1360 fuerit
1917 1305 2051 1358 deli-

478 1424 710 1476 ctorum,
737 1408 839 1464 erit
867 1416 921 1462 et
950 1417 1202 1458 mensura
1229 1402 1587 1456 cruciatuum.
1619 1398 1672 1453 Si
1721 1410 1850 1449 vero
1882 1402 2049 1448 totam

481 1513 728 1559 naturam
756 1498 1036 1567 occupavit
1065 1495 1284 1565 pariter,
1312 1502 1364 1547 et
1407 1489 1632 1544 involvit
1679 1491 1935 1543 excessus
1960 1500 2051 1540 ca-

477 1594 718 1665 pitalium
769 1591 1035 1646 scelerum
1081 1587 1204 1656 quia
1258 1599 1366 1638 non
1418 1583 1607 1652 recipit
1658 1596 1820 1636 causa
1876 1592 2054 1634 reme-

479 1683 656 1748 dium,
695 1679 901 1736 carebit
968 1677 1076 1732 fine
1123 1675 1469 1745 supplicium.
1524 1671 1820 1727 Occidente
1872 1670 2053 1739 itaque

2135 499 2190 545 et
2212 487 2659 558 concupiscentiis
2697 486 2914 541 dclinita
2946 486 3076 556 fugit
3122 487 3392 553 laborem,
3419 493 3476 542 et
3505 487 3706 556 expetit

2137 580 2491 649 voluptatem,
2522 586 2578 634 et
2603 579 2691 633 vix
2720 577 3004 634 adducitur
3029 587 3088 633 ut
3113 578 3562 634 consuetudinem
3598 593 3628 632 a
3651 593 3707 633 se

2139 675 2262 729 vita:
2298 674 2498 742 prioris
2525 671 2806 737 excludat;
2834 670 2928 725 sed
2955 685 3076 726 cum
3111 671 3599 740 cmperitcogitare
3629 670 3708 725 ul-

2142 764 2254 819 timi
2284 764 2388 818 diei
2415 763 2816 828 necessitatem,
2849 761 2918 816 ad
2949 761 3111 816 futuri
3132 759 3316 831 judicii
3347 761 3562 831 pondus
3587 762 3712 815 inci-

2142 860 2254 908 tata
2283 861 2338 908 et
2366 852 2661 918 stimulata,
2676 852 2759 906 vel
2783 865 2880 919 spe
2901 852 3130 921 praemii,
3152 852 3236 905 vel
3259 851 3450 906 timore
3472 850 3712 919 Sttpplicii

2145 942 2505 999 voluntarium
2561 941 2757 996 bellum
2801 941 2988 996 indicit
3035 941 3540 1010 passionibus,vim
3597 938 3714 994 facit

2147 1035 2389 1105 pristinis
2411 1033 2600 1088 studiis
2621 1033 2754 1100 suis,
2783 1043 2839 1088 et
2868 1033 3132 1087 violenter
3160 1047 3218 1086 se
3245 1031 3458 1088 vincere
3480 1032 3714 1086 melioris

2146 1129 2270 1181 vitm
2315 1126 2613 1181 mutatione
2641 1123 2941 1180 contendit.
2983 1123 3098 1179 Non
3145 1123 3285 1178 enim
3317 1123 3435 1178 sine
3465 1123 3715 1178 violentia

2149 1219 2264 1275 fieri
2294 1227 2496 1290 potest,
2527 1227 2584 1272 ut
2607 1219 2675 1274 de
2697 1217 3024 1272 abundantia
3046 1225 3100 1271 et
3128 1216 3192 1270 de
3218 1215 3415 1270 divitiis
3438 1215 3504 1270 ad
3529 1217 3716 1270 famem

2149 1321 2205 1369 et
2250 1313 2415 1377 sitim,
2445 1312 2510 1366 ad
2559 1311 2939 1366 abstinentiam
2985 1319 3041 1364 et
3084 1323 3300 1363 crucem
3348 1317 3629 1372 transeat;
3667 1316 3720 1362 ut

2150 1416 2341 1458 somno
2371 1401 2518 1472 prius
2543 1411 2700 1469 atque
2728 1399 2838 1454 otio
2864 1399 3090 1453 amicam
3118 1412 3367 1461 carnem;
3394 1399 3720 1452 contritione

2151 1492 2449 1562 vigiliisque
2495 1490 2778 1554 conficiat;
2827 1505 2966 1556 non,
3015 1490 3253 1559 inquam,
3308 1488 3425 1543 sine
3471 1489 3720 1544 violentia

2155 1583 2268 1638 fieri
2312 1591 2506 1652 patest,
2537 1593 2594 1636 ut
2640 1583 3006 1652 unusquisque
3055 1581 3382 1636 iracundiam
3440 1583 3714 1652 patientia,

2154 1672 2460 1742 superbiam
2503 1671 2804 1726 humilitate
2834 1679 3148 1734 commutet,
3179 1687 3365 1727 amore
3394 1673 3722 1742 paupertatis

480 1780 732 1843 ptena,et
761 1768 1061 1823 vivificante
1082 1765 1371 1831 sententia,
1393 1763 1558 1817 stabit
1584 1759 1797 1815 saeculis
1827 1758 2051 1814 materia
2081 1756 2130 1816 B
2156 1777 2219 1817 ac
2260 1761 2598 1816 sufficientia:
2627 1762 2958 1815 affluentiam
2985 1770 3227 1831 superet,
3259 1761 3614 1817 vinolentiam
3643 1777 3722 1818 so-

481 1861 816 1933 reparabilis,
845 1869 901 1916 et
951 1872 1237 1928 numquam
1284 1855 1350 1909 ad
1395 1864 1591 1910 metam
1638 1853 1900 1907 malorum
1948 1858 2056 1905 ter-

483 1957 629 2011 mino
660 1953 900 2024 fugiente
928 1948 1238 2020 perveniet;
1268 1955 1324 2003 et
1351 1947 1476 2002 dum
1519 1945 1618 2000 sibi
1668 1946 1868 1999 nullam
1907 1957 2056 2012 spem

481 2046 798 2118 promittere
826 2043 1024 2114 poterit
1050 2041 1135 2097 vel
1173 2050 1292 2112 post
1341 2041 1598 2094 immensa
1649 2048 1914 2108 tempora,
1945 2037 2055 2106 jam

481 2140 644 2194 etiam
691 2137 744 2193 in
796 2135 1050 2206 przesenti
1100 2133 1406 2189 sentientur
1453 2131 1894 2202 consequentium
1943 2141 2058 2185 tor-

483 2241 665 2287 menta
693 2229 1049 2293 surculorum;
1081 2241 1145 2281 ac
1171 2227 1249 2281 sic
1271 2224 1516 2281 dolorem
1560 2223 1747 2278 mortis
1779 2222 2060 2278 conscien-

485 2323 571 2377 tite
615 2321 877 2390 impositae
918 2317 1294 2373 immortalitas
1325 2316 1562 2386 augebit.
1599 2315 1686 2368 Vae
1720 2315 1810 2384 qui
1840 2317 1953 2368 haec
1981 2313 2060 2367 lu-

482 2411 656 2483 genda
707 2413 759 2466 in
814 2417 1117 2480 posterum,
1170 2405 1393 2462 ridenda
1446 2413 1586 2459 tunc'
1624 2403 1915 2473 deputant!
1969 2402 2060 2456 Vm

483 2502 677 2571 quibus
705 2500 822 2554 hac
863 2499 1014 2568 prius
1044 2496 1370 2566 experienda
1408 2503 1532 2548 sunt
1559 2507 1718 2564 quam
1749 2491 2057 2547 credenda!

484 2592 736 2660 Ideoque,
765 2587 1087 2653 charissimi,
1118 2586 1236 2641 haec
1265 2585 1444 2640 omnia
1486 2599 1606 2654 qua:
1637 2583 1748 2638 illic
1775 2583 1914 2637 finiri
1946 2597 2056 2638 non

488 2689 763 2752 poterunt,
817 2679 902 2733 hic
951 2675 1146 2733 redimi
1211 2683 1438 2746 possunt
1487 2689 1583 2746 per
1629 2673 2060 2729 emendationem

482 2752 679 2845 prioris
727 2772 873 2840 vitae,
901 2785 996 2842 per
1036 2770 1437 2839 eleemosynas,
1477 2781 1575 2836 per
1627 2765 1915 2837 lacrymas,
1965 2779 2062 2835 per

483 2864 840 2919 humilitatem
893 2860 1103 2926 cordis,
1146 2875 1242 2928 per
1287 2858 1532 2927 corporis
1584 2857 1910 2922 castitatem,
1960 2871 2064 2926 per

483 2956 739 3013 exercitia
758 2955 980 3025 justitia:
1009 2967 1072 3008 ac
1095 2950 1500 3007 misericordiae.
1524 2948 1652 3018 Quae
1680 2964 1801 3004 cum
1832 2947 1905 3003 ita
1930 2947 2057 3014 sint,

481 3063 578 3119 per
606 3056 688 3102 tot
718 3061 932 3103 errores
961 3045 1275 3102 festinamus
1309 3043 1373 3098 ad
1420 3051 1668 3107 mortem,
1696 3043 1786 3112 qui
1827 3049 1905 3097 tot
1943 3041 2060 3095 vias

2157 1853 2403 1917 brictate,
2436 1852 2702 1907 luxuriam
2751 1852 3000 1906 castitate
3049 1851 3412 1921 commendet,
3458 1861 3517 1907 et
3572 1851 3726 1906 homo
3798 1909 3810 1926 σ

2157 1943 2338 1998 subito
2364 1942 2418 1996 in
2451 1943 2623 1997 virum
2652 1943 2878 1998 alterum
2929 1943 3359 2011 transformetur,
3387 1953 3442 1997 et
3469 1943 3728 2014 quodam-

2162 2033 2322 2087 modo
2352 2033 2490 2087 alter
2529 2031 2788 2088 reddatur
2817 2047 2881 2086 ex
2921 2033 3127 2099 altero;
3152 2047 3213 2088 ac
3245 2033 3324 2088 sic
3354 2048 3381 2087 a
3412 2033 3617 2089 talibus
3646 2050 3725 2102 per

2167 2123 2482 2178 violentiam
2531 2137 2752 2192 regnum
2799 2123 3021 2178 cmleste
3061 2123 3361 2192 diripiatur.
3410 2124 3530 2179 Duo
3560 2133 3730 2180 autem
3817 2172 3824 2181 .

2161 2223 2285 2269 sunt
2307 2213 2649 2269 abstinentia:
2673 2221 2728 2268 et
2753 2213 2928 2270 crucis
2952 2228 3150 2284 genera
3181 2232 3195 2269 :
3233 2230 3395 2270 unum
3427 2217 3730 2286 corporale,

2161 2307 2390 2361 alterum
2421 2305 2665 2376 spiritale
2697 2324 2710 2360 :
2742 2323 2906 2362 unttm
2930 2322 2958 2360 a
2992 2317 3117 2376 potu
3147 2315 3305 2379 atque
3333 2308 3511 2378 epulis
3537 2319 3736 2378 tempe-

2163 2412 2306 2464 rare,
2331 2400 2627 2468 appetitum
2657 2398 2796 2469 gula:
2841 2413 2872 2452 a
2910 2398 3359 2454 delectationibus
3385 2408 3439 2454 et
3477 2399 3734 2454 mollissi-

2163 2488 2265 2542 mis
2293 2487 2647 2542 suavitatibus
2687 2501 2972 2554 coercere;
3005 2487 3072 2542 ab
3104 2487 3190 2544 bis
3223 2503 3344 2558 qua:
3387 2503 3488 2556 per
3517 2498 3734 2552 tactum,

2163 2593 2259 2648 per
2278 2587 2490 2648 gustum
2522 2579 2803 2647 visumque
2837 2577 3129 2646 decipiunt,
3156 2593 3368 2633 sensum
3399 2577 3636 2632 viriliter
3657 2593 3735 2632 re-

2163 2684 2379 2736 vocare,
2412 2684 2476 2725 ac
2511 2669 2774 2724 violenter
2816 2669 3152 2724 abstrahere.
3183 2669 3425 2724 Alterum
3464 2669 3738 2724 abstinen-

2164 2763 2256 2816 tia:
2301 2769 2356 2816 et
2395 2759 2570 2815 crucis
2608 2772 2777 2830 genus
2831 2768 2913 2814 est
2960 2760 3252 2828 pretiosum
3289 2767 3451 2829 atque
3482 2759 3734 2823 sublime,

2165 2863 2342 2909 motus
2377 2852 2541 2907 animi
2573 2867 2778 2924 regere,
2811 2860 2865 2908 et
2903 2851 3331 2922 perturbationes
3377 2851 3530 2906 illius
3563 2851 3740 2906 mode-

2165 2945 2282 3000 stia:
2336 2943 2724 3014 tranquillitate
2781 2958 3036 3014 peccare,
3088 2958 3153 2999 ac
3189 2943 3460 3013 superbiae
3509 2945 3740 3014 impetus

2166 3037 2316 3108 quasi
2364 3037 2530 3093 feram
2586 3036 2810 3092 bestiam
2853 3035 3151 3100 refrenare,
3204 3035 3412 3104 litigare
3440 3075 3457 3102 ,
3501 3036 3741 3106 quotidie

488 3111 795 3207 accepimus
831 3136 897 3190 ad
937 3136 1187 3190 salutem.
1216 3135 1319 3188 Per
1365 3133 1547 3189 Jesum
1574 3111 1849 3188 Christum
1881 3130 2064 3186 Domi-
2090 3111 2136 3175 C
2169 3137 2357 3182 contra
2388 3127 2514 3181 vitia
2561 3141 2678 3192 sua,
2711 3125 2992 3195 increpare
3021 3140 3081 3181 se
3109 3125 3335 3192 quadam
3366 3127 3618 3180 censoria
3647 3141 3741 3179 au-

493 3243 618 3284 num
649 3236 912 3292 nostrum,
947 3225 1036 3296 qui
1065 3241 1186 3280 cum
1211 3224 1369 3280 Patre
1391 3234 1443 3280 et
1465 3225 1668 3295 Spiritu
1693 3232 1880 3279 sancto
1910 3222 2061 3278 vivit.

1077 3357 1360 3414 HOM|LIA
1403 3357 1468 3411 il.

1064 3470 1146 3525 Ad
1191 3467 1488 3526 monachos.

560 3585 699 3654 Quid
751 3584 1104 3652 salubritatis,
1136 3581 1463 3649 charissimi,
1509 3581 1672 3636 etiam
1708 3579 1759 3634 in
1808 3579 2061 3651 praesenti

487 3682 769 3737 conferant
799 3687 999 3735 sanctte
1024 3677 1425 3744 occupationes,
1457 3674 1598 3729 scire
1627 3673 1905 3728 debemus.
1929 3671 2066 3727 'l‘ra-

487 3772 623 3827 didit
668 3784 818 3824 sacra
864 3769 1042 3834 lectio,
1073 3766 1272 3822 munda
1319 3765 1572 3820 animalia
1603 3778 1724 3820 esse
1744 3779 1863 3834 quae
1893 3762 2062 3818 rumi-

487 3869 638 3918 nant.
669 3859 807 3928 Quid
838 3867 1014 3914 autem
1044 3858 1114 3912 sit
1145 3856 1436 3920 ruminare,
1469 3863 1656 3924 aperte
1693 3853 1850 3910 docet
1882 3866 2064 3908 sermo

485 3952 720 4022 divinus,
752 3950 937 4007 dicens
963 3966 976 4002 :
1009 3947 1076 4002 In
1119 3949 1227 4018 lege
1256 3946 1470 4001 Domini
1497 3947 1732 4001 voluntas
1758 3949 1892 4018 ejus,
1921 3953 1968 3998 et
2007 3945 2062 3998 in

487 4045 596 4115 lege
615 4045 726 4114 ejus
748 4040 1080 4095 meditabitur
1102 4039 1184 4092 die
1206 4055 1266 4091 ac
1287 4045 1430 4092 nocte
1453 4035 1570 4107 (Ps.
1591 4052 1631 4100 ι,
1656 4037 1737 4106 2);
1756 4046 1808 4091 et
1833 4037 2058 4090 iterum:

488 4133 762 4190 Meditatio
808 4131 977 4185 cordis
1010 4129 1110 4182 mei
1158 4129 1210 4182 in
1249 4137 1525 4197 conspectu
1572 4137 1659 4182 tuo
1712 4142 1910 4198 semper
1939 4126 2056 4200 (1’s.

477 4238 631 4288 xvttt,
660 4221 796 4288 15);
820 4220 890 4275 ita
918 4233 1015 4274 nos
1039 4231 1251 4288 quoque
1270 4217 1398 4272 dum
1425 4217 1600 4273 cibum
1627 4218 1816 4273 salutis
1843 4218 2059 4287 spirita-

490 4312 614 4366 liter
643 4311 998 4377 ruminamus,
1032 4309 1234 4364 clausis
1271 4308 1518 4365 sensibus
1549 4309 1821 4379 improbas
1860 4307 2060 4379 cogita-

492 4403 669 4457 tiones
697 4401 1065 4467 excludimus;
1090 4399 1284 4456 deinde
1313 4400 1403 4455 Dei
1431 4399 1678 4456 laudibus
1704 4398 2056 4466 delectamur,

2166 3220 2414 3276 steritate
2440 3219 2674 3285 virtutis,
2706 3229 2760 3274 et
2794 3220 2966 3274 rixam
2994 3217 3391 3288 quodammodo
3417 3231 3546 3273 cum
3576 3218 3742 3272 homi-

2168 3325 2235 3365 ne
2285 3311 2540 3365 interiore
2597 3323 2908 3364 conserere.
2961 3309 3086 3362 lla-c
3141 3308 3263 3362 facit
3312 3307 3433 3376 qni,
3487 3319 3740 3376 perrupto

2167 3401 2473 3470 passionum
2515 3414 2692 3466 muro,
2722 3400 2989 3454 violenter
3031 3399 3096 3452 ad
3125 3399 3382 3454 cmloruni
3423 3414 3590 3468 regna
3614 3413 3737 3453 coa-

2165 3490 2397 3546 scendit.
2452 3489 2532 3544 Ad
2593 3505 2714 3560 qua:
2767 3504 2864 3543 vos
2905 3489 3202 3557 perducere
3249 3489 3299 3541 in
3353 3503 3452 3541 suo
3501 3488 3742 3542 viventes

2168 3583 2359 3638 timore
2403 3581 2650 3654 dignetur
2685 3582 2775 3652 qui
2825 3593 3008 3651 regnat
3060 3581 3112 3635 in
3161 3579 3356 3636 sarcula
3392 3581 3736 3636 szeculorunt.

2165 3675 2358 3728 Amen.

2755 3741 3037 3798 llOiilLIA
3079 3741 3168 3796 111.

2759 3833 2841 3887 Ad
2864 3837 3158 3886 monachos.

2235 3947 2453 4003 instruit
2497 3961 2597 4002 nos
2624 3956 2785 4018 atque
2806 3947 3052 4002 hortatur
3082 3959 3258 4000 sermo
3287 3944 3529 4010 divinus,
3563 3944 3729 4014 quali-

2165 4048 2246 4096 ter
2274 4055 2372 4095 nos
2392 4041 2675 4109 accingere
2704 4039 2994 4093 debeamus
3025 4039 3088 4091 ad
3123 4035 3439 4106 inquirenda
3473 4039 3736 4105 promissa

2165 4146 2284 4195 sua,
2315 4139 2370 4186 et
2413 4129 2704 4186 obtinenda
2743 4130 2831 4183 illa
2860 4129 3000 4184 bona
3050 4144 3169 4199 qua:
3199 4144 3296 4183 nec
3323 4130 3439 4182 visu
3473 4131 3620 4196 capi,
3647 4144 3739 4182 nec

2165 4222 2345 4276 auditu
2381 4222 2608 4292 percipi,
2643 4236 2742 4276 nec
2770 4220 3004 4289 cogitatu
3048 4219 3435 4290 comprehendi
3491 4228 3732 4289 anstlnl.

2163 4310 2350 4378 Petito,
2383 4313 2572 4381 inquit,
2601 4321 2646 4366 et
2691 4311 2970 4381 accipietis,
2994 4312 3206 4379 quwrite
3239 4319 3285 4364 et
3309 4312 3601 4376 invenieris,
3631 4311 3738 4382 pal-

2163 4412 2272 4455 sate
2300 4411 2344 4454 et
2369 4403 2632 4472 aperietur
2661 4402 2796 4456 vobis
2822 4400 2974 4470 (Luc.
3000 4415 3078 4466 xt,
3100 4403 3185 4469 9);
3217 4401 3266 4454 id
3291 4408 3393 4464 est,
3415 4409 3475 4453 ut
3500 4413 3739 4469 petamus

493 4502 548 4548 et
577 4491 803 4547 interius
835 4503 1076 4546 nostrum
1106 4490 1362 4546 mundum
1403 4490 1601 4546 animal
1631 4489 1746 4544 fieri
1777 4504 1874 4560 per
1905 4505 2060 4544 exer-
2088 4469 2139 4530 Ῑ)
2169 4469 2729 4562 οηηόοξιιιιωηιυιιε
2759 4491 3083 4557 laborando;
3121 4491 3395 4560 pulsemus
3427 4491 3738 4547 desideran-

489 4583 614 4638 citia
649 4592 834 4638 sancta
863 4582 1158 4646 sentimus;
1183 4589 1238 4636 et
1265 4581 1392 4636 dum
1433 4590 1618 4636 contra
1670 4580 1927 4650 reprobas
1970 4596 2066 4636 vo-

491 4671 726 4742 luptates
769 4672 1023 4726 interiora
1051 4680 1232 4726 nostra
1277 4671 1567 4738 tnunimus,
1598 4673 1810 4726 animas
1848 4682 2064 4729 nostras

489 4762 622 4817 cibis
652 4759 962 4817 caelestibus
1002 4760 1277 4824 satiamus,
1302 4767 1361 4815 ut
1390 4769 1444 4816 et
1482 4760 1549 4815 de
1578 4761 1734 4815 nobis
1781 4763 1907 4817 iltud
1937 4777 2061 4834 pro-

485 4850 758 4921 pheticum
810 4849 916 4905 dici
967 4851 1140 4919 possit
1169 4867 1182 4903 :
1219 4849 1413 4905 Panem
1438 4851 1550 4907 caeli
1585 4852 1726 4906 dedit
1751 4854 1842 4922 eis,
1876 4871 2060 4923 panem

483 4944 778 5015 angelorum
820 4940 1145 4996 manducavit
1169 4943 1339 4997 homo.
1367 4942 1527 4999 Panis
1565 4945 1876 5014 angelorum
1900 4945 2052 5000 Chri-

484 5044 601 5091 stus
627 5043 728 5101 est,
753 5033 907 5104 cujus
935 5034 1040 5089 cibi
1073 5044 1125 5089 et
1157 5049 1255 5089 nos
1291 5037 1581 5106 participes
1608 5051 1813 5102 sumus,
1841 5038 2056 5108 quando

483 5134 718 5182 mentem
745 5125 797 5180 in
841 5125 958 5194 ejus
1005 5126 1288 5195 praeconiis
1319 5141 1666 5198 occupamus.
1691 5129 1831 5186 Ecce
1869 5144 2057 5185 verum

485 5217 686 5285 cibum,
718 5217 806 5286 qui
838 5216 1010 5272 reficit
1044 5225 1099 5272 et
1129 5232 1235 5272 non
1283 5217 1484 5284 deficit,
1514 5220 1607 5274 sed
1639 5235 1739 5275 usu
1770 5235 1868 5275 suo
1896 5221 2060 5289 protl-

484 5308 578 5374 clt,
603 5319 656 5365 et
678 5309 791 5364 suis
819 5309 1015 5364 crescit
1036 5309 1310 5378 expensis.
1340 5308 1452 5364 lloc
1475 5325 1611 5379 pane
1639 5312 1914 5366 reficimur
1937 5327 2061 5368 esu-

485 5398 694 5465 riendo,
719 5409 774 5454 et
807 5397 1076 5468 poscimur
1106 5397 1421 5469 jejunando,
1455 5400 1560 5454 vim
1591 5400 1875 5470 quamdam
1915 5402 2060 5458 vitiis

484 5488 684 5542 nostris
714 5495 769 5543 et
795 5487 1078 5543 desideriis
1104 5487 1422 5556 inferentes,
1443 5487 1500 5544 ut
1528 5495 1596 5544 de
1619 5490 1774 5546 nobis
1803 5491 1909 5546 dici
1941 5507 2066 5560 pos-

484 5575 556 5627 sit
580 5593 593 5628 :
617 5577 847 5647 Regnum
871 5579 1115 5633 caelorum
1138 5580 1236 5632 vim
1271 5581 1483 5651 patitur,
1510 5590 1556 5634 ct
1581 5582 1786 5636 violenti
1808 5583 2067 5653 diripiunt

483 5661 616 5728 illud
637 5666 850 5735 (Matth.
867 5684 940 5736 xt,
966 5669 1074 5740 P2).
1094 5670 1190 5736 Qui
1211 5673 1316 5728 sint
1336 5671 1578 5741 violenti,
1604 5687 1761 5728 nosse
1783 5673 2062 5732 debemus.

2167 4581 2256 4648 do,
2292 4582 2565 4650 pulsemus
2597 4582 2947 4650 proficiendo,
2979 4581 3252 4651 pulsemus
3293 4585 3730 4651 perseverando;

2167 4681 2220 4728 c'.
2251 4675 2301 4726 in
2341 4689 2494 4743 spem
2523 4673 2826 4728 caelestium
2860 4674 3243 4743 promissorum
3278 4681 3428 4728 tanto
3459 4675 3735 4728 incitemnr

2163 4765 2360 4832 studio,
2395 4773 2650 4836 tantoque
2679 4765 3081 4819 inardescamus
3108 4764 3325 4827 affectu,
3354 4773 3410 4818 ut
3445 4781 3568 4819 cum
3609 4779 3734 4834 pta:—

2164 4857 2391 4911 miorum
2425 4857 2685 4927 dignitate
2714 4857 3106 4912 desideriorum
3155 4855 3466 4924 magnitudo
3513 4872 3725 4912 concor-

2132 4947 2272 5012 ,det.
2305 4945 2422 5001 Non
2449 4947 2561 5000 vult
2583 4946 2725 5001 Dens
2757 4955 2940 5000 noster
2967 4945 3100 4999 bona
3126 4959 3219 4998 sua
3239 4944 3399 4998 nimia
3430 4941 3728 4998 inveniendi

2164 5036 2422 5092 facilitate
2453 5038 2742 5101 vilescere;
2775 5039 3006 5105 pretiosa
3038 5046 3090 5091 et
3127 5034 3564 5102 concupiscibilis
3594 5049 3726 5089 mer-

2163 5143 2253 5183 ccs
2288 5129 2539 5197 cupidum
2570 5137 2863 5182 amatorem
2901 5137 2954 5182 et
2983 5126 3197 5196 ayidum
3227 5126 3613 5196 negotiatorem
3654 5137 3729 5176 re-

2162 5220 2349 5290 quirit.

2236 5311 2376 5380 Ergo
2425 5308 2518 5364 ille
2566 5317 2837 5364 tantorum
2883 5322 3166 5363 munerum
3215 5307 3581 5376 repromissor
3629 5318 3726 5358 non

2167 5399 2277 5454 vult
2311 5400 2363 5454 in
2391 5413 2558 5469 opere
2586 5413 2685 5454 suo
2709 5398 2969 5468 tepidum,
2991 5397 3220 5466 despicit
3251 5395 3608 5462 fastidiosum,
3645 5409 3728 5448 rc—

2167 5501 2321 5548 cusat
2348 5501 2616 5556 coactum,
2644 5491 2850 5559 respuit
2883 5489 3219 5544 indevotum.
3250 5487 3487 5544 Lentutn
3520 5489 3651 5540 enim
3682 5491 3730 5536 et

2169 5600 2358 5656 parum
2389 5595 2595 5655 gratum
2620 5597 2862 5653 qutcrore
2900 5581 3126 5651 gratiam
3153 5578 3318 5634 divini
3343 5581 3601 5643 muneris,
3625 5590 3729 5629 ma-

2173 5677 2317 5732 xima
2348 5686 2428 5732 est
2459 5675 2654 5747 injuria
2685 5672 3126 5730 rctnuneratoris.
3157 5672 3296 5742 Ergo
3341 5671 3472 5728 totis
3519 5672 3636 5748 licet
3679 5671 3728 5722 et
