  <div class='ocr_page' id='page_1' title='image "/cluster/home/n/w/nwhite01/storage/ocr_20150623/50/hvd.32044096580717/468.png"; bbox 0 0 3932 6170; ppageno 0'>
   <div class='ocr_carea' id='block_1_1' title="bbox 270 335 371 394">
    <p class='ocr_par' dir='ltr' id='par_1_1' title="bbox 270 335 371 394">
     <span class='ocr_line' id='line_1_1' title="bbox 270 335 371 394; baseline -0.03 0"><span class='ocrx_word' id='word_1_1' title='bbox 270 335 371 394; x_wconf 79' lang='lat'><strong>837</strong></span> 
     </span>
    </p>
   </div>
   <div class='ocr_carea' id='block_1_2' title="bbox 1726 337 2055 397">
    <p class='ocr_par' dir='ltr' id='par_1_2' title="bbox 1726 337 2055 397">
     <span class='ocr_line' id='line_1_2' title="bbox 1726 337 2055 397; baseline 0.015 -5"><span class='ocrx_word' id='word_1_2' title='bbox 1726 337 2055 397; x_wconf 71' lang='grc' dir='ltr'><strong>ΠΟΜΙῙΛᾹΞ.</strong></span> 
     </span>
    </p>
   </div>
   <div class='ocr_carea' id='block_1_3' title="bbox 3426 357 3529 415">
    <p class='ocr_par' dir='ltr' id='par_1_3' title="bbox 3426 357 3529 415">
     <span class='ocr_line' id='line_1_3' title="bbox 3426 357 3529 415; baseline 0.039 -4"><span class='ocrx_word' id='word_1_3' title='bbox 3426 357 3529 415; x_wconf 70' lang='lat'><strong>838</strong></span> 
     </span>
    </p>
   </div>
   <div class='ocr_carea' id='block_1_4' title="bbox 265 446 3527 539">
    <p class='ocr_par' dir='ltr' id='par_1_4' title="bbox 265 446 3527 539">
     <span class='ocr_line' id='line_1_4' title="bbox 265 446 3527 539; baseline 0.006 -34"><span class='ocrx_word' id='word_1_4' title='bbox 265 446 459 505; x_wconf 72' lang='lat' dir='ltr'><strong>anima:</strong></span> <span class='ocrx_word' id='word_1_5' title='bbox 502 456 558 539; x_wconf 85' lang='lat' dir='ltr'><strong>et</strong></span> <span class='ocrx_word' id='word_1_6' title='bbox 595 446 841 539; x_wconf 85' lang='lat' dir='ltr'><strong>corporis</strong></span> <span class='ocrx_word' id='word_1_7' title='bbox 867 446 1144 503; x_wconf 81' lang='lat' dir='ltr'><strong>laboribus</strong></span> <span class='ocrx_word' id='word_1_8' title='bbox 1187 446 1531 515; x_wconf 89' lang='lat' dir='ltr'><strong>desudemus,</strong></span> <span class='ocrx_word' id='word_1_9' title='bbox 1568 448 1694 503; x_wconf 90' lang='lat' dir='ltr'><strong>totis</strong></span> <span class='ocrx_word' id='word_1_10' title='bbox 1716 447 1841 504; x_wconf 91' lang='lat' dir='ltr'><strong>licet</strong></span> <span class='ocrx_word' id='word_1_11' title='bbox 1868 454 1917 509; x_wconf 78' lang='grc' dir='ltr'><strong><em>Α</em></strong></span> <span class='ocrx_word' id='word_1_12' title='bbox 1948 450 2110 505; x_wconf 87' lang='lat' dir='ltr'><strong>etiam</strong></span> <span class='ocrx_word' id='word_1_13' title='bbox 2159 449 2213 505; x_wconf 93' lang='lat' dir='ltr'><strong>in</strong></span> <span class='ocrx_word' id='word_1_14' title='bbox 2260 452 2510 520; x_wconf 69' lang='lat' dir='ltr'><strong>prmsenti</strong></span> <span class='ocrx_word' id='word_1_15' title='bbox 2553 453 2954 514; x_wconf 73' lang='lat' dir='ltr'><strong>damnationem</strong></span> <span class='ocrx_word' id='word_1_16' title='bbox 3006 460 3225 519; x_wconf 86' lang='lat' dir='ltr'><strong>inferre.</strong></span> <span class='ocrx_word' id='word_1_17' title='bbox 3257 464 3367 522; x_wconf 91' lang='lat' dir='ltr'><strong>lllis</strong></span> <span class='ocrx_word' id='word_1_18' title='bbox 3397 468 3527 539; x_wconf 82' lang='lat' dir='ltr'><strong>ipsis</strong></span> 
     </span>
    </p>
   </div>
   <div class='ocr_carea' id='block_1_5' title="bbox 262 538 1839 603">
    <p class='ocr_par' dir='ltr' id='par_1_5' title="bbox 262 538 1839 603">
     <span class='ocr_line' id='line_1_5' title="bbox 262 538 1839 603; baseline -0.001 -8"><span class='ocrx_word' id='word_1_19' title='bbox 262 538 584 595; x_wconf 75' lang='lat' dir='ltr'><strong>obedientia:</strong></span> <span class='ocrx_word' id='word_1_20' title='bbox 622 538 827 594; x_wconf 86' lang='lat' dir='ltr'><strong>viribus</strong></span> <span class='ocrx_word' id='word_1_21' title='bbox 858 553 1230 603; x_wconf 81' lang='lat' dir='ltr'><strong>exerceamur,</strong></span> <span class='ocrx_word' id='word_1_22' title='bbox 1263 539 1396 594; x_wconf 85' lang='lat' dir='ltr'><strong>nihil</strong></span> <span class='ocrx_word' id='word_1_23' title='bbox 1438 547 1615 593; x_wconf 86' lang='lat' dir='ltr'><strong>tamen</strong></span> <span class='ocrx_word' id='word_1_24' title='bbox 1650 539 1839 593; x_wconf 83' lang='lat' dir='ltr'><strong>condi-</strong></span> 
     </span>
    </p>
   </div>
   <div class='ocr_carea' id='block_1_6' title="bbox 258 629 1842 702">
    <p class='ocr_par' dir='ltr' id='par_1_6' title="bbox 258 629 1842 702">
     <span class='ocr_line' id='line_1_6' title="bbox 258 629 1842 702; baseline 0 -17"><span class='ocrx_word' id='word_1_25' title='bbox 258 646 422 702; x_wconf 84' lang='lat' dir='ltr'><strong>gnum</strong></span> <span class='ocrx_word' id='word_1_26' title='bbox 471 630 668 685; x_wconf 89' lang='lat' dir='ltr'><strong>merito</strong></span> <span class='ocrx_word' id='word_1_27' title='bbox 712 644 813 699; x_wconf 90' lang='lat' dir='ltr'><strong>pro</strong></span> <span class='ocrx_word' id='word_1_28' title='bbox 858 630 1167 685; x_wconf 60' lang='lat' dir='ltr'><strong>caelestibus</strong></span> <span class='ocrx_word' id='word_1_29' title='bbox 1197 629 1356 685; x_wconf 88' lang='lat' dir='ltr'><strong>bonis</strong></span> <span class='ocrx_word' id='word_1_30' title='bbox 1400 644 1755 700; x_wconf 89' lang='lat' dir='ltr'><strong>compensare</strong></span> <span class='ocrx_word' id='word_1_31' title='bbox 1787 638 1842 685; x_wconf 91' lang='lat' dir='ltr'><strong>et</strong></span> 
     </span>
    </p>
   </div>
   <div class='ocr_carea' id='block_1_7' title="bbox 256 720 1837 791">
    <p class='ocr_par' dir='ltr' id='par_1_7' title="bbox 256 720 1837 791">
     <span class='ocr_line' id='line_1_7' title="bbox 256 720 1837 791; baseline -0.003 -12"><span class='ocrx_word' id='word_1_32' title='bbox 256 722 457 779; x_wconf 80' lang='lat' dir='ltr'><strong>oﬂ&#39;erre</strong></span> <span class='ocrx_word' id='word_1_33' title='bbox 486 722 807 778; x_wconf 81' lang='lat' dir='ltr'><strong>valebimus.</strong></span> <span class='ocrx_word' id='word_1_34' title='bbox 835 721 953 780; x_wconf 82' lang='lat' dir='ltr'><strong>Non</strong></span> <span class='ocrx_word' id='word_1_35' title='bbox 984 723 1165 777; x_wconf 88' lang='lat' dir='ltr'><strong>valent</strong></span> <span class='ocrx_word' id='word_1_36' title='bbox 1198 722 1326 775; x_wconf 90' lang='lat' dir='ltr'><strong>vitae</strong></span> <span class='ocrx_word' id='word_1_37' title='bbox 1360 722 1646 791; x_wconf 71' lang='lat' dir='ltr'><strong>prmsentis</strong></span> <span class='ocrx_word' id='word_1_38' title='bbox 1674 720 1837 776; x_wconf 77' lang='lat' dir='ltr'><strong>obse~</strong></span> 
     </span>
    </p>
   </div>
   <div class='ocr_carea' id='block_1_8' title="bbox 258 812 1839 884">
    <p class='ocr_par' dir='ltr' id='par_1_8' title="bbox 258 812 1839 884">
     <span class='ocr_line' id='line_1_8' title="bbox 258 812 1839 884; baseline -0.002 -15"><span class='ocrx_word' id='word_1_39' title='bbox 258 816 382 884; x_wconf 86' lang='lat' dir='ltr'><strong>quia</strong></span> <span class='ocrx_word' id='word_1_40' title='bbox 433 824 649 870; x_wconf 64' lang='lat' dir='ltr'><strong>(eterna:</strong></span> <span class='ocrx_word' id='word_1_41' title='bbox 692 813 819 868; x_wconf 68' lang='lat' dir='ltr'><strong>vitae</strong></span> <span class='ocrx_word' id='word_1_42' title='bbox 858 812 1067 883; x_wconf 76' lang='lat' dir='ltr'><strong>gaudiis</strong></span> <span class='ocrx_word' id='word_1_43' title='bbox 1120 812 1485 882; x_wconf 89' lang='lat' dir='ltr'><strong>compensari.</strong></span> <span class='ocrx_word' id='word_1_44' title='bbox 1515 812 1839 868; x_wconf 87' lang='lat' dir='ltr'><strong>Lassescant</strong></span> 
     </span>
    </p>
   </div>
   <div class='ocr_carea' id='block_1_9' title="bbox 252 902 1832 975">
    <p class='ocr_par' dir='ltr' id='par_1_9' title="bbox 252 902 1832 975">
     <span class='ocr_line' id='line_1_9' title="bbox 252 902 1832 975; baseline -0.004 -12"><span class='ocrx_word' id='word_1_45' title='bbox 252 908 383 963; x_wconf 91' lang='lat' dir='ltr'><strong>licet</strong></span> <span class='ocrx_word' id='word_1_46' title='bbox 433 907 674 961; x_wconf 79' lang='lat' dir='ltr'><strong>membra</strong></span> <span class='ocrx_word' id='word_1_47' title='bbox 706 905 922 975; x_wconf 83' lang='lat' dir='ltr'><strong>vigiliis,</strong></span> <span class='ocrx_word' id='word_1_48' title='bbox 949 904 1248 973; x_wconf 90' lang='lat' dir='ltr'><strong>pallescant</strong></span> <span class='ocrx_word' id='word_1_49' title='bbox 1289 905 1416 958; x_wconf 88' lang='lat' dir='ltr'><strong>licet</strong></span> <span class='ocrx_word' id='word_1_50' title='bbox 1459 918 1551 958; x_wconf 91' lang='lat' dir='ltr'><strong>ora</strong></span> <span class='ocrx_word' id='word_1_51' title='bbox 1592 902 1832 973; x_wconf 85' lang='lat' dir='ltr'><strong>jejuniis,</strong></span> 
     </span>
    </p>
   </div>
   <div class='ocr_carea' id='block_1_10' title="bbox 253 992 1834 1066">
    <p class='ocr_par' dir='ltr' id='par_1_10' title="bbox 253 992 1834 1066">
     <span class='ocr_line' id='line_1_10' title="bbox 253 992 1834 1066; baseline -0.004 -16"><span class='ocrx_word' id='word_1_52' title='bbox 253 1013 357 1050; x_wconf 86' lang='lat' dir='ltr'><strong>non</strong></span> <span class='ocrx_word' id='word_1_53' title='bbox 385 1005 533 1049; x_wconf 88' lang='lat' dir='ltr'><strong>erunt</strong></span> <span class='ocrx_word' id='word_1_54' title='bbox 565 1002 744 1049; x_wconf 90' lang='lat' dir='ltr'><strong>tamen</strong></span> <span class='ocrx_word' id='word_1_55' title='bbox 796 994 1067 1064; x_wconf 74' lang='lat' dir='ltr'><strong>condigna:</strong></span> <span class='ocrx_word' id='word_1_56' title='bbox 1092 994 1354 1066; x_wconf 78' lang='lat' dir='ltr'><strong>passiones</strong></span> <span class='ocrx_word' id='word_1_57' title='bbox 1394 992 1552 1062; x_wconf 82' lang='lat' dir='ltr'><strong><em>hujus</em></strong></span> <span class='ocrx_word' id='word_1_58' title='bbox 1595 993 1834 1061; x_wconf 77' lang='lat' dir='ltr'><strong>temporis</strong></span> 
     </span>
    </p>
   </div>
   <div class='ocr_carea' id='block_1_11' title="bbox 250 1082 1828 1159">
    <p class='ocr_par' dir='ltr' id='par_1_11' title="bbox 250 1082 1828 1159">
     <span class='ocr_line' id='line_1_11' title="bbox 250 1082 1828 1159; baseline -0.004 -17"><span class='ocrx_word' id='word_1_59' title='bbox 250 1090 320 1142; x_wconf 85' lang='lat' dir='ltr'><strong>ad</strong></span> <span class='ocrx_word' id='word_1_60' title='bbox 349 1089 576 1158; x_wconf 81' lang='lat' dir='ltr'><strong>futuram</strong></span> <span class='ocrx_word' id='word_1_61' title='bbox 617 1088 840 1159; x_wconf 82' lang='lat' dir='ltr'><strong>gloriam</strong></span> <span class='ocrx_word' id='word_1_62' title='bbox 885 1102 998 1157; x_wconf 75' lang='lat' dir='ltr'><strong>qua:</strong></span> <span class='ocrx_word' id='word_1_63' title='bbox 1036 1086 1343 1139; x_wconf 79' lang='lat' dir='ltr'><strong>revelabitur</strong></span> <span class='ocrx_word' id='word_1_64' title='bbox 1381 1085 1434 1138; x_wconf 86' lang='lat' dir='ltr'><strong>in</strong></span> <span class='ocrx_word' id='word_1_65' title='bbox 1482 1084 1624 1137; x_wconf 83' lang='lat' dir='ltr'><strong>nobis</strong></span> <span class='ocrx_word' id='word_1_66' title='bbox 1651 1082 1828 1154; x_wconf 81' lang='lat' dir='ltr'><strong>(Rom.</strong></span> 
     </span>
    </p>
   </div>
   <div class='ocr_carea' id='block_1_12' title="bbox 246 1175 1829 1251">
    <p class='ocr_par' dir='ltr' id='par_1_12' title="bbox 246 1175 1829 1251">
     <span class='ocr_line' id='line_1_12' title="bbox 246 1175 1829 1251; baseline -0.004 -18"><span class='ocrx_word' id='word_1_67' title='bbox 246 1180 515 1251; x_wconf 72' lang='lat' dir='ltr'><strong>vm,18).</strong></span> <span class='ocrx_word' id='word_1_68' title='bbox 565 1179 846 1234; x_wconf 84' lang='lat' dir='ltr'><strong>Pulsemus</strong></span> <span class='ocrx_word' id='word_1_69' title='bbox 897 1192 1048 1247; x_wconf 89' lang='lat' dir='ltr'><strong>ergo,</strong></span> <span class='ocrx_word' id='word_1_70' title='bbox 1092 1176 1421 1243; x_wconf 81' lang='lat' dir='ltr'><strong>cltarissimi,</strong></span> <span class='ocrx_word' id='word_1_71' title='bbox 1471 1175 1524 1229; x_wconf 92' lang='lat' dir='ltr'><strong>in</strong></span> <span class='ocrx_word' id='word_1_72' title='bbox 1572 1182 1829 1245; x_wconf 91' lang='lat' dir='ltr'><strong>quantum</strong></span> 
     </span>
    </p>
   </div>
   <div class='ocr_carea' id='block_1_13' title="bbox 246 1268 1826 1342">
    <p class='ocr_par' dir='ltr' id='par_1_13' title="bbox 246 1268 1826 1342">
     <span class='ocr_line' id='line_1_13' title="bbox 246 1268 1826 1342; baseline -0.004 -16"><span class='ocrx_word' id='word_1_73' title='bbox 246 1288 560 1342; x_wconf 88' lang='lat' dir='ltr'><strong>possumus,</strong></span> <span class='ocrx_word' id='word_1_74' title='bbox 607 1273 729 1342; x_wconf 83' lang='lat' dir='ltr'><strong>quia</strong></span> <span class='ocrx_word' id='word_1_75' title='bbox 781 1285 884 1324; x_wconf 86' lang='lat' dir='ltr'><strong>non</strong></span> <span class='ocrx_word' id='word_1_76' title='bbox 937 1284 1225 1339; x_wconf 87' lang='lat' dir='ltr'><strong>possumus</strong></span> <span class='ocrx_word' id='word_1_77' title='bbox 1254 1278 1514 1339; x_wconf 89' lang='lat' dir='ltr'><strong>quantum</strong></span> <span class='ocrx_word' id='word_1_78' title='bbox 1545 1268 1826 1323; x_wconf 84' lang='lat' dir='ltr'><strong>debemus.</strong></span> 
     </span>
    </p>
   </div>
   <div class='ocr_carea' id='block_1_14' title="bbox 245 1360 1826 1431">
    <p class='ocr_par' dir='ltr' id='par_1_14' title="bbox 245 1360 1826 1431">
     <span class='ocr_line' id='line_1_14' title="bbox 245 1360 1826 1431; baseline -0.005 -13"><span class='ocrx_word' id='word_1_79' title='bbox 245 1364 456 1418; x_wconf 86' lang='lat' dir='ltr'><strong>Futura</strong></span> <span class='ocrx_word' id='word_1_80' title='bbox 484 1362 755 1417; x_wconf 88' lang='lat' dir='ltr'><strong>beatitudo</strong></span> <span class='ocrx_word' id='word_1_81' title='bbox 776 1363 977 1431; x_wconf 87' lang='lat' dir='ltr'><strong>acquiri</strong></span> <span class='ocrx_word' id='word_1_82' title='bbox 1004 1370 1200 1430; x_wconf 81' lang='lat' dir='ltr'><strong>potest,</strong></span> <span class='ocrx_word' id='word_1_83' title='bbox 1220 1360 1472 1413; x_wconf 57' lang='lat' dir='ltr'><strong>aestimari</strong></span> <span class='ocrx_word' id='word_1_84' title='bbox 1500 1375 1602 1411; x_wconf 91' lang='lat' dir='ltr'><strong>non</strong></span> <span class='ocrx_word' id='word_1_85' title='bbox 1634 1367 1826 1426; x_wconf 61' lang='lat' dir='ltr'><strong>potest.</strong></span> 
     </span>
    </p>
   </div>
   <div class='ocr_carea' id='block_1_15' title="bbox 240 1450 1824 1517">
    <p class='ocr_par' dir='ltr' id='par_1_15' title="bbox 240 1450 1824 1517">
     <span class='ocr_line' id='line_1_15' title="bbox 240 1450 1824 1517; baseline -0.005 -8"><span class='ocrx_word' id='word_1_86' title='bbox 240 1455 358 1510; x_wconf 81' lang='lat' dir='ltr'><strong>Nisi</strong></span> <span class='ocrx_word' id='word_1_87' title='bbox 398 1455 541 1509; x_wconf 92' lang='lat' dir='ltr'><strong>enim</strong></span> <span class='ocrx_word' id='word_1_88' title='bbox 582 1469 702 1508; x_wconf 91' lang='lat' dir='ltr'><strong>cum</strong></span> <span class='ocrx_word' id='word_1_89' title='bbox 734 1453 1009 1517; x_wconf 84' lang='lat' dir='ltr'><strong>aviditate,</strong></span> <span class='ocrx_word' id='word_1_90' title='bbox 1044 1452 1147 1505; x_wconf 91' lang='lat' dir='ltr'><strong>nisi</strong></span> <span class='ocrx_word' id='word_1_91' title='bbox 1187 1466 1306 1505; x_wconf 88' lang='lat' dir='ltr'><strong>eum</strong></span> <span class='ocrx_word' id='word_1_92' title='bbox 1356 1451 1497 1504; x_wconf 90' lang='lat' dir='ltr'><strong>bona</strong></span> <span class='ocrx_word' id='word_1_93' title='bbox 1527 1450 1824 1512; x_wconf 85' lang='lat' dir='ltr'><strong>voluntate,</strong></span> 
     </span>
    </p>
   </div>
   <div class='ocr_carea' id='block_1_16' title="bbox 238 1543 1825 1616">
    <p class='ocr_par' dir='ltr' id='par_1_16' title="bbox 238 1543 1825 1616">
     <span class='ocr_line' id='line_1_16' title="bbox 238 1543 1825 1616; baseline -0.004 -14"><span class='ocrx_word' id='word_1_94' title='bbox 238 1563 367 1602; x_wconf 89' lang='lat' dir='ltr'><strong>cum</strong></span> <span class='ocrx_word' id='word_1_95' title='bbox 398 1548 586 1602; x_wconf 65' lang='lat' dir='ltr'><strong>laetitia</strong></span> <span class='ocrx_word' id='word_1_96' title='bbox 616 1546 709 1601; x_wconf 89' lang='lat' dir='ltr'><strong>Dei</strong></span> <span class='ocrx_word' id='word_1_97' title='bbox 735 1561 896 1616; x_wconf 82' lang='lat' dir='ltr'><strong>opera</strong></span> <span class='ocrx_word' id='word_1_98' title='bbox 930 1546 1223 1615; x_wconf 81' lang='lat' dir='ltr'><strong>egerimus,</strong></span> <span class='ocrx_word' id='word_1_99' title='bbox 1256 1545 1366 1598; x_wconf 91' lang='lat' dir='ltr'><strong>Deo</strong></span> <span class='ocrx_word' id='word_1_100' title='bbox 1398 1559 1496 1597; x_wconf 89' lang='lat' dir='ltr'><strong>nos</strong></span> <span class='ocrx_word' id='word_1_101' title='bbox 1529 1543 1706 1613; x_wconf 90' lang='lat' dir='ltr'><strong>perire</strong></span> <span class='ocrx_word' id='word_1_102' title='bbox 1731 1557 1825 1595; x_wconf 89' lang='lat' dir='ltr'><strong>no-</strong></span> 
     </span>
    </p>
   </div>
   <div class='ocr_carea' id='block_1_17' title="bbox 237 1634 1826 1705">
    <p class='ocr_par' dir='ltr' id='par_1_17' title="bbox 237 1634 1826 1705">
     <span class='ocr_line' id='line_1_17' title="bbox 237 1634 1826 1705; baseline -0.005 -13"><span class='ocrx_word' id='word_1_103' title='bbox 237 1639 501 1694; x_wconf 79' lang='lat' dir='ltr'><strong>verimus.</strong></span> <span class='ocrx_word' id='word_1_104' title='bbox 554 1638 831 1705; x_wconf 73' lang='lat' dir='ltr'><strong>Putemus,</strong></span> <span class='ocrx_word' id='word_1_105' title='bbox 866 1635 1187 1697; x_wconf 86' lang='lat' dir='ltr'><strong>cltarissimi,</strong></span> <span class='ocrx_word' id='word_1_106' title='bbox 1230 1634 1371 1704; x_wconf 88' lang='lat' dir='ltr'><strong>quod</strong></span> <span class='ocrx_word' id='word_1_107' title='bbox 1419 1635 1578 1702; x_wconf 80' lang='lat' dir='ltr'><strong>digne</strong></span> <span class='ocrx_word' id='word_1_108' title='bbox 1621 1640 1826 1701; x_wconf 71' lang='lat' dir='ltr'><strong>qumrat</strong></span> 
     </span>
    </p>
   </div>
   <div class='ocr_carea' id='block_1_18' title="bbox 240 1722 1823 1798">
    <p class='ocr_par' dir='ltr' id='par_1_18' title="bbox 240 1722 1823 1798">
     <span class='ocr_line' id='line_1_18' title="bbox 240 1722 1823 1798; baseline -0.004 -15"><span class='ocrx_word' id='word_1_109' title='bbox 240 1729 341 1783; x_wconf 85' lang='lat' dir='ltr'><strong>illa</strong></span> <span class='ocrx_word' id='word_1_110' title='bbox 376 1729 574 1798; x_wconf 87' lang='lat' dir='ltr'><strong>anima,</strong></span> <span class='ocrx_word' id='word_1_111' title='bbox 598 1737 652 1783; x_wconf 93' lang='lat' dir='ltr'><strong>et</strong></span> <span class='ocrx_word' id='word_1_112' title='bbox 674 1729 744 1782; x_wconf 89' lang='lat' dir='ltr'><strong>ita</strong></span> <span class='ocrx_word' id='word_1_113' title='bbox 772 1728 956 1798; x_wconf 80' lang='lat' dir='ltr'><strong>pulset</strong></span> <span class='ocrx_word' id='word_1_114' title='bbox 983 1734 1042 1781; x_wconf 91' lang='lat' dir='ltr'><strong>ut</strong></span> <span class='ocrx_word' id='word_1_115' title='bbox 1068 1726 1117 1780; x_wconf 92' lang='lat' dir='ltr'><strong>ei</strong></span> <span class='ocrx_word' id='word_1_116' title='bbox 1151 1725 1440 1795; x_wconf 87' lang='lat' dir='ltr'><strong>aperiatur,</strong></span> <span class='ocrx_word' id='word_1_117' title='bbox 1466 1738 1586 1793; x_wconf 67' lang='lat' dir='ltr'><strong>quae</strong></span> <span class='ocrx_word' id='word_1_118' title='bbox 1615 1722 1679 1777; x_wconf 91' lang='lat' dir='ltr'><strong>ad</strong></span> <span class='ocrx_word' id='word_1_119' title='bbox 1709 1724 1823 1776; x_wconf 90' lang='lat' dir='ltr'><strong>leve</strong></span> 
     </span>
    </p>
   </div>
   <div class='ocr_carea' id='block_1_19' title="bbox 1946 541 3521 629">
    <p class='ocr_par' dir='ltr' id='par_1_19' title="bbox 1946 541 3521 629">
     <span class='ocr_line' id='line_1_19' title="bbox 1946 541 3521 629; baseline 0.014 -35"><span class='ocrx_word' id='word_1_120' title='bbox 1946 541 2034 610; x_wconf 88' lang='lat' dir='ltr'><strong>qui</strong></span> <span class='ocrx_word' id='word_1_121' title='bbox 2056 542 2271 611; x_wconf 77' lang='lat' dir='ltr'><strong>gravius</strong></span> <span class='ocrx_word' id='word_1_122' title='bbox 2301 544 2440 612; x_wconf 85' lang='lat' dir='ltr'><strong>apud</strong></span> <span class='ocrx_word' id='word_1_123' title='bbox 2472 560 2570 599; x_wconf 91' lang='lat' dir='ltr'><strong>nos</strong></span> <span class='ocrx_word' id='word_1_124' title='bbox 2594 545 2931 618; x_wconf 89' lang='lat' dir='ltr'><strong>delinquunt,</strong></span> <span class='ocrx_word' id='word_1_125' title='bbox 2962 552 3163 607; x_wconf 88' lang='lat' dir='ltr'><strong>nullam</strong></span> <span class='ocrx_word' id='word_1_126' title='bbox 3203 556 3521 629; x_wconf 77' lang='lat' dir='ltr'><strong>tristiorem,</strong></span> 
     </span>
    </p>
   </div>
   <div class='ocr_carea' id='block_1_20' title="bbox 1945 633 3517 721">
    <p class='ocr_par' dir='ltr' id='par_1_20' title="bbox 1945 633 3517 721">
     <span class='ocr_line' id='line_1_20' title="bbox 1945 633 3517 721; baseline 0.013 -35"><span class='ocrx_word' id='word_1_127' title='bbox 1945 633 2144 687; x_wconf 90' lang='lat' dir='ltr'><strong>nullam</strong></span> <span class='ocrx_word' id='word_1_128' title='bbox 2189 634 2526 691; x_wconf 88' lang='lat' dir='ltr'><strong>acerbiorem</strong></span> <span class='ocrx_word' id='word_1_129' title='bbox 2576 652 2863 706; x_wconf 88' lang='lat' dir='ltr'><strong>possumus</strong></span> <span class='ocrx_word' id='word_1_130' title='bbox 2899 642 3141 699; x_wconf 86' lang='lat' dir='ltr'><strong>invenire</strong></span> <span class='ocrx_word' id='word_1_131' title='bbox 3172 650 3517 721; x_wconf 89' lang='lat' dir='ltr'><strong>sententiam,</strong></span> 
     </span>
    </p>
   </div>
   <div class='ocr_carea' id='block_1_21' title="bbox 1941 734 3521 812">
    <p class='ocr_par' dir='ltr' id='par_1_21' title="bbox 1941 734 3521 812">
     <span class='ocr_line' id='line_1_21' title="bbox 1941 734 3521 812; baseline 0.013 -33"><span class='ocrx_word' id='word_1_132' title='bbox 1941 740 2099 795; x_wconf 90' lang='lat' dir='ltr'><strong>quam</strong></span> <span class='ocrx_word' id='word_1_133' title='bbox 2128 736 2187 781; x_wconf 93' lang='lat' dir='ltr'><strong>ut</strong></span> <span class='ocrx_word' id='word_1_134' title='bbox 2211 742 2239 781; x_wconf 92' lang='lat' dir='ltr'><strong>a</strong></span> <span class='ocrx_word' id='word_1_135' title='bbox 2266 742 2497 797; x_wconf 90' lang='lat' dir='ltr'><strong>corpore</strong></span> <span class='ocrx_word' id='word_1_136' title='bbox 2524 734 2957 803; x_wconf 82' lang='lat' dir='ltr'><strong>congregationis</strong></span> <span class='ocrx_word' id='word_1_137' title='bbox 2990 736 3246 806; x_wconf 90' lang='lat' dir='ltr'><strong>abscissi,</strong></span> <span class='ocrx_word' id='word_1_138' title='bbox 3278 740 3398 797; x_wconf 88' lang='lat' dir='ltr'><strong>sine</strong></span> <span class='ocrx_word' id='word_1_139' title='bbox 3427 758 3521 812; x_wconf 83' lang='lat' dir='ltr'><strong>pa-</strong></span> 
     </span>
    </p>
   </div>
   <div class='ocr_carea' id='block_1_22' title="bbox 1939 816 3517 901">
    <p class='ocr_par' dir='ltr' id='par_1_22' title="bbox 1939 816 3517 901">
     <span class='ocr_line' id='line_1_22' title="bbox 1939 816 3517 901; baseline 0.015 -32"><span class='ocrx_word' id='word_1_140' title='bbox 1939 830 2003 871; x_wconf 88' lang='lat' dir='ltr'><strong>ce</strong></span> <span class='ocrx_word' id='word_1_141' title='bbox 2030 816 2330 875; x_wconf 81' lang='lat' dir='ltr'><strong>discedant.</strong></span> <span class='ocrx_word' id='word_1_142' title='bbox 2363 820 2428 874; x_wconf 87' lang='lat' dir='ltr'><strong>Et</strong></span> <span class='ocrx_word' id='word_1_143' title='bbox 2474 836 2657 878; x_wconf 90' lang='lat' dir='ltr'><strong>nonne</strong></span> <span class='ocrx_word' id='word_1_144' title='bbox 2701 827 2951 881; x_wconf 85' lang='lat' dir='ltr'><strong>amentiae</strong></span> <span class='ocrx_word' id='word_1_145' title='bbox 2979 843 3145 898; x_wconf 90' lang='lat' dir='ltr'><strong>genus</strong></span> <span class='ocrx_word' id='word_1_146' title='bbox 3174 842 3277 901; x_wconf 88' lang='lat' dir='ltr'><strong>est,</strong></span> <span class='ocrx_word' id='word_1_147' title='bbox 3310 841 3371 887; x_wconf 90' lang='lat' dir='ltr'><strong>ut</strong></span> <span class='ocrx_word' id='word_1_148' title='bbox 3414 834 3517 892; x_wconf 90' lang='lat' dir='ltr'><strong>hoc</strong></span> 
     </span>
    </p>
   </div>
   <div class='ocr_carea' id='block_1_23' title="bbox 1938 906 3513 996">
    <p class='ocr_par' dir='ltr' id='par_1_23' title="bbox 1938 906 3513 996">
     <span class='ocr_line' id='line_1_23' title="bbox 1938 906 3513 996; baseline 0.014 -36"><span class='ocrx_word' id='word_1_149' title='bbox 1938 906 2165 977; x_wconf 90' lang='lat' dir='ltr'><strong>quisque</strong></span> <span class='ocrx_word' id='word_1_150' title='bbox 2192 924 2291 978; x_wconf 93' lang='lat' dir='ltr'><strong>pro</strong></span> <span class='ocrx_word' id='word_1_151' title='bbox 2328 912 2569 967; x_wconf 90' lang='lat' dir='ltr'><strong>remedio</strong></span> <span class='ocrx_word' id='word_1_152' title='bbox 2601 928 2667 968; x_wconf 86' lang='lat' dir='ltr'><strong>ex</strong></span> <span class='ocrx_word' id='word_1_153' title='bbox 2681 925 2847 984; x_wconf 87' lang='lat' dir='ltr'><strong>petat,</strong></span> <span class='ocrx_word' id='word_1_154' title='bbox 2873 918 3017 988; x_wconf 89' lang='lat' dir='ltr'><strong>quod</strong></span> <span class='ocrx_word' id='word_1_155' title='bbox 3046 920 3207 976; x_wconf 89' lang='lat' dir='ltr'><strong>etiam</strong></span> <span class='ocrx_word' id='word_1_156' title='bbox 3238 939 3269 978; x_wconf 90' lang='lat' dir='ltr'><strong>a</strong></span> <span class='ocrx_word' id='word_1_157' title='bbox 3300 940 3513 996; x_wconf 72' lang='lat' dir='ltr'><strong>praepo-</strong></span> 
     </span>
    </p>
   </div>
   <div class='ocr_carea' id='block_1_24' title="bbox 1936 996 3516 1079">
    <p class='ocr_par' dir='ltr' id='par_1_24' title="bbox 1936 996 3516 1079">
     <span class='ocr_line' id='line_1_24' title="bbox 1936 996 3516 1079; baseline 0.013 -28"><span class='ocrx_word' id='word_1_158' title='bbox 1936 998 2041 1051; x_wconf 89' lang='lat' dir='ltr'><strong>sito</strong></span> <span class='ocrx_word' id='word_1_159' title='bbox 2065 996 2218 1070; x_wconf 92' lang='lat' dir='ltr'><strong>[non]</strong></span> <span class='ocrx_word' id='word_1_160' title='bbox 2248 1000 2350 1054; x_wconf 91' lang='lat' dir='ltr'><strong>nisi</strong></span> <span class='ocrx_word' id='word_1_161' title='bbox 2381 1017 2479 1071; x_wconf 92' lang='lat' dir='ltr'><strong>pro</strong></span> <span class='ocrx_word' id='word_1_162' title='bbox 2505 1017 2717 1060; x_wconf 88' lang='lat' dir='ltr'><strong>summo</strong></span> <span class='ocrx_word' id='word_1_163' title='bbox 2746 1006 2973 1064; x_wconf 89' lang='lat' dir='ltr'><strong>crimine</strong></span> <span class='ocrx_word' id='word_1_164' title='bbox 3002 1026 3106 1065; x_wconf 91' lang='lat' dir='ltr'><strong>non</strong></span> <span class='ocrx_word' id='word_1_165' title='bbox 3139 1015 3312 1079; x_wconf 85' lang='lat' dir='ltr'><strong>possit</strong></span> <span class='ocrx_word' id='word_1_166' title='bbox 3352 1018 3516 1073; x_wconf 85' lang='lat' dir='ltr'><strong>infer-</strong></span> 
     </span>
    </p>
   </div>
   <div class='ocr_carea' id='block_1_25' title="bbox 1936 1086 3512 1174">
    <p class='ocr_par' dir='ltr' id='par_1_25' title="bbox 1936 1086 3512 1174">
     <span class='ocr_line' id='line_1_25' title="bbox 1936 1086 3512 1174; baseline 0.014 -35"><span class='ocrx_word' id='word_1_167' title='bbox 1936 1086 2023 1140; x_wconf 83' lang='lat' dir='ltr'><strong>ri?</strong></span> <span class='ocrx_word' id='word_1_168' title='bbox 2050 1087 2417 1159; x_wconf 88' lang='lat' dir='ltr'><strong>lntelligamus</strong></span> <span class='ocrx_word' id='word_1_169' title='bbox 2456 1107 2609 1161; x_wconf 88' lang='lat' dir='ltr'><strong>ergo,</strong></span> <span class='ocrx_word' id='word_1_170' title='bbox 2646 1095 2981 1163; x_wconf 90' lang='lat' dir='ltr'><strong>charissimi,</strong></span> <span class='ocrx_word' id='word_1_171' title='bbox 3012 1099 3140 1155; x_wconf 90' lang='lat' dir='ltr'><strong>istas</strong></span> <span class='ocrx_word' id='word_1_172' title='bbox 3166 1103 3512 1174; x_wconf 84' lang='lat' dir='ltr'><strong>indignitates</strong></span> 
     </span>
    </p>
   </div>
   <div class='ocr_carea' id='block_1_26' title="bbox 1936 1179 3511 1262">
    <p class='ocr_par' dir='ltr' id='par_1_26' title="bbox 1936 1179 3511 1262">
     <span class='ocr_line' id='line_1_26' title="bbox 1936 1179 3511 1262; baseline 0.013 -32"><span class='ocrx_word' id='word_1_173' title='bbox 1936 1186 1989 1231; x_wconf 91' lang='lat' dir='ltr'><strong>et</strong></span> <span class='ocrx_word' id='word_1_174' title='bbox 2016 1179 2476 1237; x_wconf 86' lang='lat' dir='ltr'><strong>contradictiones</strong></span> <span class='ocrx_word' id='word_1_175' title='bbox 2526 1182 2752 1238; x_wconf 89' lang='lat' dir='ltr'><strong>inimico</strong></span> <span class='ocrx_word' id='word_1_176' title='bbox 2793 1198 3054 1255; x_wconf 88' lang='lat' dir='ltr'><strong>operante</strong></span> <span class='ocrx_word' id='word_1_177' title='bbox 3092 1200 3145 1245; x_wconf 89' lang='lat' dir='ltr'><strong>et</strong></span> <span class='ocrx_word' id='word_1_178' title='bbox 3190 1193 3511 1262; x_wconf 87' lang='lat' dir='ltr'><strong>disponente</strong></span> 
     </span>
    </p>
   </div>
   <div class='ocr_carea' id='block_1_27' title="bbox 1936 1273 3511 1353">
    <p class='ocr_par' dir='ltr' id='par_1_27' title="bbox 1936 1273 3511 1353">
     <span class='ocr_line' id='line_1_27' title="bbox 1936 1273 3511 1353; baseline 0.011 -29"><span class='ocrx_word' id='word_1_179' title='bbox 1936 1273 2242 1341; x_wconf 85' lang='lat' dir='ltr'><strong>provenire.</strong></span> <span class='ocrx_word' id='word_1_180' title='bbox 2273 1274 2373 1329; x_wconf 89' lang='lat' dir='ltr'><strong>Ille</strong></span> <span class='ocrx_word' id='word_1_181' title='bbox 2400 1276 2540 1330; x_wconf 89' lang='lat' dir='ltr'><strong>enim</strong></span> <span class='ocrx_word' id='word_1_182' title='bbox 2571 1277 2695 1346; x_wconf 87' lang='lat' dir='ltr'><strong>quia</strong></span> <span class='ocrx_word' id='word_1_183' title='bbox 2732 1293 2838 1333; x_wconf 89' lang='lat' dir='ltr'><strong>non</strong></span> <span class='ocrx_word' id='word_1_184' title='bbox 2872 1290 3049 1349; x_wconf 88' lang='lat' dir='ltr'><strong>potest</strong></span> <span class='ocrx_word' id='word_1_185' title='bbox 3077 1282 3308 1353; x_wconf 88' lang='lat' dir='ltr'><strong>aliquem</strong></span> <span class='ocrx_word' id='word_1_186' title='bbox 3354 1288 3511 1342; x_wconf 82' lang='lat' dir='ltr'><strong>abso-</strong></span> 
     </span>
    </p>
   </div>
   <div class='ocr_carea' id='block_1_28' title="bbox 1930 1363 3510 1441">
    <p class='ocr_par' dir='ltr' id='par_1_28' title="bbox 1930 1363 3510 1441">
     <span class='ocr_line' id='line_1_28' title="bbox 1930 1363 3510 1441; baseline 0.009 -24"><span class='ocrx_word' id='word_1_187' title='bbox 1930 1363 2041 1417; x_wconf 91' lang='lat' dir='ltr'><strong>lute</strong></span> <span class='ocrx_word' id='word_1_188' title='bbox 2081 1363 2147 1417; x_wconf 83' lang='lat' dir='ltr'><strong>de</strong></span> <span class='ocrx_word' id='word_1_189' title='bbox 2179 1365 2299 1420; x_wconf 92' lang='lat' dir='ltr'><strong>loco</strong></span> <span class='ocrx_word' id='word_1_190' title='bbox 2326 1367 2514 1420; x_wconf 89' lang='lat' dir='ltr'><strong>salutis</strong></span> <span class='ocrx_word' id='word_1_191' title='bbox 2555 1376 2833 1437; x_wconf 82' lang='lat' dir='ltr'><strong>excutere,</strong></span> <span class='ocrx_word' id='word_1_192' title='bbox 2863 1371 3103 1427; x_wconf 83' lang='lat' dir='ltr'><strong>immittit</strong></span> <span class='ocrx_word' id='word_1_193' title='bbox 3143 1376 3372 1441; x_wconf 85' lang='lat' dir='ltr'><strong>primum</strong></span> <span class='ocrx_word' id='word_1_194' title='bbox 3418 1392 3510 1431; x_wconf 89' lang='lat' dir='ltr'><strong>oc-</strong></span> 
     </span>
    </p>
   </div>
   <div class='ocr_carea' id='block_1_29' title="bbox 1929 1458 3500 1535">
    <p class='ocr_par' dir='ltr' id='par_1_29' title="bbox 1929 1458 3500 1535">
     <span class='ocr_line' id='line_1_29' title="bbox 1929 1458 3500 1535; baseline 0.008 -23"><span class='ocrx_word' id='word_1_195' title='bbox 1929 1458 2172 1513; x_wconf 89' lang='lat' dir='ltr'><strong>casiones</strong></span> <span class='ocrx_word' id='word_1_196' title='bbox 2200 1466 2253 1513; x_wconf 92' lang='lat' dir='ltr'><strong>et</strong></span> <span class='ocrx_word' id='word_1_197' title='bbox 2272 1474 2482 1526; x_wconf 82' lang='lat' dir='ltr'><strong>causas,</strong></span> <span class='ocrx_word' id='word_1_198' title='bbox 2504 1461 2743 1516; x_wconf 88' lang='lat' dir='ltr'><strong>immittit</strong></span> <span class='ocrx_word' id='word_1_199' title='bbox 2773 1463 3147 1519; x_wconf 69' lang='lat' dir='ltr'><strong>inobedieutiae</strong></span> <span class='ocrx_word' id='word_1_200' title='bbox 3176 1468 3500 1535; x_wconf 82' lang='lat' dir='ltr'><strong>passionem,</strong></span> 
     </span>
    </p>
   </div>
   <div class='ocr_carea' id='block_1_30' title="bbox 1926 1554 3500 1626">
    <p class='ocr_par' dir='ltr' id='par_1_30' title="bbox 1926 1554 3500 1626">
     <span class='ocr_line' id='line_1_30' title="bbox 1926 1554 3500 1626; baseline 0.009 -26"><span class='ocrx_word' id='word_1_201' title='bbox 1926 1564 2084 1619; x_wconf 90' lang='lat' dir='ltr'><strong>quam</strong></span> <span class='ocrx_word' id='word_1_202' title='bbox 2114 1564 2329 1620; x_wconf 90' lang='lat' dir='ltr'><strong>semper</strong></span> <span class='ocrx_word' id='word_1_203' title='bbox 2360 1554 2508 1607; x_wconf 86' lang='lat' dir='ltr'><strong>socia</strong></span> <span class='ocrx_word' id='word_1_204' title='bbox 2548 1554 2835 1609; x_wconf 88' lang='lat' dir='ltr'><strong>infidelitas</strong></span> <span class='ocrx_word' id='word_1_205' title='bbox 2877 1558 3185 1613; x_wconf 90' lang='lat' dir='ltr'><strong>comitatur.</strong></span> <span class='ocrx_word' id='word_1_206' title='bbox 3212 1559 3344 1626; x_wconf 73' lang='lat' dir='ltr'><strong>Qua:</strong></span> <span class='ocrx_word' id='word_1_207' title='bbox 3378 1575 3500 1614; x_wconf 89' lang='lat' dir='ltr'><strong>cum</strong></span> 
     </span>
    </p>
   </div>
   <div class='ocr_carea' id='block_1_31' title="bbox 1926 1642 3501 1712">
    <p class='ocr_par' dir='ltr' id='par_1_31' title="bbox 1926 1642 3501 1712">
     <span class='ocr_line' id='line_1_31' title="bbox 1926 1642 3501 1712; baseline 0.007 -18"><span class='ocrx_word' id='word_1_208' title='bbox 1926 1643 2191 1708; x_wconf 90' lang='lat' dir='ltr'><strong>captivam</strong></span> <span class='ocrx_word' id='word_1_209' title='bbox 2238 1642 2607 1712; x_wconf 89' lang='lat' dir='ltr'><strong>illaqueaverit</strong></span> <span class='ocrx_word' id='word_1_210' title='bbox 2652 1654 2907 1712; x_wconf 89' lang='lat' dir='ltr'><strong>mentem,</strong></span> <span class='ocrx_word' id='word_1_211' title='bbox 2938 1648 3119 1702; x_wconf 87' lang='lat' dir='ltr'><strong>statim</strong></span> <span class='ocrx_word' id='word_1_212' title='bbox 3168 1649 3501 1705; x_wconf 85' lang='lat' dir='ltr'><strong>intoleranda</strong></span> 
     </span>
    </p>
   </div>
   <div class='ocr_carea' id='block_1_32' title="bbox 1927 1735 3502 1808">
    <p class='ocr_par' dir='ltr' id='par_1_32' title="bbox 1927 1735 3502 1808">
     <span class='ocr_line' id='line_1_32' title="bbox 1927 1735 3502 1808; baseline 0.006 -22"><span class='ocrx_word' id='word_1_213' title='bbox 1927 1744 2087 1802; x_wconf 86' lang='lat' dir='ltr'><strong>atque</strong></span> <span class='ocrx_word' id='word_1_214' title='bbox 2121 1735 2470 1803; x_wconf 89' lang='lat' dir='ltr'><strong>impossibilia</strong></span> <span class='ocrx_word' id='word_1_215' title='bbox 2505 1735 2631 1791; x_wconf 80' lang='lat' dir='ltr'><strong>facit</strong></span> <span class='ocrx_word' id='word_1_216' title='bbox 2660 1738 2820 1791; x_wconf 89' lang='lat' dir='ltr'><strong>etiam</strong></span> <span class='ocrx_word' id='word_1_217' title='bbox 2857 1738 2947 1792; x_wconf 91' lang='lat' dir='ltr'><strong>illa</strong></span> <span class='ocrx_word' id='word_1_218' title='bbox 2977 1755 3096 1807; x_wconf 67' lang='lat' dir='ltr'><strong>quae</strong></span> <span class='ocrx_word' id='word_1_219' title='bbox 3130 1753 3288 1808; x_wconf 90' lang='lat' dir='ltr'><strong>parva</strong></span> <span class='ocrx_word' id='word_1_220' title='bbox 3320 1755 3384 1795; x_wconf 91' lang='lat' dir='ltr'><strong>ac</strong></span> <span class='ocrx_word' id='word_1_221' title='bbox 3423 1741 3502 1796; x_wconf 84' lang='lat' dir='ltr'><strong>lc—</strong></span> 
     </span>
    </p>
   </div>
   <div class='ocr_carea' id='block_1_33' title="bbox 237 1813 3492 1897">
    <p class='ocr_par' dir='ltr' id='par_1_33' title="bbox 237 1813 3492 1897">
     <span class='ocr_line' id='line_1_33' title="bbox 237 1813 3492 1897; baseline -0.002 -21"><span class='ocrx_word' id='word_1_222' title='bbox 237 1829 577 1891; x_wconf 78' lang='lat' dir='ltr'><strong>praeceptum</strong></span> <span class='ocrx_word' id='word_1_223' title='bbox 607 1820 839 1875; x_wconf 89' lang='lat' dir='ltr'><strong>senioris</strong></span> <span class='ocrx_word' id='word_1_224' title='bbox 858 1818 1186 1889; x_wconf 84' lang='lat' dir='ltr'><strong>respondere</strong></span> <span class='ocrx_word' id='word_1_225' title='bbox 1211 1817 1579 1888; x_wconf 82' lang='lat' dir='ltr'><strong>praesumit,et</strong></span> <span class='ocrx_word' id='word_1_226' title='bbox 1600 1816 1777 1870; x_wconf 89' lang='lat' dir='ltr'><strong>dicere</strong></span> <span class='ocrx_word' id='word_1_227' title='bbox 1801 1833 1815 1869; x_wconf 89' lang='lat'><strong>:</strong></span> <span class='ocrx_word' id='word_1_228' title='bbox 1851 1813 1897 1872; x_wconf 85' lang='grc' dir='ltr'><strong>Β</strong></span> <span class='ocrx_word' id='word_1_229' title='bbox 1924 1822 2009 1875; x_wconf 86' lang='lat' dir='ltr'><strong>via</strong></span> <span class='ocrx_word' id='word_1_230' title='bbox 2032 1832 2177 1878; x_wconf 88' lang='lat' dir='ltr'><strong>sunt.</strong></span> <span class='ocrx_word' id='word_1_231' title='bbox 2203 1825 2270 1879; x_wconf 88' lang='lat' dir='ltr'><strong>Et</strong></span> <span class='ocrx_word' id='word_1_232' title='bbox 2297 1839 2431 1881; x_wconf 87' lang='lat' dir='ltr'><strong>sane</strong></span> <span class='ocrx_word' id='word_1_233' title='bbox 2456 1825 2675 1881; x_wconf 89' lang='lat' dir='ltr'><strong>dubium</strong></span> <span class='ocrx_word' id='word_1_234' title='bbox 2722 1842 2827 1882; x_wconf 89' lang='lat' dir='ltr'><strong>non</strong></span> <span class='ocrx_word' id='word_1_235' title='bbox 2859 1836 2943 1882; x_wconf 88' lang='lat' dir='ltr'><strong>est</strong></span> <span class='ocrx_word' id='word_1_236' title='bbox 2968 1828 3109 1897; x_wconf 90' lang='lat' dir='ltr'><strong>quod</strong></span> <span class='ocrx_word' id='word_1_237' title='bbox 3130 1830 3273 1883; x_wconf 73' lang='lat' dir='ltr'><strong>vires</strong></span> <span class='ocrx_word' id='word_1_238' title='bbox 3302 1830 3492 1884; x_wconf 64' lang='lat' dir='ltr'><strong>inope.</strong></span> 
     </span>
    </p>
   </div>
   <div class='ocr_carea' id='block_1_34' title="bbox 213 1910 1813 1987">
    <p class='ocr_par' dir='ltr' id='par_1_34' title="bbox 213 1910 1813 1987">
     <span class='ocr_line' id='line_1_34' title="bbox 213 1910 1813 1987; baseline -0.003 -20"><span class='ocrx_word' id='word_1_239' title='bbox 213 1912 509 1987; x_wconf 47' lang='lat' dir='ltr'><strong>.Numquid</strong></span> <span class='ocrx_word' id='word_1_240' title='bbox 536 1912 681 1967; x_wconf 85' lang='lat' dir='ltr'><strong>servi</strong></span> <span class='ocrx_word' id='word_1_241' title='bbox 714 1911 876 1966; x_wconf 85' lang='lat' dir='ltr'><strong>vestri</strong></span> <span class='ocrx_word' id='word_1_242' title='bbox 905 1912 1127 1966; x_wconf 83' lang='lat' dir='ltr'><strong>sumus?</strong></span> <span class='ocrx_word' id='word_1_243' title='bbox 1151 1910 1265 1964; x_wconf 76' lang='lat' dir='ltr'><strong>iam</strong></span> <span class='ocrx_word' id='word_1_244' title='bbox 1299 1910 1404 1965; x_wconf 90' lang='lat' dir='ltr'><strong>feci</strong></span> <span class='ocrx_word' id='word_1_245' title='bbox 1429 1911 1595 1964; x_wconf 89' lang='lat' dir='ltr'><strong>vicem</strong></span> <span class='ocrx_word' id='word_1_246' title='bbox 1620 1924 1813 1976; x_wconf 88' lang='lat' dir='ltr'><strong>meam,</strong></span> 
     </span>
    </p>
   </div>
   <div class='ocr_carea' id='block_1_35' title="bbox 230 2001 1819 2073">
    <p class='ocr_par' dir='ltr' id='par_1_35' title="bbox 230 2001 1819 2073">
     <span class='ocr_line' id='line_1_35' title="bbox 230 2001 1819 2073; baseline -0.004 -14"><span class='ocrx_word' id='word_1_247' title='bbox 230 2013 289 2059; x_wconf 89' lang='lat' dir='ltr'><strong>et</strong></span> <span class='ocrx_word' id='word_1_248' title='bbox 320 2004 414 2059; x_wconf 90' lang='lat' dir='ltr'><strong>ille</strong></span> <span class='ocrx_word' id='word_1_249' title='bbox 451 2002 611 2058; x_wconf 90' lang='lat' dir='ltr'><strong>faciat</strong></span> <span class='ocrx_word' id='word_1_250' title='bbox 641 2018 794 2058; x_wconf 91' lang='lat' dir='ltr'><strong>suam</strong></span> <span class='ocrx_word' id='word_1_251' title='bbox 841 2003 1111 2073; x_wconf 91' lang='lat' dir='ltr'><strong>quomodo</strong></span> <span class='ocrx_word' id='word_1_252' title='bbox 1142 2002 1245 2056; x_wconf 88' lang='lat' dir='ltr'><strong>hoc</strong></span> <span class='ocrx_word' id='word_1_253' title='bbox 1291 2001 1441 2069; x_wconf 88' lang='lat' dir='ltr'><strong>dicit,</strong></span> <span class='ocrx_word' id='word_1_254' title='bbox 1489 2001 1573 2055; x_wconf 89' lang='lat' dir='ltr'><strong>cui</strong></span> <span class='ocrx_word' id='word_1_255' title='bbox 1618 2014 1819 2069; x_wconf 69' lang='lat' dir='ltr'><strong>praece-</strong></span> 
     </span>
    </p>
   </div>
   <div class='ocr_carea' id='block_1_36' title="bbox 228 2091 1817 2166">
    <p class='ocr_par' dir='ltr' id='par_1_36' title="bbox 228 2091 1817 2166">
     <span class='ocr_line' id='line_1_36' title="bbox 228 2091 1817 2166; baseline 0 -19"><span class='ocrx_word' id='word_1_256' title='bbox 228 2104 389 2166; x_wconf 88' lang='lat' dir='ltr'><strong>ptum</strong></span> <span class='ocrx_word' id='word_1_257' title='bbox 417 2103 518 2160; x_wconf 89' lang='lat' dir='ltr'><strong>est,</strong></span> <span class='ocrx_word' id='word_1_258' title='bbox 542 2093 717 2149; x_wconf 83' lang='lat' dir='ltr'><strong>Nolite</strong></span> <span class='ocrx_word' id='word_1_259' title='bbox 739 2110 967 2163; x_wconf 64' lang='lat' dir='ltr'><strong>quaerere</strong></span> <span class='ocrx_word' id='word_1_260' title='bbox 991 2109 1105 2162; x_wconf 74' lang='lat' dir='ltr'><strong>qua:</strong></span> <span class='ocrx_word' id='word_1_261' title='bbox 1126 2102 1290 2148; x_wconf 84' lang='lat' dir='ltr'><strong>vestra</strong></span> <span class='ocrx_word' id='word_1_262' title='bbox 1316 2094 1474 2146; x_wconf 81' lang='lat' dir='ltr'><strong>sunt?</strong></span> <span class='ocrx_word' id='word_1_263' title='bbox 1498 2092 1567 2146; x_wconf 88' lang='lat' dir='ltr'><strong>Et</strong></span> <span class='ocrx_word' id='word_1_264' title='bbox 1589 2091 1817 2147; x_wconf 85' lang='lat' dir='ltr'><strong>iterum:</strong></span> 
     </span>
    </p>
   </div>
   <div class='ocr_carea' id='block_1_37' title="bbox 230 2168 1815 2255">
    <p class='ocr_par' dir='ltr' id='par_1_37' title="bbox 230 2168 1815 2255">
     <span class='ocr_line' id='line_1_37' title="bbox 230 2168 1815 2255; baseline -0.002 -16"><span class='ocrx_word' id='word_1_265' title='bbox 230 2185 363 2239; x_wconf 83' lang='lat' dir='ltr'><strong>Non</strong></span> <span class='ocrx_word' id='word_1_266' title='bbox 390 2202 502 2255; x_wconf 78' lang='lat' dir='ltr'><strong>qua:</strong></span> <span class='ocrx_word' id='word_1_267' title='bbox 528 2202 621 2238; x_wconf 83' lang='lat' dir='ltr'><strong>sua</strong></span> <span class='ocrx_word' id='word_1_268' title='bbox 644 2168 762 2239; x_wconf 50' lang='lat' dir='ltr'><strong>Eunt</strong></span> <span class='ocrx_word' id='word_1_269' title='bbox 792 2185 988 2255; x_wconf 79' lang='lat' dir='ltr'><strong>singuli</strong></span> <span class='ocrx_word' id='word_1_270' title='bbox 1013 2184 1399 2238; x_wconf 80' lang='lat' dir='ltr'><strong>considerantes</strong></span> <span class='ocrx_word' id='word_1_271' title='bbox 1430 2182 1602 2252; x_wconf 87' lang='lat' dir='ltr'><strong>(Phil.</strong></span> <span class='ocrx_word' id='word_1_272' title='bbox 1627 2197 1686 2247; x_wconf 84' lang='lat' dir='ltr'><strong>tt,</strong></span> <span class='ocrx_word' id='word_1_273' title='bbox 1719 2180 1774 2251; x_wconf 73' lang='grc'><strong>4)</strong></span> <span class='ocrx_word' id='word_1_274' title='bbox 1800 2197 1815 2247; x_wconf 89' lang='lat'><strong>;</strong></span> 
     </span>
    </p>
   </div>
   <div class='ocr_carea' id='block_1_38' title="bbox 230 2274 1813 2349">
    <p class='ocr_par' dir='ltr' id='par_1_38' title="bbox 230 2274 1813 2349">
     <span class='ocr_line' id='line_1_38' title="bbox 230 2274 1813 2349; baseline -0.004 -16"><span class='ocrx_word' id='word_1_275' title='bbox 230 2294 261 2333; x_wconf 91' lang='lat' dir='ltr'><strong>a</strong></span> <span class='ocrx_word' id='word_1_276' title='bbox 290 2294 403 2349; x_wconf 86' lang='lat' dir='ltr'><strong>quo</strong></span> <span class='ocrx_word' id='word_1_277' title='bbox 429 2294 535 2332; x_wconf 92' lang='lat' dir='ltr'><strong>non</strong></span> <span class='ocrx_word' id='word_1_278' title='bbox 564 2280 665 2332; x_wconf 91' lang='lat' dir='ltr'><strong>hoc</strong></span> <span class='ocrx_word' id='word_1_279' title='bbox 694 2278 867 2331; x_wconf 87' lang='lat' dir='ltr'><strong>solum</strong></span> <span class='ocrx_word' id='word_1_280' title='bbox 904 2277 1201 2346; x_wconf 79' lang='lat' dir='ltr'><strong>expetitur,</strong></span> <span class='ocrx_word' id='word_1_281' title='bbox 1230 2285 1288 2330; x_wconf 92' lang='lat' dir='ltr'><strong>ut</strong></span> <span class='ocrx_word' id='word_1_282' title='bbox 1326 2274 1633 2330; x_wconf 82' lang='lat' dir='ltr'><strong>mercedem</strong></span> <span class='ocrx_word' id='word_1_283' title='bbox 1666 2288 1813 2328; x_wconf 88' lang='lat' dir='ltr'><strong>suam</strong></span> 
     </span>
    </p>
   </div>
   <div class='ocr_carea' id='block_1_39' title="bbox 228 2364 1813 2440">
    <p class='ocr_par' dir='ltr' id='par_1_39' title="bbox 228 2364 1813 2440">
     <span class='ocr_line' id='line_1_39' title="bbox 228 2364 1813 2440; baseline -0.006 -15"><span class='ocrx_word' id='word_1_284' title='bbox 228 2371 481 2440; x_wconf 88' lang='lat' dir='ltr'><strong>impleat,</strong></span> <span class='ocrx_word' id='word_1_285' title='bbox 514 2369 606 2424; x_wconf 88' lang='lat' dir='ltr'><strong>sed</strong></span> <span class='ocrx_word' id='word_1_286' title='bbox 642 2378 698 2423; x_wconf 92' lang='lat' dir='ltr'><strong>ut</strong></span> <span class='ocrx_word' id='word_1_287' title='bbox 725 2367 925 2423; x_wconf 89' lang='lat' dir='ltr'><strong>alienas</strong></span> <span class='ocrx_word' id='word_1_288' title='bbox 956 2366 1196 2433; x_wconf 83' lang='lat' dir='ltr'><strong>invadat,</strong></span> <span class='ocrx_word' id='word_1_289' title='bbox 1227 2372 1589 2436; x_wconf 68' lang='lat' dir='ltr'><strong>prmoccupet,</strong></span> <span class='ocrx_word' id='word_1_290' title='bbox 1619 2364 1813 2433; x_wconf 90' lang='lat' dir='ltr'><strong>rapiat.</strong></span> 
     </span>
    </p>
   </div>
   <div class='ocr_carea' id='block_1_40' title="bbox 224 2454 1813 2530">
    <p class='ocr_par' dir='ltr' id='par_1_40' title="bbox 224 2454 1813 2530">
     <span class='ocr_line' id='line_1_40' title="bbox 224 2454 1813 2530; baseline -0.007 -14"><span class='ocrx_word' id='word_1_291' title='bbox 224 2461 517 2526; x_wconf 72' lang='lat' dir='ltr'><strong>Putemus,</strong></span> <span class='ocrx_word' id='word_1_292' title='bbox 550 2460 787 2530; x_wconf 90' lang='lat' dir='ltr'><strong>inquam,</strong></span> <span class='ocrx_word' id='word_1_293' title='bbox 836 2457 979 2529; x_wconf 89' lang='lat' dir='ltr'><strong>quod</strong></span> <span class='ocrx_word' id='word_1_294' title='bbox 1030 2458 1102 2512; x_wconf 88' lang='lat' dir='ltr'><strong>ita</strong></span> <span class='ocrx_word' id='word_1_295' title='bbox 1162 2464 1307 2527; x_wconf 84' lang='lat' dir='ltr'><strong>petat</strong></span> <span class='ocrx_word' id='word_1_296' title='bbox 1355 2464 1413 2509; x_wconf 91' lang='lat' dir='ltr'><strong>ut</strong></span> <span class='ocrx_word' id='word_1_297' title='bbox 1456 2454 1703 2522; x_wconf 90' lang='lat' dir='ltr'><strong>accipiat,</strong></span> <span class='ocrx_word' id='word_1_298' title='bbox 1743 2454 1813 2506; x_wconf 84' lang='lat' dir='ltr'><strong>ita</strong></span> 
     </span>
    </p>
   </div>
   <div class='ocr_carea' id='block_1_41' title="bbox 225 2542 1813 2623">
    <p class='ocr_par' dir='ltr' id='par_1_41' title="bbox 225 2542 1813 2623">
     <span class='ocr_line' id='line_1_41' title="bbox 225 2542 1813 2623; baseline -0.006 -18"><span class='ocrx_word' id='word_1_299' title='bbox 225 2562 442 2623; x_wconf 67' lang='lat' dir='ltr'><strong>qumrat</strong></span> <span class='ocrx_word' id='word_1_300' title='bbox 471 2561 527 2606; x_wconf 91' lang='lat' dir='ltr'><strong>ut</strong></span> <span class='ocrx_word' id='word_1_301' title='bbox 558 2550 818 2616; x_wconf 84' lang='lat' dir='ltr'><strong>inveniat,</strong></span> <span class='ocrx_word' id='word_1_302' title='bbox 853 2550 923 2604; x_wconf 90' lang='lat' dir='ltr'><strong>ita</strong></span> <span class='ocrx_word' id='word_1_303' title='bbox 964 2547 1141 2618; x_wconf 86' lang='lat' dir='ltr'><strong>pulset</strong></span> <span class='ocrx_word' id='word_1_304' title='bbox 1192 2556 1248 2601; x_wconf 93' lang='lat' dir='ltr'><strong>ut</strong></span> <span class='ocrx_word' id='word_1_305' title='bbox 1304 2545 1580 2615; x_wconf 90' lang='lat' dir='ltr'><strong>aperiatur</strong></span> <span class='ocrx_word' id='word_1_306' title='bbox 1621 2544 1701 2623; x_wconf 77' lang='lat' dir='ltr'><strong>ei,</strong></span> <span class='ocrx_word' id='word_1_307' title='bbox 1722 2542 1813 2612; x_wconf 89' lang='lat' dir='ltr'><strong>qui</strong></span> 
     </span>
    </p>
   </div>
   <div class='ocr_carea' id='block_1_42' title="bbox 226 2635 1813 2714">
    <p class='ocr_par' dir='ltr' id='par_1_42' title="bbox 226 2635 1813 2714">
     <span class='ocr_line' id='line_1_42' title="bbox 226 2635 1813 2714; baseline -0.006 -16"><span class='ocrx_word' id='word_1_308' title='bbox 226 2659 333 2713; x_wconf 90' lang='lat' dir='ltr'><strong>pro</strong></span> <span class='ocrx_word' id='word_1_309' title='bbox 363 2643 538 2714; x_wconf 88' lang='lat' dir='ltr'><strong>aliqua</strong></span> <span class='ocrx_word' id='word_1_310' title='bbox 587 2641 908 2711; x_wconf 90' lang='lat' dir='ltr'><strong>negligentia</strong></span> <span class='ocrx_word' id='word_1_311' title='bbox 938 2648 1245 2708; x_wconf 88' lang='lat' dir='ltr'><strong>correptus,</strong></span> <span class='ocrx_word' id='word_1_312' title='bbox 1275 2647 1330 2693; x_wconf 91' lang='lat' dir='ltr'><strong>et</strong></span> <span class='ocrx_word' id='word_1_313' title='bbox 1371 2651 1470 2705; x_wconf 90' lang='lat' dir='ltr'><strong>pro</strong></span> <span class='ocrx_word' id='word_1_314' title='bbox 1516 2635 1813 2704; x_wconf 72' lang='lat' dir='ltr'><strong>disciplina:</strong></span> 
     </span>
    </p>
   </div>
   <div class='ocr_carea' id='block_1_43' title="bbox 223 2726 1810 2802">
    <p class='ocr_par' dir='ltr' id='par_1_43' title="bbox 223 2726 1810 2802">
     <span class='ocr_line' id='line_1_43' title="bbox 223 2726 1810 2802; baseline -0.007 -12"><span class='ocrx_word' id='word_1_315' title='bbox 223 2734 424 2790; x_wconf 88' lang='lat' dir='ltr'><strong>ordine</strong></span> <span class='ocrx_word' id='word_1_316' title='bbox 485 2732 798 2802; x_wconf 84' lang='lat' dir='ltr'><strong>castigatus,</strong></span> <span class='ocrx_word' id='word_1_317' title='bbox 832 2746 939 2785; x_wconf 93' lang='lat' dir='ltr'><strong>non</strong></span> <span class='ocrx_word' id='word_1_318' title='bbox 987 2744 1046 2784; x_wconf 90' lang='lat' dir='ltr'><strong>se</strong></span> <span class='ocrx_word' id='word_1_319' title='bbox 1091 2728 1159 2783; x_wconf 92' lang='lat' dir='ltr'><strong>ad</strong></span> <span class='ocrx_word' id='word_1_320' title='bbox 1203 2726 1656 2792; x_wconf 85' lang='lat' dir='ltr'><strong>emendationem,</strong></span> <span class='ocrx_word' id='word_1_321' title='bbox 1705 2740 1810 2779; x_wconf 91' lang='lat' dir='ltr'><strong>non</strong></span> 
     </span>
    </p>
   </div>
   <div class='ocr_carea' id='block_1_44' title="bbox 222 2819 1813 2889">
    <p class='ocr_par' dir='ltr' id='par_1_44' title="bbox 222 2819 1813 2889">
     <span class='ocr_line' id='line_1_44' title="bbox 222 2819 1813 2889; baseline -0.005 -10"><span class='ocrx_word' id='word_1_322' title='bbox 222 2826 291 2881; x_wconf 91' lang='lat' dir='ltr'><strong>ad</strong></span> <span class='ocrx_word' id='word_1_323' title='bbox 343 2825 767 2880; x_wconf 82' lang='lat' dir='ltr'><strong>satisfactionem</strong></span> <span class='ocrx_word' id='word_1_324' title='bbox 814 2822 1043 2886; x_wconf 87' lang='lat' dir='ltr'><strong>confert,</strong></span> <span class='ocrx_word' id='word_1_325' title='bbox 1085 2821 1180 2876; x_wconf 90' lang='lat' dir='ltr'><strong>sed</strong></span> <span class='ocrx_word' id='word_1_326' title='bbox 1213 2821 1381 2889; x_wconf 85' lang='lat' dir='ltr'><strong>magis</strong></span> <span class='ocrx_word' id='word_1_327' title='bbox 1410 2819 1474 2873; x_wconf 88' lang='lat' dir='ltr'><strong>ad</strong></span> <span class='ocrx_word' id='word_1_328' title='bbox 1510 2819 1651 2872; x_wconf 81' lang='lat' dir='ltr'><strong>illum</strong></span> <span class='ocrx_word' id='word_1_329' title='bbox 1688 2833 1813 2887; x_wconf 87' lang='lat' dir='ltr'><strong>pro-</strong></span> 
     </span>
    </p>
   </div>
   <div class='ocr_carea' id='block_1_45' title="bbox 223 2911 1812 2985">
    <p class='ocr_par' dir='ltr' id='par_1_45' title="bbox 223 2911 1812 2985">
     <span class='ocr_line' id='line_1_45' title="bbox 223 2911 1812 2985; baseline -0.009 -9"><span class='ocrx_word' id='word_1_330' title='bbox 223 2920 478 2985; x_wconf 84' lang='lat' dir='ltr'><strong>tcrviam,</strong></span> <span class='ocrx_word' id='word_1_331' title='bbox 520 2929 576 2972; x_wconf 93' lang='lat' dir='ltr'><strong>ut</strong></span> <span class='ocrx_word' id='word_1_332' title='bbox 624 2917 797 2984; x_wconf 88' lang='lat' dir='ltr'><strong>dicat,</strong></span> <span class='ocrx_word' id='word_1_333' title='bbox 826 2915 1020 2970; x_wconf 87' lang='lat' dir='ltr'><strong>desero</strong></span> <span class='ocrx_word' id='word_1_334' title='bbox 1069 2923 1228 2980; x_wconf 82' lang='lat' dir='ltr'><strong>atque</strong></span> <span class='ocrx_word' id='word_1_335' title='bbox 1276 2911 1520 2976; x_wconf 67' lang='lat' dir='ltr'><strong>discedo,</strong></span> <span class='ocrx_word' id='word_1_336' title='bbox 1558 2912 1658 2964; x_wconf 93' lang='lat' dir='ltr'><strong>hoc</strong></span> <span class='ocrx_word' id='word_1_337' title='bbox 1710 2925 1812 2979; x_wconf 88' lang='lat' dir='ltr'><strong>ego</strong></span> 
     </span>
    </p>
   </div>
   <div class='ocr_carea' id='block_1_46' title="bbox 221 3002 1808 3080">
    <p class='ocr_par' dir='ltr' id='par_1_46' title="bbox 221 3002 1808 3080">
     <span class='ocr_line' id='line_1_46' title="bbox 221 3002 1808 3080; baseline -0.008 -11"><span class='ocrx_word' id='word_1_338' title='bbox 221 3013 375 3069; x_wconf 90' lang='lat' dir='ltr'><strong>ferre</strong></span> <span class='ocrx_word' id='word_1_339' title='bbox 415 3027 521 3066; x_wconf 91' lang='lat' dir='ltr'><strong>nou</strong></span> <span class='ocrx_word' id='word_1_340' title='bbox 552 3012 747 3080; x_wconf 89' lang='lat' dir='ltr'><strong>patior,</strong></span> <span class='ocrx_word' id='word_1_341' title='bbox 776 3010 1040 3079; x_wconf 89' lang='lat' dir='ltr'><strong>ingenuus</strong></span> <span class='ocrx_word' id='word_1_342' title='bbox 1072 3010 1234 3061; x_wconf 86' lang='lat' dir='ltr'><strong>homo</strong></span> <span class='ocrx_word' id='word_1_343' title='bbox 1264 3020 1404 3058; x_wconf 90' lang='lat' dir='ltr'><strong>sum.</strong></span> <span class='ocrx_word' id='word_1_344' title='bbox 1436 3003 1552 3059; x_wconf 83' lang='lat' dir='ltr'><strong>Jam</strong></span> <span class='ocrx_word' id='word_1_345' title='bbox 1578 3002 1808 3073; x_wconf 89' lang='lat' dir='ltr'><strong>primum</strong></span> 
     </span>
    </p>
   </div>
   <div class='ocr_carea' id='block_1_47' title="bbox 221 3098 1811 3176">
    <p class='ocr_par' dir='ltr' id='par_1_47' title="bbox 221 3098 1811 3176">
     <span class='ocr_line' id='line_1_47' title="bbox 221 3098 1811 3176; baseline -0.007 -16"><span class='ocrx_word' id='word_1_346' title='bbox 221 3105 317 3176; x_wconf 89' lang='lat' dir='ltr'><strong>qui</strong></span> <span class='ocrx_word' id='word_1_347' title='bbox 347 3113 471 3159; x_wconf 90' lang='lat' dir='ltr'><strong>ante</strong></span> <span class='ocrx_word' id='word_1_348' title='bbox 494 3105 841 3173; x_wconf 76' lang='lat' dir='ltr'><strong>praepositum</strong></span> <span class='ocrx_word' id='word_1_349' title='bbox 872 3100 959 3156; x_wconf 90' lang='lat' dir='ltr'><strong>vel</strong></span> <span class='ocrx_word' id='word_1_350' title='bbox 988 3100 1232 3155; x_wconf 87' lang='lat' dir='ltr'><strong>abbatem</strong></span> <span class='ocrx_word' id='word_1_351' title='bbox 1265 3098 1553 3167; x_wconf 89' lang='lat' dir='ltr'><strong>ingenuum</strong></span> <span class='ocrx_word' id='word_1_352' title='bbox 1600 3109 1721 3150; x_wconf 89' lang='lat' dir='ltr'><strong>esse</strong></span> <span class='ocrx_word' id='word_1_353' title='bbox 1751 3109 1811 3149; x_wconf 86' lang='lat' dir='ltr'><strong>se</strong></span> 
     </span>
    </p>
   </div>
   <div class='ocr_carea' id='block_1_48' title="bbox 1923 1914 3497 1992">
    <p class='ocr_par' dir='ltr' id='par_1_48' title="bbox 1923 1914 3497 1992">
     <span class='ocr_line' id='line_1_48' title="bbox 1923 1914 3497 1992; baseline 0.004 -24"><span class='ocrx_word' id='word_1_354' title='bbox 1923 1914 2194 1969; x_wconf 90' lang='lat' dir='ltr'><strong>dientibus</strong></span> <span class='ocrx_word' id='word_1_355' title='bbox 2240 1914 2493 1970; x_wconf 89' lang='lat' dir='ltr'><strong>divinitus</strong></span> <span class='ocrx_word' id='word_1_356' title='bbox 2548 1918 2961 1992; x_wconf 69' lang='lat' dir='ltr'><strong>subtrahuntur,</strong></span> <span class='ocrx_word' id='word_1_357' title='bbox 2987 1918 3122 1973; x_wconf 89' lang='lat' dir='ltr'><strong>sicut</strong></span> <span class='ocrx_word' id='word_1_358' title='bbox 3173 1926 3227 1974; x_wconf 88' lang='lat' dir='ltr'><strong>et</strong></span> <span class='ocrx_word' id='word_1_359' title='bbox 3274 1918 3497 1992; x_wconf 49' lang='lat' dir='ltr'><strong>ille.qui</strong></span> 
     </span>
    </p>
   </div>
   <div class='ocr_carea' id='block_1_49' title="bbox 1922 1984 3492 2077">
    <p class='ocr_par' dir='ltr' id='par_1_49' title="bbox 1922 1984 3492 2077">
     <span class='ocr_line' id='line_1_49' title="bbox 1922 1984 3492 2077; baseline 0.001 -17"><span class='ocrx_word' id='word_1_360' title='bbox 1922 2020 2028 2060; x_wconf 92' lang='lat' dir='ltr'><strong>non</strong></span> <span class='ocrx_word' id='word_1_361' title='bbox 2074 2007 2304 2062; x_wconf 87' lang='lat' dir='ltr'><strong>habebat</strong></span> <span class='ocrx_word' id='word_1_362' title='bbox 2334 2006 2387 2061; x_wconf 93' lang='lat' dir='ltr'><strong>in</strong></span> <span class='ocrx_word' id='word_1_363' title='bbox 2437 2022 2495 2062; x_wconf 90' lang='lat' dir='ltr'><strong>se</strong></span> <span class='ocrx_word' id='word_1_364' title='bbox 2544 1984 2932 2063; x_wconf 59' lang='lat' dir='ltr'><strong>necessariam.</strong></span> <span class='ocrx_word' id='word_1_365' title='bbox 2952 2007 3076 2063; x_wconf 87' lang='lat' dir='ltr'><strong>fidei</strong></span> <span class='ocrx_word' id='word_1_366' title='bbox 3129 1984 3492 2077; x_wconf 77' lang='lat' dir='ltr'><strong>devotionem,</strong></span> 
     </span>
    </p>
   </div>
   <div class='ocr_carea' id='block_1_50' title="bbox 1922 2098 3495 2168">
    <p class='ocr_par' dir='ltr' id='par_1_50' title="bbox 1922 2098 3495 2168">
     <span class='ocr_line' id='line_1_50' title="bbox 1922 2098 3495 2168; baseline 0.001 -15"><span class='ocrx_word' id='word_1_367' title='bbox 1922 2098 2082 2153; x_wconf 90' lang='lat' dir='ltr'><strong>etiam</strong></span> <span class='ocrx_word' id='word_1_368' title='bbox 2116 2098 2259 2168; x_wconf 90' lang='lat' dir='ltr'><strong>quod</strong></span> <span class='ocrx_word' id='word_1_369' title='bbox 2306 2098 2537 2153; x_wconf 90' lang='lat' dir='ltr'><strong>habebat</strong></span> <span class='ocrx_word' id='word_1_370' title='bbox 2583 2099 2928 2155; x_wconf 80' lang='lat' dir='ltr'><strong>auferebatur</strong></span> <span class='ocrx_word' id='word_1_371' title='bbox 2970 2099 3038 2154; x_wconf 91' lang='lat' dir='ltr'><strong>ab</strong></span> <span class='ocrx_word' id='word_1_372' title='bbox 3081 2114 3166 2166; x_wconf 91' lang='lat' dir='ltr'><strong>eo,</strong></span> <span class='ocrx_word' id='word_1_373' title='bbox 3202 2100 3271 2153; x_wconf 88' lang='lat' dir='ltr'><strong>ita</strong></span> <span class='ocrx_word' id='word_1_374' title='bbox 3305 2100 3495 2155; x_wconf 87' lang='lat' dir='ltr'><strong>inobe-</strong></span> 
     </span>
    </p>
   </div>
   <div class='ocr_carea' id='block_1_51' title="bbox 1919 2188 3494 2259">
    <p class='ocr_par' dir='ltr' id='par_1_51' title="bbox 1919 2188 3494 2259">
     <span class='ocr_line' id='line_1_51' title="bbox 1919 2188 3494 2259; baseline 0 -16"><span class='ocrx_word' id='word_1_375' title='bbox 1919 2188 2124 2243; x_wconf 88' lang='lat' dir='ltr'><strong>dientia</strong></span> <span class='ocrx_word' id='word_1_376' title='bbox 2155 2188 2386 2244; x_wconf 90' lang='lat' dir='ltr'><strong>obdurat</strong></span> <span class='ocrx_word' id='word_1_377' title='bbox 2412 2190 2649 2244; x_wconf 89' lang='lat' dir='ltr'><strong>animum</strong></span> <span class='ocrx_word' id='word_1_378' title='bbox 2681 2204 2839 2259; x_wconf 91' lang='lat' dir='ltr'><strong>quem</strong></span> <span class='ocrx_word' id='word_1_379' title='bbox 2867 2188 3035 2244; x_wconf 90' lang='lat' dir='ltr'><strong>semel</strong></span> <span class='ocrx_word' id='word_1_380' title='bbox 3076 2191 3311 2258; x_wconf 85' lang='lat' dir='ltr'><strong>ceperit,</strong></span> <span class='ocrx_word' id='word_1_381' title='bbox 3342 2199 3397 2243; x_wconf 93' lang='lat' dir='ltr'><strong>ut</strong></span> <span class='ocrx_word' id='word_1_382' title='bbox 3429 2188 3494 2243; x_wconf 88' lang='lat' dir='ltr'><strong>ad</strong></span> 
     </span>
    </p>
   </div>
   <div class='ocr_carea' id='block_1_52' title="bbox 1918 2280 3496 2350">
    <p class='ocr_par' dir='ltr' id='par_1_52' title="bbox 1918 2280 3496 2350">
     <span class='ocr_line' id='line_1_52' title="bbox 1918 2280 3496 2350; baseline 0.001 -16"><span class='ocrx_word' id='word_1_383' title='bbox 1918 2280 2264 2349; x_wconf 88' lang='lat' dir='ltr'><strong>suscipienda</strong></span> <span class='ocrx_word' id='word_1_384' title='bbox 2312 2291 2584 2350; x_wconf 73' lang='lat' dir='ltr'><strong>prtecepta</strong></span> <span class='ocrx_word' id='word_1_385' title='bbox 2624 2295 2723 2336; x_wconf 92' lang='lat' dir='ltr'><strong>nec</strong></span> <span class='ocrx_word' id='word_1_386' title='bbox 2761 2281 3101 2345; x_wconf 88' lang='lat' dir='ltr'><strong>auctoritate,</strong></span> <span class='ocrx_word' id='word_1_387' title='bbox 3134 2294 3234 2334; x_wconf 93' lang='lat' dir='ltr'><strong>nec</strong></span> <span class='ocrx_word' id='word_1_388' title='bbox 3285 2280 3496 2335; x_wconf 88' lang='lat' dir='ltr'><strong>ratione</strong></span> 
     </span>
    </p>
   </div>
   <div class='ocr_carea' id='block_1_53' title="bbox 1919 2370 3493 2442">
    <p class='ocr_par' dir='ltr' id='par_1_53' title="bbox 1919 2370 3493 2442">
     <span class='ocr_line' id='line_1_53' title="bbox 1919 2370 3493 2442; baseline -0.001 -18"><span class='ocrx_word' id='word_1_389' title='bbox 1919 2370 2184 2426; x_wconf 90' lang='lat' dir='ltr'><strong>ﬂectatur.</strong></span> <span class='ocrx_word' id='word_1_390' title='bbox 2215 2371 2320 2428; x_wconf 90' lang='lat' dir='ltr'><strong>Sed</strong></span> <span class='ocrx_word' id='word_1_391' title='bbox 2367 2372 2510 2442; x_wconf 91' lang='lat' dir='ltr'><strong>quod</strong></span> <span class='ocrx_word' id='word_1_392' title='bbox 2550 2374 2841 2442; x_wconf 90' lang='lat' dir='ltr'><strong>pessimum</strong></span> <span class='ocrx_word' id='word_1_393' title='bbox 2873 2379 2975 2437; x_wconf 88' lang='lat' dir='ltr'><strong>est,</strong></span> <span class='ocrx_word' id='word_1_394' title='bbox 3009 2370 3109 2425; x_wconf 87' lang='lat' dir='ltr'><strong>sibi</strong></span> <span class='ocrx_word' id='word_1_395' title='bbox 3150 2372 3252 2425; x_wconf 88' lang='lat' dir='ltr'><strong>soli</strong></span> <span class='ocrx_word' id='word_1_396' title='bbox 3284 2370 3493 2438; x_wconf 90' lang='lat' dir='ltr'><strong>credat,</strong></span> 
     </span>
    </p>
   </div>
   <div class='ocr_carea' id='block_1_54' title="bbox 1918 2462 3497 2531">
    <p class='ocr_par' dir='ltr' id='par_1_54' title="bbox 1918 2462 3497 2531">
     <span class='ocr_line' id='line_1_54' title="bbox 1918 2462 3497 2531; baseline 0 -15"><span class='ocrx_word' id='word_1_397' title='bbox 1918 2470 1973 2516; x_wconf 93' lang='lat' dir='ltr'><strong>et</strong></span> <span class='ocrx_word' id='word_1_398' title='bbox 2002 2476 2099 2531; x_wconf 90' lang='lat' dir='ltr'><strong>pro</strong></span> <span class='ocrx_word' id='word_1_399' title='bbox 2129 2463 2275 2517; x_wconf 90' lang='lat' dir='ltr'><strong>omni</strong></span> <span class='ocrx_word' id='word_1_400' title='bbox 2323 2464 2538 2518; x_wconf 88' lang='lat' dir='ltr'><strong>ratione</strong></span> <span class='ocrx_word' id='word_1_401' title='bbox 2586 2462 2914 2517; x_wconf 89' lang='lat' dir='ltr'><strong>intentiones</strong></span> <span class='ocrx_word' id='word_1_402' title='bbox 2962 2476 3088 2517; x_wconf 88' lang='lat' dir='ltr'><strong>suas</strong></span> <span class='ocrx_word' id='word_1_403' title='bbox 3126 2471 3406 2530; x_wconf 90' lang='lat' dir='ltr'><strong>sequatur,</strong></span> <span class='ocrx_word' id='word_1_404' title='bbox 3439 2468 3497 2516; x_wconf 88' lang='lat' dir='ltr'><strong>et</strong></span> 
     </span>
    </p>
   </div>
   <div class='ocr_carea' id='block_1_55' title="bbox 1917 2552 3497 2626">
    <p class='ocr_par' dir='ltr' id='par_1_55' title="bbox 1917 2552 3497 2626">
     <span class='ocr_line' id='line_1_55' title="bbox 1917 2552 3497 2626; baseline -0.003 -17"><span class='ocrx_word' id='word_1_405' title='bbox 1917 2555 2022 2611; x_wconf 91' lang='lat' dir='ltr'><strong>hoc</strong></span> <span class='ocrx_word' id='word_1_406' title='bbox 2051 2557 2227 2611; x_wconf 91' lang='lat' dir='ltr'><strong>solum</strong></span> <span class='ocrx_word' id='word_1_407' title='bbox 2258 2566 2467 2611; x_wconf 90' lang='lat' dir='ltr'><strong>rectum</strong></span> <span class='ocrx_word' id='word_1_408' title='bbox 2500 2565 2672 2625; x_wconf 88' lang='lat' dir='ltr'><strong>putet,</strong></span> <span class='ocrx_word' id='word_1_409' title='bbox 2705 2555 2846 2626; x_wconf 88' lang='lat' dir='ltr'><strong>quod</strong></span> <span class='ocrx_word' id='word_1_410' title='bbox 2887 2554 3151 2610; x_wconf 87' lang='lat' dir='ltr'><strong>obdurato</strong></span> <span class='ocrx_word' id='word_1_411' title='bbox 3179 2552 3342 2608; x_wconf 90' lang='lat' dir='ltr'><strong>corde</strong></span> <span class='ocrx_word' id='word_1_412' title='bbox 3365 2566 3497 2606; x_wconf 88' lang='lat' dir='ltr'><strong>con-</strong></span> 
     </span>
    </p>
   </div>
   <div class='ocr_carea' id='block_1_56' title="bbox 1916 2645 3494 2717">
    <p class='ocr_par' dir='ltr' id='par_1_56' title="bbox 1916 2645 3494 2717">
     <span class='ocr_line' id='line_1_56' title="bbox 1916 2645 3494 2717; baseline -0.001 -16"><span class='ocrx_word' id='word_1_413' title='bbox 1916 2648 2143 2717; x_wconf 89' lang='lat' dir='ltr'><strong>ceperit,</strong></span> <span class='ocrx_word' id='word_1_414' title='bbox 2172 2647 2366 2703; x_wconf 90' lang='lat' dir='ltr'><strong>similis</strong></span> <span class='ocrx_word' id='word_1_415' title='bbox 2388 2647 2439 2704; x_wconf 92' lang='lat' dir='ltr'><strong>ei</strong></span> <span class='ocrx_word' id='word_1_416' title='bbox 2462 2648 2687 2703; x_wconf 79' lang='lat' dir='ltr'><strong>effectus</strong></span> <span class='ocrx_word' id='word_1_417' title='bbox 2710 2647 2777 2701; x_wconf 91' lang='lat' dir='ltr'><strong>de</strong></span> <span class='ocrx_word' id='word_1_418' title='bbox 2799 2661 2903 2716; x_wconf 90' lang='lat' dir='ltr'><strong>quo</strong></span> <span class='ocrx_word' id='word_1_419' title='bbox 2925 2645 3141 2700; x_wconf 89' lang='lat' dir='ltr'><strong>divinus</strong></span> <span class='ocrx_word' id='word_1_420' title='bbox 3166 2658 3345 2699; x_wconf 89' lang='lat' dir='ltr'><strong>sermo</strong></span> <span class='ocrx_word' id='word_1_421' title='bbox 3366 2659 3494 2714; x_wconf 88' lang='lat' dir='ltr'><strong>pro-</strong></span> 
     </span>
    </p>
   </div>
   <div class='ocr_carea' id='block_1_57' title="bbox 1916 2737 3494 2808">
    <p class='ocr_par' dir='ltr' id='par_1_57' title="bbox 1916 2737 3494 2808">
     <span class='ocr_line' id='line_1_57' title="bbox 1916 2737 3494 2808; baseline -0.001 -18"><span class='ocrx_word' id='word_1_422' title='bbox 1916 2742 2127 2793; x_wconf 87' lang='lat' dir='ltr'><strong>nuntiat</strong></span> <span class='ocrx_word' id='word_1_423' title='bbox 2157 2755 2170 2791; x_wconf 88' lang='lat'><strong>:</strong></span> <span class='ocrx_word' id='word_1_424' title='bbox 2204 2737 2403 2791; x_wconf 87' lang='lat' dir='ltr'><strong>Itinera</strong></span> <span class='ocrx_word' id='word_1_425' title='bbox 2432 2739 2785 2808; x_wconf 83' lang='lat' dir='ltr'><strong>insipientium</strong></span> <span class='ocrx_word' id='word_1_426' title='bbox 2829 2745 2967 2790; x_wconf 85' lang='lat' dir='ltr'><strong>recta</strong></span> <span class='ocrx_word' id='word_1_427' title='bbox 3003 2738 3052 2789; x_wconf 90' lang='lat' dir='ltr'><strong>in</strong></span> <span class='ocrx_word' id='word_1_428' title='bbox 3094 2744 3366 2806; x_wconf 83' lang='lat' dir='ltr'><strong>conspectu</strong></span> <span class='ocrx_word' id='word_1_429' title='bbox 3408 2752 3494 2789; x_wconf 91' lang='lat' dir='ltr'><strong>eo-</strong></span> 
     </span>
    </p>
   </div>
   <div class='ocr_carea' id='block_1_58' title="bbox 1915 2826 3495 2897">
    <p class='ocr_par' dir='ltr' id='par_1_58' title="bbox 1915 2826 3495 2897">
     <span class='ocr_line' id='line_1_58' title="bbox 1915 2826 3495 2897; baseline -0.001 -17"><span class='ocrx_word' id='word_1_430' title='bbox 1915 2844 2031 2881; x_wconf 87' lang='lat' dir='ltr'><strong>rum</strong></span> <span class='ocrx_word' id='word_1_431' title='bbox 2061 2828 2247 2897; x_wconf 88' lang='lat' dir='ltr'><strong>(Prov.</strong></span> <span class='ocrx_word' id='word_1_432' title='bbox 2298 2846 2391 2895; x_wconf 87' lang='lat' dir='ltr'><strong>xn,</strong></span> <span class='ocrx_word' id='word_1_433' title='bbox 2425 2829 2546 2897; x_wconf 73' lang='lat'><strong>15);</strong></span> <span class='ocrx_word' id='word_1_434' title='bbox 2573 2836 2627 2883; x_wconf 86' lang='lat' dir='ltr'><strong>et</strong></span> <span class='ocrx_word' id='word_1_435' title='bbox 2655 2829 2851 2881; x_wconf 91' lang='lat' dir='ltr'><strong>iterum</strong></span> <span class='ocrx_word' id='word_1_436' title='bbox 2886 2844 2898 2878; x_wconf 91' lang='lat'>:</span> <span class='ocrx_word' id='word_1_437' title='bbox 2927 2826 3066 2882; x_wconf 84' lang='lat' dir='ltr'><strong>Sunt</strong></span> <span class='ocrx_word' id='word_1_438' title='bbox 3095 2827 3190 2881; x_wconf 70' lang='lat' dir='ltr'><strong>vim</strong></span> <span class='ocrx_word' id='word_1_439' title='bbox 3214 2841 3327 2895; x_wconf 77' lang='lat' dir='ltr'><strong>qua:</strong></span> <span class='ocrx_word' id='word_1_440' title='bbox 3345 2835 3495 2879; x_wconf 64' lang='lat' dir='ltr'><strong>recte:</strong></span> 
     </span>
    </p>
   </div>
   <div class='ocr_carea' id='block_1_59' title="bbox 1913 2917 3537 2983">
    <p class='ocr_par' dir='ltr' id='par_1_59' title="bbox 1913 2917 3537 2983">
     <span class='ocr_line' id='line_1_59' title="bbox 1913 2917 3537 2983; baseline -0.001 -11"><span class='ocrx_word' id='word_1_441' title='bbox 1913 2935 2023 2972; x_wconf 85' lang='lat' dir='ltr'><strong>esse</strong></span> <span class='ocrx_word' id='word_1_442' title='bbox 2065 2920 2298 2973; x_wconf 84' lang='lat' dir='ltr'><strong>videntur</strong></span> <span class='ocrx_word' id='word_1_443' title='bbox 2325 2918 2634 2983; x_wconf 74' lang='lat' dir='ltr'><strong>hominibus,</strong></span> <span class='ocrx_word' id='word_1_444' title='bbox 2667 2917 2941 2971; x_wconf 83' lang='lat' dir='ltr'><strong>novissima</strong></span> <span class='ocrx_word' id='word_1_445' title='bbox 2985 2926 3155 2970; x_wconf 86' lang='lat' dir='ltr'><strong>autem</strong></span> <span class='ocrx_word' id='word_1_446' title='bbox 3199 2932 3374 2969; x_wconf 86' lang='lat' dir='ltr'><strong>eorum</strong></span> <span class='ocrx_word' id='word_1_447' title='bbox 3402 2932 3491 2971; x_wconf 83' lang='lat' dir='ltr'><strong>ve-</strong></span> <span class='ocrx_word' id='word_1_448' title='bbox 3532 2953 3537 2959; x_wconf 67' lang='grc' dir='ltr'><em>ς</em></span> 
     </span>
    </p>
   </div>
   <div class='ocr_carea' id='block_1_60' title="bbox 1916 3008 3491 3080">
    <p class='ocr_par' dir='ltr' id='par_1_60' title="bbox 1916 3008 3491 3080">
     <span class='ocr_line' id='line_1_60' title="bbox 1916 3008 3491 3080; baseline 0.001 -17"><span class='ocrx_word' id='word_1_449' title='bbox 1916 3012 2052 3065; x_wconf 85' lang='lat' dir='ltr'><strong>nient</strong></span> <span class='ocrx_word' id='word_1_450' title='bbox 2082 3014 2135 3063; x_wconf 85' lang='lat' dir='ltr'><strong>in</strong></span> <span class='ocrx_word' id='word_1_451' title='bbox 2175 3010 2497 3080; x_wconf 78' lang='lat' dir='ltr'><strong>profundum</strong></span> <span class='ocrx_word' id='word_1_452' title='bbox 2524 3011 2677 3075; x_wconf 82' lang='lat' dir='ltr'><strong>inferi</strong></span> <span class='ocrx_word' id='word_1_453' title='bbox 2708 3009 2893 3079; x_wconf 90' lang='lat' dir='ltr'><strong>(Prov.</strong></span> <span class='ocrx_word' id='word_1_454' title='bbox 2924 3024 3038 3077; x_wconf 80' lang='lat' dir='ltr'><strong>xw,</strong></span> <span class='ocrx_word' id='word_1_455' title='bbox 3069 3009 3177 3079; x_wconf 70' lang='lat'><strong>12).</strong></span> <span class='ocrx_word' id='word_1_456' title='bbox 3204 3008 3491 3065; x_wconf 88' lang='lat' dir='ltr'><strong>Postremo</strong></span> 
     </span>
    </p>
   </div>
   <div class='ocr_carea' id='block_1_61' title="bbox 1914 3097 3492 3169">
    <p class='ocr_par' dir='ltr' id='par_1_61' title="bbox 1914 3097 3492 3169">
     <span class='ocr_line' id='line_1_61' title="bbox 1914 3097 3492 3169; baseline -0.001 -15"><span class='ocrx_word' id='word_1_457' title='bbox 1914 3101 2126 3154; x_wconf 85' lang='lat' dir='ltr'><strong>eveniet</strong></span> <span class='ocrx_word' id='word_1_458' title='bbox 2150 3100 2419 3169; x_wconf 87' lang='lat' dir='ltr'><strong>ejusmodi</strong></span> <span class='ocrx_word' id='word_1_459' title='bbox 2462 3100 2769 3165; x_wconf 86' lang='lat' dir='ltr'><strong>animabus,</strong></span> <span class='ocrx_word' id='word_1_460' title='bbox 2795 3098 2937 3168; x_wconf 91' lang='lat' dir='ltr'><strong>quod</strong></span> <span class='ocrx_word' id='word_1_461' title='bbox 2964 3097 3148 3152; x_wconf 85' lang='lat' dir='ltr'><strong>domui</strong></span> <span class='ocrx_word' id='word_1_462' title='bbox 3181 3113 3300 3168; x_wconf 87' lang='lat' dir='ltr'><strong>quae</strong></span> <span class='ocrx_word' id='word_1_463' title='bbox 3330 3112 3492 3168; x_wconf 85' lang='lat' dir='ltr'><strong>supra</strong></span> 
     </span>
    </p>
   </div>
   <div class='ocr_carea' id='block_1_62' title="bbox 219 3172 3490 3270">
    <p class='ocr_par' dir='ltr' id='par_1_62' title="bbox 219 3172 3490 3270">
     <span class='ocr_line' id='line_1_62' title="bbox 219 3172 3490 3270; baseline -0.008 0"><span class='ocrx_word' id='word_1_464' title='bbox 219 3172 460 3270; x_wconf 52' lang='lat' dir='ltr'><strong>iaculati</strong></span> <span class='ocrx_word' id='word_1_465' title='bbox 489 3206 618 3268; x_wconf 72' lang='grc' dir='ltr'><strong>Ρυιο</strong></span> <span class='ocrx_word' id='word_1_466' title='bbox 649 3195 790 3266; x_wconf 68' lang='grc' dir='ltr'><strong>(10οά</strong></span> <span class='ocrx_word' id='word_1_467' title='bbox 820 3194 997 3249; x_wconf 65' lang='lat' dir='ltr'><strong>adhuc</strong></span> <span class='ocrx_word' id='word_1_468' title='bbox 1027 3201 1267 3262; x_wconf 81' lang='lat' dir='ltr'><strong>emplum</strong></span> <span class='ocrx_word' id='word_1_469' title='bbox 1318 3204 1376 3245; x_wconf 89' lang='lat' dir='ltr'><strong>se</strong></span> <span class='ocrx_word' id='word_1_470' title='bbox 1415 3203 1534 3243; x_wconf 88' lang='lat' dir='ltr'><strong>esse</strong></span> <span class='ocrx_word' id='word_1_471' title='bbox 1582 3188 1805 3242; x_wconf 78' lang='lat' dir='ltr'><strong>nesciat.</strong></span> <span class='ocrx_word' id='word_1_472' title='bbox 1835 3172 1882 3237; x_wconf 67' lang='grc' dir='ltr'><strong>(ἶ</strong></span> <span class='ocrx_word' id='word_1_473' title='bbox 1917 3208 2137 3247; x_wconf 90' lang='lat' dir='ltr'><strong>arenam</strong></span> <span class='ocrx_word' id='word_1_474' title='bbox 2162 3192 2425 3246; x_wconf 83' lang='lat' dir='ltr'><strong>aediﬁcata</strong></span> <span class='ocrx_word' id='word_1_475' title='bbox 2458 3201 2539 3246; x_wconf 88' lang='lat' dir='ltr'><strong>est</strong></span> <span class='ocrx_word' id='word_1_476' title='bbox 2575 3188 3039 3260; x_wconf 70' lang='lat' dir='ltr'><strong>(Matth.vu,26).</strong></span> <span class='ocrx_word' id='word_1_477' title='bbox 3071 3188 3196 3243; x_wconf 63' lang='lat' dir='ltr'><strong>[late</strong></span> <span class='ocrx_word' id='word_1_478' title='bbox 3217 3189 3359 3244; x_wconf 92' lang='lat' dir='ltr'><strong>enim</strong></span> <span class='ocrx_word' id='word_1_479' title='bbox 3394 3205 3490 3259; x_wconf 88' lang='lat' dir='ltr'><strong>pa-</strong></span> 
     </span>
    </p>
   </div>
   <div class='ocr_carea' id='block_1_63' title="bbox 220 3280 1810 3358">
    <p class='ocr_par' dir='ltr' id='par_1_63' title="bbox 220 3280 1810 3358">
     <span class='ocr_line' id='line_1_63' title="bbox 220 3280 1810 3358; baseline -0.008 -13"><span class='ocrx_word' id='word_1_480' title='bbox 220 3291 331 3358; x_wconf 88' lang='lat' dir='ltr'><strong>Qui</strong></span> <span class='ocrx_word' id='word_1_481' title='bbox 360 3289 679 3345; x_wconf 74' lang='lat' dir='ltr'><strong>Christianae</strong></span> <span class='ocrx_word' id='word_1_482' title='bbox 707 3286 910 3341; x_wconf 87' lang='lat' dir='ltr'><strong>militiae</strong></span> <span class='ocrx_word' id='word_1_483' title='bbox 933 3287 1285 3352; x_wconf 85' lang='lat' dir='ltr'><strong>mancipatus,</strong></span> <span class='ocrx_word' id='word_1_484' title='bbox 1312 3280 1494 3336; x_wconf 88' lang='lat' dir='ltr'><strong>dicere</strong></span> <span class='ocrx_word' id='word_1_485' title='bbox 1520 3294 1578 3335; x_wconf 89' lang='lat' dir='ltr'><strong>se</strong></span> <span class='ocrx_word' id='word_1_486' title='bbox 1607 3295 1810 3349; x_wconf 82' lang='lat' dir='ltr'><strong>praesu-</strong></span> 
     </span>
    </p>
   </div>
   <div class='ocr_carea' id='block_1_64' title="bbox 221 3373 1809 3451">
    <p class='ocr_par' dir='ltr' id='par_1_64' title="bbox 221 3373 1809 3451">
     <span class='ocr_line' id='line_1_64' title="bbox 221 3373 1809 3451; baseline -0.008 -14"><span class='ocrx_word' id='word_1_487' title='bbox 221 3383 327 3438; x_wconf 88' lang='lat' dir='ltr'><strong>mit</strong></span> <span class='ocrx_word' id='word_1_488' title='bbox 358 3381 674 3451; x_wconf 85' lang='lat' dir='ltr'><strong>ingenuum,</strong></span> <span class='ocrx_word' id='word_1_489' title='bbox 705 3394 840 3448; x_wconf 90' lang='lat' dir='ltr'><strong>pene</strong></span> <span class='ocrx_word' id='word_1_490' title='bbox 863 3388 945 3433; x_wconf 85' lang='lat' dir='ltr'><strong>est</strong></span> <span class='ocrx_word' id='word_1_491' title='bbox 973 3387 1029 3432; x_wconf 93' lang='lat' dir='ltr'><strong>ut</strong></span> <span class='ocrx_word' id='word_1_492' title='bbox 1060 3384 1217 3444; x_wconf 83' lang='lat' dir='ltr'><strong>neget</strong></span> <span class='ocrx_word' id='word_1_493' title='bbox 1239 3389 1297 3429; x_wconf 90' lang='lat' dir='ltr'><strong>se</strong></span> <span class='ocrx_word' id='word_1_494' title='bbox 1324 3373 1521 3429; x_wconf 88' lang='lat' dir='ltr'><strong>Christi</strong></span> <span class='ocrx_word' id='word_1_495' title='bbox 1549 3373 1809 3441; x_wconf 83' lang='lat' dir='ltr'><strong>sanguine</strong></span> 
     </span>
    </p>
   </div>
   <div class='ocr_carea' id='block_1_65' title="bbox 220 3463 1809 3545">
    <p class='ocr_par' dir='ltr' id='par_1_65' title="bbox 220 3463 1809 3545">
     <span class='ocr_line' id='line_1_65' title="bbox 220 3463 1809 3545; baseline -0.009 -13"><span class='ocrx_word' id='word_1_496' title='bbox 220 3484 617 3545; x_wconf 90' lang='lat' dir='ltr'><strong>comparatum.</strong></span> <span class='ocrx_word' id='word_1_497' title='bbox 647 3472 781 3540; x_wconf 86' lang='lat' dir='ltr'><strong>Quid</strong></span> <span class='ocrx_word' id='word_1_498' title='bbox 837 3478 924 3526; x_wconf 89' lang='lat' dir='ltr'><strong>est</strong></span> <span class='ocrx_word' id='word_1_499' title='bbox 966 3468 1131 3533; x_wconf 89' lang='lat' dir='ltr'><strong>aliud,</strong></span> <span class='ocrx_word' id='word_1_500' title='bbox 1164 3467 1297 3521; x_wconf 87' lang='lat' dir='ltr'><strong>liber</strong></span> <span class='ocrx_word' id='word_1_501' title='bbox 1325 3481 1467 3530; x_wconf 91' lang='lat' dir='ltr'><strong>sum,</strong></span> <span class='ocrx_word' id='word_1_502' title='bbox 1502 3479 1661 3532; x_wconf 91' lang='lat' dir='ltr'><strong>quam</strong></span> <span class='ocrx_word' id='word_1_503' title='bbox 1709 3463 1809 3531; x_wconf 82' lang='lat' dir='ltr'><strong>ipsi</strong></span> 
     </span>
    </p>
   </div>
   <div class='ocr_carea' id='block_1_66' title="bbox 224 3555 1810 3630">
    <p class='ocr_par' dir='ltr' id='par_1_66' title="bbox 224 3555 1810 3630">
     <span class='ocr_line' id='line_1_66' title="bbox 224 3555 1810 3630; baseline -0.009 -8"><span class='ocrx_word' id='word_1_504' title='bbox 224 3568 463 3622; x_wconf 89' lang='lat' dir='ltr'><strong>Domino</strong></span> <span class='ocrx_word' id='word_1_505' title='bbox 509 3566 766 3630; x_wconf 88' lang='lat' dir='ltr'><strong>clamare,</strong></span> <span class='ocrx_word' id='word_1_506' title='bbox 802 3561 938 3616; x_wconf 90' lang='lat' dir='ltr'><strong>nihil</strong></span> <span class='ocrx_word' id='word_1_507' title='bbox 977 3558 1186 3614; x_wconf 78' lang='lat' dir='ltr'><strong>debeo?</strong></span> <span class='ocrx_word' id='word_1_508' title='bbox 1225 3557 1300 3610; x_wconf 92' lang='lat' dir='ltr'><strong>De</strong></span> <span class='ocrx_word' id='word_1_509' title='bbox 1352 3556 1545 3609; x_wconf 89' lang='lat' dir='ltr'><strong>talibus</strong></span> <span class='ocrx_word' id='word_1_510' title='bbox 1596 3555 1810 3609; x_wconf 74' lang='lat' dir='ltr'><strong>dicebat</strong></span> 
     </span>
    </p>
   </div>
   <div class='ocr_carea' id='block_1_67' title="bbox 221 3643 1809 3726">
    <p class='ocr_par' dir='ltr' id='par_1_67' title="bbox 221 3643 1809 3726">
     <span class='ocr_line' id='line_1_67' title="bbox 221 3643 1809 3726; baseline -0.01 -14"><span class='ocrx_word' id='word_1_511' title='bbox 221 3657 518 3726; x_wconf 76' lang='lat' dir='ltr'><strong>Apostolus</strong></span> <span class='ocrx_word' id='word_1_512' title='bbox 544 3675 557 3709; x_wconf 88' lang='grc'>;</span> <span class='ocrx_word' id='word_1_513' title='bbox 579 3656 706 3709; x_wconf 85' lang='lat' dir='ltr'><strong>Cum</strong></span> <span class='ocrx_word' id='word_1_514' title='bbox 734 3654 869 3707; x_wconf 86' lang='lat' dir='ltr'><strong>enim</strong></span> <span class='ocrx_word' id='word_1_515' title='bbox 894 3652 1024 3705; x_wconf 82' lang='lat' dir='ltr'><strong>servi</strong></span> <span class='ocrx_word' id='word_1_516' title='bbox 1051 3649 1225 3703; x_wconf 80' lang='lat' dir='ltr'><strong>essetis</strong></span> <span class='ocrx_word' id='word_1_517' title='bbox 1254 3645 1625 3709; x_wconf 78' lang='lat' dir='ltr'><strong>inobedientiw,</strong></span> <span class='ocrx_word' id='word_1_518' title='bbox 1659 3643 1809 3697; x_wconf 84' lang='lat' dir='ltr'><strong>liberi</strong></span> 
     </span>
    </p>
   </div>
   <div class='ocr_carea' id='block_1_68' title="bbox 223 3736 1808 3821">
    <p class='ocr_par' dir='ltr' id='par_1_68' title="bbox 223 3736 1808 3821">
     <span class='ocr_line' id='line_1_68' title="bbox 223 3736 1808 3821; baseline -0.009 -19"><span class='ocrx_word' id='word_1_519' title='bbox 223 3750 399 3821; x_wconf 75' lang='lat' dir='ltr'><strong>fuistis</strong></span> <span class='ocrx_word' id='word_1_520' title='bbox 443 3747 657 3817; x_wconf 72' lang='lat' dir='ltr'><strong>iustitia:</strong></span> <span class='ocrx_word' id='word_1_521' title='bbox 688 3746 866 3817; x_wconf 83' lang='lat' dir='ltr'><strong>(Rom.</strong></span> <span class='ocrx_word' id='word_1_522' title='bbox 919 3758 991 3809; x_wconf 88' lang='lat' dir='ltr'><strong>vt,</strong></span> <span class='ocrx_word' id='word_1_523' title='bbox 1025 3740 1140 3809; x_wconf 72' lang='lat'><strong>20).</strong></span> <span class='ocrx_word' id='word_1_524' title='bbox 1196 3739 1311 3793; x_wconf 87' lang='lat' dir='ltr'><strong>Non</strong></span> <span class='ocrx_word' id='word_1_525' title='bbox 1360 3738 1499 3792; x_wconf 89' lang='lat' dir='ltr'><strong>bene</strong></span> <span class='ocrx_word' id='word_1_526' title='bbox 1542 3736 1808 3806; x_wconf 86' lang='lat' dir='ltr'><strong>ingenuus</strong></span> 
     </span>
    </p>
   </div>
   <div class='ocr_carea' id='block_1_69' title="bbox 222 3823 1809 3911">
    <p class='ocr_par' dir='ltr' id='par_1_69' title="bbox 222 3823 1809 3911">
     <span class='ocr_line' id='line_1_69' title="bbox 222 3823 1809 3911; baseline -0.011 -17"><span class='ocrx_word' id='word_1_527' title='bbox 222 3839 579 3911; x_wconf 84' lang='lat' dir='ltr'><strong>approbatur,</strong></span> <span class='ocrx_word' id='word_1_528' title='bbox 611 3837 701 3907; x_wconf 83' lang='lat' dir='ltr'><strong>qui</strong></span> <span class='ocrx_word' id='word_1_529' title='bbox 727 3835 982 3890; x_wconf 89' lang='lat' dir='ltr'><strong>vitiorum</strong></span> <span class='ocrx_word' id='word_1_530' title='bbox 1023 3829 1286 3886; x_wconf 88' lang='lat' dir='ltr'><strong>servitute</strong></span> <span class='ocrx_word' id='word_1_531' title='bbox 1315 3826 1655 3897; x_wconf 89' lang='lat' dir='ltr'><strong>deprimitur.</strong></span> <span class='ocrx_word' id='word_1_532' title='bbox 1688 3823 1809 3879; x_wconf 87' lang='lat' dir='ltr'><strong>Cla-</strong></span> 
     </span>
    </p>
   </div>
   <div class='ocr_carea' id='block_1_70' title="bbox 223 3917 1808 3991">
    <p class='ocr_par' dir='ltr' id='par_1_70' title="bbox 223 3917 1808 3991">
     <span class='ocr_line' id='line_1_70' title="bbox 223 3917 1808 3991; baseline -0.011 -5"><span class='ocrx_word' id='word_1_533' title='bbox 223 3942 339 3986; x_wconf 90' lang='lat' dir='ltr'><strong>mat</strong></span> <span class='ocrx_word' id='word_1_534' title='bbox 362 3939 543 3985; x_wconf 87' lang='lat' dir='ltr'><strong>autem</strong></span> <span class='ocrx_word' id='word_1_535' title='bbox 573 3929 625 3982; x_wconf 92' lang='lat' dir='ltr'><strong>in</strong></span> <span class='ocrx_word' id='word_1_536' title='bbox 656 3924 984 3982; x_wconf 88' lang='lat' dir='ltr'><strong>contumelia</strong></span> <span class='ocrx_word' id='word_1_537' title='bbox 1009 3919 1327 3991; x_wconf 64' lang='lat' dir='ltr'><strong>disciplinae,</strong></span> <span class='ocrx_word' id='word_1_538' title='bbox 1362 3918 1415 3973; x_wconf 93' lang='lat' dir='ltr'><strong>in</strong></span> <span class='ocrx_word' id='word_1_539' title='bbox 1447 3924 1667 3987; x_wconf 90' lang='lat' dir='ltr'><strong>peccato</strong></span> <span class='ocrx_word' id='word_1_540' title='bbox 1697 3917 1808 3969; x_wconf 87' lang='lat' dir='ltr'><strong>ani-</strong></span> 
     </span>
    </p>
   </div>
   <div class='ocr_carea' id='block_1_71' title="bbox 222 4001 1806 4083">
    <p class='ocr_par' dir='ltr' id='par_1_71' title="bbox 222 4001 1806 4083">
     <span class='ocr_line' id='line_1_71' title="bbox 222 4001 1806 4083; baseline -0.011 -6"><span class='ocrx_word' id='word_1_541' title='bbox 222 4036 330 4078; x_wconf 65' lang='lat' dir='ltr'><strong>ma:</strong></span> <span class='ocrx_word' id='word_1_542' title='bbox 377 4035 530 4075; x_wconf 69' lang='lat' dir='ltr'><strong>suae:</strong></span> <span class='ocrx_word' id='word_1_543' title='bbox 562 4019 703 4074; x_wconf 86' lang='lat' dir='ltr'><strong>Malo</strong></span> <span class='ocrx_word' id='word_1_544' title='bbox 757 4015 1033 4071; x_wconf 89' lang='lat' dir='ltr'><strong>discedere</strong></span> <span class='ocrx_word' id='word_1_545' title='bbox 1082 4027 1245 4083; x_wconf 91' lang='lat' dir='ltr'><strong>quam</strong></span> <span class='ocrx_word' id='word_1_546' title='bbox 1297 4001 1609 4076; x_wconf 84' lang='lat' dir='ltr'><strong>emendare,</strong></span> <span class='ocrx_word' id='word_1_547' title='bbox 1647 4020 1806 4076; x_wconf 90' lang='lat' dir='ltr'><strong>quam</strong></span> 
     </span>
    </p>
   </div>
   <div class='ocr_carea' id='block_1_72' title="bbox 218 4099 1809 4182">
    <p class='ocr_par' dir='ltr' id='par_1_72' title="bbox 218 4099 1809 4182">
     <span class='ocr_line' id='line_1_72' title="bbox 218 4099 1809 4182; baseline -0.009 -15"><span class='ocrx_word' id='word_1_548' title='bbox 218 4113 565 4181; x_wconf 78' lang='lat' dir='ltr'><strong>satisfacere,</strong></span> <span class='ocrx_word' id='word_1_549' title='bbox 596 4125 756 4182; x_wconf 89' lang='lat' dir='ltr'><strong>quam</strong></span> <span class='ocrx_word' id='word_1_550' title='bbox 784 4107 1023 4181; x_wconf 78' lang='lat' dir='ltr'><strong>implere</strong></span> <span class='ocrx_word' id='word_1_551' title='bbox 1058 4104 1199 4177; x_wconf 90' lang='lat' dir='ltr'><strong>quod</strong></span> <span class='ocrx_word' id='word_1_552' title='bbox 1249 4103 1516 4175; x_wconf 82' lang='lat' dir='ltr'><strong>praecipis.</strong></span> <span class='ocrx_word' id='word_1_553' title='bbox 1550 4099 1684 4168; x_wconf 89' lang='lat' dir='ltr'><strong>Quid</strong></span> <span class='ocrx_word' id='word_1_554' title='bbox 1727 4108 1809 4154; x_wconf 90' lang='lat' dir='ltr'><strong>est</strong></span> 
     </span>
    </p>
   </div>
   <div class='ocr_carea' id='block_1_73' title="bbox 221 4193 1809 4275">
    <p class='ocr_par' dir='ltr' id='par_1_73' title="bbox 221 4193 1809 4275">
     <span class='ocr_line' id='line_1_73' title="bbox 221 4193 1809 4275; baseline -0.009 -12"><span class='ocrx_word' id='word_1_555' title='bbox 221 4208 329 4264; x_wconf 86' lang='lat' dir='ltr'><strong>hoc</strong></span> <span class='ocrx_word' id='word_1_556' title='bbox 380 4205 527 4261; x_wconf 87' lang='lat' dir='ltr'><strong>aliud</strong></span> <span class='ocrx_word' id='word_1_557' title='bbox 580 4219 739 4275; x_wconf 90' lang='lat' dir='ltr'><strong>quam</strong></span> <span class='ocrx_word' id='word_1_558' title='bbox 763 4203 950 4273; x_wconf 90' lang='lat' dir='ltr'><strong>jugum</strong></span> <span class='ocrx_word' id='word_1_559' title='bbox 979 4198 1183 4255; x_wconf 88' lang='lat' dir='ltr'><strong>Christi</strong></span> <span class='ocrx_word' id='word_1_560' title='bbox 1225 4212 1255 4252; x_wconf 89' lang='lat' dir='ltr'><strong>a</strong></span> <span class='ocrx_word' id='word_1_561' title='bbox 1283 4211 1343 4252; x_wconf 91' lang='lat' dir='ltr'><strong>se</strong></span> <span class='ocrx_word' id='word_1_562' title='bbox 1377 4194 1563 4251; x_wconf 89' lang='lat' dir='ltr'><strong>rebelli</strong></span> <span class='ocrx_word' id='word_1_563' title='bbox 1597 4193 1809 4248; x_wconf 88' lang='lat' dir='ltr'><strong>cervice</strong></span> 
     </span>
    </p>
   </div>
   <div class='ocr_carea' id='block_1_74' title="bbox 221 4284 1808 4361">
    <p class='ocr_par' dir='ltr' id='par_1_74' title="bbox 221 4284 1808 4361">
     <span class='ocr_line' id='line_1_74' title="bbox 221 4284 1808 4361; baseline -0.012 -4"><span class='ocrx_word' id='word_1_564' title='bbox 221 4298 541 4357; x_wconf 88' lang='lat' dir='ltr'><strong>discutere?</strong></span> <span class='ocrx_word' id='word_1_565' title='bbox 570 4298 661 4353; x_wconf 91' lang='lat' dir='ltr'><strong>lsti</strong></span> <span class='ocrx_word' id='word_1_566' title='bbox 697 4295 834 4351; x_wconf 87' lang='lat' dir='ltr'><strong>tales</strong></span> <span class='ocrx_word' id='word_1_567' title='bbox 873 4293 1124 4350; x_wconf 90' lang='lat' dir='ltr'><strong>nesciunt</strong></span> <span class='ocrx_word' id='word_1_568' title='bbox 1166 4289 1293 4361; x_wconf 93' lang='lat' dir='ltr'><strong>quid</strong></span> <span class='ocrx_word' id='word_1_569' title='bbox 1329 4293 1620 4353; x_wconf 88' lang='lat' dir='ltr'><strong>noverunt,</strong></span> <span class='ocrx_word' id='word_1_570' title='bbox 1654 4284 1808 4339; x_wconf 91' lang='lat' dir='ltr'><strong>obliti</strong></span> 
     </span>
    </p>
   </div>
   <div class='ocr_carea' id='block_1_75' title="bbox 223 4377 1809 4461">
    <p class='ocr_par' dir='ltr' id='par_1_75' title="bbox 223 4377 1809 4461">
     <span class='ocr_line' id='line_1_75' title="bbox 223 4377 1809 4461; baseline -0.012 -13"><span class='ocrx_word' id='word_1_571' title='bbox 223 4403 353 4449; x_wconf 86' lang='lat' dir='ltr'><strong>sunt</strong></span> <span class='ocrx_word' id='word_1_572' title='bbox 380 4399 606 4461; x_wconf 87' lang='lat' dir='ltr'><strong>propter</strong></span> <span class='ocrx_word' id='word_1_573' title='bbox 629 4387 753 4458; x_wconf 91' lang='lat' dir='ltr'><strong>quid</strong></span> <span class='ocrx_word' id='word_1_574' title='bbox 783 4387 888 4441; x_wconf 91' lang='lat' dir='ltr'><strong>huc</strong></span> <span class='ocrx_word' id='word_1_575' title='bbox 918 4392 1204 4440; x_wconf 89' lang='lat' dir='ltr'><strong>venerunt.</strong></span> <span class='ocrx_word' id='word_1_576' title='bbox 1234 4380 1328 4436; x_wconf 89' lang='lat' dir='ltr'><strong>lsti</strong></span> <span class='ocrx_word' id='word_1_577' title='bbox 1367 4380 1503 4434; x_wconf 90' lang='lat' dir='ltr'><strong>tales</strong></span> <span class='ocrx_word' id='word_1_578' title='bbox 1532 4392 1639 4433; x_wconf 91' lang='lat' dir='ltr'><strong>non</strong></span> <span class='ocrx_word' id='word_1_579' title='bbox 1670 4377 1809 4433; x_wconf 89' lang='lat' dir='ltr'><strong>bene</strong></span> 
     </span>
    </p>
   </div>
   <div class='ocr_carea' id='block_1_76' title="bbox 224 4470 1805 4555">
    <p class='ocr_par' dir='ltr' id='par_1_76' title="bbox 224 4470 1805 4555">
     <span class='ocr_line' id='line_1_76' title="bbox 224 4470 1805 4555; baseline -0.011 -14"><span class='ocrx_word' id='word_1_580' title='bbox 224 4491 440 4555; x_wconf 90' lang='lat' dir='ltr'><strong>petunt,</strong></span> <span class='ocrx_word' id='word_1_581' title='bbox 470 4480 564 4536; x_wconf 91' lang='lat' dir='ltr'><strong>sed</strong></span> <span class='ocrx_word' id='word_1_582' title='bbox 590 4480 733 4535; x_wconf 90' lang='lat' dir='ltr'><strong>male</strong></span> <span class='ocrx_word' id='word_1_583' title='bbox 760 4478 907 4534; x_wconf 91' lang='lat' dir='ltr'><strong>vitiis</strong></span> <span class='ocrx_word' id='word_1_584' title='bbox 927 4486 1271 4549; x_wconf 92' lang='lat' dir='ltr'><strong>appetuntur.</strong></span> <span class='ocrx_word' id='word_1_585' title='bbox 1295 4473 1410 4528; x_wconf 85' lang='lat' dir='ltr'><strong>Non</strong></span> <span class='ocrx_word' id='word_1_586' title='bbox 1436 4471 1541 4527; x_wconf 90' lang='lat' dir='ltr'><strong>fide</strong></span> <span class='ocrx_word' id='word_1_587' title='bbox 1567 4470 1805 4541; x_wconf 83' lang='lat' dir='ltr'><strong>pulsant,</strong></span> 
     </span>
    </p>
   </div>
   <div class='ocr_carea' id='block_1_77' title="bbox 1912 3279 3488 3350">
    <p class='ocr_par' dir='ltr' id='par_1_77' title="bbox 1912 3279 3488 3350">
     <span class='ocr_line' id='line_1_77' title="bbox 1912 3279 3488 3350; baseline -0.002 -12"><span class='ocrx_word' id='word_1_588' title='bbox 1912 3285 2095 3339; x_wconf 82' lang='lat' dir='ltr'><strong>rabula</strong></span> <span class='ocrx_word' id='word_1_589' title='bbox 2126 3284 2358 3338; x_wconf 80' lang='lat' dir='ltr'><strong>maxime</strong></span> <span class='ocrx_word' id='word_1_590' title='bbox 2402 3283 2469 3337; x_wconf 89' lang='lat' dir='ltr'><strong>ad</strong></span> <span class='ocrx_word' id='word_1_591' title='bbox 2519 3282 2900 3337; x_wconf 89' lang='lat' dir='ltr'><strong>inobedientes</strong></span> <span class='ocrx_word' id='word_1_592' title='bbox 2944 3281 3193 3350; x_wconf 88' lang='lat' dir='ltr'><strong>respicit.</strong></span> <span class='ocrx_word' id='word_1_593' title='bbox 3226 3279 3319 3337; x_wconf 86' lang='lat' dir='ltr'><strong>Sic</strong></span> <span class='ocrx_word' id='word_1_594' title='bbox 3344 3282 3488 3336; x_wconf 89' lang='lat' dir='ltr'><strong>enim</strong></span> 
     </span>
    </p>
   </div>
   <div class='ocr_carea' id='block_1_78' title="bbox 1914 3371 3488 3445">
    <p class='ocr_par' dir='ltr' id='par_1_78' title="bbox 1914 3371 3488 3445">
     <span class='ocr_line' id='line_1_78' title="bbox 1914 3371 3488 3445; baseline -0.003 -16"><span class='ocrx_word' id='word_1_595' title='bbox 1914 3375 2140 3445; x_wconf 86' lang='lat' dir='ltr'><strong>legimus</strong></span> <span class='ocrx_word' id='word_1_596' title='bbox 2171 3393 2182 3428; x_wconf 89' lang='lat'><strong>:</strong></span> <span class='ocrx_word' id='word_1_597' title='bbox 2221 3375 2402 3429; x_wconf 78' lang='lat' dir='ltr'><strong>Omnis</strong></span> <span class='ocrx_word' id='word_1_598' title='bbox 2429 3375 2518 3444; x_wconf 80' lang='lat' dir='ltr'><strong>qui</strong></span> <span class='ocrx_word' id='word_1_599' title='bbox 2539 3374 2686 3427; x_wconf 85' lang='lat' dir='ltr'><strong>audit</strong></span> <span class='ocrx_word' id='word_1_600' title='bbox 2716 3372 2867 3426; x_wconf 81' lang='lat' dir='ltr'><strong>verba</strong></span> <span class='ocrx_word' id='word_1_601' title='bbox 2892 3371 3022 3434; x_wconf 77' lang='lat' dir='ltr'><strong>haec,</strong></span> <span class='ocrx_word' id='word_1_602' title='bbox 3050 3381 3097 3426; x_wconf 89' lang='lat' dir='ltr'><strong>et</strong></span> <span class='ocrx_word' id='word_1_603' title='bbox 3124 3389 3225 3425; x_wconf 85' lang='lat' dir='ltr'><strong>non</strong></span> <span class='ocrx_word' id='word_1_604' title='bbox 3255 3373 3383 3442; x_wconf 77' lang='lat' dir='ltr'><strong>facit</strong></span> <span class='ocrx_word' id='word_1_605' title='bbox 3407 3389 3488 3435; x_wconf 82' lang='lat' dir='ltr'><strong>ea,</strong></span> 
     </span>
    </p>
   </div>
   <div class='ocr_carea' id='block_1_79' title="bbox 1910 3464 3492 3536">
    <p class='ocr_par' dir='ltr' id='par_1_79' title="bbox 1910 3464 3492 3536">
     <span class='ocr_line' id='line_1_79' title="bbox 1910 3464 3492 3536; baseline -0.003 -15"><span class='ocrx_word' id='word_1_606' title='bbox 1910 3467 2219 3521; x_wconf 81' lang='lat' dir='ltr'><strong>sintilabitur</strong></span> <span class='ocrx_word' id='word_1_607' title='bbox 2271 3467 2599 3531; x_wconf 84' lang='lat' dir='ltr'><strong>viro-stulto,</strong></span> <span class='ocrx_word' id='word_1_608' title='bbox 2636 3466 2722 3536; x_wconf 86' lang='lat' dir='ltr'><strong>qui</strong></span> <span class='ocrx_word' id='word_1_609' title='bbox 2765 3464 3039 3532; x_wconf 68' lang='lat' dir='ltr'><strong>aediﬁcavit</strong></span> <span class='ocrx_word' id='word_1_610' title='bbox 3089 3466 3297 3517; x_wconf 86' lang='lat' dir='ltr'><strong>domum</strong></span> <span class='ocrx_word' id='word_1_611' title='bbox 3342 3480 3492 3519; x_wconf 83' lang='lat' dir='ltr'><strong>suam</strong></span> 
     </span>
    </p>
   </div>
   <div class='ocr_carea' id='block_1_80' title="bbox 1909 3550 3489 3625">
    <p class='ocr_par' dir='ltr' id='par_1_80' title="bbox 1909 3550 3489 3625">
     <span class='ocr_line' id='line_1_80' title="bbox 1909 3550 3489 3625; baseline -0.004 -14"><span class='ocrx_word' id='word_1_612' title='bbox 1909 3575 2069 3625; x_wconf 81' lang='lat' dir='ltr'><strong>supra</strong></span> <span class='ocrx_word' id='word_1_613' title='bbox 2112 3574 2322 3610; x_wconf 87' lang='lat' dir='ltr'><strong>arenam</strong></span> <span class='ocrx_word' id='word_1_614' title='bbox 2353 3566 2638 3609; x_wconf 78' lang='lat' dir='ltr'><strong>:venernnt</strong></span> <span class='ocrx_word' id='word_1_615' title='bbox 2668 3557 2908 3625; x_wconf 83' lang='lat' dir='ltr'><strong>ﬂumina,</strong></span> <span class='ocrx_word' id='word_1_616' title='bbox 2941 3562 2996 3608; x_wconf 89' lang='lat' dir='ltr'><strong>et</strong></span> <span class='ocrx_word' id='word_1_617' title='bbox 3024 3553 3236 3622; x_wconf 86' lang='lat' dir='ltr'><strong>reliqua</strong></span> <span class='ocrx_word' id='word_1_618' title='bbox 3266 3550 3489 3623; x_wconf 69' lang='lat' dir='ltr'><strong>(Ibid);</strong></span> 
     </span>
    </p>
   </div>
   <div class='ocr_carea' id='block_1_81' title="bbox 1912 3642 3488 3711">
    <p class='ocr_par' dir='ltr' id='par_1_81' title="bbox 1912 3642 3488 3711">
     <span class='ocr_line' id='line_1_81' title="bbox 1912 3642 3488 3711; baseline -0.001 -12"><span class='ocrx_word' id='word_1_619' title='bbox 1912 3648 1963 3700; x_wconf 88' lang='lat' dir='ltr'><strong>id</strong></span> <span class='ocrx_word' id='word_1_620' title='bbox 2006 3657 2106 3711; x_wconf 87' lang='lat' dir='ltr'><strong>est,</strong></span> <span class='ocrx_word' id='word_1_621' title='bbox 2144 3661 2265 3701; x_wconf 91' lang='lat' dir='ltr'><strong>cum</strong></span> <span class='ocrx_word' id='word_1_622' title='bbox 2314 3644 2632 3700; x_wconf 82' lang='lat' dir='ltr'><strong>inﬂuxerint</strong></span> <span class='ocrx_word' id='word_1_623' title='bbox 2682 3642 2961 3697; x_wconf 90' lang='lat' dir='ltr'><strong>stillicidia</strong></span> <span class='ocrx_word' id='word_1_624' title='bbox 3004 3644 3488 3711; x_wconf 86' lang='lat' dir='ltr'><strong>passionum,cum</strong></span> 
     </span>
    </p>
   </div>
   <div class='ocr_carea' id='block_1_82' title="bbox 1913 3732 3491 3800">
    <p class='ocr_par' dir='ltr' id='par_1_82' title="bbox 1913 3732 3491 3800">
     <span class='ocr_line' id='line_1_82' title="bbox 1913 3732 3491 3800; baseline -0.002 -10"><span class='ocrx_word' id='word_1_625' title='bbox 1913 3736 2234 3790; x_wconf 84' lang='lat' dir='ltr'><strong>advenerim</strong></span> <span class='ocrx_word' id='word_1_626' title='bbox 2259 3735 2480 3787; x_wconf 89' lang='lat' dir='ltr'><strong>ﬂumina</strong></span> <span class='ocrx_word' id='word_1_627' title='bbox 2516 3733 2768 3786; x_wconf 88' lang='lat' dir='ltr'><strong>torrentis</strong></span> <span class='ocrx_word' id='word_1_628' title='bbox 2799 3740 2958 3800; x_wconf 86' lang='lat' dir='ltr'><strong>atque</strong></span> <span class='ocrx_word' id='word_1_629' title='bbox 3000 3733 3234 3800; x_wconf 89' lang='lat' dir='ltr'><strong>impetus</strong></span> <span class='ocrx_word' id='word_1_630' title='bbox 3263 3732 3491 3787; x_wconf 84' lang='lat' dir='ltr'><strong>tribula-</strong></span> 
     </span>
    </p>
   </div>
   <div class='ocr_carea' id='block_1_83' title="bbox 1917 3821 3492 3892">
    <p class='ocr_par' dir='ltr' id='par_1_83' title="bbox 1917 3821 3492 3892">
     <span class='ocr_line' id='line_1_83' title="bbox 1917 3821 3492 3892; baseline -0.001 -14"><span class='ocrx_word' id='word_1_631' title='bbox 1917 3828 2144 3890; x_wconf 90' lang='lat' dir='ltr'><strong>tionum,</strong></span> <span class='ocrx_word' id='word_1_632' title='bbox 2176 3839 2242 3881; x_wconf 81' lang='lat' dir='ltr'><strong>ex</strong></span> <span class='ocrx_word' id='word_1_633' title='bbox 2282 3823 2626 3877; x_wconf 86' lang='lat' dir='ltr'><strong>multitudine</strong></span> <span class='ocrx_word' id='word_1_634' title='bbox 2656 3821 3128 3892; x_wconf 88' lang='lat' dir='ltr'><strong>negligentiarum,</strong></span> <span class='ocrx_word' id='word_1_635' title='bbox 3162 3836 3283 3876; x_wconf 92' lang='lat' dir='ltr'><strong>cum</strong></span> <span class='ocrx_word' id='word_1_636' title='bbox 3321 3821 3492 3878; x_wconf 74' lang='lat' dir='ltr'><strong>ﬂave~</strong></span> 
     </span>
    </p>
   </div>
   <div class='ocr_carea' id='block_1_84' title="bbox 1909 3911 3484 3984">
    <p class='ocr_par' dir='ltr' id='par_1_84' title="bbox 1909 3911 3484 3984">
     <span class='ocr_line' id='line_1_84' title="bbox 1909 3911 3484 3984; baseline -0.004 -11"><span class='ocrx_word' id='word_1_637' title='bbox 1909 3918 2017 3973; x_wconf 88' lang='lat' dir='ltr'><strong>rint</strong></span> <span class='ocrx_word' id='word_1_638' title='bbox 2044 3918 2210 3983; x_wconf 84' lang='lat' dir='ltr'><strong>venti,</strong></span> <span class='ocrx_word' id='word_1_639' title='bbox 2238 3915 2315 3969; x_wconf 90' lang='lat' dir='ltr'><strong>illi</strong></span> <span class='ocrx_word' id='word_1_640' title='bbox 2343 3915 2529 3984; x_wconf 86' lang='lat' dir='ltr'><strong>utique</strong></span> <span class='ocrx_word' id='word_1_641' title='bbox 2558 3913 2649 3983; x_wconf 89' lang='lat' dir='ltr'><strong>qui</strong></span> <span class='ocrx_word' id='word_1_642' title='bbox 2680 3913 2733 3966; x_wconf 89' lang='lat' dir='ltr'><strong>in</strong></span> <span class='ocrx_word' id='word_1_643' title='bbox 2756 3926 2878 3966; x_wconf 89' lang='lat' dir='ltr'><strong>aere</strong></span> <span class='ocrx_word' id='word_1_644' title='bbox 2904 3912 3009 3966; x_wconf 90' lang='lat' dir='ltr'><strong>isto</strong></span> <span class='ocrx_word' id='word_1_645' title='bbox 3038 3911 3282 3977; x_wconf 85' lang='lat' dir='ltr'><strong>volitant,</strong></span> <span class='ocrx_word' id='word_1_646' title='bbox 3314 3911 3484 3979; x_wconf 88' lang='lat' dir='ltr'><strong>parati</strong></span> 
     </span>
    </p>
   </div>
   <div class='ocr_carea' id='block_1_85' title="bbox 1909 4003 3489 4073">
    <p class='ocr_par' dir='ltr' id='par_1_85' title="bbox 1909 4003 3489 4073">
     <span class='ocr_line' id='line_1_85' title="bbox 1909 4003 3489 4073; baseline -0.004 -9"><span class='ocrx_word' id='word_1_647' title='bbox 1909 4009 1975 4064; x_wconf 89' lang='lat' dir='ltr'><strong>ad</strong></span> <span class='ocrx_word' id='word_1_648' title='bbox 2003 4008 2201 4064; x_wconf 87' lang='lat' dir='ltr'><strong>Christi</strong></span> <span class='ocrx_word' id='word_1_649' title='bbox 2238 4021 2420 4061; x_wconf 88' lang='lat' dir='ltr'><strong>aream</strong></span> <span class='ocrx_word' id='word_1_650' title='bbox 2454 4003 2841 4069; x_wconf 87' lang='lat' dir='ltr'><strong>ventilandam,</strong></span> <span class='ocrx_word' id='word_1_651' title='bbox 2869 4003 3040 4057; x_wconf 86' lang='lat' dir='ltr'><strong>sicubi</strong></span> <span class='ocrx_word' id='word_1_652' title='bbox 3084 4003 3363 4057; x_wconf 90' lang='lat' dir='ltr'><strong>inveniant</strong></span> <span class='ocrx_word' id='word_1_653' title='bbox 3395 4017 3489 4073; x_wconf 86' lang='lat' dir='ltr'><strong>pa-</strong></span> 
     </span>
    </p>
   </div>
   <div class='ocr_carea' id='block_1_86' title="bbox 1908 4093 3491 4168">
    <p class='ocr_par' dir='ltr' id='par_1_86' title="bbox 1908 4093 3491 4168">
     <span class='ocr_line' id='line_1_86' title="bbox 1908 4093 3491 4168; baseline -0.004 -14"><span class='ocrx_word' id='word_1_654' title='bbox 1908 4100 2042 4167; x_wconf 87' lang='lat' dir='ltr'><strong>leas,</strong></span> <span class='ocrx_word' id='word_1_655' title='bbox 2066 4113 2201 4168; x_wconf 89' lang='lat' dir='ltr'><strong>quas</strong></span> <span class='ocrx_word' id='word_1_656' title='bbox 2227 4098 2291 4152; x_wconf 89' lang='lat' dir='ltr'><strong>ad</strong></span> <span class='ocrx_word' id='word_1_657' title='bbox 2322 4096 2622 4152; x_wconf 89' lang='lat' dir='ltr'><strong>ludibrium</strong></span> <span class='ocrx_word' id='word_1_658' title='bbox 2654 4110 2808 4150; x_wconf 88' lang='lat' dir='ltr'><strong>suum</strong></span> <span class='ocrx_word' id='word_1_659' title='bbox 2846 4094 3059 4164; x_wconf 87' lang='lat' dir='ltr'><strong>rapiant</strong></span> <span class='ocrx_word' id='word_1_660' title='bbox 3089 4101 3249 4163; x_wconf 91' lang='lat' dir='ltr'><strong>atque</strong></span> <span class='ocrx_word' id='word_1_661' title='bbox 3280 4093 3491 4164; x_wconf 89' lang='lat' dir='ltr'><strong>disper-</strong></span> 
     </span>
    </p>
   </div>
   <div class='ocr_carea' id='block_1_87' title="bbox 1908 4181 3495 4261">
    <p class='ocr_par' dir='ltr' id='par_1_87' title="bbox 1908 4181 3495 4261">
     <span class='ocr_line' id='line_1_87' title="bbox 1908 4181 3495 4261; baseline -0.004 -16"><span class='ocrx_word' id='word_1_662' title='bbox 1908 4200 2058 4261; x_wconf 85' lang='lat' dir='ltr'><strong>gant,</strong></span> <span class='ocrx_word' id='word_1_663' title='bbox 2087 4200 2214 4244; x_wconf 85' lang='lat' dir='ltr'><strong>tunc</strong></span> <span class='ocrx_word' id='word_1_664' title='bbox 2243 4189 2448 4244; x_wconf 88' lang='lat' dir='ltr'><strong>irrueut</strong></span> <span class='ocrx_word' id='word_1_665' title='bbox 2478 4186 2532 4240; x_wconf 90' lang='lat' dir='ltr'><strong>in</strong></span> <span class='ocrx_word' id='word_1_666' title='bbox 2575 4186 2793 4240; x_wconf 89' lang='lat' dir='ltr'><strong>domum</strong></span> <span class='ocrx_word' id='word_1_667' title='bbox 2844 4185 3013 4250; x_wconf 90' lang='lat' dir='ltr'><strong>illam,</strong></span> <span class='ocrx_word' id='word_1_668' title='bbox 3046 4198 3166 4252; x_wconf 75' lang='lat' dir='ltr'><strong>quae</strong></span> <span class='ocrx_word' id='word_1_669' title='bbox 3202 4181 3318 4237; x_wconf 90' lang='lat' dir='ltr'><strong>sine</strong></span> <span class='ocrx_word' id='word_1_670' title='bbox 3361 4183 3495 4238; x_wconf 90' lang='lat' dir='ltr'><strong>obe-</strong></span> 
     </span>
    </p>
   </div>
   <div class='ocr_carea' id='block_1_88' title="bbox 1908 4271 3488 4341">
    <p class='ocr_par' dir='ltr' id='par_1_88' title="bbox 1908 4271 3488 4341">
     <span class='ocr_line' id='line_1_88' title="bbox 1908 4271 3488 4341; baseline -0.004 -5"><span class='ocrx_word' id='word_1_671' title='bbox 1908 4279 2127 4336; x_wconf 68' lang='lat' dir='ltr'><strong>dientia:</strong></span> <span class='ocrx_word' id='word_1_672' title='bbox 2153 4278 2504 4333; x_wconf 89' lang='lat' dir='ltr'><strong>fundamento</strong></span> <span class='ocrx_word' id='word_1_673' title='bbox 2532 4275 2793 4330; x_wconf 77' lang='lat' dir='ltr'><strong>aedificata</strong></span> <span class='ocrx_word' id='word_1_674' title='bbox 2826 4282 2930 4341; x_wconf 87' lang='lat' dir='ltr'><strong>est,</strong></span> <span class='ocrx_word' id='word_1_675' title='bbox 2960 4281 3014 4327; x_wconf 90' lang='lat' dir='ltr'><strong>et</strong></span> <span class='ocrx_word' id='word_1_676' title='bbox 3040 4272 3134 4327; x_wconf 87' lang='lat' dir='ltr'><strong>fiet</strong></span> <span class='ocrx_word' id='word_1_677' title='bbox 3158 4273 3314 4327; x_wconf 83' lang='lat' dir='ltr'><strong>ruina</strong></span> <span class='ocrx_word' id='word_1_678' title='bbox 3344 4271 3488 4329; x_wconf 83' lang='lat' dir='ltr'><strong>illius</strong></span> 
     </span>
    </p>
   </div>
   <div class='ocr_carea' id='block_1_89' title="bbox 1911 4363 3490 4442">
    <p class='ocr_par' dir='ltr' id='par_1_89' title="bbox 1911 4363 3490 4442">
     <span class='ocr_line' id='line_1_89' title="bbox 1911 4363 3490 4442; baseline -0.007 -13"><span class='ocrx_word' id='word_1_679' title='bbox 1911 4388 2123 4442; x_wconf 88' lang='lat' dir='ltr'><strong>magna.</strong></span> <span class='ocrx_word' id='word_1_680' title='bbox 2152 4371 2259 4427; x_wconf 91' lang='lat' dir='ltr'><strong>Sed</strong></span> <span class='ocrx_word' id='word_1_681' title='bbox 2291 4368 2523 4424; x_wconf 88' lang='lat' dir='ltr'><strong>forsitan</strong></span> <span class='ocrx_word' id='word_1_682' title='bbox 2561 4367 2704 4421; x_wconf 90' lang='lat' dir='ltr'><strong>dicat</strong></span> <span class='ocrx_word' id='word_1_683' title='bbox 2736 4364 2928 4434; x_wconf 90' lang='lat' dir='ltr'><strong>aliquis</strong></span> <span class='ocrx_word' id='word_1_684' title='bbox 2959 4381 2973 4416; x_wconf 94' lang='lat'><strong>:</strong></span> <span class='ocrx_word' id='word_1_685' title='bbox 3004 4363 3276 4433; x_wconf 84' lang='lat' dir='ltr'><strong>Numquid</strong></span> <span class='ocrx_word' id='word_1_686' title='bbox 3305 4366 3490 4418; x_wconf 81' lang='lat' dir='ltr'><strong>statim</strong></span> 
     </span>
    </p>
   </div>
   <div class='ocr_carea' id='block_1_90' title="bbox 1909 4453 3491 4523">
    <p class='ocr_par' dir='ltr' id='par_1_90' title="bbox 1909 4453 3491 4523">
     <span class='ocr_line' id='line_1_90' title="bbox 1909 4453 3491 4523; baseline -0.006 -6"><span class='ocrx_word' id='word_1_687' title='bbox 1909 4465 1978 4518; x_wconf 89' lang='lat' dir='ltr'><strong>de</strong></span> <span class='ocrx_word' id='word_1_688' title='bbox 2034 4463 2139 4517; x_wconf 91' lang='lat' dir='ltr'><strong>hoc</strong></span> <span class='ocrx_word' id='word_1_689' title='bbox 2188 4460 2310 4516; x_wconf 93' lang='lat' dir='ltr'><strong>loco</strong></span> <span class='ocrx_word' id='word_1_690' title='bbox 2362 4457 2667 4523; x_wconf 85' lang='lat' dir='ltr'><strong>discedere,</strong></span> <span class='ocrx_word' id='word_1_691' title='bbox 2710 4455 2865 4509; x_wconf 90' lang='lat' dir='ltr'><strong>ruina</strong></span> <span class='ocrx_word' id='word_1_692' title='bbox 2919 4453 3150 4508; x_wconf 91' lang='lat' dir='ltr'><strong>dicenda</strong></span> <span class='ocrx_word' id='word_1_693' title='bbox 3192 4453 3309 4509; x_wconf 77' lang='lat' dir='ltr'><strong>est?</strong></span> <span class='ocrx_word' id='word_1_694' title='bbox 3339 4453 3491 4519; x_wconf 90' lang='lat' dir='ltr'><strong>Dico,</strong></span> 
     </span>
    </p>
   </div>
   <div class='ocr_carea' id='block_1_91' title="bbox 225 4531 3492 4642">
    <p class='ocr_par' dir='ltr' id='par_1_91' title="bbox 225 4531 3492 4642">
     <span class='ocr_line' id='line_1_91' title="bbox 225 4531 3492 4642; baseline -0.011 -10"><span class='ocrx_word' id='word_1_695' title='bbox 225 4531 1016 4642; x_wconf 29' lang='lat' dir='ltr'><strong>scd‘i-n-tidwe&#39;li—tatewpulsantur:</strong></span> <span class='ocrx_word' id='word_1_696' title='bbox 1025 4531 1161 4635; x_wconf 83' lang='lat' dir='ltr'><strong>Quid</strong></span> <span class='ocrx_word' id='word_1_697' title='bbox 1189 4565 1411 4636; x_wconf 90' lang='lat' dir='ltr'><strong>prodest</strong></span> <span class='ocrx_word' id='word_1_698' title='bbox 1436 4531 1584 4635; x_wconf 83' lang='lat' dir='ltr'><strong>quod</strong></span> <span class='ocrx_word' id='word_1_699' title='bbox 1634 4531 1809 4618; x_wconf 55' lang='lat' dir='ltr'><strong>disce;</strong></span> <span class='ocrx_word' id='word_1_700' title='bbox 1834 4531 1889 4593; x_wconf 82' lang='lat' dir='ltr'><strong><em>D</em></strong></span> <span class='ocrx_word' id='word_1_701' title='bbox 1912 4552 2243 4616; x_wconf 89' lang='lat' dir='ltr'><strong>charissimi,</strong></span> <span class='ocrx_word' id='word_1_702' title='bbox 2276 4565 2381 4604; x_wconf 92' lang='lat' dir='ltr'><strong>non</strong></span> <span class='ocrx_word' id='word_1_703' title='bbox 2424 4547 2643 4642; x_wconf 76' lang='lat' dir='ltr'><strong>grandis</strong></span> <span class='ocrx_word' id='word_1_704' title='bbox 2689 4560 2815 4642; x_wconf 84' lang='lat' dir='ltr'><strong>spes</strong></span> <span class='ocrx_word' id='word_1_705' title='bbox 2840 4552 2946 4609; x_wconf 84' lang='lat' dir='ltr'><strong>est,</strong></span> <span class='ocrx_word' id='word_1_706' title='bbox 2979 4544 3022 4597; x_wconf 91' lang='lat' dir='ltr'><strong>si</strong></span> <span class='ocrx_word' id='word_1_707' title='bbox 3059 4543 3114 4597; x_wconf 89' lang='lat' dir='ltr'><strong>in</strong></span> <span class='ocrx_word' id='word_1_708' title='bbox 3148 4544 3266 4597; x_wconf 89' lang='lat' dir='ltr'><strong>navi</strong></span> <span class='ocrx_word' id='word_1_709' title='bbox 3302 4552 3384 4598; x_wconf 90' lang='lat' dir='ltr'><strong>est</strong></span> <span class='ocrx_word' id='word_1_710' title='bbox 3435 4544 3492 4598; x_wconf 89' lang='lat' dir='ltr'><strong>in</strong></span> 
     </span>
    </p>
   </div>
   <div class='ocr_carea' id='block_1_92' title="bbox 225 4655 1806 4735">
    <p class='ocr_par' dir='ltr' id='par_1_92' title="bbox 225 4655 1806 4735">
     <span class='ocr_line' id='line_1_92' title="bbox 225 4655 1806 4735; baseline -0.011 -13"><span class='ocrx_word' id='word_1_711' title='bbox 225 4666 328 4732; x_wconf 93' lang='lat' dir='ltr'><strong>dis,</strong></span> <span class='ocrx_word' id='word_1_712' title='bbox 361 4666 453 4735; x_wconf 91' lang='lat' dir='ltr'><strong>qui</strong></span> <span class='ocrx_word' id='word_1_713' title='bbox 509 4663 744 4733; x_wconf 89' lang='lat' dir='ltr'><strong>undique</strong></span> <span class='ocrx_word' id='word_1_714' title='bbox 790 4661 1044 4716; x_wconf 89' lang='lat' dir='ltr'><strong>astrictus</strong></span> <span class='ocrx_word' id='word_1_715' title='bbox 1082 4673 1142 4713; x_wconf 91' lang='lat' dir='ltr'><strong>es</strong></span> <span class='ocrx_word' id='word_1_716' title='bbox 1190 4656 1419 4711; x_wconf 86' lang='lat' dir='ltr'><strong>vinculis</strong></span> <span class='ocrx_word' id='word_1_717' title='bbox 1472 4655 1806 4725; x_wconf 88' lang='lat' dir='ltr'><strong>passionum,</strong></span> 
     </span>
    </p>
   </div>
   <div class='ocr_carea' id='block_1_93' title="bbox 226 4743 1809 4830">
    <p class='ocr_par' dir='ltr' id='par_1_93' title="bbox 226 4743 1809 4830">
     <span class='ocr_line' id='line_1_93' title="bbox 226 4743 1809 4830; baseline -0.011 -15"><span class='ocrx_word' id='word_1_718' title='bbox 226 4775 387 4830; x_wconf 88' lang='lat' dir='ltr'><strong>quem</strong></span> <span class='ocrx_word' id='word_1_719' title='bbox 422 4757 548 4813; x_wconf 91' lang='lat' dir='ltr'><strong>hinc</strong></span> <span class='ocrx_word' id='word_1_720' title='bbox 568 4766 727 4825; x_wconf 86' lang='lat' dir='ltr'><strong>atque</strong></span> <span class='ocrx_word' id='word_1_721' title='bbox 749 4754 873 4808; x_wconf 91' lang='lat' dir='ltr'><strong>inde</strong></span> <span class='ocrx_word' id='word_1_722' title='bbox 898 4749 1310 4807; x_wconf 87' lang='lat' dir='ltr'><strong>circumvallant</strong></span> <span class='ocrx_word' id='word_1_723' title='bbox 1329 4747 1458 4801; x_wconf 91' lang='lat' dir='ltr'><strong>vitia</strong></span> <span class='ocrx_word' id='word_1_724' title='bbox 1482 4746 1615 4801; x_wconf 83' lang='lat' dir='ltr'><strong>tua?</strong></span> <span class='ocrx_word' id='word_1_725' title='bbox 1649 4743 1809 4811; x_wconf 89' lang='lat' dir='ltr'><strong>Quid,</strong></span> 
     </span>
    </p>
   </div>
   <div class='ocr_carea' id='block_1_94' title="bbox 225 4837 1809 4923">
    <p class='ocr_par' dir='ltr' id='par_1_94' title="bbox 225 4837 1809 4923">
     <span class='ocr_line' id='line_1_94' title="bbox 225 4837 1809 4923; baseline -0.011 -16"><span class='ocrx_word' id='word_1_726' title='bbox 225 4853 475 4923; x_wconf 85' lang='lat' dir='ltr'><strong>inquam,</strong></span> <span class='ocrx_word' id='word_1_727' title='bbox 508 4849 728 4920; x_wconf 84' lang='lat' dir='ltr'><strong>prodest</strong></span> <span class='ocrx_word' id='word_1_728' title='bbox 749 4847 890 4919; x_wconf 90' lang='lat' dir='ltr'><strong>quod</strong></span> <span class='ocrx_word' id='word_1_729' title='bbox 922 4844 1173 4907; x_wconf 89' lang='lat' dir='ltr'><strong>discedis,</strong></span> <span class='ocrx_word' id='word_1_730' title='bbox 1206 4842 1295 4912; x_wconf 89' lang='lat' dir='ltr'><strong>qui</strong></span> <span class='ocrx_word' id='word_1_731' title='bbox 1343 4852 1684 4911; x_wconf 91' lang='lat' dir='ltr'><strong>quocumque</strong></span> <span class='ocrx_word' id='word_1_732' title='bbox 1730 4837 1809 4891; x_wconf 87' lang='lat' dir='ltr'><strong>lo-</strong></span> 
     </span>
    </p>
   </div>
   <div class='ocr_carea' id='block_1_95' title="bbox 226 4928 1808 5007">
    <p class='ocr_par' dir='ltr' id='par_1_95' title="bbox 226 4928 1808 5007">
     <span class='ocr_line' id='line_1_95' title="bbox 226 4928 1808 5007; baseline -0.011 -8"><span class='ocrx_word' id='word_1_733' title='bbox 226 4959 419 4999; x_wconf 90' lang='lat' dir='ltr'><strong>corum</strong></span> <span class='ocrx_word' id='word_1_734' title='bbox 468 4941 641 5003; x_wconf 84' lang='lat' dir='ltr'><strong>vadis,</strong></span> <span class='ocrx_word' id='word_1_735' title='bbox 682 4949 734 4995; x_wconf 92' lang='lat' dir='ltr'><strong>te</strong></span> <span class='ocrx_word' id='word_1_736' title='bbox 786 4947 959 4994; x_wconf 90' lang='lat' dir='ltr'><strong>tecum</strong></span> <span class='ocrx_word' id='word_1_737' title='bbox 996 4934 1214 5007; x_wconf 81' lang='lat' dir='ltr'><strong>portas?</strong></span> <span class='ocrx_word' id='word_1_738' title='bbox 1242 4934 1431 4988; x_wconf 79' lang='lat' dir='ltr'><strong>Merito</strong></span> <span class='ocrx_word' id='word_1_739' title='bbox 1480 4928 1808 4994; x_wconf 88' lang='lat' dir='ltr'><strong>discederes,</strong></span> 
     </span>
    </p>
   </div>
   <div class='ocr_carea' id='block_1_96' title="bbox 226 5021 1805 5109">
    <p class='ocr_par' dir='ltr' id='par_1_96' title="bbox 226 5021 1805 5109">
     <span class='ocr_line' id='line_1_96' title="bbox 226 5021 1805 5109; baseline -0.011 -17"><span class='ocrx_word' id='word_1_740' title='bbox 226 5038 272 5092; x_wconf 88' lang='lat' dir='ltr'><strong>si</strong></span> <span class='ocrx_word' id='word_1_741' title='bbox 297 5050 571 5109; x_wconf 81' lang='lat' dir='ltr'><strong>quoquam</strong></span> <span class='ocrx_word' id='word_1_742' title='bbox 603 5044 652 5090; x_wconf 94' lang='lat' dir='ltr'><strong>te</strong></span> <span class='ocrx_word' id='word_1_743' title='bbox 684 5033 868 5103; x_wconf 87' lang='lat' dir='ltr'><strong>fugere</strong></span> <span class='ocrx_word' id='word_1_744' title='bbox 893 5043 1101 5099; x_wconf 89' lang='lat' dir='ltr'><strong>posses.</strong></span> <span class='ocrx_word' id='word_1_745' title='bbox 1122 5026 1293 5096; x_wconf 83' lang='lat' dir='ltr'><strong>Digne</strong></span> <span class='ocrx_word' id='word_1_746' title='bbox 1311 5024 1507 5094; x_wconf 87' lang='lat' dir='ltr'><strong>aliquis</strong></span> <span class='ocrx_word' id='word_1_747' title='bbox 1534 5021 1805 5084; x_wconf 89' lang='lat' dir='ltr'><strong>discessit,</strong></span> 
     </span>
    </p>
   </div>
   <div class='ocr_carea' id='block_1_97' title="bbox 225 5115 1808 5197">
    <p class='ocr_par' dir='ltr' id='par_1_97' title="bbox 225 5115 1808 5197">
     <span class='ocr_line' id='line_1_97' title="bbox 225 5115 1808 5197; baseline -0.012 -11"><span class='ocrx_word' id='word_1_748' title='bbox 225 5132 270 5186; x_wconf 88' lang='lat' dir='ltr'><strong>si</strong></span> <span class='ocrx_word' id='word_1_749' title='bbox 300 5129 394 5184; x_wconf 91' lang='lat' dir='ltr'><strong>illo</strong></span> <span class='ocrx_word' id='word_1_750' title='bbox 444 5128 523 5183; x_wconf 89' lang='lat' dir='ltr'><strong>ire</strong></span> <span class='ocrx_word' id='word_1_751' title='bbox 553 5127 741 5197; x_wconf 87' lang='lat' dir='ltr'><strong>possit,</strong></span> <span class='ocrx_word' id='word_1_752' title='bbox 772 5125 861 5179; x_wconf 91' lang='lat' dir='ltr'><strong>ubi</strong></span> <span class='ocrx_word' id='word_1_753' title='bbox 912 5123 1062 5177; x_wconf 90' lang='lat' dir='ltr'><strong>illum</strong></span> <span class='ocrx_word' id='word_1_754' title='bbox 1118 5117 1367 5174; x_wconf 88' lang='lat' dir='ltr'><strong>diabolus</strong></span> <span class='ocrx_word' id='word_1_755' title='bbox 1411 5115 1656 5170; x_wconf 90' lang='lat' dir='ltr'><strong>invenire</strong></span> <span class='ocrx_word' id='word_1_756' title='bbox 1700 5128 1808 5167; x_wconf 91' lang='lat' dir='ltr'><strong>non</strong></span> 
     </span>
    </p>
   </div>
   <div class='ocr_carea' id='block_1_98' title="bbox 229 5204 1811 5291">
    <p class='ocr_par' dir='ltr' id='par_1_98' title="bbox 229 5204 1811 5291">
     <span class='ocr_line' id='line_1_98' title="bbox 229 5204 1811 5291; baseline -0.011 -14"><span class='ocrx_word' id='word_1_757' title='bbox 229 5222 420 5291; x_wconf 89' lang='lat' dir='ltr'><strong>possit.</strong></span> <span class='ocrx_word' id='word_1_758' title='bbox 449 5219 619 5276; x_wconf 71' lang='lat' dir='ltr'><strong>Nemo</strong></span> <span class='ocrx_word' id='word_1_759' title='bbox 665 5234 725 5272; x_wconf 88' lang='lat' dir='ltr'><strong>se</strong></span> <span class='ocrx_word' id='word_1_760' title='bbox 774 5217 940 5281; x_wconf 65' lang='lat' dir='ltr'><strong>fallat,</strong></span> <span class='ocrx_word' id='word_1_761' title='bbox 971 5229 1077 5268; x_wconf 93' lang='lat' dir='ltr'><strong>non</strong></span> <span class='ocrx_word' id='word_1_762' title='bbox 1124 5211 1289 5280; x_wconf 90' lang='lat' dir='ltr'><strong>fugiat</strong></span> <span class='ocrx_word' id='word_1_763' title='bbox 1332 5207 1701 5264; x_wconf 87' lang='lat' dir='ltr'><strong>adversarium</strong></span> <span class='ocrx_word' id='word_1_764' title='bbox 1743 5204 1811 5260; x_wconf 89' lang='lat' dir='ltr'><strong>de</strong></span> 
     </span>
    </p>
   </div>
   <div class='ocr_carea' id='block_1_99' title="bbox 228 5298 1811 5373">
    <p class='ocr_par' dir='ltr' id='par_1_99' title="bbox 228 5298 1811 5373">
     <span class='ocr_line' id='line_1_99' title="bbox 228 5298 1811 5373; baseline -0.01 -7"><span class='ocrx_word' id='word_1_765' title='bbox 228 5313 349 5367; x_wconf 91' lang='lat' dir='ltr'><strong>loco</strong></span> <span class='ocrx_word' id='word_1_766' title='bbox 376 5310 441 5368; x_wconf 89' lang='lat' dir='ltr'><strong>ad</strong></span> <span class='ocrx_word' id='word_1_767' title='bbox 472 5313 672 5373; x_wconf 83' lang='lat' dir='ltr'><strong>locum.</strong></span> <span class='ocrx_word' id='word_1_768' title='bbox 703 5308 796 5367; x_wconf 80' lang='lat' dir='ltr'><strong>sed</strong></span> <span class='ocrx_word' id='word_1_769' title='bbox 825 5307 890 5362; x_wconf 89' lang='lat' dir='ltr'><strong>de</strong></span> <span class='ocrx_word' id='word_1_770' title='bbox 918 5306 1048 5361; x_wconf 84' lang='lat' dir='ltr'><strong>vitio</strong></span> <span class='ocrx_word' id='word_1_771' title='bbox 1078 5304 1143 5358; x_wconf 91' lang='lat' dir='ltr'><strong>ad</strong></span> <span class='ocrx_word' id='word_1_772' title='bbox 1168 5304 1448 5368; x_wconf 89' lang='lat' dir='ltr'><strong>virtutem,</strong></span> <span class='ocrx_word' id='word_1_773' title='bbox 1470 5300 1537 5354; x_wconf 92' lang='lat' dir='ltr'><strong>de</strong></span> <span class='ocrx_word' id='word_1_774' title='bbox 1562 5298 1811 5368; x_wconf 88' lang='lat' dir='ltr'><strong>passione</strong></span> 
     </span>
    </p>
   </div>
   <div class='ocr_carea' id='block_1_100' title="bbox 228 5393 1812 5464">
    <p class='ocr_par' dir='ltr' id='par_1_100' title="bbox 228 5393 1812 5464">
     <span class='ocr_line' id='line_1_100' title="bbox 228 5393 1812 5464; baseline -0.009 -6"><span class='ocrx_word' id='word_1_775' title='bbox 228 5405 295 5460; x_wconf 90' lang='lat' dir='ltr'><strong>ad</strong></span> <span class='ocrx_word' id='word_1_776' title='bbox 326 5403 781 5460; x_wconf 84' lang='lat' dir='ltr'><strong>emendationem.</strong></span> <span class='ocrx_word' id='word_1_777' title='bbox 801 5400 933 5455; x_wconf 82' lang='lat' dir='ltr'><strong>Nam</strong></span> <span class='ocrx_word' id='word_1_778' title='bbox 957 5399 1001 5453; x_wconf 90' lang='lat' dir='ltr'><strong>si</strong></span> <span class='ocrx_word' id='word_1_779' title='bbox 1016 5412 1136 5452; x_wconf 90' lang='lat' dir='ltr'><strong>eum</strong></span> <span class='ocrx_word' id='word_1_780' title='bbox 1158 5396 1333 5450; x_wconf 90' lang='lat' dir='ltr'><strong>taliter</strong></span> <span class='ocrx_word' id='word_1_781' title='bbox 1348 5393 1812 5464; x_wconf 88' lang='lat' dir='ltr'><strong>fugias,sequetur</strong></span> 
     </span>
    </p>
   </div>
   <div class='ocr_carea' id='block_1_101' title="bbox 229 5483 1810 5561">
    <p class='ocr_par' dir='ltr' id='par_1_101' title="bbox 229 5483 1810 5561">
     <span class='ocr_line' id='line_1_101' title="bbox 229 5483 1810 5561; baseline -0.006 -12"><span class='ocrx_word' id='word_1_782' title='bbox 229 5504 304 5551; x_wconf 91' lang='lat' dir='ltr'><strong>te.</strong></span> <span class='ocrx_word' id='word_1_783' title='bbox 359 5494 604 5550; x_wconf 81' lang='lat' dir='ltr'><strong>Emenda</strong></span> <span class='ocrx_word' id='word_1_784' title='bbox 639 5504 709 5559; x_wconf 91' lang='lat' dir='ltr'><strong>te,</strong></span> <span class='ocrx_word' id='word_1_785' title='bbox 744 5501 796 5548; x_wconf 92' lang='lat' dir='ltr'><strong>et</strong></span> <span class='ocrx_word' id='word_1_786' title='bbox 841 5491 1010 5561; x_wconf 82' lang='lat' dir='ltr'><strong>fugiet</strong></span> <span class='ocrx_word' id='word_1_787' title='bbox 1035 5503 1064 5543; x_wconf 87' lang='lat' dir='ltr'><strong>a</strong></span> <span class='ocrx_word' id='word_1_788' title='bbox 1096 5497 1169 5553; x_wconf 91' lang='lat' dir='ltr'><strong>te,</strong></span> <span class='ocrx_word' id='word_1_789' title='bbox 1198 5487 1339 5541; x_wconf 89' lang='lat' dir='ltr'><strong>sicut</strong></span> <span class='ocrx_word' id='word_1_790' title='bbox 1375 5487 1449 5538; x_wconf 91' lang='lat' dir='ltr'><strong>ait</strong></span> <span class='ocrx_word' id='word_1_791' title='bbox 1477 5483 1810 5554; x_wconf 83' lang='lat' dir='ltr'><strong>Apostolus:</strong></span> 
     </span>
    </p>
   </div>
   <div class='ocr_carea' id='block_1_102' title="bbox 232 5574 1813 5654">
    <p class='ocr_par' dir='ltr' id='par_1_102' title="bbox 232 5574 1813 5654">
     <span class='ocr_line' id='line_1_102' title="bbox 232 5574 1813 5654; baseline -0.007 -15"><span class='ocrx_word' id='word_1_792' title='bbox 232 5584 471 5640; x_wconf 77' lang='lat' dir='ltr'><strong>Rcsistite</strong></span> <span class='ocrx_word' id='word_1_793' title='bbox 500 5584 727 5651; x_wconf 80' lang='lat' dir='ltr'><strong>diabolo,</strong></span> <span class='ocrx_word' id='word_1_794' title='bbox 756 5592 803 5637; x_wconf 90' lang='lat' dir='ltr'><strong>et</strong></span> <span class='ocrx_word' id='word_1_795' title='bbox 827 5583 985 5654; x_wconf 79' lang='lat' dir='ltr'><strong>fugiet</strong></span> <span class='ocrx_word' id='word_1_796' title='bbox 1006 5596 1039 5634; x_wconf 89' lang='lat' dir='ltr'><strong>a</strong></span> <span class='ocrx_word' id='word_1_797' title='bbox 1065 5578 1205 5633; x_wconf 77' lang='lat' dir='ltr'><strong>vobis</strong></span> <span class='ocrx_word' id='word_1_798' title='bbox 1236 5578 1449 5649; x_wconf 87' lang='lat' dir='ltr'><strong>(Jacob.</strong></span> <span class='ocrx_word' id='word_1_799' title='bbox 1472 5591 1552 5641; x_wconf 82' lang='lat' dir='ltr'><strong>tv,</strong></span> <span class='ocrx_word' id='word_1_800' title='bbox 1584 5574 1661 5645; x_wconf 86' lang='lat'><strong>7).</strong></span> <span class='ocrx_word' id='word_1_801' title='bbox 1694 5574 1813 5628; x_wconf 60' lang='lat' dir='ltr'><strong>an</strong></span> 
     </span>
    </p>
   </div>
   <div class='ocr_carea' id='block_1_103' title="bbox 232 5666 1816 5741">
    <p class='ocr_par' dir='ltr' id='par_1_103' title="bbox 232 5666 1816 5741">
     <span class='ocr_line' id='line_1_103' title="bbox 232 5666 1816 5741; baseline -0.008 -8"><span class='ocrx_word' id='word_1_802' title='bbox 232 5679 453 5733; x_wconf 88' lang='lat' dir='ltr'><strong>obedire</strong></span> <span class='ocrx_word' id='word_1_803' title='bbox 467 5686 646 5733; x_wconf 86' lang='lat' dir='ltr'><strong>autem</strong></span> <span class='ocrx_word' id='word_1_804' title='bbox 678 5685 734 5732; x_wconf 93' lang='lat' dir='ltr'><strong>et</strong></span> <span class='ocrx_word' id='word_1_805' title='bbox 759 5676 896 5731; x_wconf 88' lang='lat' dir='ltr'><strong>velle</strong></span> <span class='ocrx_word' id='word_1_806' title='bbox 917 5672 1219 5741; x_wconf 89' lang='lat' dir='ltr'><strong>discedere,</strong></span> <span class='ocrx_word' id='word_1_807' title='bbox 1252 5671 1353 5725; x_wconf 92' lang='lat' dir='ltr'><strong>hoc</strong></span> <span class='ocrx_word' id='word_1_808' title='bbox 1395 5677 1498 5735; x_wconf 90' lang='lat' dir='ltr'><strong>est,</strong></span> <span class='ocrx_word' id='word_1_809' title='bbox 1529 5666 1816 5738; x_wconf 90' lang='lat' dir='ltr'><strong>dupliciter</strong></span> 
     </span>
    </p>
   </div>
   <div class='ocr_carea' id='block_1_104' title="bbox 234 5760 1813 5837">
    <p class='ocr_par' dir='ltr' id='par_1_104' title="bbox 234 5760 1813 5837">
     <span class='ocr_line' id='line_1_104' title="bbox 234 5760 1813 5837; baseline -0.008 -10"><span class='ocrx_word' id='word_1_810' title='bbox 234 5772 432 5827; x_wconf 86' lang='lat' dir='ltr'><strong>diaboli</strong></span> <span class='ocrx_word' id='word_1_811' title='bbox 464 5773 797 5828; x_wconf 84' lang='lat' dir='ltr'><strong>voluntatem</strong></span> <span class='ocrx_word' id='word_1_812' title='bbox 826 5769 1005 5825; x_wconf 86' lang='lat' dir='ltr'><strong>facere</strong></span> <span class='ocrx_word' id='word_1_813' title='bbox 1041 5765 1182 5822; x_wconf 90' lang='lat' dir='ltr'><strong>:hoc</strong></span> <span class='ocrx_word' id='word_1_814' title='bbox 1233 5776 1336 5837; x_wconf 84' lang='lat' dir='ltr'><strong>est,</strong></span> <span class='ocrx_word' id='word_1_815' title='bbox 1370 5763 1673 5819; x_wconf 86' lang='lat' dir='ltr'><strong>voluntarie</strong></span> <span class='ocrx_word' id='word_1_816' title='bbox 1712 5760 1813 5815; x_wconf 90' lang='lat' dir='ltr'><strong>sibi</strong></span> 
     </span>
    </p>
   </div>
   <div class='ocr_carea' id='block_1_105' title="bbox 1910 4638 3493 4706">
    <p class='ocr_par' dir='ltr' id='par_1_105' title="bbox 1910 4638 3493 4706">
     <span class='ocr_line' id='line_1_105' title="bbox 1910 4638 3493 4706; baseline -0.008 -5"><span class='ocrx_word' id='word_1_817' title='bbox 1910 4645 2162 4701; x_wconf 91' lang='lat' dir='ltr'><strong>ﬂuctibus</strong></span> <span class='ocrx_word' id='word_1_818' title='bbox 2218 4643 2537 4705; x_wconf 86' lang='lat' dir='ltr'><strong>constituta,</strong></span> <span class='ocrx_word' id='word_1_819' title='bbox 2563 4638 2691 4693; x_wconf 85' lang='lat' dir='ltr'><strong>licet</strong></span> <span class='ocrx_word' id='word_1_820' title='bbox 2737 4638 2853 4706; x_wconf 91' lang='lat' dir='ltr'><strong>ipsa</strong></span> <span class='ocrx_word' id='word_1_821' title='bbox 2900 4649 3008 4689; x_wconf 92' lang='lat' dir='ltr'><strong>non</strong></span> <span class='ocrx_word' id='word_1_822' title='bbox 3058 4642 3264 4704; x_wconf 89' lang='lat' dir='ltr'><strong>pereat,</strong></span> <span class='ocrx_word' id='word_1_823' title='bbox 3314 4642 3493 4689; x_wconf 88' lang='lat' dir='ltr'><strong>tamen</strong></span> 
     </span>
    </p>
   </div>
   <div class='ocr_carea' id='block_1_106' title="bbox 1909 4727 3494 4809">
    <p class='ocr_par' dir='ltr' id='par_1_106' title="bbox 1909 4727 3494 4809">
     <span class='ocr_line' id='line_1_106' title="bbox 1909 4727 3494 4809; baseline -0.007 -16"><span class='ocrx_word' id='word_1_824' title='bbox 1909 4738 2176 4809; x_wconf 74' lang='lat' dir='ltr'><strong>iacturam</strong></span> <span class='ocrx_word' id='word_1_825' title='bbox 2208 4735 2498 4788; x_wconf 84' lang='lat' dir='ltr'><strong>maximam</strong></span> <span class='ocrx_word' id='word_1_826' title='bbox 2544 4732 2613 4787; x_wconf 90' lang='lat' dir='ltr'><strong>de</strong></span> <span class='ocrx_word' id='word_1_827' title='bbox 2649 4745 2815 4786; x_wconf 88' lang='lat' dir='ltr'><strong>onere</strong></span> <span class='ocrx_word' id='word_1_828' title='bbox 2844 4744 2907 4784; x_wconf 89' lang='lat' dir='ltr'><strong>ac</strong></span> <span class='ocrx_word' id='word_1_829' title='bbox 2945 4728 3013 4784; x_wconf 92' lang='lat' dir='ltr'><strong>de</strong></span> <span class='ocrx_word' id='word_1_830' title='bbox 3058 4727 3330 4784; x_wconf 87' lang='lat' dir='ltr'><strong>mercibus</strong></span> <span class='ocrx_word' id='word_1_831' title='bbox 3379 4727 3494 4782; x_wconf 91' lang='lat' dir='ltr'><strong>suis</strong></span> 
     </span>
    </p>
   </div>
   <div class='ocr_carea' id='block_1_107' title="bbox 1914 4820 3496 4898">
    <p class='ocr_par' dir='ltr' id='par_1_107' title="bbox 1914 4820 3496 4898">
     <span class='ocr_line' id='line_1_107' title="bbox 1914 4820 3496 4898; baseline -0.008 -13"><span class='ocrx_word' id='word_1_832' title='bbox 1914 4832 2092 4895; x_wconf 88' lang='lat' dir='ltr'><strong>faciat,</strong></span> <span class='ocrx_word' id='word_1_833' title='bbox 2127 4836 2182 4883; x_wconf 93' lang='lat' dir='ltr'><strong>et</strong></span> <span class='ocrx_word' id='word_1_834' title='bbox 2208 4830 2325 4898; x_wconf 88' lang='lat' dir='ltr'><strong>ipsa</strong></span> <span class='ocrx_word' id='word_1_835' title='bbox 2356 4826 2424 4880; x_wconf 89' lang='lat' dir='ltr'><strong>ad</strong></span> <span class='ocrx_word' id='word_1_836' title='bbox 2457 4835 2672 4895; x_wconf 90' lang='lat' dir='ltr'><strong>portum</strong></span> <span class='ocrx_word' id='word_1_837' title='bbox 2701 4837 2870 4877; x_wconf 89' lang='lat' dir='ltr'><strong>vacua</strong></span> <span class='ocrx_word' id='word_1_838' title='bbox 2906 4831 3069 4890; x_wconf 89' lang='lat' dir='ltr'><strong>atque</strong></span> <span class='ocrx_word' id='word_1_839' title='bbox 3100 4820 3274 4875; x_wconf 84' lang='lat' dir='ltr'><strong>inanis</strong></span> <span class='ocrx_word' id='word_1_840' title='bbox 3302 4834 3496 4889; x_wconf 86' lang='lat' dir='ltr'><strong>perve-</strong></span> 
     </span>
    </p>
   </div>
   <div class='ocr_carea' id='block_1_108' title="bbox 1916 4909 3493 4989">
    <p class='ocr_par' dir='ltr' id='par_1_108' title="bbox 1916 4909 3493 4989">
     <span class='ocr_line' id='line_1_108' title="bbox 1916 4909 3493 4989; baseline -0.01 -10"><span class='ocrx_word' id='word_1_841' title='bbox 1916 4925 2059 4988; x_wconf 89' lang='lat' dir='ltr'><strong>niat;</strong></span> <span class='ocrx_word' id='word_1_842' title='bbox 2086 4923 2164 4976; x_wconf 92' lang='lat' dir='ltr'><strong>sic</strong></span> <span class='ocrx_word' id='word_1_843' title='bbox 2203 4936 2311 4975; x_wconf 90' lang='lat' dir='ltr'><strong>non</strong></span> <span class='ocrx_word' id='word_1_844' title='bbox 2333 4917 2537 4989; x_wconf 84' lang='lat' dir='ltr'><strong>grande</strong></span> <span class='ocrx_word' id='word_1_845' title='bbox 2566 4915 2821 4987; x_wconf 84' lang='lat' dir='ltr'><strong>gaudium</strong></span> <span class='ocrx_word' id='word_1_846' title='bbox 2867 4922 2970 4981; x_wconf 90' lang='lat' dir='ltr'><strong>est,</strong></span> <span class='ocrx_word' id='word_1_847' title='bbox 3003 4914 3050 4969; x_wconf 91' lang='lat' dir='ltr'><strong>si</strong></span> <span class='ocrx_word' id='word_1_848' title='bbox 3088 4913 3273 4967; x_wconf 74' lang='lat' dir='ltr'><strong>saeculi</strong></span> <span class='ocrx_word' id='word_1_849' title='bbox 3302 4909 3493 4979; x_wconf 88' lang='lat' dir='ltr'><strong>aliquis</strong></span> 
     </span>
    </p>
   </div>
   <div class='ocr_carea' id='block_1_109' title="bbox 1916 5000 3495 5073">
    <p class='ocr_par' dir='ltr' id='par_1_109' title="bbox 1916 5000 3495 5073">
     <span class='ocr_line' id='line_1_109' title="bbox 1916 5000 3495 5073; baseline -0.01 -2"><span class='ocrx_word' id='word_1_850' title='bbox 1916 5016 1983 5071; x_wconf 89' lang='lat' dir='ltr'><strong>ad</strong></span> <span class='ocrx_word' id='word_1_851' title='bbox 2030 5014 2226 5068; x_wconf 85' lang='lat' dir='ltr'><strong>ﬂuctus</strong></span> <span class='ocrx_word' id='word_1_852' title='bbox 2262 5018 2541 5066; x_wconf 89' lang='lat' dir='ltr'><strong>revertens</strong></span> <span class='ocrx_word' id='word_1_853' title='bbox 2573 5022 2769 5063; x_wconf 89' lang='lat' dir='ltr'><strong>nomen</strong></span> <span class='ocrx_word' id='word_1_854' title='bbox 2809 5013 2972 5073; x_wconf 88' lang='lat' dir='ltr'><strong>atque</strong></span> <span class='ocrx_word' id='word_1_855' title='bbox 3016 5004 3258 5059; x_wconf 88' lang='lat' dir='ltr'><strong>habitum</strong></span> <span class='ocrx_word' id='word_1_856' title='bbox 3291 5000 3495 5071; x_wconf 83' lang='lat' dir='ltr'><strong>profes-</strong></span> 
     </span>
    </p>
   </div>
   <div class='ocr_carea' id='block_1_110' title="bbox 1918 5092 3499 5164">
    <p class='ocr_par' dir='ltr' id='par_1_110' title="bbox 1918 5092 3499 5164">
     <span class='ocr_line' id='line_1_110' title="bbox 1918 5092 3499 5164; baseline -0.011 -1"><span class='ocrx_word' id='word_1_857' title='bbox 1918 5107 2088 5163; x_wconf 85' lang='lat' dir='ltr'><strong>sionis</strong></span> <span class='ocrx_word' id='word_1_858' title='bbox 2119 5121 2231 5159; x_wconf 64' lang='lat' dir='ltr'><strong>sure</strong></span> <span class='ocrx_word' id='word_1_859' title='bbox 2258 5102 2537 5158; x_wconf 86' lang='lat' dir='ltr'><strong>custodire</strong></span> <span class='ocrx_word' id='word_1_860' title='bbox 2566 5100 2838 5164; x_wconf 88' lang='lat' dir='ltr'><strong>videatur,</strong></span> <span class='ocrx_word' id='word_1_861' title='bbox 2871 5096 3049 5150; x_wconf 89' lang='lat' dir='ltr'><strong>anima</strong></span> <span class='ocrx_word' id='word_1_862' title='bbox 3087 5108 3218 5149; x_wconf 90' lang='lat' dir='ltr'><strong>vero</strong></span> <span class='ocrx_word' id='word_1_863' title='bbox 3252 5092 3371 5162; x_wconf 87' lang='lat' dir='ltr'><strong>ejus</strong></span> <span class='ocrx_word' id='word_1_864' title='bbox 3400 5105 3499 5146; x_wconf 80' lang='lat' dir='ltr'><strong>ne-</strong></span> 
     </span>
    </p>
   </div>
   <div class='ocr_carea' id='block_1_111' title="bbox 1917 5183 3493 5269">
    <p class='ocr_par' dir='ltr' id='par_1_111' title="bbox 1917 5183 3493 5269">
     <span class='ocr_line' id='line_1_111' title="bbox 1917 5183 3493 5269; baseline -0.011 -16"><span class='ocrx_word' id='word_1_865' title='bbox 1917 5197 2191 5269; x_wconf 89' lang='lat' dir='ltr'><strong>gligentiis</strong></span> <span class='ocrx_word' id='word_1_866' title='bbox 2219 5195 2459 5251; x_wconf 89' lang='lat' dir='ltr'><strong>tabescat</strong></span> <span class='ocrx_word' id='word_1_867' title='bbox 2490 5206 2552 5246; x_wconf 92' lang='lat' dir='ltr'><strong>ac</strong></span> <span class='ocrx_word' id='word_1_868' title='bbox 2582 5189 2778 5245; x_wconf 88' lang='lat' dir='ltr'><strong>deﬂuat</strong></span> <span class='ocrx_word' id='word_1_869' title='bbox 2807 5204 2821 5253; x_wconf 93' lang='lat'><strong>;</strong></span> <span class='ocrx_word' id='word_1_870' title='bbox 2856 5184 3060 5254; x_wconf 87' lang='lat' dir='ltr'><strong>etquid</strong></span> <span class='ocrx_word' id='word_1_871' title='bbox 3099 5183 3315 5254; x_wconf 84' lang='lat' dir='ltr'><strong>gravius</strong></span> <span class='ocrx_word' id='word_1_872' title='bbox 3336 5196 3493 5253; x_wconf 90' lang='lat' dir='ltr'><strong>quam</strong></span> 
     </span>
    </p>
   </div>
   <div class='ocr_carea' id='block_1_112' title="bbox 1919 5276 3496 5357">
    <p class='ocr_par' dir='ltr' id='par_1_112' title="bbox 1919 5276 3496 5357">
     <span class='ocr_line' id='line_1_112' title="bbox 1919 5276 3496 5357; baseline -0.011 -11"><span class='ocrx_word' id='word_1_873' title='bbox 1919 5300 1980 5346; x_wconf 92' lang='lat' dir='ltr'><strong>ut</strong></span> <span class='ocrx_word' id='word_1_874' title='bbox 2029 5290 2209 5351; x_wconf 90' lang='lat' dir='ltr'><strong>subito</strong></span> <span class='ocrx_word' id='word_1_875' title='bbox 2271 5296 2542 5357; x_wconf 86' lang='lat' dir='ltr'><strong>tamquam</strong></span> <span class='ocrx_word' id='word_1_876' title='bbox 2587 5283 2702 5338; x_wconf 80' lang='lat' dir='ltr'><strong>ales</strong></span> <span class='ocrx_word' id='word_1_877' title='bbox 2743 5282 3057 5350; x_wconf 88' lang='lat' dir='ltr'><strong>repentinus</strong></span> <span class='ocrx_word' id='word_1_878' title='bbox 3092 5277 3381 5333; x_wconf 86' lang='lat' dir='ltr'><strong>cradiccris</strong></span> <span class='ocrx_word' id='word_1_879' title='bbox 3429 5276 3496 5329; x_wconf 88' lang='lat' dir='ltr'><strong>de</strong></span> 
     </span>
    </p>
   </div>
   <div class='ocr_carea' id='block_1_113' title="bbox 1918 5367 3497 5450">
    <p class='ocr_par' dir='ltr' id='par_1_113' title="bbox 1918 5367 3497 5450">
     <span class='ocr_line' id='line_1_113' title="bbox 1918 5367 3497 5450; baseline -0.013 -12"><span class='ocrx_word' id='word_1_880' title='bbox 1918 5382 2041 5437; x_wconf 91' lang='lat' dir='ltr'><strong>loco</strong></span> <span class='ocrx_word' id='word_1_881' title='bbox 2068 5381 2136 5435; x_wconf 91' lang='lat' dir='ltr'><strong>ad</strong></span> <span class='ocrx_word' id='word_1_882' title='bbox 2166 5394 2325 5450; x_wconf 87' lang='lat' dir='ltr'><strong>quem</strong></span> <span class='ocrx_word' id='word_1_883' title='bbox 2357 5388 2409 5433; x_wconf 91' lang='lat' dir='ltr'><strong>te</strong></span> <span class='ocrx_word' id='word_1_884' title='bbox 2448 5375 2708 5431; x_wconf 90' lang='lat' dir='ltr'><strong>Dominus</strong></span> <span class='ocrx_word' id='word_1_885' title='bbox 2739 5382 2863 5427; x_wconf 88' lang='lat' dir='ltr'><strong>tuus</strong></span> <span class='ocrx_word' id='word_1_886' title='bbox 2892 5376 3199 5434; x_wconf 84' lang='lat' dir='ltr'><strong>vocaverat,</strong></span> <span class='ocrx_word' id='word_1_887' title='bbox 3231 5367 3283 5420; x_wconf 91' lang='lat' dir='ltr'><strong>in</strong></span> <span class='ocrx_word' id='word_1_888' title='bbox 3311 5380 3417 5435; x_wconf 92' lang='lat' dir='ltr'><strong>quo</strong></span> <span class='ocrx_word' id='word_1_889' title='bbox 3444 5374 3497 5419; x_wconf 85' lang='lat' dir='ltr'><strong>te</strong></span> 
     </span>
    </p>
   </div>
   <div class='ocr_carea' id='block_1_114' title="bbox 1918 5454 3495 5548">
    <p class='ocr_par' dir='ltr' id='par_1_114' title="bbox 1918 5454 3495 5548">
     <span class='ocr_line' id='line_1_114' title="bbox 1918 5454 3495 5548; baseline -0.015 -18"><span class='ocrx_word' id='word_1_890' title='bbox 1918 5479 2149 5548; x_wconf 90' lang='lat' dir='ltr'><strong>primum</strong></span> <span class='ocrx_word' id='word_1_891' title='bbox 2175 5472 2595 5533; x_wconf 87' lang='lat' dir='ltr'><strong>illuminaverat,</strong></span> <span class='ocrx_word' id='word_1_892' title='bbox 2627 5467 2680 5519; x_wconf 92' lang='lat' dir='ltr'><strong>in</strong></span> <span class='ocrx_word' id='word_1_893' title='bbox 2712 5478 2871 5534; x_wconf 87' lang='lat' dir='ltr'><strong>quem</strong></span> <span class='ocrx_word' id='word_1_894' title='bbox 2906 5471 2957 5516; x_wconf 89' lang='lat' dir='ltr'><strong>te</strong></span> <span class='ocrx_word' id='word_1_895' title='bbox 2982 5468 3107 5531; x_wconf 88' lang='lat' dir='ltr'><strong>post</strong></span> <span class='ocrx_word' id='word_1_896' title='bbox 3137 5457 3280 5513; x_wconf 87' lang='lat' dir='ltr'><strong>mala</strong></span> <span class='ocrx_word' id='word_1_897' title='bbox 3308 5454 3495 5510; x_wconf 62' lang='lat' dir='ltr'><strong>saeculi</strong></span> 
     </span>
    </p>
   </div>
   <div class='ocr_carea' id='block_1_115' title="bbox 1920 5546 3497 5638">
    <p class='ocr_par' dir='ltr' id='par_1_115' title="bbox 1920 5546 3497 5638">
     <span class='ocr_line' id='line_1_115' title="bbox 1920 5546 3497 5638; baseline -0.014 -16"><span class='ocrx_word' id='word_1_898' title='bbox 1920 5546 2072 5638; x_wconf 80' lang='lat' dir='ltr'><strong>quasi</strong></span> <span class='ocrx_word' id='word_1_899' title='bbox 2117 5564 2184 5619; x_wconf 90' lang='lat' dir='ltr'><strong>ad</strong></span> <span class='ocrx_word' id='word_1_900' title='bbox 2225 5570 2441 5633; x_wconf 90' lang='lat' dir='ltr'><strong>portum</strong></span> <span class='ocrx_word' id='word_1_901' title='bbox 2486 5559 2553 5614; x_wconf 87' lang='lat' dir='ltr'><strong>de</strong></span> <span class='ocrx_word' id='word_1_902' title='bbox 2596 5557 2743 5628; x_wconf 87' lang='lat' dir='ltr'><strong>gravi</strong></span> <span class='ocrx_word' id='word_1_903' title='bbox 2798 5560 3120 5623; x_wconf 85' lang='lat' dir='ltr'><strong>tempestate</strong></span> <span class='ocrx_word' id='word_1_904' title='bbox 3168 5546 3497 5604; x_wconf 70' lang='lat' dir='ltr'><strong>induxerat?</strong></span> 
     </span>
    </p>
   </div>
   <div class='ocr_carea' id='block_1_116' title="bbox 1921 5636 3498 5717">
    <p class='ocr_par' dir='ltr' id='par_1_116' title="bbox 1921 5636 3498 5717">
     <span class='ocr_line' id='line_1_116' title="bbox 1921 5636 3498 5717; baseline -0.019 0"><span class='ocrx_word' id='word_1_905' title='bbox 1921 5636 2175 5717; x_wconf 67' lang='lat' dir='ltr'><strong>Oblivisci</strong></span> <span class='ocrx_word' id='word_1_906' title='bbox 2209 5656 2388 5713; x_wconf 91' lang='lat' dir='ltr'><strong>subito</strong></span> <span class='ocrx_word' id='word_1_907' title='bbox 2427 5646 2801 5713; x_wconf 84' lang='lat' dir='ltr'><strong>fraternitatis,</strong></span> <span class='ocrx_word' id='word_1_908' title='bbox 2836 5644 3118 5701; x_wconf 86' lang='lat' dir='ltr'><strong>societatis</strong></span> <span class='ocrx_word' id='word_1_909' title='bbox 3157 5648 3213 5697; x_wconf 92' lang='lat' dir='ltr'><strong>et</strong></span> <span class='ocrx_word' id='word_1_910' title='bbox 3250 5636 3498 5694; x_wconf 84' lang='lat' dir='ltr'><strong>consola-</strong></span> 
     </span>
    </p>
   </div>
   <div class='ocr_carea' id='block_1_117' title="bbox 1923 5733 3495 5823">
    <p class='ocr_par' dir='ltr' id='par_1_117' title="bbox 1923 5733 3495 5823">
     <span class='ocr_line' id='line_1_117' title="bbox 1923 5733 3495 5823; baseline -0.021 -9"><span class='ocrx_word' id='word_1_911' title='bbox 1923 5757 2114 5823; x_wconf 84' lang='lat' dir='ltr'><strong>tionis;</strong></span> <span class='ocrx_word' id='word_1_912' title='bbox 2142 5751 2388 5811; x_wconf 80' lang='lat' dir='ltr'><strong>oblivisci</strong></span> <span class='ocrx_word' id='word_1_913' title='bbox 2422 5748 2526 5804; x_wconf 83' lang='lat' dir='ltr'><strong>loci</strong></span> <span class='ocrx_word' id='word_1_914' title='bbox 2557 5744 2696 5801; x_wconf 88' lang='lat' dir='ltr'><strong>illius</strong></span> <span class='ocrx_word' id='word_1_915' title='bbox 2727 5743 2782 5800; x_wconf 90' lang='lat' dir='ltr'><strong>in</strong></span> <span class='ocrx_word' id='word_1_916' title='bbox 2810 5755 2915 5812; x_wconf 88' lang='lat' dir='ltr'><strong>quo</strong></span> <span class='ocrx_word' id='word_1_917' title='bbox 2944 5740 3175 5811; x_wconf 89' lang='lat' dir='ltr'><strong>primum</strong></span> <span class='ocrx_word' id='word_1_918' title='bbox 3208 5733 3495 5807; x_wconf 81' lang='lat' dir='ltr'><strong>pristinum</strong></span> 
     </span>
    </p>
   </div>
  </div>
