3932 6170
512 302 618 368 819

1498 300 1557 357 S.
1602 296 1921 358 EUCIIERII
1961 298 2437 360 LUGDUNENSIS
2476 302 2778 363 EI‘I‘ECOI‘I
3622 318 3700 378 320

512 425 650 483 Sunt
692 422 780 494 qui
825 422 991 490 magis
1020 428 1416 483 transcensum,
1452 413 1535 471 vel
1567 416 1848 470 transitum
1891 431 1959 469 ex
1987 413 2090 469 hoc
2120 417 2166 477 Α
2196 416 2474 474 caracellte
2522 418 2764 484 modum,
2818 419 2912 473 sed
2962 419 3076 474 sine
3129 424 3353 478 cucullo.
3397 425 3543 495 Cujus
3587 437 3705 489 vesti.

515 516 841 588 appellatum
883 511 1171 577 afﬁrmant,
1219 506 1362 577 quod
1401 505 1592 562 eadem
1640 513 1799 562 nocte
1834 506 2097 560 Dominus

515 620 613 679 per
641 605 936 678 Egyptum
987 600 1281 665 transierit,
1328 614 1452 655 cum
1498 597 1871 671 Egyptiorum
1902 595 2097 665 primo-

513 699 693 771 genita
745 706 935 755 cuncta
990 693 1628 765 percussit(Ea:od.xut,
1679 690 1789 761 15).
1840 689 2100 744 Penteco-

514 803 616 859 ste,
648 789 1114 863 quinquagesima,
1143 787 1389 845 Graecum
1432 794 1536 844 est.
1577 784 1745 854 Hujus
1773 783 2101 853 quinquage-

513 885 665 939 simae
711 883 939 955 ﬁguram
985 895 1160 935 annus
1196 878 1449 950 jubilzrus
1490 875 1678 947 gessit,
1725 875 1924 946 quique
1959 885 2101 928 nunc

515 976 711 1029 iterum
772 973 966 1028 futurae
1024 969 1459 1039 repromissionis
1532 974 1790 1022 aeternam
1856 964 2097 1034 requiem

515 1064 842 1136 pracilgurat.
874 1063 1229 1133 Scenopegia,
1279 1076 1400 1116 cum
1445 1058 1784 1115 tabernacula
1831 1072 1861 1112 a
1899 1056 2099 1112 .Iudmis

518 1156 776 1227 ﬁguntur,
814 1154 883 1210 ob
914 1153 1229 1209 memoriam
1261 1149 1750 1206 tabernaculorum.
1777 1156 1929 1209 Σκηνῆ
1957 1146 2099 1201 enim

517 1250 707 1306 Grmce
738 1246 1141 1302 tabernaculum
1168 1244 1388 1300 dicitur.
1423 1244 1547 1298 Ilaec
1572 1242 1877 1297 Judreorum
1910 1238 2104 1293 solem-

519 1341 661 1396 nitas
690 1339 993 1411 Septembri
1039 1352 1223 1393 mcnse
1268 1338 1591 1392 celebratur.
1641 1334 1915 1396 Encmnia,
1945 1348 2104 1387 novae

518 1431 890 1487 mdilicationis
922 1428 1229 1485 observatio
1260 1428 1339 1482 Vel
1367 1426 1653 1481 dedicatio.
1687 1425 1856 1481 mea»
1875 1439 2103 1493 namque

519 1522 575 1577 in
608 1525 796 1577 Graeca
840 1521 1020 1589 lingua
1053 1534 1247 1574 novum
1281 1518 1563 1587 significat.
1601 1516 1745 1586 Ergo
1789 1515 1843 1569 in
1884 1515 1983 1568 hac
2011 1528 2101 1569 so-

418 1598 427 1601 -
520 1612 792 1667 lemnitate
820 1609 991 1666 Judmi
1041 1606 1263 1665 Octobri
1304 1622 1488 1661 mense
1534 1604 1889 1661 dedicationis
1918 1602 2102 1669 templi

516 1702 767 1756 colebant
789 1702 952 1755 diem.
987 1699 1309 1768 Epiphania,
1342 1698 1591 1754 Graecum
1623 1706 1728 1761 est,
1766 1695 1906 1765 quod
1937 1694 2101 1766 signi~

2200 510 2364 564 menti
2409 510 2519 565 duo
2561 518 2687 564 sunt
2730 526 2951 581 genera,
2983 527 3145 568 unum
3188 514 3380 570 liueum
3422 526 3474 572 et
3505 520 3705 592 simplex,

2200 601 2343 670 quod
2370 601 2682 657 sacerdotes
2722 601 3020 669 habebant;
3054 603 3197 659 aliud
3241 606 3452 665 diversis
3490 612 3705 673 coloribus

2200 692 2267 749 de
2293 707 2444 759 auro,
2474 708 2735 763 purpura,
2779 702 2833 749 et
2877 695 3059 767 bysso,
3102 696 3405 768 hyacintho,
3435 705 3705 775 gemmisque

2202 793 2533 851 contextum,
2585 799 2697 855 quo
2738 786 2842 841 soli
2883 786 3165 855 pontiﬁces
3195 790 3486 847 utebantur.
3512 793 3706 863 Poderis,

2202 876 2557 933 sacerdotalis
2588 876 2727 931 linea
2777 877 2993 947 corpori
3023 880 3236 948 penitus
3281 882 3507 951 astricta,
3530 885 3705 941 eadem-

2202 981 2306 1035 que
2335 967 2542 1030 talaris.
2583 968 2726 1022 unde
2768 977 2822 1022 et
2853 966 3071 1037 poderis
3098 968 3358 1037 appellata
3392 988 3406 1025 :
3436 972 3539 1027 bare
3575 984 3620 1030 et
3641 991 3706 1030 stt-

2202 1056 2394 1111 bucula
2437 1054 2656 1111 dicitur.
2692 1055 2916 1126 Logion,
2963 1057 3103 1126 quod
3151 1068 3206 1113 et
3250 1059 3512 1128 rationale,
3549 1076 3709 1132 pannus

2202 1150 2449 1219 exiguus,
2475 1163 2540 1203 ex
2580 1148 2833 1217 gemmis,
2874 1164 3007 1203 auro
3049 1149 3425 1223 coloribusque
3465 1154 3620 1223 variis,
3643 1156 3708 1227 qui

2204 1241 2630 1311 superbumerali
2656 1251 2846 1297 contra
2877 1254 3065 1313 pectus
3087 1246 3352 1315 pontiﬁcis
3372 1249 3708 1304 annectebatnr.

2280 1331 2510 1398 Cidaris,
2538 1332 2711 1402 pileus
2738 1333 3090 1389 sacerdmalis
3116 1352 3181 1390 ex
3222 1336 3398 1408 bysso.
3430 1339 3558 1395 llunc
3579 1340 3711 1396 (irasci

2203 1430 2259 1477 et
2286 1424 2451 1477 nostri
2483 1421 2695 1489 tiaram,
2736 1422 2953 1491 quidam
2984 1424 3145 1478 etiam
3195 1426 3398 1481 mitram
3431 1436 3614 1483 vocant.
3638 1428 3712 1484 Pe-

2204 1513 2393 1578 talum,
2432 1527 2597 1568 aurea
2627 1512 2826 1567 lamina
2879 1514 2931 1567 in
2974 1513 3158 1569 fronte
3197 1515 3467 1584 pontiﬁcis,
3493 1533 3596 1588 qua:
3635 1518 3705 1573 Dei

2205 1621 2402 1663 nomen
2430 1606 2562 1662 illud
2592 1605 2866 1663 lneﬁabile
2910 1615 3411 1678 tetragrammaton,
3437 1620 3631 1680 quatuor
3650 1612 3712 1666 lit-

2204 1698 2334 1752 teris
2358 1697 2594 1753 llcbrzeis
2618 1697 2842 1767 gerebat
2862 1698 3148 1767 scriptum.
3180 1698 3391 1765 Penula,
3416 1700 3464 1754 in
3488 1701 3710 1769 Apostolo,

518 1793 639 1848 ficat
678 1791 967 1861 apparitio,
1015 1790 1100 1844 vel
1130 1790 1414 1845 ostensio:
1446 1788 1563 1843 sive
1605 1787 1747 1857 quod
1788 1786 1977 1840 eadem
2014 1784 2102 1838 die
2133 1789 2176 1849 Β
2206 1788 2451 1843 Latinum
2482 1796 2587 1844 est.
2625 1788 2716 1844 Est
2756 1798 2932 1843 autem
2967 1790 3124 1859 quasi
3155 1790 3361 1845 lacerna
3396 1790 3708 1846 descendenti-

521 1884 774 1938 Dominus
805 1891 859 1937 et
887 1884 1131 1938 SaIVator
1162 1891 1345 1936 noster
1376 1880 1428 1935 in
1461 1881 1727 1951 baptismo
1754 1893 1856 1933 suo
1887 1876 2094 1948 populis

520 1972 679 2029 fuerit
707 1982 989 2039 ostensus;
1038 1972 1151 2027 sive
1182 1970 1322 2041 quod
1366 1970 1521 2025 stel‘a
1564 1970 1774 2039 magis;
1807 1969 1923 2023 sive
1952 1965 2095 2037 quod

519 2066 693 2136 primo
722 2063 874 2133 signo
908 2063 1117 2118 Domini
1144 2077 1278 2132 aqua
1310 2062 1363 2116 in
1389 2064 1568 2115 vinum
1602 2076 1754 2115 versa
1789 2071 1916 2116 tunc
1936 2072 2098 2129 appa-

519 2158 707 2212 ruerit.
739 2154 1057 2220 Ncomcnia,
1090 2154 1190 2209 hoc
1217 2164 1321 2219 cst,
1362 2152 1504 2223 quod
1532 2153 1669 2222 apud
1707 2166 1806 2206 nos
1832 2150 2097 2207 kalendae.

521 2251 625 2309 Sed
646 2252 765 2322 quia
796 2249 932 2320 apud
966 2249 1222 2304 Ilebrmos
1245 2245 1537 2302 secundum
1568 2247 1706 2300 lunm
1728 2259 1923 2300 cursus
1950 2258 2101 2298 men-

519 2357 606 2398 ses
652 2350 1026 2412 supputantur,
1058 2350 1110 2395 et
1130 2344 1262 2413 μήνη
1291 2339 1478 2395 Graece
1507 2338 1634 2394 luna
1665 2339 1984 2409 appellatur,
2015 2336 2100 2392 id-

519 2433 664 2489 circo
694 2432 977 2489 neomenia
1008 2447 1142 2485 nova
1182 2431 1302 2485 luna
1335 2430 1504 2499 accipi
1544 2439 1739 2499 potest.
1778 2430 2099 2497 Parasceve,

516 2524 863 2594 prmparatio,
897 2522 1144 2577 Graecum
1170 2529 1273 2575 est.
1300 2521 1598 2577 Parasceve
1621 2520 1765 2577 enim
1793 2530 1946 2575 sexta
1979 2519 2104 2575 sab-

522 2613 631 2669 bati
660 2613 983 2689 appellatur.
1018 2611 1150 2667 Ilinc
1189 2626 1318 2667 vero
1349 2611 1670 2681 prteparatio
1718 2608 1933 2675 dicitur,
1961 2607 2102 2679 quod

521 2719 549 2759 a
577 2702 776 2761 Iuda-is
804 2703 992 2759 eadem
1021 2703 1108 2759 die
1138 2718 1258 2773 qua:
1286 2704 1339 2758 in
1364 2703 1589 2759 sabbato
1615 2711 1739 2758 sunt
1778 2700 2102 2769 necessaria,

522 2804 916 2865 praeparentur.
948 2794 1263 2861 Sabbatum,
1304 2791 1541 2863 requies,
1570 2792 1854 2848 Hebraeum
1886 2800 1987 2847 est.
2021 2790 2105 2846 Id-

520 2888 669 2943 circo
698 2896 875 2941 autem
908 2885 1143 2955 requies,
1176 2884 1317 2955 quod
1346 2885 1397 2938 in
1422 2883 1608 2939 eadem
1638 2882 1731 2940 die
1758 2882 2016 2937 Dominus
2039 2882 2105 2934 ab

520 2993 708 3050 opere,
738 2977 990 3048 perlectis
1021 2976 1272 3031 omnibus
1300 2974 1671 3045 absolutisque
1707 2971 1993 3045 requievit.

1131 3107 1353 3165 CAPUT
1395 3107 1488 3164 IX.

1175 3221 1249 3275 De
1273 3219 1449 3277 idolis.

593 3330 760 3399 ldola,
792 3330 1099 3399 simulacra,
1133 3329 1380 3386 Graecum
1412 3339 1515 3385 est.
1569 3328 1922 3401 Beelphegor,
1960 3328 2101 3401 quod

519 3424 905 3494 interpretatur
950 3421 1298 3476 simulacrum
1359 3420 1711 3489 ignominiaa,
1768 3420 1969 3475 idolum
2024 3428 2105 3475 est

521 3514 698 3571 Moab.
748 3513 901 3567 llune
927 3511 1101 3567 Latini
1150 3509 1401 3580 Priapum
1451 3510 1742 3581 appellant.
1784 3511 1932 3579 Beel,
1961 3510 2101 3579 quod

520 3606 925 3673 interpretatur,
947 3612 1210 3667 vetustas,
1237 3602 1439 3657 idolum
1470 3612 1553 3658 est
1576 3603 1953 3675 Babylonium.
1983 3602 2105 3657 Fuit

518 3710 648 3750 vero
678 3694 767 3751 lt'c
814 3693 956 3749 idem
1004 3693 1165 3749 Belus
1212 3702 1361 3762 pater
1411 3691 1532 3747 Nini
1564 3694 1706 3764 regis
1734 3692 2099 3766 Assyriorum.

519 3787 900 3853 Atlramelech,
934 3787 1134 3843 idolum
1165 3785 1534 3857 Assyriorum,
1557 3787 1698 3857 quod
1722 3788 1884 3841 etiam
1919 3788 2104 3841 Sama-

518 3882 635 3935 ritte
679 3878 981 3935 coluerunt.
1030 3878 1308 3942 Astarten,
1358 3877 1499 3947 quod
1556 3877 1608 3932 in
1661 3876 1904 3932 Latinum
1949 3886 2104 3932 sonat

520 3975 722 4027 l’aetura
750 3970 1039 4043 superﬂua,
1085 3971 1284 4025 idolum
1323 3969 1682 4040 Sydoniorum
1711 3968 1916 4025 dicunt.
1950 3970 2102 4025 Beel-

519 4063 697 4128 Zebul,
729 4063 1118 4131 interpretatur
1148 4061 1227 4114 vir
1259 4075 1586 4126 muscarum,
1616 4060 1901 4130 Diabolus,
1946 4060 2105 4115 deor-
2157 4061 2167 4073 '

518 4168 635 4207 sum
655 4151 859 4219 ﬂuens;
886 4150 1073 4207 Graece
1095 4165 1222 4205 vero
1251 4150 1565 4205 criminator
1588 4151 1801 4205 dicitur.
1834 4153 2021 4219 Satan,
2048 4152 2101 4206 in

521 4244 766 4299 Latinum
797 4250 954 4297 sonat
981 4241 1344 4308 adversarius,
1379 4242 1492 4297 sive
1521 4249 1908 4313 transgressor.
1938 4244 2103 4316 Syre-

520 4351 623 4402 nae,
651 4335 701 4390 in
737 4334 891 4403 Isaia,
925 4333 1221 4401 dmmones,
1251 4340 1341 4388 aut
1373 4333 1635 4390 dracones
1665 4335 1865 4405 magni,
1897 4338 2101 4391 cristati

519 4427 723 4497 pariter
747 4441 809 4480 ac
832 4424 1098 4491 volantes,
1140 4433 1199 4480 ttt
1236 4440 1265 4480 a
1294 4425 1610 4495 quibusdam
1644 4435 1874 4496 putatur.

2198 1883 2298 1937 bus
2322 1883 2510 1937 clavis.
2541 1882 2790 1951 Baddim,
2824 1883 2875 1937 in
2906 1884 3149 1949 Daniele,
3182 1895 3354 1941 vestes
3381 1884 3541 1950 lim,
3562 1862 3710 1954 quibus

2199 1976 2490 2040 feminalia,
2523 1984 2579 2031 ut
2615 1976 2871 2044 arbitror,
2918 1977 3308 2048 significantur.
3355 1978 3580 2032 Badenim
3606 1974 3711 2045 apud

2200 2065 2454 2120 Hebrzeos
2478 2065 2643 2120 linum
2673 2066 2870 2122 dicitur
2899 2085 2913 2120 :
2942 2068 3087 2123 unde
3131 2077 3186 2123 et
3226 2070 3276 2123 iu
3304 2067 3589 2139 quibusdam
3613 2065 3711 2120 locis

2202 2157 2419 2227 legitur,
2453 2156 2639 2227 Ephod
2667 2157 2791 2221 bad,
2824 2158 2928 2213 hoc
2949 2166 3055 2222 est,
3090 2158 3262 2228 ephod
3284 2159 3501 2223 lincunt;
3531 2171 3617 2211 non
3640 2172 3709 2209 aa-

2201 2256 2308 2303 tem
2348 2246 2535 2317 prod
2573 2247 2765 2312 barud,
2808 2257 2867 2303 ut
2895 2248 3115 2317 quidam
3152 2256 3399 2318 corrupte
3430 2250 3605 2318 legunt.
3646 2244 3711 2298 Di-

2200 2338 2361 2409 pIois,
2391 2338 2444 2392 in
2491 2338 2695 2409 Regum
2728 2338 2903 2406 libris,
2939 2354 3153 2410 sagum,
3184 2340 3267 2394 vel
3310 2339 3533 2404 cbiamis,
3558 2335 3711 2393 ἆπὸτῶ

2200 2416 2410 2497 διπλόω,
2441 2431 2580 2501 quod
2616 2431 2918 2501 duplicetur
2951 2450 2965 2484 :
2997 2440 3053 2509 et
3100 2448 3260 2487 omne
3289 2430 3613 2486 indumentum
3632 2439 3711 2494 quo

2202 2520 2486 2592 dupliciter
2526 2520 2818 2589 ambimur,
2866 2520 3065 2592 diplois
3093 2521 3351 2592 appellari
3380 2529 3555 2591 potest.
3588 2515 3712 2571 Ilelo-

2205 2621 2295 2678 tae,
2346 2612 2399 2666 in
2445 2612 2648 2683 Regum
2698 2612 2857 2680 libro,
2902 2613 3059 2682 pellis
3099 2614 3345 2684 simplex,
3377 2628 3471 2683 qua
3520 2606 3710 2666 monachi

2203 2701 2443 2774 Egyptii
2481 2702 2641 2759 etiam
2674 2718 2818 2759 nunc
2848 2712 3097 2773 utuntur,
3138 2720 3206 2760 ex
3238 2719 3340 2759 uno
3367 2704 3524 2757 latere
3558 2700 3711 2768 depen-

2204 2794 2359 2850 dens.
2402 2794 2763 2861 Tlteristrum,
2807 2795 2862 2850 in
2899 2794 3123 2866 Genesi,
3174 2796 3311 2866 apud
3353 2794 3557 2859 Arabes,
3589 2800 3714 2861 genus

2205 2883 2350 2956 pallii
2398 2885 2694 2941 muliebris.
2746 2885 3130 2953 Periscelides,
3186 2888 3236 2942 itt
3286 2887 3435 2956 Isaia,
3476 2892 3529 2940 ut
3551 2879 3717 2952 quidam

2206 2980 2412 3047 dicunt,
2440 2977 2580 3049 apud
2602 2976 2833 3035 feminas
2858 2994 3086 3036 crurum
3117 2986 3440 3037 ornamenta.

2813 3133 3039 3193 CAPUT
3098 3137 3194 3195 XI.

2636 3244 2711 3301 De
2738 3246 2914 3302 avibus
2944 3248 3024 3302 vel
3048 3248 3360 3304 volatilibus.

2277 3357 2579 3422 Pelicanus,
2608 3358 2720 3411 avis
2766 3372 2949 3427 parra,
2996 3374 3123 3427 quae
3152 3360 3431 3415 solitudine
3454 3357 3715 3413 delectatur.

2209 3447 2306 3504 Est
2329 3456 2384 3503 et
2410 3447 2551 3503 aliud
2582 3448 2945 3517 petit-auorum
2976 3463 3155 3519 genus
3178 3450 3231 3504 in
3261 3449 3394 3505 Nilo.
3428 3461 3549 3516 pene
3577 3439 3718 3513 cygni!

2205 3538 2402 3605 simile,
2430 3538 2532 3592 nisi
2561 3537 2704 3607 quod
2733 3539 2890 3607 paulo
2920 3539 3161 3606 majores
3202 3549 3341 3595 sunt.
3367 3537 3569 3606 Quidam
3596 3535 3652 3586 ila
3674 3535 3716 3582 et

2210 3629 2552 3685 onocrotalos
2582 3638 2795 3684 vocant.
2842 3628 3193 3701 Nycticorax,
3224 3640 3448 3693 noctua;
3494 3624 3619 3680 multi
3647 3620 3718 3675 btt-

2208 3720 2403 3776 bonem
2458 3734 2579 3776 esse
2624 3720 2975 3776 contendunt.
3029 3721 3173 3777 Sunt
3210 3724 3369 3779 etiam
3414 3719 3492 3789 qui
3526 3717 3720 3771 asserunt

2206 3829 2327 3871 esse
2374 3813 2704 3870 Orientalem
2745 3796 2921 3877 avem,
2966 3829 3093 3884 quae
3139 3826 3418 3869 nocturnus
3455 3820 3618 3866 corvus
3651 3815 3720 3869 ap-

2206 3906 2454 3978 pelletur.
2489 3903 2616 3974 Ibis,
2650 3906 2703 3959 in
2735 3905 3126 3971 Pentateucbo,
3156 3907 3270 3962 avis
3313 3903 3541 3975 Egyptia
3580 3897 3721 3952 obsce-

2207 3999 2377 4055 nitate
2402 3997 2513 4054 oris
2545 3996 2837 4062 immunda,
2881 4011 2987 4066 quo
3013 3998 3194 4053 alvum
3228 4010 3448 4067 purgare
3474 3985 3716 4047 consuevit.

2206 4088 2494 4156 Ilerodius,
2527 4089 2580 4143 in
2610 4088 2817 4157 psalmo
2848 4086 2969 4160 (Ps.
3013 4103 3134 4155 cm,
3166 4088 3281 4158 i7),
3307 4086 3459 4141 ardea
3498 4098 3524 4137 a
3550 4077 3720 4149 quibus

2205 4182 2328 4237 dam
2372 4187 2607 4251 putatur.
2654 4179 2845 4246 Larus,
2878 4179 2932 4234 in
2982 4178 3348 4235 Pentateucbo
3387 4175 3516 4247 (ch.
3554 4163 3717 4233 11,15;

2207 4271 2364 4328 Deut.
2393 4285 2504 4339 xrv,
2537 4269 2648 4342 15),
2682 4271 2890 4339 gaviam
2922 4270 3212 4340 significat.

2274 4360 2610 4432 Cmuomyia,
2645 4374 2752 4416 non
2786 4374 2967 4414 musca
2996 4361 3212 4424 canina,
3253 4368 3308 4413 ut
3328 4356 3527 4427 quidam
3552 4350 3718 4432 putaui.

2208 4455 2261 4509 in
2294 4427 2650 4526 psalmov(Ps.
2681 4468 2887 4519 LXXVII,
2918 4455 3051 4523 etv),
3081 4452 3383 4524 accipienda
3409 4457 3505 4517 est,
3529 4427 3614 4501 sed
3634 4453 3720 4493 mu-

594 4517 867 4616 lllulmLin
904 4516 1059 4586 Isaia,
1089 4516 1155 4572 ab
1183 4518 1325 4571 omni
1359 4518 1708 4573 translatione
1740 4520 1955 4575 nomine
1987 4519 2102 4589 ipso
2135 4523 2183 4585 D
2206 4516 2635 4601 sca'omnimbda
2668 4562 2681 4597 ε
2708 4552 2763 4599 ει
2789 4516 2910 4600 ide",
2944 4516 3047 4598 ησή
3082 4516 3238 4616 per},
3269 4516 3499 4600 arma",
3517 4538 3718 4591 liuet-am.

520 4609 747 4665 Hebraeo
774 4607 870 4663 Iim
903 4609 1263 4680 appellantur.
1308 4608 1659 4679 Septuaginta
1702 4618 1906 4664 tantum
1939 4610 2105 4666 inter-

518 4709 699 4771 pretes
725 4716 826 4771 pro
856 4700 941 4756 his
986 4711 1386 4756 onocentauros
1433 4702 1484 4755 in
1517 4702 1871 4759 translatione
1910 4718 2104 4774 posue-

518 4801 665 4848 runt.
696 4791 833 4846 Sunt
863 4791 951 4862 qui
982 4790 1155 4845 ululas
1179 4800 1369 4860 putent
1397 4806 1524 4847 aves
1545 4805 1666 4848 esse
1698 4801 2008 4863 nocturnas,
2034 4795 2104 4851 ab

518 4885 723 4941 ululatu
752 4886 901 4940 vocis
947 4899 1107 4955 quem
1148 4883 1398 4949 ellerunt,
1444 4899 1580 4956 quas
1622 4885 1783 4954 vulgo
1831 4900 2100 4941 cavannos

516 4982 723 5035 dicunt.
756 4978 965 5048 Lamia,
997 4992 1169 5047 genus
1200 4976 1447 5043 monstri,
1483 4985 1540 5031 ttt
1569 4977 1784 5048 quidam
1804 4978 2095 5033 afﬁrmant.

520 5075 704 5141 Pilosi,
757 5072 811 5129 in
857 5071 1011 5138 Isaia,
1064 5084 1264 5143 genera
1309 5070 1635 5124 dmmonum.
1694 5070 1803 5125 llos
1857 5070 2101 5125 nonnulli

516 5166 681 5221 etiam
735 5163 1169 5220 doctissimorum
1223 5160 1543 5226 incuboncs,
1601 5161 1687 5217 vel
1732 5172 1965 5235 satyros,
2010 5172 2104 5218 aut

516 5254 782 5328 quosdam
813 5254 1090 5311 silvestres
1122 5252 1369 5309 homines
1403 5261 1743 5321 putaverunt.

1127 5409 1357 5469 CAPUT
1395 5412 1466 5468 Χ.

1126 5525 1205 5582 De
1243 5526 1487 5582 vestibus.

587 5637 801 5711 Ephod,
829 5640 993 5695 vestis
1015 5638 1384 5708 sacerdotalis,
1417 5652 1537 5710 quae
1559 5614 2095 5708 superindumentum

519 5732 602 5789 vel
638 5730 1080 5798 superbumerale
1123 5733 1442 5802 appellatur.
1496 5732 1590 5788 Est
1635 5741 1813 5787 autem
1860 5730 2006 5785 velut
2042 5732 2092 5785 in

2208 4637 2301 4693 sed
2335 4652 2431 4707 per
2455 4634 2788 4707 dipbtongon
2831 4653 2876 4691 aa
2905 4637 3067 4692 scribi
3111 4614 3273 4693 debet
3302 4635 3469 4708 (Deut.
3511 4642 3608 4689 xiv,
3632 4614 3716 4687 15)·

2204 4728 2483 4801 Ciniphes!
2511 4730 2744 4786 Clllicum
2774 4744 2941 4801 genus
2969 4740 3050 4786 est
3077 4730 3280 4785 aculeis
3308 4722 3666 4797 permolestum.

2798 4861 3024 4918 CAPUT
3074 4860 3186 4916 XII.

2648 4970 2724 5028 De
2751 4972 2922 5028 bestiis
2950 4972 3029 5027 vel
3057 4970 3343 5041 reptitibus.

2275 5087 2641 5154 Rhinoceron,
2674 5085 2785 5142 fera
2815 5084 3096 5150 terribilis,
3119 5084 3330 5154 gemina
3356 5079 3406 5133 in
3440 5070 3635 5130 naribus
3653 5073 3719 5132 se:

2201 5188 2353 5235 stans
2380 5194 2601 5233 cornua.
2634 5177 2976 5241 Monoceron,
3023 5176 3074 5230 in
3106 5174 3332 5245 psalmo,
3364 5160 3611 5223 unicornis
3645 5163 3717 5251 at}:

2203 5270 2455 5341 pellatur.
2499 5269 2888 5339 Tragelapltus,
2940 5236 2993 5322 in
3023 5236 3327 5321 Deuteron.
3362 5260 3648 5328 platoceros.
3679 5236 3719 5294 id

2205 5371 2309 5426 est,
2351 5359 2611 5415 cornibus
2642 5357 2785 5413 latis.
2838 5357 3093 5425 Erinacii,
3132 5349 3421 5423 cltitogrilti
3464 5346 3720 5405 nuncupaﬂ'

2206 5461 2311 5518 tur,
2364 5467 2529 5523 prOpe
2576 5450 2947 5522 magnitudine
2998 5448 3347 5506 mediocrium
3383 5433 3719 5529 cuniculorum.

2202 5545 2270 5601 de
2325 5543 2573 5601 cavernis
2637 5555 2906 5615 petrarum
2964 5543 3319 5616 procedentes
3369 5529 3636 5607 gregatim;
3680 5531 3720 5572 1η

2202 5653 2391 5693 eremo
2421 5653 2539 5707 qua:
2561 5644 2647 5693 est
2680 5645 2873 5692 contra
2905 5652 3051 5691 mare
3080 5635 3367 5695 Mortuum,
3393 5621 3717 5707 depascuntur.

2202 5729 2422 5823 Ileficii.
2464 5730 2555 5801 Qui
2603 5739 2656 5785 et
2698 5729 2877 5786 echini
2908 5729 3185 5792 dicuntur.
3234 5727 3302 5781 ita
3343 5724 3549 5789 spinosa
3574 5704 3718 5765 delen-
