3932 6170
416 269 518 326 803

1401 248 1458 304 5.
1501 240 1822 304 EUCllEml
1861 234 2331 296 LUGDUNENSIS
2374 233 2674 294 EPISCOPI

2873 163 2970 202 "re.

3573 237 3678 294 8C4

415 387 573 435 cutus
595 368 1022 430 creditur..lnxta
1046 377 1201 435 quam
1226 360 1488 416 rationem
1513 357 1806 413 divinitatis
1826 362 1986 423 atque
2014 355 2062 412 Δ
2090 353 2326 407 moritur.
2377 352 2514 407 Nam
2565 368 2658 422 pro
2700 351 2830 404 bono
2877 348 3095 418 forsitan
3149 365 3262 420 quis
3305 351 3496 404 audeat
3547 351 3676 407 mori

417 467 785 531 humanitatis,
817 463 977 518 etiam
1005 458 1060 512 in
1093 453 1316 522 reliquis
1345 465 1464 520 qua:
1487 458 1590 519 ;aut
1629 447 1987 517 mqualitatem

418 575 537 616 cum
582 559 762 619 Patre,
792 560 883 605 aut
910 547 1266 604 humilitatem
1313 541 1430 612 ejus
1479 547 1692 604 sonant,
1725 536 1879 591 facile
1909 536 1989 590 in-

419 651 664 706 tellectus
693 644 914 715 patebit.

489 741 596 794 Int.
630 737 766 804 Quid
799 733 1038 806 mysterii
1065 730 1304 787 continet
1323 728 1476 782 locus
1504 724 1594 780 ille
1623 723 1711 777 ubi
1735 719 1991 777 Dominus

417 835 583 905 pedes
608 829 988 898 discipulorum
1019 825 1152 878 lavit
1177 821 1357 893 (Joan.
1391 834 1505 882 snt,
1534 816 1634 887 5)?

493 927 647 996 Resp.
687 925 743 977 ln
790 924 910 976 loco
953 919 1047 973 illo
1079 917 1423 971 maledictum
1469 911 1706 968 calcanei
1739 909 1992 974 dilttitur,

420 1016 562 1084 quod
586 1011 802 1067 diabolo
823 1006 1102 1063 incentoré
1127 1007 1323 1059 anima:
1355 1010 1553 1057 nostrae
1574 1014 1787 1072 gressus
1817 998 1996 1052 incur-

422 1107 615 1161 rebant
636 1103 788 1173 (Gen.
818 1116 900 1169 in,
931 1099 1039 1166 15).
1068 1098 1248 1152 Primo
1279 1094 1423 1150 enim
1461 1091 1730 1146 morsibus
1758 1089 1874 1158 ejus
1902 1104 1998 1142 no-

425 1205 594 1250 strum
639 1193 855 1262 patebat
897 1190 1230 1244 calcaneum.
1280 1183 1450 1239 Porro
1492 1197 1611 1237 cum
1643 1181 1840 1235 dictum
1872 1188 1994 1234 est:

428 1285 560 1338 Ecce
585 1284 701 1337 dedi
740 1281 876 1335 vobis
908 1287 1204 1347 potestatem
1239 1274 1474 1328 calcandi
1501 1289 1652 1344 super
1677 1279 1931 1340 serpentes
1951 1279 1998 1323 et

427 1377 716 1445 scorpiones
736 1372 885 1443 (Luc.
907 1386 962 1432 ι,
982 1367 1092 1435 l9),
1114 1363 1448 1420 maledictum
1470 1363 1598 1417 illud
1617 1361 1875 1416 abolitum
1897 1367 1997 1414 est.

842 1521 894 1560 ια
933 1517 1183 1558 Ειιιετοιι
1221 1516 1287 1554 AD
1326 1511 1586 1552 ROIANOS.

501 1641 608 1695 lnt.
642 1639 818 1711 (Rom.
865 1651 944 1699 ut,
976 1633 1072 1704 5).
1108 1631 1236 1698 Quae
1283 1626 1632 1697 intelligentia
1665 1634 1750 1680 est
1785 1625 2001 1694 capituli

2096 444 2272 516 (Rom.
2297 459 2348 508 v,
2371 443 2425 514 6)
2449 444 2471 498 ἲ

2168 535 2323 606 Resp.
2359 535 2470 589 lloc
2491 543 2571 589 est
2597 533 2736 604 quod
2783 535 2896 589 vult
2928 533 3149 604 intelligi
3176 549 3192 588 :
3223 533 3319 588 Illa
3367 551 3464 604 pro
3495 534 3675 602 impiis

2094 634 2340 679 mortuus
2361 635 2463 688 est,
2482 640 2602 680 cum
2627 626 2712 679 vix
2737 625 3020 695 quisquam
3048 623 3349 694 reperiatur
3373 626 3512 679 mori
3539 625 3679 679 Vtile

2096 731 2190 786 pro
2215 716 2383 785 justo.
2415 715 2546 770 Nam
2579 731 2676 785 pro
2701 715 2874 784 bono,
2917 717 2970 770 id
3017 726 3101 771 est
3149 715 3366 771 Christo
3391 758 3405 782 ,
3455 716 3705 786 forsitan,-

2095 808 2288 878 aliqnis
2319 810 2453 862 mori
2485 808 2699 862 audeat.
2733 809 2827 863 llic
2856 809 3018 863 etiam
3050 809 3119 863 de
3154 822 3212 864 se
3257 809 3567 865 verecunde
3595 808 3699 893 in-l

2097 899 2283 954 dicatis
2306 899 2448 970 quod
2480 915 2576 969 pro
2599 899 2814 955 Christo
2841 900 2978 954 mori
3019 899 3208 967 possit.
3253 900 3317 954 Et
3347 899 3542 955 aliter:
3585 900 3698 954 Vis”

2097 991 2240 1044 enim
2273 1005 2370 1060 pro
2404 990 2550 1058 justo
2582 991 2700 1059 quis
2731 988 2980 1044 moritur.
3013 989 3072 1042 ιιι
3100 991 3267 1043 veteri
3301 989 3444 1060 lege,
3481 991 3534 1043 in
3580 1003 3685 1058 qua

2089 1075 2182 1133 ‘est
2224 1095 2320 1149 pro
2366 1079 2742 1133 mandatorum
2788 1079 3079 1133 severitate
3112 1077 3343 1148 justitia,
3395 1080 3486 1132 vix
3531 1081 3684 1148 pauci

2101 1181 2366 1241 martyres
2392 1180 2514 1224 sunt
2538 1171 2736 1240 reperti
2763 1188 2776 1225 :
2823 1171 2874 1225 in
2907 1185 3046 1235 novo
3070 1179 3250 1226 autem
3291 1173 3684 1239 instrumento,

2101 1259 2154 1314 in
2177 1275 2282 1328 quo
2305 1270 2388 1315 est
2411 1276 2507 1330 pro
2535 1261 2735 1331 pietate
2755 1270 3151 1331 praceptorum
3179 1262 3410 1330 bonitas,
3440 1265 3686 1318 innumcv

2103 1350 2302 1406 rabiles
2329 1363 2594 1423 martyres
2619 1353 2968 1408 exstiterunt.

2175 1441 2284 1496 Int.
2317 1445 2603 1512 Apostolus
2617 1444 2826 1500 dicitde
2848 1445 2959 1499 Deo
2985 1445 3178 1502 Patre:
3207 1445 3314 1501 Sed
3335 1463 3430 1518 pro
3451 1448 3686 1502 omnibus

2106 1536 2246 1589 nobis
2277 1537 2488 1590 tradidit
2529 1537 2678 1590 illum
2703 1537 2882 1608 (Rom.
2926 1553 3041 1606 vttt,
3073 1537 3190 1609 52),
3241 1539 3293 1594 id
3325 1549 3430 1609 est,
3461 1540 3687 1594 Filium:

2106 1627 2233 1696 quid
2267 1631 2320 1681 in
2348 1627 2447 1682 hoc
2468 1628 2777 1698 signiﬁcat?

431 1733 573 1787 illius
597 1701 701 1799 ψῖο
732 1701 1298 1797 Apostolus'proponit
1343 1719 1568 1774 dicens:
1621 1716 1682 1772 Si
1707 1725 1877 1770 autem
1905 1717 2003 1769 ini—
2034 1717 2078 1777 Β
2176 1717 2332 1788 Resp.
2363 1717 2968 1790 Traditioniacquievit.
2996 1719 3053 1774 in
3075 1720 3246 1776 sacris
3271 1701 3505 1791 namque
3536 1721 3689 1776 libris

431 1827 600 1896 quitas
627 1832 803 1876 noslra
818 1821 1079 1892 justitiam
1104 1818 1198 1870 Dei
1225 1813 1566 1877 commendat,
1589 1813 1712 1882 quid
1743 1809 2006 1863 dicemus?

436 1913 700 1982 Numquid
728 1913 927 1978 iniquus
953 1908 1084 1961 Deus
1100 1916 1174 1960 est
1195 1906 1281 1974 qui
1309 1906 1465 1974 infert
1490 1901 1658 1956 iram?
1682 1898 2006 1968 (Secundum

433 2008 684 2061 hominem
700 2001 860 2071 dico.)
879 2001 1034 2054 Absit.
1055 1999 1292 2067 Alioquin
1305 1994 1560 2065 quomodo
1574 1992 1833 2065 judicabit
1873 1991 2006 2044 Deus

433 2098 569 2151 hunc
597 2095 886 2148 mundum?
917 2092 976 2146 Si
1005 2091 1140 2144 enim
1169 2089 1351 2141 veritas
1383 2085 1475 2138 Dei
1519 2086 1572 2138 in
1599 2101 1710 2137 meo
1745 2082 2005 2136 mendacio

434 2187 710 2241 abundavit
738 2185 789 2238 in
829 2183 1045 2254 gloriam
1092 2180 1272 2249 ipsius,
1320 2178 1444 2247 quid
1486 2176 1655 2228 adhuc
1681 2183 1724 2227 et
1754 2189 1843 2242 ego
1871 2181 2006 2224 tam-

432 2295 583 2348 quam
610 2285 844 2346 peccator
859 2274 1083 2344 judicor,
1114 2280 1161 2324 et
1185 2287 1283 2324 non
1315 2270 1484 2340 (sicut
1508 2266 1936 2336 blasphemamur,
1961 2273 2007 2317 et

433 2374 559 2424 sicut
604 2372 746 2421 aiunt
792 2367 1001 2432 quidam
1057 2382 1150 2418 nos
1203 2361 1693 2432 dicere){aciamus
1742 2359 1900 2423 mala,
1951 2365 2007 2408 ut

435 2461 663 2516 eveniant
688 2459 859 2512 bona:
891 2471 1106 2525 quorum
1135 2453 1396 2506 damnatio
1417 2453 1564 2522 justa
1601 2460 1694 2504 est.

512 2551 662 2620 Resp.
696 2547 1124 2602 Obscurissimus
1154 2554 1313 2612 atque
1353 2543 1637 2611 perplexus
1668 2541 1720 2595 in
1755 2540 2008 2610 Apostolo

436 2644 616 2706 locus,
666 2650 720 2695 et
772 2639 954 2692 multis
986 2637 1050 2690 ad
1079 2634 1476 2690 discutiendum
1522 2633 2010 2703 proferendumque

435 2749 652 2790 sensum
684 2731 864 2786 verbis
896 2729 1174 2798 indigens;
1225 2727 1380 2781 nobis
1424 2735 1600 2780 tamen
1650 2740 1746 2792 pro
1792 2722 2010 2777 festina-

439 2825 585 2879 tione
613 2822 880 2877 sermonis
909 2819 1216 2874 aretandus.
1247 2817 1465 2871 Dixerat
1494 2831 1687 2886 supra:
1715 2815 1810 2868 Est
1832 2825 2010 2868 autem

440 2920 580 2972 Deus
602 2929 784 2981 verax,
811 2911 986 2967 omnis
1035 2921 1212 2964 autem
1247 2911 1406 2964 homo
1435 2909 1684 2973 mendax,
1715 2907 1856 2960 sicut
1881 2905 2014 2959 scri-

437 3017 584 3078 ptum
615 3015 735 3061 est:
772 3004 838 3060 Ut
863 3003 1170 3073 justificeris
1197 3002 1250 3055 in
1283 3001 1622 3056 sermonibus
1654 3000 1778 3065 tuis,
1804 3009 1857 3053 et
1886 2998 2004 3049 vin-

2107 1809 2285 1867 facere
2314 1811 2580 1866 interdum
2611 1811 2754 1867 Deus
2775 1813 2991 1878 dicitur,
3021 1813 3072 1867 in
3105 1814 3299 1883 quibus
3328 1813 3594 1869 faciendis
3617 1815 3691 1866 vi-

2107 1903 2266 1957 detur
2287 1911 2544 1972 przestare
2565 1905 2896 1972 patientiam.
2918 1904 3035 1959 Alia
3061 1905 3258 1974 quippe
3281 1917 3403 1960 sunt
3427 1921 3549 1974 qua:
3576 1905 3689 1960 fieri

2110 1993 2250 2048 Deus
2277 1993 2409 2060 vult,
2434 1993 2538 2047 alia
2567 2008 2688 2062 qua:
2731 1995 2845 2048 fieri
2893 1996 3042 2048 sinit.
3075 1994 3199 2048 Vult
3232 2009 3359 2064 ergo
3403 1995 3524 2049 fieri
3547 1995 3691 2064 quod

2111 2082 2244 2136 facta
2269 2091 2557 2152 appareant
2583 2098 2704 2138 esse
2734 2084 2978 2138 meliora.
3012 2084 3081 2139 At
3110 2099 3238 2139 vero
3263 2083 3538 2140 deteriora
3569 2100 3692 2153 per-

2108 2175 2292 2241 mitit,
2325 2183 2383 2228 ut
2417 2174 2636 2229 libertas
2665 2175 2880 2229 humani
2921 2183 3132 2230 constet
3159 2175 3368 2230 arbitrii
3398 2175 3452 2230 in
3477 2193 3581 2247 qua
3604 2161 3716 2236 εἰσ.

2108 2270 2253 2326 bitrii
2281 2270 2530 2325 libertate
2564 2271 2829 2325 bonorum
2863 2271 3202 2325 malorumve
3226 2274 3588 2328 sectatoribus
3612 2275 3694 2329 di-

2111 2364 2234 2416 vino
2258 2363 2464 2432 judicio
2493 2363 2812 2418 exhibeatnr
2833 2363 3120 2417 retributio
3142 2363 3290 2432 jusla
3314 2365 3655 2420 meritorum.

2182 2453 2289 2508 lnt.
2316 2454 2371 2508 in
2402 2454 2499 2507 hac
2526 2453 2712 2508 eadem
2748 2453 2986 2522 Epistola
3010 2453 3136 2523 quid
3167 2454 3578 2523 intelligendum
3608 2467 3694 2511 est

2110 2544 2179 2599 de
2227 2544 2330 2597 hcc
2359 2543 2500 2613 quod
2533 2543 2786 2612 legimus:
2829 2543 2953 2610 Quis
3000 2543 3262 2596 accusabit
3313 2542 3502 2598 electos
3551 2545 3646 2599 Dei
3669 2548 3697 2600 .’

2112 2632 2249 2686 Deus
2277 2635 2364 2704 qui
2393 2633 2674 2704 justificat.
2711 2633 2838 2697 Quis
2868 2644 2938 2687 est
2968 2635 3054 2702 qui
3077 2634 3424 2689 condemnet?
3454 2634 3693 2691 Christus

2111 2723 2262 2777 Jesus
2284 2724 2371 2793 qui
2401 2733 2629 2776 mortuus
2657 2734 2746 2787 est,
2779 2724 2928 2778 immo
2956 2724 3044 2794 qui
3079 2726 3376 2790 resurrexit,
3415 2728 3506 2795 qui
3526 2739 3597 2780 est
3621 2729 3692 2779 ad

2113 2814 2373 2868 dexteram
2404 2814 2520 2880 Dei,
2568 2816 2654 2883 qui
2695 2815 2847 2868 etiam
2886 2815 3178 2886 interpel.'at
3210 2831 3305 2885 pro
3343 2819 3490 2871 nobis
3514 2818 3692 2890 (Rom.

2112 2921 2228 2968 vitt,
2269 2906 2382 2974 35).

2190 2997 2345 3068 Resp.
2393 2997 2520 3052 liceo
2567 2997 2618 3050 in
2650 2997 2842 3067 quibus
2873 2998 2978 3053 sibi
3023 2999 3137 3070 ipse
3191 3001 3494 3072 respondit,
3543 3001 3697 3071 quasi

436 3113 528 3152 cas
553 3112 675 3150 cum
701 3096 976 3164 jndicaris.
1003 3093 1120 3147 Jam
1152 3093 1318 3146 etiam
1357 3091 1578 3160 adjicit:
1610 3091 1664 3147 Si
1697 3103 1875 3146 autem
1911 3093 2007 3145 ini-
2035 3079 2083 3141 Ο
2117 3093 2408 3168 εἷρωνιικῶς
2437 3090 2682 3160 legenda.
2712 3091 2778 3144 Et
2800 3102 2882 3146 est
2907 3106 3098 3146 sensus
3124 3093 3254 3150 iste:
3282 3094 3395 3148 Nisi
3417 3094 3560 3148 forte
3585 3095 3698 3148 ele-

437 3189 612 3255 quitas
662 3196 844 3240 nostra
883 3185 1148 3253 justitiam
1192 3184 1285 3238 Dei
1315 3184 1679 3246 commendat,
1711 3182 1840 3252 quid
1867 3183 2012 3237 dice-

439 3280 607 3333 mus?
661 3278 756 3330 llic
811 3275 877 3330 de
933 3273 1253 3330 testimoniis
1305 3289 1424 3342 qua:
1486 3288 1648 3342 supra
1716 3283 2007 3342 posuerat,

441 3380 750 3426 nascentem
823 3365 1081 3421 cventilat
1154 3365 1504 3433 qumstionem
1538 3407 1552 3431 ,
1609 3372 1663 3418 et
1719 3364 2006 3432 adjungit:

441 3461 706 3530 Numquid
740 3458 951 3526 iniquus
998 3457 1138 3509 Deus
1167 3454 1264 3523 qui
1312 3453 1412 3508 fert
1457 3453 1615 3518 iram,
1643 3453 1694 3507 id
1731 3463 1809 3507 cst
1840 3453 2014 3507 vindi-

438 3553 623 3609 ctatu?
650 3547 957 3606 Secundum
991 3546 1258 3599 hominem
1278 3544 1421 3607 dico,
1455 3543 1558 3597 hoc
1584 3551 1685 3609 est,
1718 3543 2010 3597 secundum

448 3649 732 3702 humanam
763 3640 1147 3704 elocutionem,
1198 3637 1340 3706 quod
1377 3637 1526 3706 quasi
1574 3637 1813 3706 iniquum
1848 3636 2013 3689 Deum

446 3737 829 3808 appellaverat.
859 3732 951 3786 Vel
978 3731 1118 3800 quod
1149 3731 1280 3783 iram
1313 3732 1427 3797 ejus
1458 3727 1688 3793 dixerat,
1717 3727 1870 3795 cujus
1894 3739 2016 3794 pas-

442 3830 526 3883 sio
557 3829 608 3882 in
653 3827 820 3880 Deum
873 3838 980 3876 non
1029 3821 1203 3874 cadat.
1256 3818 1450 3873 Absit:
1484 3819 1585 3872 hoc
1615 3825 1719 3883 est,
1765 3818 1909 3872 absit
1945 3818 2014 3870 ita

444 3920 617 3987 credi,
650 3928 708 3972 ut
749 3917 990 3985 iniquum
1012 3913 1178 3967 Deum
1207 3925 1330 3967 esse
1359 3911 1635 3966 dicamus:
1683 3913 1792 3980 qui,
1827 3912 1872 3963 si
1903 3912 2018 3964 haec

443 4012 516 4063 ita
543 4017 688 4075 sunt,
725 4006 858 4060 iram
890 4004 1050 4057 infert
1079 4002 1433 4070 delinquenti.
1464 4001 1714 4069 Alioquin
1744 3999 2017 4069 quomodo

443 4101 701 4173 judicabit
726 4099 867 4152 Dcus
898 4095 1175 4157 mundum,
1201 4093 1302 4147 nisi
1346 4107 1555 4146 summa
1583 4095 1832 4161 :equitate
1861 4100 2018 4159 atque

442 4190 682 4262 justitia?
707 4186 908 4241 Deinde
931 4183 1202 4252 sequitur:
1233 4181 1286 4235 Si
1313 4184 1453 4234 enim
1483 4183 1680 4235 veritas
1703 4182 1796 4235 Dei
1821 4180 1872 4234 in
1897 4195 2019 4234 meo

443 4280 729 4337 mendacio
774 4275 1063 4330 abundavit
1092 4274 1144 4327 in
1183 4273 1408 4341 gloriam
1452 4273 1642 4341 ipsius.
1686 4272 1752 4326 Et
1801 4272 1902 4325 hoc
1948 4273 2021 4324 ita

446 4373 714 4442 preponit,
748 4377 806 4424 ut
827 4365 1121 4423 refellentis
1151 4363 1242 4429 sit,
1274 4379 1380 4419 non
1409 4364 1788 4432 approbantis:
1819 4363 1939 4432 quia
1973 4363 2016 4416 si

2113 3192 2231 3236 ctos
2261 3197 2390 3236 suos
2419 3192 2508 3235 aut
2555 3181 2694 3236 Deus
2719 3182 2811 3251 qui
2851 3184 3131 3251 justificat,
3184 3194 3275 3240 aut
3316 3186 3566 3240 Christus
3607 3187 3698 3253 qui

2115 3291 2212 3344 pro
2240 3275 2325 3328 his
2365 3283 2448 3329 est
2489 3283 2753 3339 mortuus,
2781 3274 3184 3331 condemnabit.
3222 3276 3444 3330 Minime
3489 3279 3698 3343 utique.

2115 3366 2202 3434 qui
2228 3365 2388 3419 etiam
2418 3364 2722 3433 interpellat
2753 3380 2848 3432 pro
2890 3365 3070 3420 nobis.
3103 3366 3214 3421 lloc
3237 3376 3322 3422 est
3347 3368 3492 3436 quod
3523 3367 3680 3422 diciL:

2115 3455 2282 3509 Nemo
2306 3455 2681 3510 condemnabit
2704 3456 2921 3510 electos.

2187 3545 2297 3600 Ι;.ι.
2333 3546 2470 3612 Quid
2499 3546 2837 3600 sentiendum
2863 3555 2948 3601 est
2983 3548 3037 3601 in
3062 3547 3162 3602 hoc
3185 3548 3304 3603 loco
3335 3551 3388 3603 in
3418 3563 3527 3616 quo
3549 3551 3701 3619 Apo-

2117 3637 2287 3692 stolus
2311 3639 2581 3706 loquitur:
2615 3637 2865 3708 Optabam
2895 3640 3029 3692 enim
3053 3656 3145 3709 ego
3170 3641 3279 3707 ipse
3300 3642 3574 3694 anathema
3593 3658 3706 3695 esse

2117 3745 2150 3781 a
2176 3727 2377 3781 Christo
2407 3744 2499 3797 pro
2529 3727 2778 3794 fratribus
2820 3729 2964 3790 meis,
2994 3730 3084 3798 qui
3103 3740 3223 3782 sunt
3247 3733 3451 3800 cognati
3492 3733 3590 3784 mei
3620 3748 3704 3785 se-

2120 3818 2344 3872 cundum
2372 3834 2600 3885 carnem,
2633 3828 2680 3870 et
2709 3819 2907 3887 reliqua
2933 3818 3112 3888 (Rom.
3135 3835 3213 3884 ιχ,
3248 3821 3345 3889 5)?

2193 3909 2350 3978 Resp.
2379 3908 2676 3962 Anathema
2722 3909 3012 3970 interdum.
3039 3919 3095 3964 ut
3123 3919 3178 3964 et
3225 3911 3332 3980 hic,
3364 3912 3706 3969 occisionem

2121 3997 2664 4068 interfectionetnquc
2689 3998 2972 4069 significat.
3002 4000 3140 4070 Ergo
3158 4001 3244 4054 hic
3265 4004 3562 4070 Apostolus
3579 4019 3708 4073 per-

2126 4093 2204 4147 ire
2235 4103 2385 4161 Optat
2422 4093 2474 4147 in
2504 4109 2692 4157 carne,
2743 4103 2799 4146 ut
2847 4092 2938 4146 alii
2970 4093 3248 4146 solventur
3277 4093 3330 4146 in
3383 4093 3598 4160 Spiritu.
3640 4096 3715 4148 Et

2124 4185 2308 4238 aliter:
2339 4185 2414 4238 lta
2441 4185 2526 4238 hic
2545 4183 2837 4252 Apostolus
2859 4185 2964 4236 vim
2989 4183 3165 4238 nimia:
3183 4185 3463 4238 charitatis
3485 4200 3713 4255 expres-

2125 4275 2216 4340 sit,
2243 4284 2506 4343 exoptans
2535 4275 2578 4329 si
2611 4275 2725 4328 fieri
2756 4275 2924 4344 possit
2951 4289 2981 4328 a
3023 4274 3241 4329 Christo
3263 4277 3554 4330 anathema
3585 4291 3713 4332 esse

2125 4383 2224 4438 pro
2270 4369 2555 4432 fratribus,
2604 4370 2742 4424 sicut
2767 4379 2818 4423 et
2847 4369 3058 4440 Moyses
3085 4370 3172 4438 qui
3217 4384 3339 4424 cum
3373 4386 3470 4438 pro
3512 4372 3712 4441 populo

446 4467 646 4522 veritas
665 4464 757 4518 Dei
785 4459 1067 4517 mendacio
1098 4459 1328 4514 hominis
1359 4457 1604 4528 indiguit,
1637 4472 1736 4512 nec
1766 4467 2016 4526 peccator
2041 4446 2097 4507 Β
2121 4477 2220 4516 δυο
2250 4461 2417 4517 neu...
2444 4471 2673 4529 ρειειοει,
2702 4462 2776 4515 an
2802 4479 2814 4514 ε
2865 4461 2928 4515 Et
2960 4478 3094 4515 nunc
3117 4505 3132 4527 ,
3168 4461 3422 4528 bonum.
3453 4464 3715 4534 siquidm

447 4569 719 4628 tamquam
749 4563 1021 4625 peccator,
1052 4551 1397 4622 judicabitur,
1430 4561 1484 4606 et
1513 4566 1631 4621 qua:
1675 4551 2017 4620 blasphema-

445 4651 577 4705 bant
623 4651 676 4702 in
705 4646 978 4717 apostolos
1019 4659 1145 4698 vera
1195 4643 1536 4697 videbuntur.
1569 4643 1711 4712 Ergo
1757 4643 1884 4712 quid
1933 4651 2018 4697 est

445 4739 587 4810 quod
618 4737 792 4790 dicit?
815 4735 883 4789 Et
908 4734 953 4788 si
977 4749 1042 4788 ex
1070 4733 1467 4802 comparatione
1494 4731 1768 4801 injustitire
1807 4732 2014 4802 justiti:

445 4832 728 4893 clarescat,
755 4840 860 4880 non
890 4825 1011 4879 ideo
1039 4835 1213 4878 tamen
1248 4825 1408 4878 homo
1433 4823 1660 4892 injustus
1683 4839 1801 4879 esse
1833 4824 2010 4893 debet,

446 4931 506 4975 ut
534 4919 681 4974 Deus
703 4918 881 4986 justus
907 4925 1176 4985 appareat.
1213 4916 1491 4969 Damnatio
1520 4931 1702 4970 eorum
1731 4917 1876 4985 justa
1907 4925 2014 4983 est,

445 5011 539 5082 qui
570 5025 666 5065 nos
693 5008 808 5062 hrec
833 5007 1100 5060 affirmant
1120 5006 1317 5060 dicere.
1347 5005 1485 5073 Quid
1514 5006 1728 5061 dicere?
1759 5007 2016 5062 faciamus

448 5104 612 5174 mala,
649 5112 707 5158 ut
743 5101 960 5155 veniant
991 5100 1148 5152 bona.
1209 5099 1539 5153 l‘utabantur
1579 5113 1757 5156 autem
1789 5101 2018 5168 apostoli

449 5196 590 5254 istud
619 5196 800 5250 dicere
826 5191 966 5262 apud
997 5206 1092 5246 eos
1125 5192 1212 5260 qui
1243 5190 1383 5245 male
1411 5192 1900 5261 interpretabantur
1937 5192 2020 5247 di-

450 5299 591 5344 ctum
623 5286 999 5358 apostolicum,
1035 5284 1160 5337 illud
1191 5286 1408 5352 utique:
1445 5282 1541 5339 Ubi
1586 5287 1858 5338 abundavit
1905 5302 2021 5354 pec-

449 5390 614 5433 catum
637 5374 1068 5446 superabundavit
1097 5375 1260 5444 gratia
1280 5374 1456 5445 (Rom.
1489 5391 1540 5442 v,
1565 5375 1678 5443 ‘20).

521 5468 626 5523 Int.
660 5468 796 5536 Quid
828 5467 956 5521 illud
1007 5474 1091 5520 est
1135 5467 1273 5535 quod
1309 5469 1530 5537 legimus
1561 5483 1575 5522 ι
1613 5466 1682 5521 Ut
1729 5469 1854 5538 quid
1890 5468 2022 5520 enim

452 5559 704 5622 Christus,
737 5575 852 5612 cum
881 5558 1052 5612 adhuc
1085 5557 1281 5624 inﬁrmi
1323 5574 1566 5622 essemus,
1600 5561 1877 5612 secundum
1900 5568 2024 5610 tem-

451 5666 548 5718 pus
579 5667 669 5718 pro
710 5653 884 5718 impiis
926 5665 1156 5706 mortuus
1181 5662 1250 5706 est
1269 5653 1295 5705 ?
1343 5650 1438 5706 Vix
1467 5655 1598 5707 enim
1624 5669 1720 5722 pro
1740 5654 1890 5722 justo
1915 5651 2025 5722 quis

2120 4557 2343 4609 dimittes
2363 4556 2468 4608 illis
2496 4564 2702 4622 peccata
2736 4553 2967 4620 illorum,
3007 4555 3239 4619 dimitte;
3265 4556 3343 4608 sin
3374 4566 3565 4622 autem,
3593 4557 3715 4612 dele

2120 4665 2198 4702 me
2228 4650 2290 4701 de
2314 4648 2443 4701 libro
2470 4657 2555 4700 tuo
2577 4662 2726 4712 quem
2753 4647 3004 4714 scripsisti
3035 4645 3230 4716 (Exod.
3265 4663 3434 4712 xxxii,
3463 4647 3578 4718 5i).

2189 4739 2216 4794 Ι
2225 4750 2298 4794 nt.
2325 4739 2466 4794 Idem
2489 4739 2723 4809 loquitur
2745 4737 2810 4791 de
2835 4737 2946 4792 Deo
2970 4756 2984 4793 :
3015 4736 3154 4807 Ergo
3181 4738 3265 4790 cui
3288 4737 3394 4791 vult
3415 4740 3713 4807 miseretur,

2119 4845 2325 4905 etquem
2344 4832 2448 4886 vult
2470 4832 2676 4885 indurat
2701 4830 2967 4900 (Rom.ix,
2999 4830 3117 4898 18):
3147 4829 3274 4899 quid
3301 4829 3390 4885 hic
3407 4836 3733 4900 sequemur?

2193 4924 2345 4994 Resp.
2381 4923 2662 4976 lnduratur
2705 4935 2800 4974 cor
2839 4919 2988 4984 Deo,
3033 4919 3161 4973 dum
3208 4920 3496 4975 criminum
3546 4937 3713 4991 pretia

2118 5015 2380 5070 differtur.

2193 5105 2299 5160 Im.
2334 5106 2562 5159 Rursum
2594 5103 2708 5173 ipse
2737 5103 2967 5158 affirmat
2994 5104 3177 5158 dicens
3206 5123 3216 5156 ;
3267 5104 3418 5171 Quod
3454 5109 3719 5177 qua-relict

2123 5195 2290 5251 Israel
2318 5213 2416 5249 non
2446 5205 2518 5248 est
2549 5203 2842 5247 consecutus
2867 5211 2883 5247 :
2913 5194 3088 5248 electio
3117 5205 3286 5249 autent
3311 5207 3585 5251 consecuta
3615 5211 3713 5264 est,

2123 5299 2289 5342 ccetert
2320 5303 2432 5340 vero
2457 5287 2693 5339 excwcati
2719 5296 2833 5339 sunt
2860 5284 3032 5354 (Rom.
3068 5301 3142 5351 xi,
3174 5286 3266 5356 7):
3295 5285 3416 5355 quis
3443 5289 3603 5358 hujus
3638 5291 3716 5344 rei

2124 5393 2312 5434 sensus
2341 5379 2454 5432 est?

2201 5468 2355 5539 Resp.
2387 5469 2500 5522 Non
2532 5469 2653 5538 quia
2683 5467 2826 5522 Deus
2855 5468 3020 5522 ullum
3051 5469 3320 5523 volentem
3346 5471 3592 5540 aspicere
3614 5488 3716 5526 ce-

2129 5562 2288 5615 citate
2315 5560 2606 5628 pcrcntiat:
2638 5559 2760 5628 quia
2791 5574 2982 5620 omnes.
3015 5559 3152 5614 sicut
3180 5559 3451 5628 scribitur,
3476 5563 3584 5615 vult
3615 5563 3718 5614 sil-

2130 5671 2216 5710 vos
2241 5653 2354 5724 ﬁeri
2381 5648 2433 5724 (ι
2465 5649 2596 5704 Tim.
2625 5665 2685 5716 rt,
2713 5648 2770 5720 ι)
2797 5666 2811 5700 :
2845 5649 2939 5706 sed
2967 5650 3086 5705 illos
3115 5651 3200 5720 qui
3231 5651 3436 5720 seipsos
3477 5668 3715 5708 excaeca-
