3932 6170
298 304 403 361 805

1486 305 2035 368 INSTRUCTIONUM
2078 311 2278 371 LlBER
2320 337 2356 371 ι.

3457 333 3561 389 806

293 422 507 478 verant,
560 427 656 482 pro
698 413 1045 468 retributione
1091 413 1305 468 malitia:
1352 414 1545 470 dicitur
1592 418 1875 474 tradidisse
1904 425 1949 480 Α
2054 423 2205 495 Resp.
2240 427 2291 481 Id
2322 437 2424 495 est,
2458 444 2563 484 non
2597 448 2782 489 omnes
2810 435 2864 490 in
2894 436 3115 505 gloriam
3138 438 3557 508 immutabimur.

291 504 403 575 [ΑΙ.
438 502 690 577 tradere],
720 504 842 557 dum
874 502 1096 559 deserit.
1130 505 1364 561 Tradere
1392 505 1536 561 enim
1562 507 1770 563 Domini
1796 521 1879 566 est

286 598 619 666 relinquere.

367 688 473 742 Int.
498 688 736 755 Qualiter
766 687 1133 758 accipiendum
1166 697 1247 742 cst
1275 687 1401 742 illud
1431 689 1572 759 quod
1591 691 1872 746 scribitur:

284 779 350 833 Si
378 779 607 832 esurierit
638 779 872 832 inimicus
902 788 1041 842 tuus,
1067 779 1181 833 ciba
1210 780 1355 833 illum
1373 796 1392 845 ;
1432 781 1476 833 si
1515 782 1653 847 sitit,
1698 794 1873 848 potum

280 872 355 920 da
384 870 500 921 illi:
528 869 623 921 hoc
652 871 786 922 enim
812 870 1025 939 faciens,
1049 870 1289 925 carbones
1315 872 1444 942 ignis
1460 889 1706 943 congeres
1722 890 1875 947 super

277 970 441 1027 caput
468 963 576 1031 ejus
605 959 782 1029 (Rom.
813 977 908 1026 xu,
931 960 1047 1031 20).

358 1053 511 1120 Resp.
544 1052 653 1106 Hoc
673 1063 774 1115 θεῖ,
800 1054 974 1122 ignem
1000 1054 1423 1123 compunctionis
1443 1069 1722 1124 congeres,
1748 1070 1869 1111 cum

276 1141 421 1194 bona
444 1157 539 1209 pro
557 1142 710 1195 malis
744 1141 957 1197 reddes.
974 1143 1042 1197 Et
1059 1144 1212 1197 aliter
1237 1161 1250 1197 :
1276 1142 1391 1197 Non
1414 1144 1553 1212 quod
1572 1144 1673 1199 hoc
1690 1145 1869 1199 animo

274 1232 529 1287 inimicus
561 1235 707 1303 pasci
737 1235 954 1299 debeat,
984 1245 1042 1289 ut
1071 1236 1332 1290 carbones
1362 1237 1500 1305 ignis
1527 1252 1688 1306 super
1712 1247 1871 1307 caput

274 1326 402 1391 ejus
433 1326 555 1378 dum
586 1325 820 1393 pascitur
848 1336 1269 1395 congregemur;
1303 1327 1396 1382 sed
1437 1329 1579 1394 quod
1621 1329 1867 1383 inimicus

274 1419 376 1472 ille
402 1434 521 1472 cum
554 1419 690 1472 bona
724 1434 817 1485 pro
845 1419 999 1473 malis
1030 1420 1242 1488 recipit,
1271 1420 1315 1472 si
1344 1420 1486 1474 nulla
1516 1421 1729 1474 malitia:
1755 1437 1866 1476 suae

272 1508 593 1577 poenitentia
621 1519 1030 1574 commovetur,
1075 1511 1188 1579 ipse
1231 1510 1333 1565 sibi
1384 1511 1559 1578 potius
1605 1512 1866 1567 carbones

272 1603 416 1670 ignis
444 1618 603 1671 super
633 1611 789 1670 caput
814 1617 968 1656 suum
1001 1611 1275 1670 optigerat.

351 1693 460 1746 Int.
491 1694 618 1747 Cum
643 1704 865 1764 potestas
894 1710 993 1745 non
1023 1694 1087 1746 sit
1118 1695 1215 1747 nisi
1242 1710 1273 1745 a
1298 1692 1429 1759 Deo,
1460 1696 1600 1749 sicut
1632 1698 1861 1765 Aposto-

1984 516 2102 583 quia
2137 520 2459 575 resurrectio
2502 530 2559 577 et
2606 524 2932 595 incorruptio
2980 533 3280 587 communis
3322 547 3405 590 est
3446 551 3561 591 om-

1979 608 2148 671 nium.
2174 611 2473 668 immutatio
2495 624 2672 671 autem
2697 618 2761 672 ad
2784 621 3007 688 gloriam
3030 625 3245 693 proprie
3264 628 3555 697 justorutn.

2506 721 2543 759 ιι
2581 723 2649 762 ΑΒ
2686 724 3013 766 εοιιικτιιιος.

2046 790 2154 844 Int.
2184 792 2468 861 Apostolus
2497 797 2661 851 dicit:
2698 799 3033 856 Ubsecramus
3064 821 3159 873 pro
3199 806 3435 875 Christo,
3477 824 3557 864 re-
3634 786 3639 805 τ

1972 884 2315 939 conciliamini
2345 886 2452 940 Deo
2475 904 2493 940 :
2519 905 2632 942 eum
2660 892 2744 960 qui
2772 908 2873 945 non
2911 906 3115 948 noverat
3148 908 3436 966 peccatum,
3464 917 3555 970 pro

1970 973 2114 1026 nobis
2140 984 2401 1041 peccatum
2429 978 2567 1045 fecit,
2597 990 2652 1032 ut
2677 998 2767 1034 nos
2797 982 3099 1051 eﬂ‘iccremur
3117 989 3324 1056 justitia
3365 990 3463 1044 Dei
3500 993 3554 1045 in

1970 1064 2082 1131 ipso
2112 1065 2185 1134 (II
2216 1065 2333 1119 Cor.
2366 1082 2421 1134 ν,
2450 1069 2540 1138 ‘20)
2569 1088 2580 1121 :
2613 1071 2737 1139 quid
2771 1072 2857 1125 hic
2884 1081 3202 1143 sequemur?

2042 1153 2195 1224 Resp.
2226 1155 2684 1223 Reconciliamini,
2720 1161 2924 1230 inquit,
2956 1164 3067 1218 Deo
3093 1204 3109 1229 ,
3150 1168 3237 1234 qui
3278 1166 3551 1225 Christum

1970 1240 2092 1296 fecit
2122 1242 2351 1299 hostiam
2382 1263 2477 1316 pro
2511 1258 2747 1317 peccato.
2794 1251 3078 1307 Peccatum
3125 1270 3253 1311 vero
3296 1260 3555 1327 appellari

1969 1333 2135 1399 ipsam
2167 1334 2424 1402 hostium,
2468 1340 2512 1394 si
2554 1340 2605 1394 in
2650 1342 2819 1396 veteri
2868 1342 3217 1400 Testamento
3264 1352 3503 1417 requiras
3532 1394 3548 1419 ,

1968 1424 2227 1479 invenies.
2259 1427 2437 1483 Potest
2467 1430 2605 1485 istud
2634 1442 2686 1485 et
2713 1434 2783 1486 ita
2819 1433 3066 1503 intelligi,
3095 1438 3291 1491 factum
3319 1439 3546 1495 hostiam

1968 1528 2062 1582 pro
2085 1527 2297 1582 peccato
2321 1518 2608 1587 Christum,
2628 1523 2747 1592 quia
2773 1523 2964 1578 Filium
2986 1541 3140 1581 suum
3163 1529 3302 1585 misit
3324 1531 3377 1586 in
3400 1534 3553 1589 simi-

1964 1605 2191 1661 litudine
2215 1611 2391 1665 carnis
2422 1615 2643 1680 peccati.

2039 1696 2143 1749 Int.
2174 1696 2338 1752 Datus
2366 1712 2459 1766 est,
2494 1703 2682 1771 inquit,
2711 1706 2835 1759 mihi
2860 1708 3097 1763 stimulus
3123 1712 3290 1765 carnis
3316 1730 3439 1769 mea:
3457 1733 3553 1769 an-

269 1785 362 1838 lus
390 1786 518 1839 dicit
547 1786 717 1855 (Rom.
752 1801 865 1853 xm,
906 1784 982 1854 l),
1014 1800 1110 1839 cur
1141 1802 1245 1839 non
1285 1803 1472 1842 omnes
1516 1789 1652 1844 bene
1694 1791 1862 1860 accipi
1893 1780 1938 1839 Β
1966 1790 2108 1858 gelus
2133 1790 2364 1857 Satauw,
2388 1796 2476 1863 qui
2505 1812 2583 1849 me
2613 1798 2893 1869 colaphizet
2921 1801 2997 1873 (ΙΙ
3027 1801 3143 1856 Cor.
3171 1820 3266 1869 xu,
3298 1806 3350 1877 7)
3377 1823 3389 1860 :
3420 1823 3551 1878 quo-

267 1894 391 1933 eam
425 1879 667 1932 adminisl
680 1890 859 1933 rantes
892 1879 1265 1947 reperiuntur?

349 1968 501 2037 Resp.
534 1968 662 2034 Quia
694 1979 747 2024 et
778 1971 937 2023 vitam
971 1970 1109 2024 hanc
1149 1984 1336 2024 omnes
1373 1971 1648 2040 mqualiter
1673 1988 1703 2027 a
1748 1974 1858 2029 Deo

267 2061 511 2128 Cupiunt,
544 2077 640 2115 nec
671 2069 844 2115 tamen
875 2078 1064 2116 omnes
1096 2063 1377 2130 mqualiter
1403 2063 1607 2119 vivunt.

817 2170 835 2208 I
873 2172 939 2209 AD
977 2171 1311 2210 CORINTKIOS.

345 2244 452 2299 Int.
498 2245 698 2309 Omne,
750 2246 959 2315 inquit,
993 2258 1249 2315 peccatum
1291 2251 1641 2319 quodcumque
1685 2252 1858 2321 fecerit

265 2339 445 2403 homo,
472 2350 613 2391 extra
635 2354 819 2406 corpus
847 2347 956 2402 est;
987 2340 1072 2408 qui
1099 2350 1265 2392 autem
1308 2340 1592 2407 fornicatur
1610 2381 1625 2408 ,
1660 2342 1711 2394 in
1738 2358 1853 2395 cor-

265 2448 366 2500 pus
393 2445 544 2482 suum
572 2439 741 2499 peccat
781 2428 839 2499 (ι
878 2427 994 2483 Cor.
1028 2445 1101 2497 Vt,
1144 2430 1274 2500 18):
1319 2430 1445 2501 quid
1490 2432 1578 2487 hic
1613 2434 1847 2489 sentiens

265 2523 398 2573 dum
426 2521 547 2573 est?

348 2612 498 2683 Resp.
532 2613 684 2681 Quod
715 2622 906 2669 caetera
937 2624 1150 2683 peccata
1184 2629 1278 2685 per
1299 2629 1493 2683 corpus
1521 2617 1855 2674 estrinsccus

264 2704 642 2771 admittautur,
676 2705 953 2759 foruicatio
981 2707 1091 2760 sola
1136 2705 1188 2759 in
1233 2708 1474 2775 corporis
1521 2709 1855 2776 passionibus

263 2796 694 2850 administretur.

342 2884 448 2938 Int.
484 2886 721 2951 Qualiter
750 2887 900 2941 locus
930 2887 1020 2942 ille
1048 2887 1306 2956 accipitur
1337 2888 1387 2941 in
1417 2902 1523 2957 quo
1560 2890 1849 2945 scribitur:

206 2998 211 3001 ‘
263 2977 539 3047 Numquid
565 2980 737 3032 domos
760 2996 858 3032 non
881 2980 1070 3032 habetis
1092 2981 1157 3033 ad
1178 2982 1593 3034 manducandum
1616 2992 1662 3034 et
1683 2982 1854 3036 biben-

264 3071 540 3123 dum?nut
576 3070 853 3123 Ecclesium
902 3068 994 3123 Dei
1041 3072 1397 3137 contemnitis,
1445 3081 1493 3125 et
1540 3073 1853 3142 confunditis

264 3179 351 3215 eos
377 3163 462 3230 qui
496 3180 593 3214 non
621 3161 804 3215 habent
838 3162 887 3231 (l
919 3161 1039 3216 Cor.
1064 3178 1139 3230 XI,
1169 3160 1297 3232 2'2)?

342 3253 494 3323 Resp.
526 3254 677 3321 Apud
708 3252 1011 3306 Corinthios
1040 3255 1322 3321 quondam,
1353 3256 1487 3309 sicut
1515 3255 1680 3325 aliqui
1705 3272 1853 3312 asse-

267 3358 415 3410 runt,
446 3361 603 3413 prava
633 3345 927 3399 iuvalucrat
954 3346 1316 3411 consuetudo,
1360 3348 1615 3402 ecclesias
1653 3349 1849 3412 passim

269 3437 627 3491 dehonestare
656 3436 946 3500 conviviis,
978 3438 1030 3490 in
1078 3436 1276 3506 quibus
1325 3439 1677 3493 vescebantur
1727 3451 1854 3494 ante

269 3528 606 3583 Dominicmt
637 3528 985 3593 oblationem,
1017 3544 1174 3596 quam
1208 3536 1326 3595 post
1351 3543 1558 3583 cuinam
1607 3531 1855 3585 noctibus

269 3622 609 3676 inferebant:
657 3634 885 3689 cumque
928 3620 1119 3674 divites
1164 3620 1301 3674 ebrii
1348 3620 1415 3672 ad
1464 3621 1854 3675 Eucharistiam

270 3714 546 3777 venirent,
576 3713 903 3767 vorabantur
933 3712 1118 3780 inopes
1150 3712 1308 3766 l'ame.
1338 3712 1447 3765 Mos
1480 3727 1606 3766 vero
1632 3713 1732 3766 iste
1754 3753 1767 3775 ,
1802 3721 1859 3766 ut

271 3805 525 3866 refertur,
553 3803 619 3857 de
647 3803 883 3872 gentium
933 3802 1106 3856 adhuc
1152 3802 1533 3871 superstitione
1583 3803 1854 3858 veniebat.

270 3895 428 3951 Unde
454 3895 610 3948 etiam
637 3894 953 3963 quibusdam
986 3892 1116 3947 locis
1147 3909 1240 3962 per
1288 3892 1506 3964 Egypti
1556 3910 1677 3947 rura
1707 3937 1723 3962 ,
1774 3895 1858 3949 vel

266 3987 463 4058 Syria',
497 3985 582 4040 die
609 3986 810 4039 sabbati
841 3996 996 4039 nocte
1026 3994 1145 4055 post
1178 4000 1383 4039 caenam
1424 3984 1621 4038 dicitur
1666 3984 1731 4038 ad
1772 4000 1859 4040 ec-

266 4079 492 4133 clesiam
520 4077 828 4132 convenire.
1316 4088 1324 4095 '

342 4169 454 4223 Int.
482 4168 786 4236 Cujusmodi
820 4167 1101 4237 prophetia
1132 4179 1215 4222 cst
1246 4168 1311 4222 de
1342 4184 1442 4238 qua
1472 4168 1763 4223 scribitur:
1799 4167 1861 4222 Si

267 4270 443 4313 autem
473 4275 644 4312 omnes
672 4257 967 4330 praphetent
993 4303 1007 4326 ,
1043 4259 1197 4312 intret
1238 4270 1410 4312 autem
1448 4259 1560 4329 quis
1604 4257 1860 4326 inﬁdelis,

268 4352 347 4405 rel
370 4350 867 4415 idiota,convincitur
878 4349 940 4400 ab
955 4348 1263 4412 omnibus,di
1267 4349 1527 4419 judiratur
1538 4348 1599 4400 ab
1613 4348 1863 4412 omnibus,

269 4444 471 4497 occulta
498 4442 627 4493 enim
649 4438 817 4493 cordis
836 4439 947 4508 ejus
970 4440 1239 4517 manifesta
1258 4439 1389 4507 ﬁunt
1410 4438 1451 4508 (Ι
1472 4436 1587 4491 Cor.
1611 4452 1720 4503 xtv,
1748 4436 1862 4508 24),

1964 1882 2122 1935 nde
2152 1884 2286 1937 istud
2317 1888 2683 1955 accipiendum
2714 1892 2833 1944 est?

2036 1972 2189 2041 Resp.
2223 1974 2413 2029 Dicunt
2440 1978 2654 2045 quidam
2686 1980 3001 2048 ApOstulum
3029 2000 3171 2055 saepe
3199 1987 3383 2044 dolore
3405 1991 3552 2059 capi-

1961 2060 2029 2112 tis
2055 2076 2174 2115 che
2200 2073 2468 2119 vexatura.
2503 2067 2693 2121 Melius
2724 2081 2901 2125 autem
2949 2085 3074 2140 puto
3124 2076 3192 2129 ita
3238 2079 3449 2146 accipi,
3494 2088 3553 2133 ut

1960 2151 2325 2217 colapbizatus
2358 2154 2407 2207 in
2446 2155 2552 2208 illis
2604 2160 2948 2225 passiouibus
3002 2163 3367 2231 intelligatur,
3416 2184 3548 2237 quas

1939 2244 2289 2296 enumeravit
2322 2244 2457 2313 ipse,
2487 2246 2673 2301 dicens
2700 2267 2713 2301 :
2748 2249 2843 2302 Ter
2870 2253 3023 2321 virgis
3052 2270 3211 2309 caesus
3238 2274 3371 2320 sum,
3394 2260 3549 2311 semel

1959 2334 2216 2403 lapidatus
2245 2351 2378 2401 sum,
2410 2346 2516 2390 etc.
2551 2338 2634 2408 (ll
2659 2340 2777 2393 (ἔον.
2820 2356 2896 2404 x1,
2938 2342 3055 2413 ‘25).
3095 2344 3377 2400 Stimulum
3419 2362 3548 2417 ergo

1958 2427 2139 2478 carnis
2166 2427 2397 2494 appellat
2427 2430 2822 2486 tribulationem
2854 2436 3067 2500 carnis;
3097 2447 3151 2491 et
3177 2440 3423 2507 angelum
3456 2440 3548 2494 Sa-

1958 2523 2097 2568 tana:
2128 2516 2273 2570 illum
2305 2533 2409 2587 quo
2435 2522 2583 2589 quasi
2616 2521 2917 2578 immissore
2952 2532 3097 2580 tanta
3144 2527 3235 2581 illa
3277 2538 3547 2598 pateretur

1956 2607 2208 2662 ostendit.

2556 2720 2622 2757 AD
2662 2719 2933 2760 EPHESIOS.

2029 2790 2136 2845 Int.
2164 2793 2442 2859 Quomodo
2472 2795 2872 2865 intelligendum
2906 2810 2986 2853 cst
3018 2801 3118 2856 hoc
3149 2804 3288 2871 quod
3312 2805 3544 2874 Aposto-

1956 2883 2038 2939 lus
2069 2886 2273 2950 scribit,
2306 2888 2446 2956 quod
2479 2892 2801 2957 proposuerit
2828 2890 3080 2946 Dominus
3109 2895 3163 2947 in
3202 2896 3543 2966 dispensatio-

1954 2990 2067 3026 nem
2089 2976 2415 3045 plenitudinis
2436 2989 2718 3049 temporum
2742 2981 3034 3036 instaurare
3050 2987 3220 3038 omnia
3243 2988 3293 3039 in
3318 2987 3541 3056 Christo,

1954 3080 2067 3132 qu-e
2101 3066 2152 3118 in
2179 3067 2335 3129 caelis,
2369 3076 2415 3120 et
2442 3084 2554 3138 qua:
2582 3070 2633 3122 in
2666 3079 2801 3123 terra
2830 3082 2947 3125 sunt
2976 3074 3027 3126 in
3056 3074 3223 3145 ipsum
3256 3075 3415 3147 (Eph.
3460 3081 3544 3153 t)?

1879 3134 1924 3197 Ο
2026 3155 2183 3223 Resp.
2211 3155 2345 3211 Vere
2369 3134 2561 3211 niirum
2588 3168 2672 3213 est
2692 3161 2819 3229 quid
2844 3178 2983 3218 nunc
3007 3134 3283 3233 reparetur
3300 3134 3353 3220 iit
3376 3134 3538 3223 caeli).

1954 3243 2253 3314 Reparatur
2280 3262 2407 3317 ergo
2451 3250 2746 3305 secundum
2789 3255 3098 3321 opinionem
3145 3259 3499 3326 quorumdam
3526 3306 3542 3331 ,

1954 3336 2045 3391 illa
2073 3353 2193 3407 qua:
2223 3355 2342 3394 cum
2378 3342 2615 3410 principe
2644 3358 2741 3398 suo
2772 3347 2967 3399 cecidit
2994 3349 3304 3417 angelorum
3342 3354 3543 3423 portio,

1955 3443 2050 3497 per
2073 3440 2412 3498 augmentum
2445 3434 2860 3505 societatemque
2885 3447 3216 3505 Sanctorum,
3246 3442 3312 3496 de
3350 3444 3542 3512 quibus

1954 3520 2242 3575 scribitur:
2280 3524 2386 3577 Sed
2410 3536 2527 3579 sunt
2554 3528 2684 3579 sicut
2723 3527 2892 3596 angeli
2927 3534 2980 3581 in
3003 3531 3124 3583 caelo
3151 3531 3366 3599 (Matth.
3399 3550 3541 3603 xm,

1956 3610 2068 3679 30).
2106 3611 2439 3680 Reparantnr
2467 3631 2675 3683 quoque
2703 3617 2878 3670 omnia
2914 3619 2964 3671 in
3000 3628 3172 3684 terra,
3218 3635 3340 3675 cum
3379 3625 3541 3678 etiam

1959 3700 2013 3753 in
2042 3702 2211 3755 locum
2237 3702 2596 3758 deficientium
2620 3705 2926 3759 Judazorum
2950 3708 3302 3763 admittuntur
3324 3713 3543 3767 creden-

1961 3798 2039 3845 tes
2070 3807 2133 3845 ex
2159 3793 2421 3860 gentibus.
2454 3795 2519 3847 Et
2542 3796 2735 3849 aliter:
2768 3796 3131 3850 Instnttrantur
3155 3814 3278 3865 quae
3322 3813 3448 3854 sunt
3488 3805 3540 3857 in

1964 3892 2125 3951 terra,
2159 3884 2283 3937 dum
2314 3900 2411 3939 nos
2444 3900 2539 3954 per
2560 3885 2864 3940 Mediatoris
2886 3889 3057 3942 nostri
3079 3891 3391 3959 sanguinem
3415 3909 3543 3948 con-

1962 3975 2393 4043 ciliationemque
2423 3991 2755 4045 reparamur.
2779 3976 3114 4045 Reparantur
3135 3982 3398 4048 caelestia,
3423 3999 3545 4039 cum

1964 4065 2032 4122 de
2058 4066 2227 4120 salute
2253 4076 2438 4120 nostra
2464 4066 2709 4137 gaudium
2747 4068 2979 4123 nascitur
3003 4071 3335 4139 angelorum.

2037 4158 2145 4213 Int.
2173 4158 2307 4223 Quid
2339 4167 2421 4212 est
2446 4159 2584 4227 quod
2614 4160 2898 4228 Apostolus
2928 4160 3158 4230 loquitur
3186 4163 3254 4218 de
3292 4165 3402 4221 Deo
3441 4167 3545 4224 Pa-

1968 4257 2048 4302 tre
2073 4267 2084 4302 :
2116 4247 2199 4301 Ea:
2226 4265 2325 4317 quo
2356 4250 2517 4302 onmis
2543 4252 2822 4319 paternitas
2847 4251 2900 4303 in
2925 4253 3064 4306 calls
3090 4264 3133 4307 et
3156 4255 3207 4309 in
3230 4264 3364 4311 terra
3386 4262 3549 4316 nomi-

1968 4348 2121 4392 natur
2148 4338 2309 4408 (Eplt.
2343 4355 2420 4407 tn,
2454 4340 2584 4408 i5)?

2042 4430 2197 4499 Resp.
2229 4432 2357 4496 Quia
2385 4446 2504 4484 cum
2538 4431 2628 4485 ille
2669 4432 2825 4486 nobis
2865 4432 3022 4486 Pater
3057 4434 3262 4503 primus
3300 4448 3350 4490 ct
3387 4455 3549 4496 veru;

342 4532 503 4602 Resp.
526 4530 825 4598 Proplietiae
844 4495 1013 4597 genus
1033 4495 1227 4597 duplei
1249 4495 1364 4582 est:
1390 4495 1649 4581 doctrina:
1667 4495 1851 4595 unum,
1894 4495 1947 4554 D
1970 4524 2058 4589 sit,
2090 4524 2155 4577 ab
2188 4523 2328 4576 illius
2355 4522 2567 4577 nomine
2594 4523 2870 4578 derivatur
2894 4526 3109 4595 quando
3134 4527 3221 4582 alii
3255 4539 3435 4598 patres
3456 4549 3549 4604 ap.

271 4621 417 4676 aliud
445 4618 807 4674 divinationis.
836 4618 941 4671 Sed
972 4617 1228 4672 divinatio
1269 4618 1557 4687 praeteritis
1601 4620 1856 4687 tempori-

272 4714 371 4768 bus
392 4712 560 4782 magis
580 4713 762 4780 viguit,
779 4711 1020 4767 doctrina
1045 4713 1417 4780 praisentibus.
1443 4712 1661 4766 Occulta
1680 4720 1857 4766 autem

272 4802 455 4858 cordis
476 4802 592 4871 ejus
614 4802 894 4857 manifesta
920 4803 1073 4867 liunt,
1096 4801 1220 4854 dum
1245 4801 1299 4853 in
1344 4801 1583 4855 Ecclesia
1622 4801 1859 4869 prophe-

274 4902 424 4947 tante
453 4892 675 4946 doctore
699 4893 1023 4948 conscientia
1049 4890 1423 4960 compungitur
1447 4891 1732 4946 audientis.

348 4982 459 5036 Int.
490 4982 626 5047 Ouid
654 4992 739 5037 est
764 4985 904 5053 quod
935 4983 1212 5045 scribitur,
1253 4980 1535 5035 traditurus
1574 4978 1746 5034 Filius
1784 4997 1864 5035 re-

277 5089 438 5144 gnum
465 5071 574 5125 Deo
599 5070 746 5129 Patri
772 5071 824 5141 (l
854 5072 975 5126 Cor.
1007 5087 1095 5136 xv,
1123 5070 1251 5143 24)?

352 5163 513 5231 Resp.
546 5161 862 5216 Traditurus
891 5163 1129 5232 quidem,
1157 5162 1252 5217 sed
1285 5170 1463 5217 tamen
1503 5177 1607 5216 non
1646 5164 1717 5216 ita
1760 5171 1867 5217 tra-

281 5255 514 5321 diturus,
546 5264 602 5310 ut
626 5265 829 5310 careat.
857 5254 1097 5310 Traditio
1123 5266 1301 5311 autem
1330 5257 1477 5324 regni
1521 5266 1702 5309 nostra
1747 5272 1868 5325 pro-

283 5349 459 5403 sectio
484 5356 587 5413 est,
614 5358 738 5402 tunc
762 5362 882 5402 cum
908 5361 1028 5403 esse
1055 5363 1122 5404 ex
1153 5349 1359 5419 integro
1381 5347 1502 5403 Filii
1523 5349 1869 5403 metueritnus

281 5440 336 5493 in
365 5438 540 5492 Patris
569 5454 752 5509 regno.

360 5527 467 5582 Int.
496 5530 631 5597 Quid
664 5529 765 5583 sibi
790 5530 902 5585 vult
927 5530 1053 5586 illud
1081 5530 1222 5600 quod
1248 5531 1526 5585 scribitur:
1556 5530 1739 5584 Omnes
1763 5530 1876 5600 qui-

282 5630 401 5672 dem
430 5637 772 5691 rcsurgemus,
803 5621 892 5677 sed
918 5639 1021 5678 non
1049 5638 1220 5677 omnes
1259 5623 1638 5678 immutabimur
1667 5623 1723 5696 (ι
1754 5624 1869 5680 Cor.

284 5728 377 5783 xv,
406 5712 533 5783 5i)?

1967 4617 2248 4687 pellantur.

2039 4706 2149 4761 Int.
2188 4707 2465 4773 Quomodo
2502 4708 2788 4777 Apostolus
2829 4709 2995 4766 dicit:
3039 4712 3252 4769 Honora
3282 4727 3474 4786 patrem
3506 4729 3551 4775 et

1970 4807 2201 4862 matrem,
2234 4800 2371 4867 quod
2415 4805 2489 4850 est
2538 4799 2835 4852 mandatum
2869 4803 3092 4870 primunt
3137 4805 3301 4874 (Eph.
3349 4824 3419 4874 v1,
3461 4810 3546 4880 2),

1971 4904 2091 4943 cum
2116 4890 2167 4942 in
2192 4888 2474 4958 mandatis,
2499 4897 2557 4942 ut
2576 4889 2787 4959 quidam
2812 4892 3080 4959 ordinant,
3103 4905 3295 4964 quarto
3320 4900 3388 4952 sit
3409 4901 3553 4954 loco?

2045 4978 2199 5047 Resp.
2235 4978 2405 5048 Aliqui
2438 4979 2504 5033 de
2535 4979 2634 5033 hoc
2671 4980 2740 5032 ita
2784 4980 3056 5036 disserunt
3099 4986 3377 5041 dicentes:
3425 4990 3554 5043 Tria

1974 5069 2059 5122 illa
2094 5068 2339 5122 mandata
2370 5083 2487 5137 qua:
2514 5070 2788 5136 superiora
2835 5080 2999 5135 sunt,
3043 5074 3222 5127 omnia
3268 5076 3336 5130 ad
3386 5077 3552 5132 Deum

1975 5160 2259 5228 pertinent,
2288 5168 2491 5227 septem
2522 5162 2799 5227 sequentia
2827 5161 2893 5213 ad
2925 5161 3228 5230 hominem;
3259 5175 3313 5219 et
3340 5167 3436 5219 tria
3468 5168 3553 5222 illa

1974 5252 2041 5307 ad
2069 5253 2234 5305 Deum
2268 5251 2581 5319 pertinentia
2616 5252 2667 5305 in
2701 5268 2801 5305 una
2846 5253 2978 5322 legis
3025 5255 3146 5307 talis
3188 5256 3363 5310 tabula
3405 5268 3555 5313 tene-

1977 5343 2200 5406 bantur,
2244 5342 2296 5394 in
2337 5341 2436 5395 alia
2475 5355 2604 5396 vero
2639 5341 2813 5394 tabula
2847 5352 3108 5411 prmcepta
3139 5344 3225 5397 illa
3256 5357 3407 5401 erant
3436 5363 3554 5418 qua:

1977 5435 2040 5487 ad
2075 5433 2342 5487 hominem
2375 5434 2727 5502 pertinebant.
2762 5433 2873 5488 Hoc
2921 5435 3100 5504 itaque
3148 5439 3451 5492 mandatum
3504 5443 3555 5499 in

1977 5534 2179 5594 septem
2204 5513 2465 5579 mandatis
2492 5541 2611 5595 qua:
2640 5525 2704 5579 ad
2745 5526 3048 5594 proximum
3097 5530 3401 5597 pertinent,
3447 5536 3556 5599 pri-

1981 5634 2123 5673 mum
2149 5626 2250 5674 est.
2285 5616 2385 5670 Alii
2415 5631 2544 5670 vero
2572 5616 2660 5686 qui
2691 5616 2793 5670 hoc
2818 5616 3127 5672 mandatum
3174 5635 3279 5675 non
3325 5638 3513 5691 quarto
3540 5669 3557 5696 ,

1982 5714 2073 5768 sed
2100 5713 2285 5782 quinto
2317 5710 2456 5776 loco,
2492 5708 2632 5778 quod
2662 5718 2711 5764 et
2746 5724 2842 5765 nos
2869 5710 3190 5780 probamus,
3221 5727 3340 5770 esse
3367 5716 3555 5775 COltﬁP
