3932 6170
425 303 529 360 807

1415 287 1467 342 8.
1511 278 1831 340 EUCilERll
1873 270 2354 334 LUGDUNENSIS
2393 271 2694 328 EPlSCOPl

3590 268 3682 322 803

425 425 588 472 maut.
618 420 688 467 tta
711 407 779 467 de
807 411 905 464 hoc
927 409 1196 478 disputant
1221 423 1232 457 :
1259 402 1576 472 Decalogum
1602 402 1776 470 ipsum
1799 407 1989 456 totum.
2024 397 2072 454 Α
2100 405 2267 461 catur,
2303 394 2383 450 vel
2415 409 2507 462 per
2530 390 2794 461 ejusmodi
2825 389 3200 444 abstinentiam
3231 388 3312 443 vel
3347 402 3440 456 per
3469 387 3683 441 cireum-

429 508 548 576 quia
582 507 633 559 in
665 505 748 558 illa
772 503 936 572 prima
961 501 1074 568 lege
1097 495 1454 564 conscriptum
1477 502 1580 557 est,
1603 500 1750 546 recte
1775 489 2001 556 primum

429 603 737 650 mandatum
758 589 1032 658 appellari,
1053 586 1192 655 quod
1213 584 1393 654 utique
1417 582 1644 651 primum
1671 579 1830 634 iaciat
1850 577 2001 644 ordo,

430 696 606 756 pestea
632 683 853 736 aliorum
876 682 925 733 in
949 681 1065 748 lege
1090 690 1424 745 consequens
1448 679 1854 742 prteceptorum.
1877 667 2006 720 Item

429 792 492 830 ex
527 776 625 827 huc
653 773 842 825 aliter:
881 769 1092 821 Honora
1131 776 1325 836 patrem
1371 775 1418 818 et
1463 771 1674 816 matrem
1701 803 1715 825 ,
1764 758 1898 828 quod
1940 765 2011 810 est

427 865 725 917 mandatum
765 861 985 930 primum
1008 901 1022 924 ,
1065 865 1120 910 et
1155 856 1444 924 subjungit,
1472 855 1522 907 in
1549 850 1924 922 promissione.
1955 848 2010 901 In

428 967 529 1018 qua
564 951 954 1018 promissione?
991 947 1056 1003 Ut
1098 949 1217 1000 bene
1257 947 1320 997 sit
1369 947 1499 1007 tibi,
1544 953 1588 996 et
1635 941 1704 995 sis
1753 939 2012 1009 longtzrus

429 1057 581 1104 super
612 1051 796 1093 terram
821 1039 1014 1109 (Exod.
1050 1053 1144 1104 xx,
1182 1037 1289 1106 1:2).
1323 1036 1484 1104 Igitur
1510 1035 1561 1087 in
1607 1030 1870 1085 mandatis
1914 1029 2016 1083 hoc

432 1139 513 1182 est
563 1131 792 1198 primum
846 1127 1189 1193 mandatum,
1238 1124 1378 1195 quod
1422 1124 1634 1190 habeat,
1670 1136 1826 1192 quam
1855 1135 2015 1189 supra

434 1219 485 1271 di
503 1220 686 1283 sinus,
718 1219 1149 1286 promissionem.

506 1307 607 1361 Int.
647 1309 780 1375 Quid
809 1309 908 1361 sibi
937 1309 1048 1360 vult
1078 1307 1203 1360 illud
1244 1305 1383 1376 quod
1427 1305 1718 1360 scribitur:
1770 1302 2021 1372 Spiritum

437 1401 591 1452 nolite
620 1402 936 1471 exstinguere
965 1401 1015 1466 (l
1043 1399 1219 1452 Thess.
1252 1415 1302 1462 ν,
1338 1399 1463 1468 i9)?

512 1489 664 1554 Resp.
699 1490 1070 1558 Exstinguere,
1107 1490 1155 1541 id
1186 1501 1266 1542 est
1301 1488 1480 1557 fugare
1514 1503 1605 1555 per
1635 1501 1797 1556 opera
1829 1485 2022 1554 iniqui-

442 1584 582 1635 tatis.
614 1582 776 1634 David
811 1582 979 1650 inquit
1005 1598 1017 1633 :
1060 1581 1312 1650 Spiritum
1342 1592 1572 1633 sanctum
1603 1591 1745 1633 tuum
1776 1595 1836 1632 ne
1873 1579 2022 1644 aufe-

441 1688 583 1724 rasa
613 1687 691 1723 me
720 1670 837 1740 (Ps.
869 1687 918 1735 L,
953 1670 1062 1740 l5).

2106 485 2384 539 cisionem.
2419 485 2670 553 Sequitur
2696 493 2910 534 autem:
2951 479 3066 532 Non
3099 480 3149 532 in
3187 479 3378 532 honore
3424 478 3587 540 aliqua
3623 478 3682 529 ad

2107 577 2430 630 saturitatem
2459 575 2656 639 carnis;
2680 587 2806 640 ergo
2838 571 2936 625 hoc
2963 584 3045 625 e5t
3088 569 3229 637 quod
3279 567 3392 621 vult
3439 567 3684 636 intelligi:

2110 669 2306 722 Omnes
2337 667 2442 720 illze
2470 665 2874 720 observationes
2894 703 2909 728 ,
2939 663 3068 717 licet
3111 663 3164 715 in
3212 661 3556 715 observantia
3599 662 3688 711 ali-

2112 773 2270 826 quam
2321 756 2595 825 sapientiae
2645 753 2899 824 prmierre
2943 753 3224 808 videantur
3272 751 3534 820 ﬁguram,
3579 753 3688 820 quia

2115 859 2365 920 putentur
2393 852 2562 918 legent
2589 855 2978 918 przeeeptorum
3010 857 3213 911 tenere,
3244 845 3498 902 timean
3522 859 3695 912 super.

2116 942 2332 996 stitione
2359 952 2503 1004 sunt,
2536 956 2639 993 non
2673 941 2722 993 in
2754 939 2932 1008 aliquo
2964 941 3168 990 honore
3202 938 3324 999 Dei,
3366 937 3462 990 sed
3501 934 3569 988 ad
3607 950 3692 988 ex-

2118 1030 2368 1101 plendam
2397 1031 2722 1085 voluntatem
2755 1029 3111 1083 obsemntim
3141 1028 3393 1081 carnalis.

2669 1135 2685 1172 1
2714 1135 2779 1173 AD
2810 1133 3145 1172 τιιιοτιιευι.

2193 1211 2300 1266 Ιηι.
2328 1211 2456 1279 Qua!
2485 1211 2810 1280 singularum
2842 1226 3018 1264 rerum
3045 1220 3126 1264 est
3155 1209 3465 1273 aeci.)3en-’la
3503 1209 3700 1263 discre-

2123 1305 2197 1358 tio
2229 1304 2280 1358 in
2328 1303 2412 1357 his
2454 1319 2584 1371 quas
2633 1305 2922 1370 A,ostulus
2973 1303 3176 1370 profert
3217 1303 3440 1357 dicens:
3497 1302 3706 1354 Obsecro

2123 1398 2278 1466 igitur
2300 1397 2463 1463 primo
2491 1398 2713 1448 omnium
2743 1397 2853 1462 ﬁeri
2883 1397 3272 1459 obsecrationes,
3303 1396 3560 1448 orationes
3585 1435 3595 1456 ,
3628 1411 3708 1462 po-

2121 1490 2442 1553 stulationes,
2474 1491 2759 1559 gratiarum
2789 1491 3014 1542 actiones
3048 1488 3100 1560 (Ι
3133 1488 3265 1541 Tim.
3297 1504 3354 1548 tt.
3392 1487 3467 1556 1).

2198 1581 2352 1647 Resp.
2383 1581 2794 1635 Obsecrationes
2817 1581 2949 1633 ﬁunt
2979 1596 3072 1647 pro
3097 1581 3329 1648 peccatis
3355 1578 3648 1648 prseteritis
3665 1586 3710 1632 et

2127 1672 2512 1739 prmsentibus;
2545 1671 2820 1725 orationes
2852 1686 2946 1739 pro
2975 1671 3336 1738 adipiscendis
3362 1685 3486 1738 quas
3530 1684 3711 1737 spera-

513 1763 619 1815 Int.
652 1764 902 1832 Sequitur
935 1763 1092 1831 paulo
1124 1771 1242 1831 post
1272 1763 1322 1817 in
1354 1762 1544 1817 eodem
1571 1779 1583 1814 :
1618 1761 1683 1816 Ut
1709 1762 1898 1830 integer
1923 1761 2026 1829 spi-
2055 1747 2106 1810 Β
2135 1776 2278 1823 mus;
2310 1761 2697 1827 postulationes
2727 1775 2846 1814 cum
2880 1775 2974 1829 pro
3002 1761 3121 1813 aliis
3154 1759 3576 1824 intervenimus;
3603 1773 3710 1827 gra-

443 1855 569 1908 ritus
600 1864 779 1918 vester,
805 1863 850 1907 et
878 1857 1068 1917 anima,
1103 1862 1149 1905 et
1182 1869 1363 1920 corpus
1393 1855 1502 1904 sine
1528 1851 1734 1922 querela
1764 1853 1814 1904 in
1843 1853 2033 1903 adven-

445 1955 552 1998 tum
582 1943 784 1996 Domini
829 1945 988 1996 nostri
1023 1942 1146 1996 Jesu
1171 1942 1370 2007 ,Christi
1406 1954 1627 1996 servetur
1665 1941 1718 2014 (Ι
1761 1940 1935 1995 Thess.
1971 1956 2028 2012 v,

443 2037 536 2106 25)
563 2055 576 2090 :
611 2037 736 2105 quid
767 2037 850 2090 ltic
881 2036 1280 2104 intelligendum
1309 2036 1426 2090 est?

523 2128 676 2198 Resp.
706 2129 962 2196 Spiritum
993 2128 1077 2182 hic
1105 2127 1230 2181 dicit
1261 2127 1439 2196 utique
1472 2126 1620 2180 illum
1651 2133 1896 2180 sanctum
1919 2167 1932 2188 ,
1966 2124 2033 2180 de

448 2233 553 2288 quo
581 2232 740 2286 supra
773 2217 1016 2271 dixerat:
1053 2216 1305 2285 Spiritum
1347 2218 1503 2270 nolite
1545 2219 1885 2290 exstinguere.
1934 2214 2034 2282 Qui

448 2309 660 2378 quidem
694 2323 815 2362 eum
843 2308 895 2361 in
926 2307 1220 2360 substantia
1253 2322 1348 2360 sua
1380 2322 1486 2360 non
1528 2308 1699 2376 possit
1740 2305 2028 2374 exstingui,

449 2402 803 2469 exstinguitur
839 2401 892 2453 in
925 2399 1102 2463 nobis,
1134 2414 1254 2453 cum
1284 2399 1526 2453 aufertur
1553 2414 1582 2451 a
1609 2397 1786 2453 nobis.
1825 2397 2034 2451 Donum

452 2507 681 2560 namque
708 2491 823 2560 ejus
861 2493 942 2545 vel
991 2491 1159 2560 gratia
1211 2491 1262 2544 in
1315 2489 1619 2543 hominibus
1663 2490 1803 2542 sicut
1844 2501 2032 2541 eorum

452 2585 735 2638 virtutibus
762 2584 1102 2647 accenditur,
1132 2583 1203 2636 ita
1244 2597 1428 2636 eorum
1470 2580 1612 2635 vitiis
1651 2580 2033 2650 exstinguitur.

452 2676 556 2730 Alii
597 2685 844 2728 asserunt
876 2674 1121 2742 spiritum
1164 2673 1248 2726 hic
1287 2673 1656 2738 accipiendum
1696 2687 1816 2727 esse
1843 2673 2036 2727 anima:

453 2766 620 2836 ipsius
645 2765 975 2820 intellectum
1005 2775 1164 2833 atque
1190 2763 1526 2832 sapientiam.
1559 2763 1634 2817 De
1655 2757 1760 2833 quo
1787 2762 1892 2816 alio
1917 2762 2036 2816 loco

454 2857 592 2910 idem
627 2856 914 2925 Apostolus
958 2855 1124 2910 dicit:
1175 2852 1242 2906 Et
1286 2854 1392 2924 ipse
1421 2854 1644 2922 Spiritus
1694 2855 2036 2906 testimonium

452 2949 622 3001 reddit
647 2947 848 3015 spiritui
875 2956 1068 3014 nostro,
1093 2946 1231 3016 quod
1268 2962 1442 2999 sumus
1467 2945 1562 3014 ﬁlii
1585 2945 1678 2998 Dei
1719 2945 1894 3015 (Rom.
1919 2960 2034 3013 vni,

455 3041 564 3109 16).
600 3040 709 3094 lloc
740 3049 841 3103 est,
883 3038 1024 3106 quod
1053 3037 1144 3091 ille
1173 3037 1402 3106 Spiritus
1432 3045 1650 3091 sanctus
1679 3036 1802 3090 huic
1832 3036 2038 3090 intelle-

2135 1849 2322 1904 tiarum
2355 1852 2591 1904 actiones
2626 1866 2745 1906 enm
2771 1866 2832 1906 ea
2861 1866 2982 1921 quae
3011 1849 3280 1920 poscimus
3329 1851 3709 1918 impetramus,

2133 1939 2216 1992 vel
2245 1950 2390 1993 certe
2437 1954 2556 1993 cum
2605 1955 2697 2008 pro
2743 1938 3018 1994 immensis
3061 1939 3160 1994 Dei
3204 1938 3481 1994 beneﬁciis
3526 1940 3713 2008 gratias

2133 2029 2424 2097 laudesque
2452 2030 2755 2086 referimus.

2205 2120 2314 2174 Int.
2346 2121 2516 2175 Locus
2547 2122 2634 2175 ille
2659 2123 2925 2192 quomodo
2951 2121 3295 2189 accipiendos
3340 2130 3424 2175 est
3452 2165 3465 2186 ,
3519 2123 3573 2175 in
3623 2136 3716 2190 quo

2134 2213 2423 2268 scribitur:
2479 2213 2830 2278 Quorumdam
2883 2215 3146 2268 hominum
3197 2224 3405 2285 peccata
3453 2216 3718 2282 manifesta

2133 2313 2251 2359 sunt
2281 2303 2616 2369 prrecedentia
2645 2305 2713 2358 ad
2730 2305 3009 2376 judicium,
3034 2305 3277 2376 quosdam
3314 2313 3486 2359 autem
3529 2317 3576 2358 et
3617 2305 3719 2358 sub-

2135 2405 2416 2464 sequuntur
2447 2395 2500 2466 (ῐ
2529 2395 2664 2450 Tim.
2698 2412 2749 2461 ν,
2780 2397 2919 2464 ﬁt)?

2209 2487 2366 2558 Resp.
2397 2486 2566 2556 Supra
2595 2487 2822 2553 dixerat,
2856 2488 3097 2541 adversus
3124 2486 3484 2557 presbyterum
3525 2504 3720 2540 accusa-

2137 2580 2326 2636 tionem
2357 2593 2462 2633 non
2491 2578 2874 2649 recipiendam,
2905 2580 3004 2634 nisi
3029 2580 3119 2632 sub
3147 2579 3342 2632 duobus
3372 2589 3419 2632 et
3459 2581 3624 2633 tribus
3659 2592 3721 2632 te-

2137 2669 2297 2722 stibus
2327 2669 2380 2738 (Ι
2413 2668 2542 2722 Tim.
2580 2683 2631 2734 γ,
2662 2669 2779 2737 19);
2811 2677 2866 2724 et
2891 2669 3048 2738 paulo
3071 2680 3190 2738 post
3219 2669 3450 2724 addidit:
3482 2672 3721 2735 Querunt-

2138 2759 2256 2811 dam
2285 2758 2544 2812 hominum
2567 2769 2773 2830 peccata
2799 2767 2918 2812 sunt
2945 2760 3285 2828 prwcedentia
3326 2760 3393 2811 ad
3433 2761 3722 2832 judicium,

2141 2853 2323 2920 utique
2349 2852 2473 2905 dum
2505 2852 2754 2905 omnibus
2784 2862 2907 2906 nota
2951 2860 3111 2916 sunt;
3165 2852 3407 2922 quaedam
3455 2863 3637 2907 autem
3681 2862 3726 2904 tt

2139 2944 2558 3014 subsequuntur,
2589 2945 2766 3012 utique
2795 2943 2919 2997 dum
2947 2954 3131 3013 posma
3161 2943 3215 2997 in
3248 2944 3453 3013 judicio
3491 2959 3632 3011 com;
3655 2958 3727 2996 ro-

2140 3036 2352 3090 bantur.
2382 3036 2534 3102 Quod
2563 3036 2607 3089 si
2633 3036 2770 3088 istud
2799 3035 2959 3104 aliqui
2989 3035 3258 3104 injudicio
3285 3037 3374 3089 Dei
3402 3038 3581 3106 magis
3605 3035 3729 3088 acci-

453 3106 614 3185 ctuali
660 3130 923 3197 spirituali
971 3137 1154 3182 nostro
1204 3128 1568 3181 testimonium
1617 3127 1842 3192 reddat,
1895 3125 2037 3196 quod
2066 3106 2112 3172 (ἶ
2145 3129 2396 3195 piendum
2429 3137 2642 3197 putant,
2676 3137 2852 3196 potest
2891 3130 2960 3183 ita
3003 3128 3265 3197 intelligi:
3311 3129 3633 3183 Praecedere
3672 3129 3728 3180 ad

454 3236 636 3275 Sumus
662 3221 761 3294 ~ﬁlii
785 3219 900 3273 Dei.
931 3220 1049 3272 Alio
1073 3233 1280 3286 quoque
1306 3218 1426 3271 loco
1452 3218 1736 3285 Apostolus
1762 3219 1998 3286 loquitur
2022 3235 2036 3273 :

458 3309 693 3362 Psallam
733 3309 951 3377 spiritu,
997 3308 1212 3371 psallam
1251 3316 1298 3360 et
1345 3318 1505 3360 mente
1538 3307 1590 3376 (Ι
1630 3306 1748 3360 Cor.
1783 3323 1890 3371 xw,
1924 3309 2033 3376 15).

459 3400 555 3453 llic
587 3400 832 3470 spiritum
866 3415 960 3467 pro
991 3413 1120 3451 voce
1148 3412 1374 3466 ponens,
1406 3406 1460 3452 et
1497 3413 1625 3452 voce
1667 3397 1798 3451 dicit
1841 3401 2042 3466 pariter

461 3506 510 3548 et
545 3504 721 3548 mente
746 3493 1102 3564 psallendum.

1012 3600 1079 3636 AD
1117 3596 1490 3638 COLOSSENSIS.

530 3675 638 3730 Int.
672 3675 807 3744 Quid
837 3675 1244 3746 intelligendum
1269 3686 1350 3730 est
1380 3676 1430 3729 in
1459 3675 1692 3744 capitulo
1720 3674 1832 3741 illo,
1859 3676 1909 3729 in
1937 3691 2042 3744 quo

458 3770 525 3824 ad
556 3769 901 3822 Colossenses
929 3767 1215 3822 scribitur:
1251 3766 1310 3822 Si
1334 3769 1520 3820 mortui
1545 3770 1662 3820 estis
1691 3783 1803 3820 cum
1841 3765 2043 3822 Christo

459 3861 522 3913 ab
554 3860 806 3914 elementis
837 3859 1034 3924 mundi,
1066 3858 1189 3928 quid
1229 3859 1397 3910 adhuc
1440 3868 1697 3929 tamquam
1735 3859 1947 3913 virentes
1991 3862 2043 3912 in

461 3952 647 4005 mundo
676 3950 942 4004 decernitis
969 3948 1188 4017 (Coloss.
1218 3964 1276 4018 tt,
1301 3948 1430 4018 20)?
1461 3950 1525 4003 Et
1552 3950 1778 4018 reliqua.

535 4041 692 4110 Resp.
723 4040 1174 4108 Perstringamus,
1199 4048 1256 4092 ut
1285 4053 1588 4107 possumus,
1614 4041 1786 4094 locum
1819 4042 2044 4097 summis

463 4132 874 4188 obscuritatibus
905 4130 1220 4185 involutum.
1258 4131 1498 4200 Disputat
1527 4142 1712 4186 contra
1740 4147 1833 4186 eos
1862 4135 1949 4202 qui
1978 4151 2043 4188 ex

466 4224 664 4280 ludatis
693 4222 1004 4287 Christiani,
1039 4223 1266 4290 propriis
1289 4224 1684 4279 (ontendebant
1710 4229 2046 4282 caaremoniis

466 4316 746 4370 inhaerere.
779 4313 951 4384 Supra
974 4315 1114 4389 enim
1146 4314 1356 4369 dixerat
1385 4315 1450 4370 de
1481 4315 1816 4386 improbabili
1857 4333 2042 4372 eorum

466 4408 802 4466 observantia
829 4408 882 4462 in
908 4408 1017 4462 cibo
1042 4417 1087 4462 et
1115 4417 1272 4476 potu;
1297 4417 1352 4464 et
1379 4409 1518 4479 quod
1544 4411 1820 4464 neomeniar
1857 4426 2042 4466 eorum

467 4512 517 4556 et
542 4500 748 4554 sabbata
787 4500 1028 4556 umbram
1077 4500 1377 4555 futurorum
1417 4501 1778 4569 praatulissent
1815 4500 1951 4571 (Col.
1987 4520 2046 4570 tt,

470 4589 582 4661 16).
611 4591 843 4645 Rursum
872 4589 924 4644 iit
953 4590 1404 4659 consequentibus
1431 4590 1560 4645 dicit
1586 4609 1602 4646 :
1633 4591 1692 4648 Si
1714 4593 1902 4646 mortui
1931 4596 2050 4648 estis

466 4698 584 4760 eum
619 4681 817 4735 Christo
847 4681 908 4734 ab
935 4681 1192 4735 elementis
1221 4681 1414 4746 mundi,
1444 4681 1569 4752 quid
1593 4683 1763 4736 adhuc
1792 4692 2049 4752 tamquam

466 4774 679 4827 viventes
700 4773 752 4825 in
781 4771 972 4824 mundo
1015 4770 1324 4825 decernitis?
1363 4769 1418 4825 ld
1463 4782 1582 4839 est,
1629 4773 1930 4844 dijudicatis
1970 4775 2050 4830 di-

468 4861 670 4918 cendo:
703 4861 786 4915 Ne
808 4861 1088 4934 tetigeritis,
1117 4877 1275 4931 neque
1297 4864 1640 4935 gustaveritis,
1672 4882 1830 4934 neque
1853 4879 2054 4921 contre-

468 4953 744 5017 ctaveritis,
773 4966 884 5021 quae
911 4961 1028 5005 sunt
1053 4952 1224 5005 omnia
1252 4953 1307 5006 in
1329 4954 1537 5007 interitu
1561 4956 1671 5026 ipso
1707 4972 1803 5010 usu
1841 4973 1933 5012 suo
1969 4958 2055 5028 (id

468 5053 575 5112 est,
607 5043 731 5098 dum
757 5053 1100 5098 assumuntur
1133 5044 1446 5111 intereunt),
1485 5047 1764 5101 secundum
1802 5059 2058 5122 prwcepta

469 5143 518 5189 et
547 5134 805 5188 doctrinas
837 5134 1132 5187 hominum:
1163 5150 1277 5204 qua:
1299 5144 1418 5188 sunt
1449 5137 1694 5190 rationem
1728 5139 1931 5207 quidem
1962 5143 2056 5192 ha-

471 5226 636 5278 bentia
680 5225 943 5293 sapientia:
984 5225 1038 5278 in
1080 5226 1438 5294 superstitione
1474 5235 1520 5280 et
1547 5227 1854 5295 humilitate,
1881 5241 1926 5282 et
1957 5248 2060 5284 non

470 5317 541 5370 ad
571 5318 879 5386 parcendum
906 5318 1132 5387 corpori.
1167 5317 1442 5372 Doctrinas
1464 5317 1737 5374 hominum
1761 5321 1908 5387 dicit,
1933 5325 2053 5392 quia

478 5420 742 5480 praecepta
774 5411 887 5478 ipsa
915 5411 1201 5466 carnaliter
1230 5410 1550 5483 intelligant,
1584 5415 1960 5485 praecipientes
2001 5420 2054 5475 in

477 5499 614 5568 lege.
647 5499 907 5567 prohibita
940 5518 1045 5557 non
1075 5504 1421 5558 manducari:
1451 5503 1544 5557 sed
1576 5504 1708 5571 hoc,
1757 5507 1895 5562 sicut
1942 5510 2058 5578 ipse

479 5591 774 5661 subiungit,
805 5594 856 5648 in
888 5597 1268 5666 superstitione
1293 5605 1348 5651 et
1381 5597 1680 5653 humilitate
1706 5613 2056 5671 supervacua,

482 5691 535 5733 et
561 5680 611 5734 in
643 5686 882 5751 corporis
913 5686 1222 5755 amicdonc,
1253 5687 1340 5744 cui
1372 5689 1553 5759 utique
1574 5691 1783 5760 corpori
1810 5709 1914 5750 non
1939 5712 2058 5766 par-

2139 3219 2394 3289 judicium
2421 3219 2507 3271 illa
2533 3227 2742 3286 peccata
2771 3233 2889 3288 qua)
2917 3227 3038 3272 ante
3068 3218 3154 3272 hic
3178 3219 3558 3288 unusquisque
3592 3236 3729 3272 com-

2144 3310 2378 3376 miserit;
2409 3312 2656 3380 subseqni
2680 3327 2806 3364 vero
2838 3311 2950 3376 illa,
2980 3311 3173 3379 quibus
3215 3326 3313 3364 nos
3355 3311 3580 3379 quidem
3619 3326 3732 3364 cau-

2143 3418 2231 3457 sas
2256 3402 2518 3467 dedimus,
2552 3403 2643 3455 δρα
2672 3402 2781 3470 jim
2820 3411 2938 3471 post
2982 3404 3262 3456 transitum
3315 3412 3567 3456 nostrum
3616 3419 3731 3456 cen-

2143 3505 2405 3548 summata
2453 3495 2834 3563 intelliguntur.
2886 3495 3028 3564 Ergo
3077 3495 3479 3564 subsequuntur
3540 3511 3635 3548 nos
3686 3496 3731 3547 in

2139 3586 2398 3655 judicium
2424 3587 2728 3655 huiusmodi
2749 3595 2986 3655 peccata,
3007 3587 3072 3651 si,
3108 3587 3255 3640 verbi
3281 3587 3472 3655 gratia,
3515 3587 3605 3642 eui
3634 3586 3736 3639 ino-

2146 3677 2248 3746 pia:
2278 3692 2376 3732 nos
2402 3693 2590 3731 causas
2615 3677 2912 3740 attulimus,
2938 3676 3078 3732 fame
3109 3686 3227 3746 post
3251 3677 3460 3731 obitum
3493 3689 3733 3731 nostrum

2146 3779 2305 3838 atque
2334 3776 2569 3838 egestate
2596 3776 2943 3835 consumptus
2971 3768 3058 3821 sit.

2687 3875 2725 3914 ιι
2755 3876 2822 3914 ΔΙ)
2852 3874 3189 3914 τΙΜΟΊἫΕῢὶί.

2219 3951 2327 4006 Int.
2355 3943 2644 4005 Alexander
2668 3953 2881 4005 wrarius
2925 3952 3125 4017 multa,
3169 3948 3377 4018 inquit,
3427 3951 3578 4002 mala
3630 3948 3742 4000 mihi

2149 4045 2405 4098 ostendit:
2431 4044 2602 4096 reddet
2629 4044 2672 4095 ei
2712 4043 2956 4095 Dominus
2993 4041 3270 4094 secundum
3311 4056 3467 4107 opera
3514 4043 3629 4110 ejus
3669 4035 3739 4099 (ll

2147 4134 2282 4189 Tim.
2301 4151 2370 4197 tv,
2390 4134 2497 4204 14).
2524 4133 2589 4188 Et
2609 4133 2732 4186 item
2752 4150 2764 4185 :
2787 4132 3036 4186 Percutiet
3051 4142 3096 4186 te
3113 4131 3379 4194 Dominus,
3405 4135 3589 4200 paries
3606 4133 3748 4184 deat-

2149 4229 2260 4282 bate
2283 4229 2416 4299 (Act.
2445 4243 2595 4288 nm,
2619 4226 2673 4297 '5)
2696 4243 2709 4279 :
2735 4226 3003 4295 quomodo
3027 4225 3139 4279 haec
3162 4223 3514 4294 intelligenda
3539 4224 3697 4279 sunt?

2221 4321 2379 4390 Resp.
2410 4319 2776 4383 Percutiette,
2807 4318 2998 4388 inquit,
3042 4333 3147 4372 non
3193 4317 3488 4386 percutiat;
3541 4327 3598 4370 et
3640 4331 3745 4369 rur-

2153 4429 2270 4467 sum
2295 4413 2506 4477 reddet,
2533 4426 2639 4465 non
2667 4410 2874 4466 reddat.
2901 4409 3052 4466 Unde
3083 4411 3140 4462 tit
3163 4417 3219 4462 ut
3246 4423 3350 4462 non
3384 4417 3494 4461 tam
3530 4407 3744 4462 maledi-

2155 4505 2324 4558 centis
2349 4503 2528 4557 animo
2556 4502 2694 4556 dicta
2742 4515 2864 4556 esse
2910 4501 3226 4563 videantur,
3272 4513 3433 4568 quam
3481 4498 3741 4564 judicium

2162 4599 2254 4654 Dei
2283 4607 2442 4667 atque
2471 4597 2760 4652 vindictam
2789 4595 3170 4650 denuntiantis.
3201 4592 3330 4647 Item
3359 4591 3523 4646 aliter
3545 4611 3562 4646 :
3602 4592 3666 4644 Et
3703 4589 3741 4642 si

2159 4703 2254 4757 per
2280 4688 2794 4744 administrationem
2829 4685 3122 4756 prophetiae
3155 4685 3376 4739 immoto
3405 4683 3600 4738 animo
3636 4699 3716 4736 ma

2159 4777 2654 4848 ledicatprOpheta,
2689 4791 2746 4832 ut
2791 4777 2959 4832 illud:
3013 4775 3357 4830 Obscurentur
3392 4774 3537 4827 oculi
3579 4788 3744 4826 eorum

2159 4891 2222 4928 ne
2247 4873 2448 4927 videant
2475 4872 2592 4943 (Ps.
2623 4888 2811 4937 uvut,
2843 4871 2968 4942 24);
2994 4871 3119 4926 dicit
3146 4869 3276 4940 quid
3313 4883 3505 4924 eorum
3549 4867 3747 4922 meritis

2159 4965 2474 5020 debebatur.
2528 4964 2664 5032 Quia
2701 4966 2864 5018 omnis
2910 4960 3268 5032 prevaritatio
3315 4969 3364 5014 et
3399 4959 3749 5014 inobedientia

2161 5058 2344 5128 accipit
2387 5060 2589 5129 justam
2637 5057 2803 5124 operis
2861 5065 3011 5122 atque
3065 5054 3311 5109 mercedis
3369 5051 3747 5106 retributionem

2160 5149 2328 5220 (ch.
2363 5166 2421 5214 ιι,
2447 5148 2526 5220 9).

2762 5255 2829 5292 AD
2868 5252 3140 5294 ιιηηιοε.

2235 5329 2344 5385 Int.
2367 5329 2510 5397 Quid
2540 5329 2594 5384 in
2623 5329 2724 5384 hoc
2763 5329 3035 5398 sequimur
3073 5327 3214 5397 quod
3251 5325 3547 5396 Apostolus
3589 5325 3747 5380 diCIl‘

2163 5419 2294 5474 Fide
2316 5419 2476 5474 Iacob
2505 5421 2724 5473 moriens
2754 5420 2982 5489 singulos
3005 5418 3226 5486 ﬁliorum
3245 5407 3745 5486 Josephbenedtxit,

2161 5521 2206 5567 et
2234 5511 2460 5565 adoravit
2489 5510 2748 5579 fastigium
2770 5511 2924 5580 virga:
2952 5512 3062 5581 ejus
3093 5509 3256 5576 (Heb.
3287 5525 3364 5574 xx,
3394 5510 3534 5579 ειη

2149 5623 2160 5631 '
2240 5605 2392 5672 Resp.
2439 5603 2646 5670 Sceptri
2687 5602 3005 5670 signiticatio
3038 5612 3122 5655 est
3159 5602 3462 5670 accipienda
3507 5616 3609 5668 per
3646 5600 3753 5652 vir-

2164 5714 2305 5768 gain,
2339 5706 2389 5750 et
2413 5711 2508 5765 per
2542 5695 2644 5750 hoc
2678 5697 2824 5768 regni
2861 5696 3249 5766 potestatisque
3272 5694 3540 5764 fastigium
3568 5694 3623 5748 in
3650 5704 3747 5762 que
