3932 6170
253 311 359 368 809

1489 299 2041 361 INSTRUCTIONUM
2084 302 2210 358 LIB.
2255 302 2297 360 1.

3412 312 3517 364 810

252 425 502 482 Christus
530 425 839 495 intelligitur
868 424 1119 479 adoratus
1142 465 1157 490 ,
1197 424 1288 493 qui
1337 419 1590 476 videlicet
1631 406 1849 473 futurus
1871 418 1920 475 Α
1953 416 2077 479 Deo,
2112 432 2215 470 non
2247 430 2454 481 vocem,
2489 415 2581 471 sed
2609 415 2934 470 inconditum
2966 431 3152 471 sonum
3190 418 3337 473 vocis
3377 435 3527 475 accc-

251 524 370 570 erat
401 513 554 584 regni
587 516 930 570 Hebraeorum
958 522 1136 583 caput.

678 621 730 660 ιιι
757 620 974 659 ΔϐΤΙΒυε
1012 617 1408 659 Δνοδτοιιοιωκ.

324 694 429 750 Int.
464 695 606 763 Quid
640 696 837 757 indicat
864 695 990 749 illud
1020 695 1163 765 quod
1194 695 1454 764 legimus:
1498 692 1709 747 Sabbati
1749 692 1844 744 lia-

249 786 369 840 bens
395 788 493 841 iter
519 787 655 857 (Act.
688 803 726 852 ι,
764 787 871 858 12),
903 786 951 840 id
981 796 1084 853 est,
1120 787 1270 841 mille
1301 786 1523 855 passus?

326 877 482 949 Resp.
515 878 749 933 Sabbato
777 879 917 931 enim
948 893 1115 945 usque
1141 878 1205 931 ad
1250 886 1484 930 montem
1533 876 1722 930 Oltveti
1765 875 1842 929 ire

250 970 457 1025 Judaais
488 970 688 1024 licitum
719 980 828 1024 erat
856 987 868 1022 :
907 970 992 1023 vel
1022 979 1167 1024 certe
1202 969 1368 1024 sicubi
1411 968 1655 1033 fuissent,
1688 975 1840 1020 t‘utto

248 1064 426 1128 Spatfo
455 1062 832 1115 deatnhulandi
864 1061 1130 1115 licentiam
1165 1061 1578 1128 prmsttzttebant.

328 1150 433 1203 Int.
471 1150 695 1221 Spiritus
745 1162 950 1205 sanctus
996 1151 1263 1220 quomodo
1304 1160 1427 1204 ante
1471 1150 1839 1204 ascensionem

248 1253 279 1289 a
306 1240 580 1293 Salvatore
608 1243 899 1295 secundum
934 1241 1289 1312 evangelistam
1310 1238 1565 1294 Joannem
1594 1238 1840 1311 apostolis

244 1328 540 1399 insumatur
567 1329 742 1397 (Joan.
776 1348 867 1398 xx,
903 1331 1013 1401 22),
1046 1347 1165 1383 eum
1196 1330 1487 1385 secundum
1520 1332 1683 1383 Actus
1706 1345 1839 1398 apo-

250 1420 510 1473 stolorum
540 1431 656 1489 post
679 1421 943 1474 decimum
968 1420 1300 1474 ascensionis
1321 1419 1459 1475 diem
1489 1420 1539 1473 in
1569 1418 1838 1487 apostolos

252 1513 454 1567 missus
484 1516 552 1567 sit
582 1515 727 1581 (Act.
761 1529 818 1579 tt,
852 1513 940 1583 l)?

326 1601 485 1672 Resp.
519 1605 697 1658 Multa:
728 1604 901 1658 sancti
932 1602 1164 1673 Spiritus
1190 1606 1476 1674 gratiarum
1522 1603 1839 1658 donationes

249 1702 399 1758 sunt,
429 1694 717 1748 secundum
751 1695 877 1748 illud
907 1695 1046 1763 quod
1078 1694 1370 1763 ApOstolus
1400 1693 1527 1747 dicit
1553 1710 1565 1745 :
1595 1692 1698 1745 Alii
1725 1692 1839 1760 qui-

1949 515 2155 575 perunt,
2189 515 2244 560 ut
2267 522 2358 560 eos
2381 513 2565 575 postea
2588 506 2727 560 dicat
2754 522 2937 561 vocem
2964 523 3066 561 non
3091 508 3325 573 audisse,
3354 511 3404 565 id
3428 521 3531 575 est,

1944 610 2256 664 expressam
2287 596 2569 650 verborum
2604 596 3035 665 significantiam,
3066 614 3166 665 qua
3204 601 3407 666 possint
3445 602 3529 656 in-

1945 692 2188 761 telligere
2218 692 2358 761 quod
2387 691 2633 746 sonabat.
2680 695 2755 746 Ac
2799 691 3022 759 perinde
3072 691 3272 746 idcirco
3315 694 3535 749 diversa

1944 781 2061 835 vice
2105 791 2158 835 et
2197 781 2410 837 audisse
2454 782 2780 844 referuntur,
2811 783 2931 849 quia
2961 791 3215 851 quantum
3245 784 3309 837 ad
3337 799 3525 839 sonum

1944 875 2201 943 pertinet,
2219 874 2522 939 audierunt;
2539 881 2792 943 quantum
2809 873 2874 926 ad
2893 874 3076 938 verba,
3100 890 3203 927 non
3221 876 3527 930 audierunt.

2018 963 2123 1017 lnt.
2152 965 2325 1032 Quare
2356 967 2503 1034 prius
2549 965 2831 1019 communis
2879 965 3016 1019 cibus
3067 967 3390 1033 vocabatur,
3438 970 3526 1037 qui

1943 1067 2224 1125 putaretur
2252 1056 2591 1109 immundus?

2018 1146 2173 1217 Resp.
2209 1145 2359 1211 Quod
2391 1158 2577 1200 contra
2607 1147 2946 1200 interdictum
2978 1155 3104 1202 tunc
3148 1149 3239 1202 Dei
3287 1150 3338 1203 in
3382 1165 3527 1205 como

1944 1252 2104 1291 mune
2133 1237 2344 1290 cmteris
2370 1242 2574 1303 pateret
2604 1236 2926 1302 hominibus,
2949 1238 3038 1305 qui
3065 1239 3112 1290 in
3143 1239 3384 1292 ciborum
3415 1241 3526 1293 diss

1943 1328 2183 1382 cretione
2206 1327 2335 1395 legis
2360 1327 2752 1382 observantiam
2784 1344 2891 1382 non
2935 1330 3206 1391 tenebant,
3245 1345 3337 1397 per
3366 1347 3524 1399 quam

1941 1418 2109 1473 Judazi
2141 1430 2342 1489 partem
2374 1419 2465 1473 Dei
2497 1434 2555 1474 sc
2584 1434 2701 1474 esse
2748 1421 3041 1488 jactabant.
3092 1421 3410 1475 Puriiicatns
3448 1436 3529 1483 est,

1941 1519 2118 1565 autem
2150 1511 2313 1565 etiam
2347 1512 2569 1565 Domino
2592 1512 2799 1566 dicente
2826 1515 2889 1565 ad
2923 1512 3135 1567 Petrum
3166 1532 3178 1568 :
3223 1514 3349 1579 Qua:
3390 1514 3530 1567 Deus-

1940 1602 2247 1673 pmiﬁcat'it,
2280 1612 2419 1654 netu
2444 1618 2708 1655 commune
2737 1605 2925 1656 dixeris
2959 1604 3092 1672 (Act.
3124 1621 3177 1667 x,
3210 1605 3319 1672 15).

2014 1694 2126 1748 lnt.
2157 1694 2293 1760 Quid
2324 1694 2452 1748 illud
2486 1704 2567 1748 est
2601 1696 2738 1763 (μιυά
2775 1697 2823 1748 in
2858 1696 3081 1749 Actibus
3114 1697 3480 1763 apostolorum
3504 1736 3519 1760 ,

247 1784 369 1837 dem
398 1784 550 1837 datur
578 1803 669 1854 per
699 1785 953 1855 Spiritum
990 1801 1153 1838 sermo
1198 1786 1461 1854 sapientia:
1484 1826 1498 1848 ,
1543 1786 1634 1837 alii
1674 1800 1838 1837 sermo
1872 1780 1914 1838 Β
1945 1787 2210 1840 duodecim
2241 1789 2318 1841 illi
2347 1790 2432 1856 qui
2458 1787 2677 1840 Joannis
2709 1788 2960 1859 baptismo
3002 1789 3242 1857 baptismi
3282 1790 3484 1859 fuerant
3507 1830 3518 1849 ,

246 1876 478 1929 scientia:
517 1881 795 1931 secundum
837 1879 1064 1929 eumdem
1096 1874 1369 1945 Spiritum,
1396 1876 1486 1928 alii
1509 1876 1674 1947 gratia
1701 1876 1837 1927 sani-

246 1973 416 2015 tatusn
444 1964 625 2017 inuno
653 1965 873 2035 Spiritu,
903 1977 1004 2018 etc.
1039 1966 1088 2035 (l
1118 1964 1235 2018 Cor.
1272 1979 1365 2029 xu,
1406 1966 1483 2032 8).
1518 1965 1677 2032 Igitur
1713 1977 1836 2019 ante

249 2056 628 2109 asdensionem
659 2058 880 2126 gratiam
920 2060 1085 2111 sancti
1109 2055 1337 2125 SpTritus
1363 2065 1703 2125 acceperunt,
1732 2074 1833 2124 qua

245 2146 455 2213 possint
484 2156 694 2213 peccata
734 2146 999 2200 dimittere
1020 2188 1033 2211 ,
1067 2156 1119 2200 et
1152 2146 1441 2215 baptizare,
1476 2158 1529 2201 et
1558 2147 1830 2201 credenti-

242 2234 350 2288 bus
379 2235 628 2302 Spiritum
661 2236 961 2304 ad0pti0nis
993 2234 1308 2301 infundere;
1360 2237 1650 2291 secundum
1689 2237 1831 2305 quod

241 2334 372 2378 tunc
394 2340 511 2379 cum
537 2327 613 2379 eis
632 2341 662 2379 a
681 2326 957 2381 Salvatore
981 2327 1195 2395 spiritus
1220 2328 1604 2397 insu'llaretur,
1631 2327 1830 2383 dictum

240 2409 455 2471 fuerat:
490 2416 714 2483 Quorum
744 2420 1036 2473 remiseritis
1079 2429 1285 2491 peccata
1308 2462 1321 2485 ,
1367 2421 1684 2475 remittemur
1720 2423 1828 2488 eis;

238 2518 294 2561 ct
320 2524 527 2576 quorum
561 2511 889 2575 retinneritis,
922 2522 1113 2564 retenta
1143 2522 1287 2564 erunt
1315 2510 1487 2582 (Joan.
1517 2529 1604 2577 xx,
1625 2512 1739 2579 25).
1762 2515 1829 2569 At

239 2614 375 2653 vero
392 2608 509 2667 post
528 2601 895 2656 ascensionem
921 2602 1085 2656 multo
1110 2603 1364 2670 majorem
1387 2603 1555 2656 sanati
1599 2603 1827 2671 Spiritus

237 2692 466 2762 gratiam
509 2704 858 2762 perceperunt
885 2694 935 2748 in
968 2697 1278 2764 Operatioue
1310 2696 1592 2765 virtutum,
1627 2705 1678 2749 et
1707 2711 1828 2765 gra-

238 2784 315 2836 tia
340 2784 651 2849 sanitatum,
683 2797 735 2840 et
762 2787 1089 2841 diversarum
1124 2787 1461 2856 perceptione
1487 2788 1821 2857 linguarum:

238 2877 387 2945 iuxta
414 2876 541 2930 illud
570 2879 706 2947 quod
734 2880 933 2933 eisdem
964 2880 1150 2934 eodem
1177 2882 1493 2949 promissum
1519 2880 1684 2935 fuerat
1713 2881 1820 2944 die,

238 2978 294 3021 ut
325 2969 704 3039 baptizarentur
736 2972 930 3043 Spiritu
961 2984 1150 3036 sancto,
1184 2983 1229 3027 et
1279 2974 1607 3027 induerentur
1645 2976 1825 3029 virtute

237 3060 375 3129 (Act.
406 3076 443 3129 1,
476 3063 558 3127 5),
590 3078 693 3132 qna
731 3065 1069 3131 Evangelium
1107 3064 1301 3119 Christi
1343 3066 1605 3121 universis
1643 3068 1819 3136 genti-

1942 1880 2270 1948 baptizantur
2294 1896 2325 1932 a
2358 1878 2526 1931 Paulo
2559 1879 2694 1951 (Act.
2725 1896 2811 1933 XIX
2837 1925 2847 1942 ,
2870 1879 2961 1947 4)?

2013 1972 2168 2038 Resp.
2202 1971 2313 2025 Hoc
2354 1970 2593 2036 idcirco,
2627 1974 2747 2040 quia
2778 1986 2883 2025 non
2916 1971 2968 2024 in
3003 1971 3215 2025 nomine
3243 1970 3523 2026 Trinitatis

1939 2062 2194 2133 haplizati
2219 2071 2389 2116 erant.
2420 2062 2749 2131 Baptismum
2774 2064 2913 2117 enim
2937 2062 3155 2116 Joannis
3178 2063 3299 2116 licet
3323 2061 3374 2116 in
3398 2078 3520 2117 eum

1937 2154 2028 2221 qui
2059 2163 2316 2208 venturus
2344 2163 2425 2208 est
2449 2193 2464 2216 ,
2503 2154 2792 2223 haptizaret
2816 2196 2831 2221 ,
2856 2163 3029 2209 tamen
3065 2156 3276 2224 proprie
3303 2154 3521 2211 Joannis

1939 2243 2264 2312 Baptismum
2298 2245 2599 2300 dicebatur.
2647 2246 2796 2301 Unde
2825 2255 2879 2302 et
2906 2249 2974 2301 ab
3012 2246 3280 2302 barreticis
3304 2249 3523 2304 venienv

1937 2345 2015 2389 tes
2046 2350 2149 2390 non
2183 2336 2577 2405 rebap'izautnr
2603 2353 2632 2391 a
2665 2336 2817 2390 nobi=
2841 2378 2855 2402 ,
2898 2338 2942 2391 si
2978 2321 3276 2405 baptizatos
3315 2350 3523 2392 conStat

1935 2426 1987 2489 in
2019 2428 2236 2481 nomine
2266 2427 2575 2482 Trinitatis:
2601 2428 2990 2497 nisiimpOsitio
3021 2436 3223 2483 tantum
3249 2443 3434 2483 manus
3454 2432 3520 2485 aal

1936 2519 2090 2574 fidem
2127 2530 2327 2573 rectam
2362 2521 2637 2575 conversis
2668 2520 2971 2587 adhibetur,
3004 2530 3064 2574 ut
3093 2536 3187 2590 per
3225 2521 3361 2577 hanc
3399 2536 3521 2575 san-

1932 2613 2001 2668 cti
2035 2611 2269 2681 Spiritus
2304 2615 2630 2683 suscipiatur
2665 2614 2880 2667 inlusio.

2437 2721 2487 2760 IN
2528 2722 2611 2760 ΕΝ
2646 2723 2782 2759 TDLA
2822 2722 3020 2761 JACOBI.

2000 2796 2106 2851 Int.
2132 2797 2413 2863 Quomodo
2435 2797 2659 2852 diti“)?!
2691 2798 2826 2851 Deus
2850 2800 3124 2851 intentator
3147 2798 3399 2850 malorum
3424 2807 3517 2862 est,

1928 2899 1974 2942 et
1994 2890 2100 2957 ipse
2112 2892 2358 2944 neminem
2376 2899 2530 2944 tentat
2550 2890 2688 2962 (Jac.
2710 2892 2868 2960 1,13);
2890 2906 3009 2943 cum
3029 2890 3372 2945 nihilominus
3388 2894 3519 2945 scri-

1928 2988 2071 3049 ptum
2090 2980 2156 3032 sit
2174 2996 2186 3032 :
2211 2979 2389 3033 Tentat
2406 2997 2489 3035 vos
2508 2980 2755 3036 Dominus
2772 2981 2907 3035 Deus
2924 2992 3083 3036 vester
3099 2983 3275 3054 (Deut.
3299 2998 3413 3046 xm,
3429 2983 3519 3052 3)?

1998 3074 2156 3141 Resp.
2207 3072 2452 3126 Tentatio
2500 3072 2705 3127 Domini
2753 3072 2996 3141 probatio
3048 3072 3365 3141 appellatur.
3410 3073 3519 3128 Ne-

237 3155 340 3208 bus
368 3155 574 3223 possint
602 3157 916 3225 prmdicare.
951 3158 1004 3212 lu
1041 3162 1298 3229 hac.ergo
1340 3162 1683 3230 perceptione
1714 3178 1841 3216 san-
1869 3146 1912 3208 ε
1945 3181 2045 3230 quc
2074 3165 2215 3219 enim
2260 3165 2348 3218 ille
2378 3177 2698 3234 quemquam
2731 3170 2901 3217 tentat
2931 3162 2984 3216 in
3017 3162 3353 3230 passionibus
3375 3204 3388 3224 .
3419 3166 3514 3217 sed

240 3248 314 3301 cti
339 3247 574 3316 Spiritus
603 3250 895 3305 secundum
941 3252 1229 3306 Dominicac
1276 3253 1462 3322 gratia:
1504 3253 1839 3307 distributio.

236 3352 360 3393 nem
391 3339 754 3408 apostolorum
786 3341 1178 3395 demonstratur
1207 3343 1472 3411 profectus
1500 3384 1515 3410 ,
1547 3360 1649 3397 non
1680 3360 1830 3397 com-

235 3431 588 3497 pngnantium
616 3430 899 3484 diversitas
928 3432 1348 3501 Seripturaruiu.
1383 3433 1448 3488 Et
1471 3434 1644 3499 aliter,
1672 3450 1837 3505 quare

236 3521 321 3575 bis
348 3523 505 3576 datus
549 3523 618 3576 sit
650 3524 876 3593 Spiritus
900 3536 1134 3589 sanctus,
1165 3527 1377 3595 egregie
1404 3528 1616 3595 quidam
1650 3528 1836 3583 doctor

237 3615 489 3683 expavsait
518 3614 700 3669 dicens
726 3616 793 3671 de
820 3632 884 3671 eo
911 3633 1065 3686 quem
1093 3619 1320 3686 primum
1352 3617 1435 3671 hic
1464 3619 1713 3676 Salvator
1742 3635 1835 3687 per

238 3708 475 3773 seipsum
506 3706 668 3773 dedit,
694 3707 840 3762 etde
871 3709 1021 3762 cmlis
1050 3718 1230 3777 postea
1264 3708 1428 3771 misit,
1460 3719 1515 3761 tit
1558 3710 1827 3779 signiﬁca-

239 3808 389 3851 retur
417 3798 633 3852 dilectio
663 3801 891 3870 proximi
913 3812 966 3856 et
992 3801 1208 3855 dilectio
1237 3801 1352 3867 Dei,
1380 3817 1494 3871 quia
1516 3803 1565 3856 in
1596 3800 1833 3856 cordibus

239 3899 531 3942 sanctorum
561 3906 651 3960 per
682 3890 930 3961 Spiritum
963 3901 1195 3944 sanctum
1236 3891 1543 3959 diffunditur
1575 3893 1751 3961 (Rom.
1777 3910 1830 3961 ν,

240 3976 321 4043 5),
357 3978 445 4047 qui
486 3980 637 4032 datus
679 3990 760 4034 est
806 3982 871 4034 ad
918 3982 1389 4051 cvangelizandum
1438 3984 1533 4037 Dei
1585 3986 1829 4041 verbum.

240 4067 345 4122 Per
372 4069 514 4137 quod
547 4071 775 4140 apostoli
810 4078 944 4127 'scse
985 4073 1036 4126 in
1080 4073 1223 4128 orbis
1275 4086 1451 4142 partes
1501 4074 1828 4142 intulerunt,

238 4170 499 4229 quantum
547 4172 727 4217 narrat
775 4163 1039 4232 historia,
1091 4165 1512 4223 Barlbolommus
1561 4169 1613 4221 in
1646 4168 1827 4234 ludos,

238 4252 476 4307 Thomas
509 4254 729 4327 tetendit
763 4256 816 4310 in
858 4257 1083 4311 Parthos
1105 4299 1119 4324 ,
1169 4258 1449 4314 Matthreus
1496 4260 1782 4333 JEthiopes
1813 4304 1828 4329 ,

238 4343 485 4399 Andreas
536 4346 760 4416 Scythas
816 4349 1192 4417 praedicatione
1246 4351 1507 4416 mollivit,
1565 4351 1826 4407 Joannem

240 4436 423 4488 Asiam
453 4434 635 4491 divino
656 4452 903 4493 sermone
933 4440 1190 4503 correxit,
1223 4438 1411 4494 Petrus
1435 4439 1824 4510 Cappadociam

1943 3271 1971 3309 a
2001 3255 2450 3326 concupiscentiis
2481 3254 2682 3308 nostris
2724 3251 2809 3309 illa
2848 3252 3071 3307 tentatio
3109 3258 3225 3317 est,
3257 3267 3377 3307 cum
3423 3254 3515 3306 ltit-

1944 3348 2125 3404 miliati
2157 3348 2455 3417 dc-jicimur.
2489 3345 2534 3399 Α
2566 3345 2793 3400 Domino
2821 3354 2904 3400 est
2935 3346 3158 3400 tentatio
3180 3390 3194 3413 ,
3239 3361 3357 3399 cum
3394 3360 3517 3415 pro-

1939 3437 2032 3494 bat
2069 3448 2123 3493 et
2164 3438 2549 3507 glorificamnr,
2578 3446 2631 3492 ct
2660 3437 2779 3492 ideo
2806 3432 3063 3502 Dominus
3090 3438 3379 3493 intentatur
3409 3454 3519 3491 ma-

1940 3530 2109 3585 lorum
2142 3542 2216 3584 cst
2230 3571 2242 3583 .

1980 3618 1986 3624 ’
2424 3616 2473 3653 ΙΝ
2516 3614 2766 3653 EPISTOLA
2807 3612 3036 3653 JOANMS.

2009 3711 2117 3765 Int.
2155 3709 2422 3777 Quomodo
2454 3713 2678 3779 perfecta
2705 3708 2925 3762 Charitas
2954 3712 3094 3778 foras
3120 3709 3204 3763 nit
3232 3709 3268 3763 il
3292 3712 3519 3767 timorem

1937 3803 2154 3875 (lJoan.
2181 3818 2259 3869 tv,
2290 3802 2404 3872 te),
2445 3817 2565 3854 cum
2607 3815 2816 3855 rursum
2862 3800 3155 3854 scribitur:
3189 3802 3364 3855 Timor
3409 3804 3516 3856 Lo-

1922 3898 2056 3949 mini
2080 3907 2248 3950 castus
2280 3901 2533 3963 permanet
2557 3894 2605 3947 in
2632 3893 2874 3948 sa’cnlum
2899 3893 3072 3946 δωρειΙὶ
3104 3891 3218 3957 (Ps.
3245 3896 3520 3965 Inmiti)?

2006 3989 2161 4056 Resp.
2214 3985 2465 4056 Quisquis
2497 3984 2660 4039 Deum
2704 3986 2912 4053 diligit.
2952 3987 3135 4055 ut'q'c
3171 3985 3371 4054 absque
3411 3985 3517 4037 Deo

1933 4095 2052 4136 esse
2083 4078 2354 4133 formidat.
2388 4077 2485 4132 llic
2512 4086 2595 4132 est
2633 4076 2790 4130 timor
2838 4074 2964 4141 Dei,
3012 4078 3101 4149 qui
3153 4086 3430 4147 permanet
3462 4075 3513 4131 in

1933 4170 2188 4225 sarculum
2219 4168 2421 4223 saeculi.
2451 4167 2616 4239 Igitur
2643 4167 2802 4221 timor
2830 4167 2914 4222 hic
2943 4168 3008 4223 (le
3037 4167 3273 4235 perfecta
3301 4168 3515 4221 Domini

1933 4261 2191 4316 charitate
2221 4260 2501 4316 descendit
2529 4277 2543 4322 ;
2578 4267 2631 4313 at
2659 4274 2785 4314 vero
2813 4260 2950 4312 alius
2979 4259 3139 4312 timor
3170 4259 3255 4315 ille
3285 4258 3351 4313 de
3383 4268 3515 4313 tem-

1933 4352 2159 4421 parariis
2196 4351 2360 4407 rebus
2403 4351 2680 4404 nascitur:
2715 4364 2942 4418 quarum
2986 4363 3127 4417 saepe
3169 4350 3512 4407 amissionem

1932 4458 2200 4497 veremur.
2232 4442 2382 4497 llunc
2407 4442 2653 4495 timorem
2686 4437 2826 4493 foras
2854 4438 3014 4493 mittit
3039 4439 3231 4492 divinae
3259 4439 3421 4507 perfe.
3443 4444 3517 4494 tio

238 4536 403 4595 atque
428 4526 711 4595 Galatiam,
743 4530 1040 4600 Bithyniam
1076 4532 1272 4597 pariter
1302 4541 1356 4587 et
1392 4532 1617 4590 Pontum
1646 4576 1659 4597 ,
1705 4551 1829 4603 pro—
1860 4514 1911 4574 D
1938 4532 2233 4587 cltaritatis.

238 4620 553 4689 vinciasque
581 4623 839 4688 contines,
872 4624 996 4676 dum
1027 4622 1226 4677 Judaeis
1254 4625 1510 4693 praedicat
1536 4667 1549 4690 ,
1600 4626 1828 4681 circuit:

240 4716 516 4777 postremo
558 4710 779 4765 Ruinam
832 4714 1191 4768 illustratunts
1240 4717 1491 4770 accessit.
1544 4714 1739 4770 Paulus
1769 4718 1830 4771 ab

240 4803 567 4858 Hierusalem
594 4823 747 4875 n'que
777 4806 1043 4878 Illyricum
1072 4826 1187 4861 cum
1226 4807 1503 4880 Evangelia
1545 4811 1833 4879 replevisset

241 4894 421 4966 (Rom.
460 4913 549 4961 ις,
593 4898 702 4964 19),
747 4908 850 4951 tam
883 4901 1189 4955 innumeras
1220 4916 1281 4955 ac
1315 4902 1557 4971 dispares
1586 4903 1828 4958 nationes

242 4986 529 5054 praeceptis
558 4998 825 5056 tamquam
857 4990 1020 5058 armis
1053 4991 1222 5045 victor
1248 4992 1505 5045 edomuit.

313 5073 422 5128 Int.
453 5075 583 5130 Cum
614 5079 663 5131 in
697 5080 914 5133 Actibus
937 5082 1295 5149 apostolorum
1320 5082 1550 5151 primum
1580 5082 1789 5153 legatur
1814 5102 1825 5137 :

245 5167 365 5222 Viri
391 5177 559 5223 autem
580 5170 663 5237 qui
684 5170 1056 5224 comitabantur
1079 5188 1191 5225 cum
1211 5190 1290 5237 eo,
1316 5174 1416 5227 hoc
1440 5183 1519 5227 est
1544 5190 1663 5228 cum
1686 5176 1831 5244 Apo-

236 5260 406 5323 stolo,
431 5262 629 5313 stabant
650 5271 927 5332 stupentes,
954 5265 1211 5318 audientes
1234 5266 1436 5335 quidem
1459 5278 1649 5331 vocem,
1672 5267 1831 5320 nemi-

239 5365 357 5404 nem
378 5360 551 5404 autem
574 5352 794 5407 videntes
817 5355 952 5425 (Act.
981 5371 1059 5422 Ix,
1086 5353 1162 5425 7),
1185 5358 1450 5427 quomodo
1476 5368 1659 5427 postea
1688 5362 1828 5427 Apo-

236 5441 411 5496 stolas
442 5442 609 5497 dicit:
641 5444 707 5496 Et
738 5446 823 5513 qui
851 5460 1046 5512 mecum
1077 5456 1240 5514 crant,
1274 5448 1439 5503 lumen
1465 5451 1669 5520 quidem
1694 5452 1829 5504 cide-

236 5542 384 5601 runt,
415 5550 586 5588 vocem
624 5548 793 5589 autem
832 5555 932 5591 non
962 5540 1234 5593 audierunt
1262 5546 1374 5611 ejus
1402 5542 1490 5610 qui
1528 5541 1829 5612 loquebatur

236 5637 440 5675 mecum
468 5624 606 5695 (Act.
643 5641 772 5691 xm,
801 5627 899 5696 9)?

312 5713 474 5786 Resp.
520 5717 779 5780 Superius
824 5721 913 5773 ubi
961 5721 1173 5776 audisse
1212 5737 1394 5778 vocem
1453 5720 1758 5778 referuntur
1799 5740 1827 5780 a

532 5810 798 5869 Parnm.
850 5812 918 5872 ι.

1983 4621 2117 4679 .Int.
2144 4622 2278 4679 Item
2307 4620 2359 4675 in
2389 4620 2625 4691 Epistula
2651 4634 2745 4674 sua
2775 4619 3009 4674 Joannes
3037 4618 3185 4690 ponit
3212 4637 3223 4672 :
3250 4618 3375 4673 Tria
3400 4631 3516 4674 sunt

1936 4730 2050 4782 qua
2082 4711 2417 4767 testimonium
2444 4714 2705 4784 per/libent
2727 4754 2742 4777 ,
2771 4728 2903 4782 aqua
2927 4753 2939 4775 ,
2965 4712 3175 4781 sanguis
3196 4756 3210 4781 ,
3238 4722 3283 4765 et
3305 4713 3516 4784 spiritus

1936 4801 2320 4875 (IJoau.v,8):
2354 4804 2476 4874 quid
2509 4805 2560 4857 in
2594 4805 2693 4858 hoc
2724 4804 3032 4858 iudica'ur?

2009 4894 2167 4966 Resp.
2208 4896 2398 4951 Simile
2436 4896 2557 4951 huic
2599 4897 2715 4950 loco
2754 4897 2914 4950 etiam
2958 4895 3084 4949 illud
3119 4896 3249 4949 mihi
3284 4897 3517 4959 videtur,

1933 4987 2072 5055 quod
2097 4988 2208 5055 ipse
2227 4986 2279 5040 in
2304 4986 2591 5055 Evangelio
2614 5002 2709 5040 suo
2732 4988 2795 5040 de
2817 4987 3059 5055 passione
3071 4986 3265 5040 Christi
3286 4987 3516 5054 loquitur

1933 5076 2119 5131 dicens
2155 5095 2167 5129 :
2214 5076 2359 5130 Unus
2398 5077 2617 5129 militum
2655 5077 2831 5130 lancea
2870 5077 3001 5129 latus
3041 5076 3148 5145 ejus
3188 5077 3424 5143 aperuit,
3465 5086 3516 5129 et

1931 5170 2172 5222 continuo
2200 5169 2349 5221 exivit
2379 5169 2584 5239 sanguis
2624 5179 2671 5222 et
2711 5186 2883 5238 aqua;
2916 5177 2961 5221 et
2989 5168 3079 5240 qui
3102 5169 3225 5221 vidit
3246 5210 3259 5229 ,
3285 5170 3515 5222 testimo-

1934 5262 2074 5316 nium
2115 5261 2363 5331 perhibuit
2405 5258 2601 5330 (Joan.
2630 5277 2746 5320 xix,
2775 5258 2905 5327 54).
2952 5260 3008 5312 ln
3051 5259 3239 5313 eodem
3287 5260 3399 5328 ipse
3446 5260 3514 5315 de

1934 5356 2064 5410 Jcsu
2093 5369 2252 5422 supra
2284 5352 2529 5407 dixerat:
2564 5351 2818 5406 Inclinato
2847 5353 3012 5421 capite
3039 5352 3252 5405 tradidit
3277 5353 3512 5424 spiritum

1933 5447 2113 5518 (Joan.
2142 5462 2227 5499 XIX
2253 5486 2266 5509 ,
2298 5446 2413 5514 50).
2447 5444 2669 5513 Quidam
2701 5460 2825 5516 ergo
2854 5462 2917 5498 ex
2951 5445 3052 5500 hoc
3082 5444 3153 5499 ita
3198 5444 3509 5512 disputant:

1933 5540 2081 5607 Aqua
2132 5536 2450 5605 bapii~mttm
2490 5575 2505 5599 ,
2564 5536 2778 5603 sanguis
2826 5536 3032 5589 videtur
3090 5536 3323 5590 iudicare
3372 5550 3512 5589 mar-

1935 5630 2128 5700 tyrium
2156 5671 2169 5692 ,
2212 5626 2443 5694 Spiritus
2489 5640 2614 5679 vero
2657 5627 2768 5693 ipse
2814 5635 2896 5680 est
2935 5628 3022 5696 qui
3064 5642 3160 5697 per
3198 5626 3511 5696 martyrium

1936 5718 2124 5776 transit
2155 5719 2215 5773 ad
2251 5717 2553 5770 Dominttm.
2600 5715 2789 5771 Plures
2820 5725 2995 5770 tamen
3026 5718 3115 5774 hic
3148 5719 3314 5787 ipsam
3348 5718 3510 5773 inter-

2877 5810 2955 5869 28
