3932 6170
519 293 626 350 ett
1515 298 1572 355 s.
1617 297 1942 354 euerrenn
1985 299 2464 361 LUGDUNENSIS
2504 305 2810 368 EPlSCOPl
3629 331 3704 386 ειι

529 406 827 508 pretationc
857 402 1417 508 mysticpjntelligurrt
1455 404 1772 508 Trinitatem
1798 449 1811 471 ,
1855 422 1922 464 eo
1961 409 2106 479 quod
2140 413 2182 472 Α
2216 427 2284 466 xu
2309 455 2322 479 ,
2348 411 2463 484 59.).
2496 413 2841 484 Blasphemat
2864 419 3004 474 enim
3034 422 3118 491 qni
3141 421 3324 479 divinis
3347 429 3710 508 promissis.spi.

525 499 756 568 perfecta
799 497 910 566 ipsa
957 495 1237 565 perhibeal
1280 496 1646 552 testimonium
1688 499 1904 553 Christo
1933 516 1945 552 :
1976 515 2112 568 aqua
2218 503 2448 572 rituique
2477 516 2662 560 sancto
2694 509 2916 564 minime
2943 511 3194 577 credens,
3221 515 3270 568 in
3298 495 3395 585 quo
3423 531 3492 574 est
3517 495 3712 583 remisiio

523 588 734 642 Patrem
768 586 1010 641 indicans
1033 628 1048 650 ,
1077 587 1203 657 quia
1235 587 1349 656 ipse
1381 588 1450 642 de
1477 604 1536 644 se
1577 589 1746 644 dicit:
1794 588 1880 644 Me
1916 589 2111 643 dereli-
2218 604 2560 662 peccatorum
2580 638 2594 660 ,
2630 599 2964 655 reconciliari
3016 601 3124 658 Dee
3155 604 3204 659 in
3235 605 3326 661 hac
3356 609 3448 663 vita
3494 629 3573 682 per
3596 621 3715 671 satis-

520 687 736 750 querunt
781 679 970 748 fontem
1018 694 1167 750 aqua:
1211 683 1334 734 viva:
1379 677 1630 753 (lenit,
1658 681 1804 752 i5);
1853 682 2112 752 sanguine
2219 685 2465 741 factionis
2495 702 2659 756 Opera
2692 691 2976 748 detrectat.

520 771 790 826 Christum
808 771 1206 835 demonstrans,
1228 772 1410 841 utique
1426 786 1523 842 per
1541 774 1805 842 passionis
1825 791 2107 842 cruorem;
2290 775 2396 830 lnt.
2431 777 2567 846 Quid
2601 781 2870 850 signiﬁcat
2896 783 3035 851 quod
3068 784 3117 838 in
3143 786 3325 840 eodem
3354 788 3582 860 legimus,
3605 811 3717 850 mun-

512 864 707 933 spiritu
735 879 866 920 vero
891 873 1136 920 sanctum
1165 864 1424 935 Spiritum
1455 868 1830 923 manifestans.
1860 869 1985 924 liter.
2009 885 2110 924 au-
2185 859 2188 862 ’
2213 863 2337 920 dum
2366 867 2421 921 in
2451 870 2731 939 malignum
2759 889 2867 926 esse
2890 877 3111 944 pesitum
3144 875 3189 945 (l
3212 875 3362 933 Joan.
3389 896 3436 944 v,
3468 859 3582 953 t9)?

517 962 626 1010 tem
659 955 758 1010 tria
786 955 854 1011 de
876 953 1094 1011 Christo
1125 957 1489 1012 testimonium
1523 960 1592 1014 ita
1627 961 1946 1028 perhibent,
1992 963 2110 1032 ipso
2287 958 2446 1028 Resp.
2478 959 2592 1013 Non
2638 961 2777 1030 quod
2825 978 2852 1016 a
2907 963 3019 1019 Deo
3070 968 3293 1021 mundus
3341 969 3389 1022 in
3435 971 3633 1041 maligno
3669 976 3718 1028 sit

517 1045 570 1100 in
623 1045 915 1116 Evangelio
964 1048 1218 1117 loquente
1253 1065 1267 1100 :
1320 1049 1429 1121 Ego
1473 1066 1583 1102 sum
1630 1053 1720 1116 qui
1759 1053 2106 1107 testimonium
2213 1051 2556 1118 positus,sed
2575 1055 2714 1122 quod
2746 1055 2871 1108 vitia
2899 1055 3173 1112 hominum
3203 1061 3252 1114 in
3282 1063 3716 1121 mundoviventium

513 1133 754 1207 perhibeo
781 1136 845 1188 de
871 1137 1097 1205 meipso;
1127 1146 1172 1191 et
1202 1139 1540 1192 testimonium
1567 1140 1798 1212 perhibet
1826 1143 1890 1195 de
1915 1159 1994 1197 me
2018 1145 2105 1214 qui
2209 1147 2318 1198 sint
2359 1145 2610 1216 maligna.
2655 1145 2767 1202 Hoc
2812 1150 2972 1203 modo
3016 1153 3177 1205 etiam
3230 1153 3354 1207 illud
3397 1158 3572 1224 patebit
3611 1161 3718 1228 quod

513 1226 652 1280 misit
676 1242 755 1280 me
784 1225 942 1281 Pater
968 1226 1159 1298 (Joan.
1187 1244 1280 1283 vttt
1302 1272 1315 1296 ,
1343 1229 1454 1300 18).
1507 1231 1568 1284 Et
1613 1231 1740 1284 item
1770 1248 1784 1283 :
1832 1232 1959 1286 Cum
2005 1251 2102 1287 au-
2206 1235 2463 1305 scriptum
2497 1248 2577 1290 est
2606 1253 2622 1291 :
2655 1237 2791 1302 Quia
2821 1239 2927 1294 dies
2959 1242 3082 1295 mali
3111 1254 3226 1296 sunt
3258 1243 3410 1318 (Eph.
3435 1262 3485 1315 v,
3512 1248 3606 1319 lii).

512 1326 610 1370 tem
639 1319 827 1372 venerit
868 1317 1207 1387 Paracletus,
1239 1337 1389 1389 quem
1427 1338 1518 1390 ego
1561 1322 1757 1375 mittam
1796 1323 1936 1377 vobis
1979 1324 2103 1394 Spi-

511 1412 666 1464 ritum
697 1412 948 1478 veritatis,
977 1414 1065 1482 qui
1091 1429 1122 1465 a
1155 1411 1315 1468 Patre
1344 1416 1602 1480 procedit,
1636 1415 1724 1469 ille
1752 1416 2100 1470 testimonium
2789 1386 2842 1426 m
2872 1388 3208 1430 "omum"

509 1503 785 1571 perhibebtt
807 1503 869 1556 de
889 1520 969 1558 me
995 1501 1411 1576 (Joan.xv.20).
1437 1505 1692 1560 Perhibet
1711 1522 1838 1576 ergo
1859 1509 2098 1564 testimo-
2145 1504 2147 1506 ’
2273 1499 2384 1553 Ῑητο
2413 1499 2511 1568 Ουῖ
2543 1511 2666 1557 sum
2696 1503 2771 1558 illi
2802 1515 2989 1576 δεριεηι
3018 1509 3230 1578 spiritus
3261 1510 3348 1563 Dei
3372 1553 3385 1577 ,
3416 1511 3499 1581 qui
3537 1514 3581 1565 in
3617 1514 3716 1581 Apo-

507 1595 652 1648 nium
687 1595 876 1660 Pater,
906 1611 1027 1651 cum
1057 1596 1188 1651 dicit
1217 1613 1232 1652 :
1265 1596 1371 1652 Hic
1399 1606 1470 1651 est
1502 1597 1674 1652 Filius
1701 1615 1842 1652 mens
1883 1598 2096 1654 dilectus
2200 1592 2402 1663 calypsi
2430 1594 2518 1659 (I.
2549 1595 2621 1665 4)
2651 1601 3186 1654 commemorantur?

507 1687 739 1759 (Matth.
786 1705 878 1756 nr,
924 1691 1025 1759 Π)
1053 1706 1068 1756 ;
1103 1689 1270 1744 Filius
1292 1733 1306 1758 ,
1338 1706 1460 1746 cum
1492 1691 1664 1746 dicit:
1703 1692 1812 1763 Ego
1841 1701 1889 1746 et
1939 1693 2094 1746 Pam
2273 1685 2430 1753 Resp.
2463 1684 2526 1746 lli
2557 1693 2683 1740 sunt
2721 1701 2855 1755 quos
2894 1697 2946 1743 et
2976 1690 3238 1760 propheta
3270 1691 3427 1745 Isaias
3453 1703 3715 1746 enumerat:

505 1795 666 1832 unum
714 1779 1115 1852 suntusi-(Joan.
1142 1797 1173 1836 χ
1194 1826 1208 1851 ,
1241 1781 1332 1852 30)
1364 1799 1378 1845 ;
1407 1783 1640 1852 Spiritus
1680 1794 1897 1839 sanctus
1922 1825 1937 1848 ,
1971 1799 2089 1839 cum
2125 1789 2168 1848 Β
2203 1778 2429 1849 Spiritus
2473 1780 2738 1852 sapientiae
2781 1791 2830 1836 et
2877 1781 3169 1838 intellectus
3190 1826 3204 1850 ,
3255 1786 3457 1851 spiritus
3491 1784 3658 1836 eamihi
3686 1795 3718 1835 et

501 1871 570 1926 de
596 1886 661 1926 eo
694 1872 891 1926 dicitur
924 1890 937 1925 :
980 1871 1050 1927 Et
1089 1874 1215 1928 vidit
1262 1873 1517 1946 Spiritum
1571 1873 1669 1928 Dei
1708 1876 2094 1929 descendentem
2204 1869 2408 1932 pietatis
2430 1910 2444 1933 ,
2477 1870 2687 1939 spiritus
2712 1871 2939 1926 scientia:
2963 1883 3012 1925 et
3041 1874 3263 1928 veritatis
3285 1913 3299 1939 ,
3346 1875 3537 1945 spiritus
3570 1875 3719 1925 timoris

501 1963 629 2017 sicut
655 1962 943 2017 columbam
972 1965 1249 2020 venientem
1279 1984 1435 2036 super
1459 1983 1512 2021 se
1541 1966 1757 2038 (Matth.
1785 1983 1874 2032 nr,
1909 1969 2018 2038 16).
2202 1961 2299 2016 Dei
2328 1962 2480 2033 (1εαὶ.
2505 1978 2589 2026 XI,
2620 1963 2699 2033 9).
2733 1963 2789 2017 In
2810 1964 3024 2034 'quibus
3067 1975 3250 2020 tamen
3292 1965 3561 2034 spiritualia
3595 1979 3715 2031 opera

571 2052 682 2109 Int.
711 2055 847 2122 Quid
880 2069 954 2111 cS'
991 2057 1136 2126 quod
1168 2072 1382 2112 rursum
1413 2059 1463 2112 in
1492 2058 1730 2128 Epistola
1761 2073 1854 2112 sua
1887 2059 2097 2129 profert
2199 2053 2591 2135 significantur.
2627 2054 2814 2108 Omnia
2839 2066 3010 2109 autem
3054 2057 3150 2110 illa
3189 2066 3423 2128 aperatur
3459 2072 3572 2109 unus
3605 2064 3718 2122 atque

498 2162 618 2202 esse
649 2162 746 2218 pro
775 2164 882 2218 quo
933 2163 1038 2204 non
1085 2148 1279 2205 debeat
1325 2150 1466 2206 orari
1513 2159 1778 2222 peccatum
1819 2167 1978 2223 usque
2023 2152 2092 2204 ad
2197 2146 2332 2198 idem
2362 2146 2575 2213 spiritus
2603 2144 2647 2216 (l
2676 2142 2932 2213 Coram,
2961 2147 3070 2217 lt).

497 2249 710 2294 mortem
744 2239 787 2311 (l
814 2239 974 2294 Joan.
1004 2256 1055 2309 v,
1091 2240 1219 2312 l6)?
2269 2239 2336 2292 Et
2365 2239 2577 2308 quidem
2611 2238 2725 2293 lucc
2756 2241 2823 2294 de
2852 2240 3202 2310 opinionibus
3243 2238 3638 2294 doctissimorum
3661 2234 3718 2287 vi-

566 2334 722 2402 Resp.
759 2334 950 2405 Utique
978 2349 1152 2406 usque
1178 2335 1245 2390 ad
1278 2344 1505 2391 mortem
1527 2343 1726 2404 peccat
1767 2335 1857 2390 ille
1899 2349 2090 2406 peeca-
2192 2346 2378 2385 rerum
2404 2331 2638 2407 exigenti
2669 2331 2762 2384 tibi
2794 2347 2822 2384 a
2855 2347 2942 2386 me
2966 2333 3179 2400 prolata
3205 2341 3346 2387 sunt.
3376 2331 3430 2387 Si
3457 2331 3560 2399 quis
3583 2336 3718 2382 tamen

497 2437 602 2491 ter,
631 2428 721 2497 qui
762 2429 814 2482 in
859 2427 1018 2498 huius
1059 2429 1403 2497 temporariae
1444 2428 1573 2483 vita
1611 2442 1773 2483 cursu
1816 2429 2088 2499 pmniten-
2193 2423 2246 2478 in
2281 2423 2655 2492 praedictarum
2684 2424 3040 2493 quaestionum
3067 2423 3508 2494 disputationibus
3529 2417 3718 2473 attulerit

491 2520 623 2573 tiam
661 2533 766 2574 non
808 2519 937 2591 agit.
977 2520 1087 2577 llac
1129 2523 1340 2576 ratione
1370 2520 1499 2576 illud
1527 2534 1745 2591 quoque
1773 2531 1982 2591 oportet
2009 2521 2091 2576 in-
2192 2531 2312 2585 qum
2372 2515 2542 2585 magis
2598 2516 2911 2584 probentur,
2975 2517 3382 2586 reprehendens
3427 2513 3718 2586 pertinaciam

496 2611 694 2681 telligi:
725 2613 827 2678 Qui
847 2623 1017 2668 autem
1038 2611 1463 2684 btasphemaverit
1483 2612 1538 2666 in
1558 2620 1793 2666 sanctum
1812 2611 2090 2683 Spiritum,
2191 2621 2311 2676 qua:
2339 2605 2390 2660 in
2425 2606 2697 2676 plerisque
2726 2621 2846 2663 esse
2876 2608 3048 2675 solet,
3096 2626 3203 2664 non
3245 2610 3414 2664 abnuo
3436 2623 3513 2662 me
3550 2613 3716 2661 secutu-

493 2717 595 2757 non
621 2704 904 2759 remittetur
929 2705 1006 2769 ei,
1037 2720 1195 2770 neque
1225 2704 1309 2758 hic
1333 2719 1496 2775 neque
1523 2703 1578 2758 in
1608 2705 1842 2775 futurum
1870 2701 2085 2769 (Matth.
2193 2714 2311 2755 rum
2342 2713 2464 2754 esse
2492 2700 2733 2753 meliora.

1418 2935 1894 3041 LIBER
1972 2930 2842 3042 SECUNDUS.

836 3180 1204 3236 PREFATIO
1242 3181 1336 3236 AD
1373 3182 1742 3242 SALONIUM.
2113 3187 2159 3250 C
2193 3184 2391 3240 celsus.
2422 3183 2695 3240 Abraham
2721 3227 2736 3252 ,
2782 3193 2934 3254 pater
2964 3185 3159 3242 videns
3202 3186 3448 3258 populum
3471 3228 3484 3252 ,
3512 3183 3583 3239 vel
3609 3191 3723 3254 pater

561 3271 859 3340 Quoniam,
893 3273 964 3327 (ili
995 3271 1350 3341 charissime,
1382 3275 1664 3345 superiore
1705 3277 1844 3332 libro
1883 3291 2079 3347 prope-
2181 3275 2473 3330 multarum
2495 3316 2510 3341 ,
2557 3274 2764 3330 scilicet
2797 3275 3058 3346 gentium.
3106 3276 3303 3345 Sarai,
3352 3276 3580 3348 princeps
3616 3285 3724 3326 mea.

489 3365 777 3420 sitionibus
806 3365 912 3420 tuis
954 3379 1013 3420 se
1053 3365 1242 3421 retulit
1285 3366 1477 3421 crebra
1526 3368 1838 3438 responsio,
1888 3379 1944 3426 et
1985 3384 2079 3425 ve—
2180 3365 2310 3420 Sara
2341 3365 2610 3434 princeps.
2641 3364 2942 3421 Notandum
2972 3367 3114 3437 quod
3159 3369 3401 3437 utris-rue
3440 3364 3722 3423 nominibuS.

488 3473 635 3523 reor,
669 3473 736 3514 ne
763 3458 994 3513 assidua:
1029 3460 1479 3530 interrogationes
1503 3504 1518 3528 ,
1551 3470 1607 3516 ut
1637 3461 1697 3516 fit
1724 3462 2074 3532 plerumque,
2178 3457 2384 3512 scilicet
2414 3457 2644 3514 Abrahze
2671 3467 2727 3515 et
2764 3458 2914 3515 Sarac
2942 3467 3157 3517 tantum
3189 3480 3222 3516 a
3251 3462 3478 3518 litteram
3515 3455 3725 3514 Dominus

489 3551 684 3620 legenti
726 3561 990 3621 generem
1037 3566 1102 3607 ex
1149 3552 1400 3607 satietate
1439 3551 1754 3619 fastidium;
1786 3569 1909 3610 meo
1937 3570 2042 3608 nun

2179 3547 2480 3616 addiderit,
2509 3565 2629 3620 quae
2662 3560 2841 3606 tamen
2871 3551 3012 3620 apud
3044 3553 3311 3609 llebrmos
3359 3567 3451 3622 per
3489 3568 3513 3606 θ
3551 3550 3721 3618 legitur.

489 3645 707 3698 nomine
730 3657 792 3698 ea
823 3657 942 3713 qua:
969 3643 1360 3713 spoponderam
1384 3659 1517 3714 epus
1538 3645 1874 3712 variaturus,
1911 3645 2076 3701 adne-
2178 3643 2342 3712 Agar,
2394 3641 2629 3710 advena,
2672 3642 2757 3698 vel
2799 3657 3084 3700 conversa.
3140 3644 3336 3700 lsmacl
3360 3687 3374 3711 ,
3417 3640 3600 3697 auditio
3632 3636 3723 3693 Dei.

488 3741 627 3790 ctam
655 3751 670 3790 :
703 3734 928 3805 singulae
954 3741 1215 3804 (iureque,
1257 3743 1316 3789 ut
1353 3737 1554 3792 ordine.
1587 3737 1706 3807 ipso
1752 3738 1922 3808 magis
1961 3738 2075 3793 ela-
2179 3731 2352 3798 Isaac,
2401 3733 2578 3799 risus;
2633 3747 2738 3789 non
2783 3741 2964 3789 tamen
2990 3775 3006 3801 ,
3050 3744 3110 3788 ut
3160 3735 3378 3806 quidam
3410 3739 3610 3804 putant,
3636 3729 3725 3781 ideo

487 3836 672 3894 reant,
703 3841 799 3894 per
825 3828 1034 3897 species
1066 3841 1190 3881 suas
1221 3826 1490 3893 dividens,
1519 3843 1584 3883 ac
1613 3828 1780 3884 titulis
1808 3832 1920 3884 suis
1950 3830 2077 3885 sub—
2179 3823 2257 3878 Sic
2283 3822 2584 3893 appellalus
2604 3865 2620 3892 ,
2653 3825 2777 3895 quia
2823 3825 2955 3881 Sara
3001 3826 3230 3894 riserit,
3277 3827 3371 3882 sed
3417 3823 3548 3895 quod
3591 3819 3725 3876 Altl‘a‘

486 3920 641 3974 dens.
689 3918 756 3973 Et
805 3920 977 3988 primo
1033 3919 1240 3973 veniam
1291 3917 1356 3972 ad
1400 3918 1750 3974 Hebraeorum
1797 3921 2075 3975 nominum
2179 3914 2326 3983 ham,
2369 3915 2460 3986 qui
2505 3925 2630 3971 tunc
2671 3917 2858 3987 utique
2899 3917 3046 3987 prior
3077 3917 3272 3973 risisse
3313 3916 3582 3972 indicatur.
3617 3908 3727 3964 Reb-

487 4009 981 4078 interpretatienem
1007 4049 1021 4074 ,
1071 4024 1102 4063 e
1143 4009 1338 4079 quibus
1377 4021 1522 4064 certa
1569 4025 1799 4081 qumque
1838 4022 1893 4068 et
1934 4011 2077 4068 cele-
2177 4005 2364 4073 becca,
2397 4006 2679 4076 patientia,
2708 4007 2821 4062 sive
2849 4021 2969 4077 qua
3001 4007 3233 4067 multum
3267 4007 3546 4078 acceperit.
3573 3998 3725 4058 Jacob.

489 4100 666 4154 briora
695 4099 980 4155 brevitatis
1009 4114 1170 4154 causa
1204 4115 1417 4168 ponam.
2178 4098 2578 4168 supplantator.
2608 4097 2772 4153 lsrael
2797 4139 2812 4164 ,
2845 4101 2925 4151 vir
2955 4098 3150 4155 videns
3202 4100 3372 4154 Deum
3392 4137 3406 4161 .
3450 4095 3539 4152 sed
3576 4091 3729 4147 melius

1010 4187 1237 4244 CAPUT
1266 4187 1552 4244 PRIMUM.
2179 4189 2426 4259 princeps
2452 4205 2576 4244 cum
2605 4189 2738 4244 Deo.
2767 4189 2861 4245 Lia
2883 4231 2897 4256 ,
2930 4189 3226 4246 laboriosa.
3254 4188 3486 4252 Rachel,
3515 4184 3642 4248 Ovis.
3664 4180 3728 4232 vel

760 4279 1093 4336 Hebraeorum
1123 4282 1389 4336 nominum
1419 4281 1791 4352 interpretatio.
2177 4280 2365 4336 videns
2395 4281 2586 4336 Deum.
2617 4281 2840 4349 Ruben,
2873 4282 3062 4336 videns
3109 4281 3288 4349 ﬁlios,
3337 4283 3450 4336 sive
3492 4277 3656 4333 videns
3691 4273 3729 4322 in

556 4371 801 4444 Adonai,
859 4371 912 4427 in
964 4371 1213 4428 Latinum
1262 4383 1417 4428 sonat
1469 4373 1750 4427 Dominus.
1800 4371 2068 4441 Sabaoth,
2177 4371 2376 4426 medio.
2407 4372 2660 4438 Simeon,
2694 4371 2920 4427 audiens
2951 4371 3228 4427 tristitias.
3262 4372 3426 4436 Levi,
3457 4364 3727 4437 oppositus,

485 4467 818 4522 exercituum
865 4465 979 4520 sive
1015 4465 1312 4531 virtutum;
1355 4473 1485 4533 aut,
1530 4473 1588 4518 ut
1631 4463 1796 4534 aliqui
1843 4463 2068 4526 volunt.
2176 4463 2291 4518 sive
2319 4463 2553 4519 additus.
2595 4462 2766 4531 Juda,
2810 4463 3105 4531 confitens,
3149 4464 3270 4519 sive
3314 4461 3629 4532 gloriﬁcans.
3655 4452 3732 4506 Ζειε

484 4561 828 4629 omnipotens
879 4557 1035 4614 Jesus
1056 4597 1072 4624 ,
1130 4556 1396 4614 Salvator.
1453 4557 1798 4624 Nazarenus,
1850 4567 2068 4612 sanctus
2097 4568 2148 4628 ι)
2176 4554 2368 4620 bulen,
2397 4555 2760 4611 habitaculum
2787 4555 3236 4626 pulchritudinis.
3261 4555 3498 4618 lsaebar,
3523 4559 3599 4606 est
3621 4558 3731 4600 nter-

481 4652 596 4704 sive
643 4651 897 4705 mundus.
946 4647 1208 4718 Messias,
1259 4659 1484 4714 unctus,
1537 4649 1590 4704 id
1637 4660 1754 4713 est,
1797 4647 2066 4704 Christus.
2174 4641 3731 4718 ccs.Dan,judicium,autjudieans.Gad,tentatio.Aser.

485 4741 710 4796 Michael
735 4782 750 4808 ,
791 4743 914 4811 quis
962 4738 1104 4796 sicut
1150 4739 1312 4796 Deus.
1356 4740 1608 4808 Gabriel,
1653 4740 1909 4795 fortitudo
1947 4739 2064 4795 Dei.
2177 4739 2424 4804 latitudo,
2456 4740 2572 4795 sive
2605 4741 2811 4796 beatus.
2835 4739 3164 4809 Nephtalim,
3193 4746 3592 4796 conversantes.
3624 4732 3732 4785 Ben-

486 4831 761 4902 ltaphael,
814 4831 1077 4888 medicina
1125 4831 1240 4886 Dei.
1285 4833 1453 4888 Adam
1479 4875 1493 4896 ,
1526 4833 1717 4897 homo,
1760 4831 1872 4887 sive
1911 4833 2072 4886 terri-
2173 4830 2371 4899 jamin,
2412 4830 2551 4886 filius
2577 4831 2835 4886 dexterm.
2875 4831 3158 4900 Ephraim,
3202 4830 3450 4902 frugifer,
3479 4828 3587 4883 sive
3609 4825 3735 4879 uber-

479 4940 638 4992 gcna.
676 4925 781 4979 Eva
805 4964 818 4989 ,
854 4923 958 4979 vita
983 4968 997 4994 ,
1043 4923 1159 4980 sive
1201 4924 1495 4980 Calamitas.
1543 4924 1708 4979 Miror
1750 4923 1890 4978 unde
1930 4923 2068 4993 apud
2177 4935 2290 4990 tas,
2324 4926 2407 4981 vel
2437 4938 2626 4981 auctus
2655 4925 2866 4982 Latine.
2900 4927 3178 4997 Manassc,
3213 4927 3439 4983 oblitus.
3473 4925 3632 4984 Esau,
3657 4930 3733 4972 ﬂl'

481 5020 737 5073 Hebraeos
785 5017 1162 5088 interpretatio
1210 5017 1366 5088 hujus
1417 5017 1650 5073 nominis
1700 5027 1807 5071 tam
1854 5014 2067 5070 diversa
2177 5017 2346 5083 bcns,
2381 5019 2495 5074 sive
2533 5034 2760 5075 acervus
2802 5021 3064 5090 lapidum.
3112 5019 3319 5092 Cedar,
3369 5017 3626 5084 tenebras,
3667 5005 3734 5062 vel

381 5102 393 5108 ’
477 5110 547 5163 sit
577 5127 590 5164 :
625 5110 725 5165 nisi
758 5108 898 5164 forte
929 5108 1083 5177 ideo,
1118 5107 1261 5180 quod
1291 5109 1479 5164 eadem
1513 5117 1567 5164 et
1609 5106 1821 5164 edendo
1863 5105 2067 5160 homini
2171 5123 2394 5163 mceror.
2426 5109 2557 5177 Job,
2589 5126 2806 5180 magns,
2835 5111 2919 5166 vel
2951 5111 3161 5168 dolens.
3213 5111 3508 5176 Amalech,
3541 5102 3732 5176 popttlus

477 5203 639 5257 vitam
672 5201 949 5267 attulerit,
983 5209 1038 5256 et
1067 5201 1512 5271 transgrediendo
1540 5200 1926 5254 calamitatem.
1960 5201 2066 5252 Aut
2170 5199 2445 5268 lambens,
2492 5201 2607 5257 sive
2637 5201 2998 5274 restinguens.
3030 5204 3276 5276 Moyses,
3312 5200 3633 5272 assumptio,
3661 5190 3732 5246 Vel

476 5295 617 5364 quod
649 5297 844 5352 mulier
872 5296 992 5351 aliis
1022 5294 1293 5351 interdum
1325 5295 1430 5349 vita
1454 5335 1468 5358 ,
1502 5293 1623 5348 aliis
1652 5303 1734 5348 est
1764 5291 2062 5347 calamitas.
2170 5292 2387 5348 liuiens.
2425 5295 2604 5349 Aaron
2638 5311 2792 5351 mons
2836 5295 3190 5352 fortitudinis.
3229 5297 3448 5351 Pharao
3488 5287 3732 5348 desudans

475 5386 642 5452 Abel,
675 5386 889 5454 luctus,
922 5386 1004 5441 vel
1034 5385 1380 5441 miserabilis.
1421 5384 1581 5450 Cain,
1632 5383 1937 5454 possessio,
1979 5383 2064 5436 vel
2168 5399 2288 5438 eum
2314 5426 2328 5450 ,
2372 5385 2484 5439 sive
2515 5384 2808 5457 dissipator
2847 5387 2984 5457 ejus.
3031 5388 3136 5444 Sed
3180 5387 3402 5442 Pharao
3444 5395 3627 5440 nomen
3666 5378 3734 5430 est

476 5478 802 5536 lamentatio.
842 5479 1028 5535 Enoch
1050 5521 1064 5546 ,
1097 5478 1382 5534 dedicatio.
1416 5477 1799 5545 Mathusalem,
1835 5487 2060 5530 mortem
2169 5491 2272 5530 non
2308 5475 2541 5532 hominis
2565 5519 2578 5541 ,
2609 5478 2700 5534 sed
2746 5478 3021 5549 dignitatis
3062 5497 3075 5532 :
3105 5479 3246 5534 sient
3275 5490 3329 5534 et
3362 5476 3502 5546 apud
3532 5487 3621 5527 nos
3643 5468 3733 5520 All-

472 5583 623 5622 suam
652 5570 814 5624 misit.
861 5569 1010 5640 Noe,
1057 5571 1292 5640 requies.
1321 5567 1484 5633 Scm,
1515 5570 1838 5624 nominatus.
1869 5567 2060 5636 Chani,
2166 5573 2304 5638 gusti
2351 5569 2693 5638 appellantur
2737 5587 2893 5642 reges
2925 5615 2940 5639 ,
2991 5588 3115 5627 cum
3164 5571 3412 5642 prepriis
3456 5559 3732 5622 neminilms

474 5658 720 5714 callidus.
753 5659 1024 5730 Japheth,
1071 5661 1320 5715 latitudo.
1366 5659 1540 5727 Loth,
1585 5659 1899 5726 declinans,
1948 5661 2062 5714 sive
2167 5675 2512 5720 censeantur.
2551 5664 2758 5718 Pharao
2787 5673 2968 5718 tamen
3017 5663 3110 5718 ille
3155 5663 3485 5718 submersus
3526 5661 3574 5712 in
3620 5650 3731 5708 mall

475 5758 681 5806 unctus.
711 5751 1099 5807 Melchisedech
1125 5798 1136 5818 ,
1174 5771 1265 5808 rex
1292 5754 1488 5824 justus.
1527 5754 1721 5808 Abram
1745 5796 1760 5820 ,
1791 5762 1940 5824 pater
1967 5769 2062 5810 ex-
2166 5752 2350 5811 Rubro
2377 5756 2592 5826 proprio
2621 5756 2877 5811 vocabulo
2904 5757 3125 5812 Centres
3146 5763 3426 5810 vecrtatns
3450 5761 3546 5808 est.
3571 5747 3728 5806 insue.
