3932 6170
254 297 351 355 815

1423 286 1986 348 INSTBUCTIONUM
2025 286 2231 343 LIBER
2269 284 2334 340 ll.

3411 294 3519 351 ΒΗ

254 408 504 463 salvator.
540 402 822 468 Athoniel,
857 412 1069 473 tempus
1113 400 1234 471 ejus
1264 401 1388 470 Dei,
1425 402 1508 458 vel
1556 400 1835 471 responsio
1862 402 1910 463 Α
1941 400 2059 456 vico
2078 397 2284 465 Cbana,
2316 398 2432 469 ipse
2447 407 2530 455 est
2551 408 2607 458 et
2630 398 2864 460 Zelotes.
2898 403 3168 472 Scarioth,
3202 410 3518 468 memoriale

253 496 367 554 Dei.
401 495 549 561 Aod,
601 496 891 566 gloriosus.
926 494 1207 564 Semegar,
1248 508 1446 548 nomen
1487 494 1828 558 adveniens,

252 590 362 644 sive
406 587 479 641 ibi
524 588 769 641 colonus.
804 585 1051 653 Baraeh,
1098 584 1404 656 fulgurans.
1448 585 1679 642 Delbora
1718 585 1834 654 apis

251 681 333 736 Vel
365 681 580 749 loquax.
613 678 862 740 Gedeon,
888 678 1117 733 tentatio
1139 677 1432 747 iniquitatis
1459 692 1671 733 eorum.
1704 676 1835 733 Abi-

253 774 477 839 meleeh,
500 782 654 841 pater
683 784 832 825 meus
852 785 968 824 rex.
989 770 1179 836 Thola,
1201 770 1524 826 vermiculus
1540 768 1606 825 ad
1636 769 1834 823 tinctu-

251 882 363 922 ram
386 864 467 919 vel
499 863 802 919 coccinum.
836 861 969 923 Jair.
993 862 1322 917 illuminans.
1352 861 1532 931 Jepte,
1560 861 1831 930 aperiens,

252 952 335 1011 vel
361 966 598 1024 apertus.
643 954 880 1021 Esebon,
916 953 1194 1024 cogitatio,
1232 954 1345 1010 sive
1378 956 1650 1024 cingulum
1700 969 1832 1008 moe-

251 1050 407 1105 roris.
435 1049 684 1113 Achilon,
718 1047 905 1103 vivens
934 1048 1074 1113 Deo,
1102 1047 1187 1104 vel
1224 1047 1412 1103 videns
1437 1047 1628 1103 Deum.
1659 1046 1832 1114 Abdo,

253 1155 437 1195 servus
466 1139 604 1210 ejus.
636 1140 926 1208 Sampson,
957 1140 1036 1194 sol
1061 1154 1274 1205 eorum,
1298 1139 1383 1194 vel
1404 1140 1534 1204 solis
1556 1138 1833 1194 fortitudo.

253 1230 459 1293 Dalila,
510 1231 866 1300 paupercula,
923 1231 1008 1285 vel
1059 1231 1239 1286 situla.
1302 1232 1422 1299 Eli,
1478 1232 1617 1287 Deus
1660 1246 1835 1287 meus.

255 1324 499 1389 Samuel,
531 1338 727 1378 nomen
760 1324 877 1392 ejus
924 1322 1091 1378 Deus.
1139 1322 1267 1379 Saul
1292 1363 1310 1391 ,
1368 1323 1651 1395 expeditus
1674 1366 1688 1390 ,
1723 1327 1839 1379 sive

255 1416 460 1487 petitio.
488 1414 659 1471 Jassai
682 1457 696 1482 ,
722 1414 912 1470 insula:
940 1414 1349 1480 holocaustum,
1375 1418 1458 1481 vel
1491 1416 1835 1470 sacriﬁcium.

257 1508 420 1565 David
444 1549 458 1571 ,
516 1507 887 1562 desiderabilis
913 1548 927 1572 ,
958 1507 1072 1562 sive
1112 1507 1266 1562 fortis
1308 1523 1491 1563 manu.
1529 1508 1794 1564 Jonatbtn
1823 1549 1837 1575 ,

258 1603 516 1659 columba:
541 1602 766 1669 donum,
796 1601 874 1655 vel
907 1600 1115 1654 Domini
1140 1600 1362 1655 donum.
1392 1600 1666 1667 Absolom,
1690 1611 1844 1669 pater

256 1698 425 1767 pacis.
460 1696 740 1760 Salomon,
772 1693 1048 1763 pacificus.
1075 1692 1221 1748 ldem
1253 1693 1637 1760 Ecclesiastes,
1662 1693 1714 1748 id
1737 1703 1840 1758 est,

1937 491 2175 558 Domini,
2202 491 2286 549 vel
2319 492 2581 548 memoria
2607 495 2816 550 mortis.
2854 497 2967 553 Iloc
2993 513 3125 555 vero
3162 506 3380 559 nomine
3417 519 3517 576 ap~

1936 584 2166 653 pellatus
2208 594 2292 640 est
2322 584 2490 642 ludas
2518 600 2549 641 a
2580 588 2701 642 vico
2741 586 2794 643 in
2825 604 2933 660 quo
2956 600 3109 647 natus
3135 603 3238 649 est.
3270 595 3479 652 Marcus
3499 641 3513 664 ,

1936 677 2184 733 excelsus
2207 677 2486 735 mandato.
2512 678 2707 747 Lucas,
2738 681 2856 752 ipse
2879 697 3233 756 consurgens,
3265 689 3379 745 sive
3402 689 3518 763 ipse

1937 770 2142 826 levans.
2176 770 2501 841 Stephanus,
2534 788 2721 829 norma
2743 785 2953 843 vestra;
2985 774 3176 835 Greece
3199 792 3377 838 autem
3404 799 3519 840 ser~

1936 876 2097 916 mone
2124 872 2433 918 coronatus.
2462 863 3042 934 Augusti,solemniter
3062 878 3287 926 Stantes.
3309 871 3516 945 Caesar,

1939 953 2210 1019 possessio
2238 955 2573 1024 principalis.
2612 957 2849 1024 Circnei,
2898 958 3164 1017 ltmredes.
3196 963 3479 1023 llethsaida
3503 1015 3517 1036 ,

1938 1041 2130 1097 domus
2184 1042 2420 1113 frugum.
2476 1046 2779 1115 Betpbage,
2822 1049 3019 1117 Syrum
3045 1094 3060 1120 ,
3103 1053 3298 1111 domus
3343 1060 3517 1114 valis.

1940 1131 2219 1200 Bethania,
2254 1135 2447 1191 domus
2472 1136 2798 1192 afﬂictionis.
2829 1139 3132 1210 Genesear,
3185 1156 3335 1202 ortus
3374 1151 3522 1218 prin-

1940 1225 2095 1295 cipis.
2127 1226 2359 1293 Amaus,
2396 1228 2622 1296 populus
2656 1229 2917 1299 abjectus.
2950 1230 3359 1303 Capharnaum,
3393 1255 3523 1309 ager

1940 1317 2351 1373 consolationis.
2381 1318 2627 1390 Sarcpta,
2654 1321 2895 1388 incensa,
2927 1323 3042 1379 sive
3071 1329 3313 1395 angustia
3347 1331 3519 1398 panis.

1942 1408 2316 1478 Getbsemani,
2346 1412 2500 1466 vallis
2521 1412 2924 1483 pinguedinem.
2951 1416 3237 1487 Golgotha,
3268 1422 3519 1481 calvaria.

1944 1499 2233 1566 Nazareth,
2286 1501 2386 1559 flos
2433 1504 2736 1571 munditiae,
2767 1506 2849 1559 vel
2888 1507 3197 1578 virgultum.
3241 1511 3521 1582 Ninivitaz,

1926 1594 2055 1667 Anati
2084 1593 2336 1662 speciosi.
2371 1594 2537 1651 Sidon
2557 1637 2571 1661 ,
2603 1597 2839 1664 venatio.
2869 1598 3157 1669 Zachaeus,
3180 1603 3525 1666 justillcatus.

1947 1685 2197 1751 ldumcca,
2228 1701 2372 1742 rosa.
2407 1687 2619 1743 Lisama
2642 1730 2656 1754 ,
2693 1689 2941 1744 nativitas
2967 1693 3299 1750 tentationis.
3333 1697 3527 1752 Jorda-

258 1789 630 1851 concionator,
658 1787 805 1841 Idem
840 1796 893 1843 et
918 1785 1087 1851 ldida,
1119 1786 1171 1841 id
1198 1794 1299 1853 est,
1329 1785 1559 1841 dilectus
1608 1786 1840 1842 Domini.
1876 1770 1918 1830 Β
1948 1776 2052 1844 nis,
2076 1777 2391 1834 descensus.
2417 1779 2963 1848 Marthamrovocans
2981 1782 3170 1839 Deum.
3191 1785 3523 1857 Magdalena,

259 1880 523 1948 Roboam,
550 1880 777 1935 latitudo
804 1878 1009 1948 populi.
1032 1878 1188 1943 Abia,
1223 1889 1377 1948 pater
1406 1877 1686 1934 Dominus.
1710 1878 1833 1944 Asa,

261 1972 476 2039 tollens,
511 1973 647 2039 sive,
674 1971 987 2027 sustollens.
1019 1970 1302 2041 Josaphat,
1327 1970 1539 2026 Domini
1555 1971 1838 2041 judicium.

260 2064 479 2131 Joram,
535 2063 623 2134 qui
676 2073 759 2119 est
786 2064 1073 2129 excelsus,
1124 2063 1219 2119 sed
1262 2065 1455 2119 melius
1498 2065 1839 2121 sublimatus.

260 2154 541 2220 chozias,
573 2155 984 2224 apprehendens
1013 2155 1318 2213 Dominum.
1347 2156 1560 2211 Atltalia
1579 2196 1596 2223 ,
1631 2167 1846 2228 tempus

260 2246 493 2301 Domini.
514 2245 679 2312 Joas,
711 2260 973 2317 sperans,
1018 2246 1132 2303 sive
1176 2247 1506 2317 temporalis.
1560 2249 1842 2319 Amasias,

259 2338 513 2411 populum
553 2338 767 2394 tollens.
814 2338 976 2394 Azias
1016 2338 1277 2395 fortitudo
1308 2340 1540 2396 Domini.
1588 2340 1844 2408 Azatrias,

259 2431 516 2487 auxilium
562 2428 796 2487 Domini.
849 2430 1105 2497 Jotham,
1158 2429 1455 2501 perfectus.
1494 2431 1704 2499 Acbas,
1748 2448 1845 2504 ap-

257 2522 619 2593 prehendens.
654 2522 937 2588 Ezechias,
987 2521 1250 2578 fortitudo
1279 2522 1514 2579 Domini.
1542 2523 1842 2589 lllanasses,

259 2616 588 2683 obliviosus,
622 2617 707 2672 vel
753 2617 875 2687 quia
915 2616 1114 2671 oblitus
1144 2626 1247 2673 est.
1291 2617 1491 2684 Amen,
1527 2617 1731 2683 ﬁdelis,
1760 2606 1847 2674 vel

260 2707 539 2762 nutritius.
565 2707 743 2764 Jusias
765 2748 781 2774 ,
810 2707 903 2763 ubi
934 2718 1017 2763 est
1047 2707 1326 2763 incensum
1345 2749 1360 2773 ,
1388 2708 1476 2763 vel
1514 2708 1721 2763 Domini
1764 2724 1851 2764 sa-

260 2800 370 2855 lus.
393 2798 648 2864 Joachaz,
680 2799 956 2854 robustus.
984 2798 1252 2867 Joachim,
1289 2799 1443 2869 cujus
1472 2808 1556 2856 est
1580 2815 1849 2870 pra'para-

260 2893 358 2947 tio.
383 2890 667 2956 Eliacbim,
696 2890 792 2945 Dei
817 2890 1168 2955 resurrectio,
1191 2890 1500 2958 Jechonias,
1530 2892 1851 2961 praeparatio

261 2983 498 3039 Domini.
526 2981 840 3049 Sedechias,
865 2980 1043 3051 justus
1074 2980 1311 3037 Domini.
1358 2981 1645 3037 Jeroboam
1664 3024 1678 3049 ,
1708 2980 1849 3050 diju-

260 3073 450 3129 dicans
476 3072 752 3142 populum,
784 3072 869 3127 vel
898 3070 1200 3142 dijudicans
1246 3085 1529 3141 supernos.
1566 3070 1744 3137 Nave,
1776 3072 1854 3127 la-

1946 1871 2125 1925 turris.
2149 1870 2415 1942 Susanna,
2436 1863 2804 1942 lilium.Saba,
2829 1876 3131 1946 captivitas.
3162 1877 3413 1950 Caiphas,
3447 1882 3529 1938 iu-

1945 1964 2259 2034 vestigator,
2302 1966 2417 2021 sive
2446 1981 2669 2023 vomens
2696 1982 2808 2023 ore.
2840 1968 3061 2024 Pontius
3091 1971 3367 2028 declinans
3394 1990 3527 2031 con~

1946 2055 2147 2109 silium.
2181 2055 2411 2122 Pilatus,
2446 2071 2508 2111 os
2553 2057 2896 2114 malleatoris.
2946 2061 3215 2133 Herodes,
3261 2065 3526 2135 pellicius.

1949 2147 2208 2201 Barrabas
2230 2189 2244 2214 ,
2301 2148 2439 2204 illius
2467 2150 2664 2219 patris,
2690 2154 2772 2207 vel
2798 2154 3037 2224 magistri
3079 2172 3263 2213 eorum
3284 2199 3298 2224 ,
3328 2160 3530 2231 absque

1948 2239 2114 2295 dubio
2143 2240 2450 2296 Judaeorum
2483 2246 2744 2315 magistri,
2776 2247 2866 2317 qui
2894 2257 2978 2304 est
3008 2249 3271 2307 diabolus.
3301 2253 3447 2310 Edcn
3476 2257 3527 2310 in

1951 2330 2170 2398 Genesi,
2197 2333 2426 2390 delicias.
2446 2334 2650 2404 Judata,
2675 2338 2960 2395 confessio.
2987 2340 3377 2413 Hierosolyma,
3396 2348 3533 2403 visio

1950 2420 2117 2490 pacis.
2141 2421 2293 2489 Sion,
2324 2425 2563 2493 specula,
2597 2437 2645 2481 et
2667 2438 2841 2495 recte;
2870 2446 2990 2485 nam
3025 2431 3139 2489 haec
3163 2436 3351 2493 civitas
3368 2438 3534 2499 David

1952 2513 2004 2567 in
2054 2523 2234 2570 monte
2263 2528 2569 2573 constructa
2625 2529 2727 2575 est.
2777 2522 3042 2595 Babylon,
3098 2529 3377 2600 confusio,
3419 2533 3536 2594 sive

1953 2605 2250 2660 translatio.
2294 2607 2565 2679 Ethiopia
2592 2653 2606 2675 ,
2642 2613 2895 2669 tenebrae.
2929 2615 3195 2689 Egyptus
3216 2662 3229 2684 ,
3264 2623 3537 2682 tribulatio

1952 2696 2068 2750 sive
2100 2697 2356 2753 tenebrm.
2397 2700 2599 2771 Tyrus,
2650 2706 2915 2775 angustia.
2950 2707 3206 2776 Romani,
3234 2713 3532 2785 sublimes,

1953 2787 2038 2843 vel
2068 2796 2336 2846 tonantes.
2366 2790 2532 2858 Sinai,
2560 2809 2839 2862 mensura,
2884 2796 2998 2853 sive
3041 2801 3385 2872 mandatum,
3420 2805 3540 2862 sive

1956 2880 2206 2946 tentatio,
2238 2882 2321 2937 vel
2344 2882 2602 2952 amphora
2630 2900 2769 2941 mea.
2798 2887 3077 2957 Cebenna,
3102 2892 3256 2948 vallis
3282 2897 3531 2965 gratuita.

1955 2971 2181 3040 Quidam
2213 2976 2481 3031 aestimant
2503 2979 2825 3047 appellatam
2856 2981 2994 3039 banc
3011 2999 3039 3038 a
3057 2985 3196 3042 valle
3214 2986 3534 3062 Gchcnnon,

1956 3081 2074 3136 qua:
2090 3077 2173 3121 est
2190 3067 2337 3137 juxta
2364 3083 2573 3124 murum
2592 3070 2911 3129 Jerusalem.
2933 3076 3173 3147 Hebraei,
3197 3082 3533 3142 transitores.

264 3133 490 3221 ιηιυε,’
514 3133 682 3220 ιέειεεε
704 3133 1052 3236 ,’ρῑηειιε’ἀο,
1097 3133 1543 3235 [letam-saeculi,
1576 3167 1661 3223 νει
1683 3133 1848 3222 minis.
1878 3133 1923 3195 (Ἰ
1957 3133 2261 3225 Sadducaei,
2283 3158 2574 3228 iustiﬁcati.
2606 3161 2885 3233 Pharisaei,
2918 3133 3538 3237 divisi..datit;el,

264 3257 499 3322 Zambri,
518 3257 778 3326 psalmus,
804 3256 887 3312 vel
906 3256 1173 3312 canticum
1195 3271 1395 3313 meum.
1417 3255 1586 3325 Omri,
1609 3258 1854 3327 crispans

264 3362 440 3403 meus.
469 3346 675 3412 Achab,
698 3348 866 3401 frater
895 3346 1083 3415 patris.
1107 3347 1346 3415 Jesabel,
1369 3346 1545 3403 ﬂuens
1570 3350 1851 3418 sanguine,

263 3440 346 3495 vel
378 3437 805 3505 sterquilinium.
834 3436 972 3493 Jehu
997 3479 1010 3505 ,
1044 3438 1158 3506 ipse
1186 3438 1270 3493 vel
1302 3447 1405 3493 est.
1437 3438 1663 3509 Joatha,
1693 3441 1857 3496 robu-

262 3542 398 3587 stus.
423 3529 733 3597 Zacharias,
759 3530 923 3586 timor
948 3529 1183 3584 Domini.
1208 3528 1377 3599 Sella,
1409 3530 1598 3586 umbra
1614 3529 1753 3601 ejus,
1772 3532 1854 3588 vel

262 3622 475 3691 petitio.
502 3620 763 3687 Manaem,
788 3621 1097 3675 consolans.
1132 3618 1328 3687 Facee,
1352 3621 1623 3689 aperiens.
1650 3620 1851 3687 Helias,

260 3712 404 3769 Deus
434 3712 713 3768 Dominus.
760 3710 1044 3778 Helisaeus,
1080 3711 1176 3767 Dei
1217 3711 1325 3767 mei
1367 3712 1533 3767 salus.
1562 3712 1724 3782 Osee,
1750 3715 1857 3769 sal-

260 3812 439 3859 vator.
462 3802 638 3868 Johel,
686 3802 981 3873 incipiente
1009 3803 1152 3872 Dco,
1186 3802 1300 3860 sive
1330 3812 1413 3860 est
1456 3803 1621 3861 Deus.
1666 3808 1852 3873 Amos,

260 3904 476 3966 potens,
508 3894 593 3949 vel
623 3893 776 3950 fortis
798 3935 812 3960 ,
860 3902 952 3949 aut
997 3894 1253 3964 populum
1284 3895 1586 3952 debellans.
1620 3898 1852 3965 Abdias,

258 4003 455 4044 servus
482 3988 718 4044 Domini.
763 3988 899 4045 Jona
928 3987 1207 4054 columba,
1250 3989 1337 4044 vel
1365 3988 1578 4046 dolens.
1635 3990 1809 4047 Micha
1836 4036 1851 4061 ,

263 4080 391 4150 quis
422 4080 559 4136 iste?
602 4077 794 4147 Naum,
823 4093 1068 4148 germen,
1096 4079 1216 4136 sive
1238 4080 1555 4137 consolatio.
1608 4083 1854 4145 Abacuc.

260 4172 605 4242 amplexans.
636 4170 963 4242 Sophonias,
1012 4170 1353 4227 abscondens
1401 4187 1541 4227 eam.
1589 4171 1853 4243 Agamus,

259 4266 460 4333 festus,
484 4265 598 4321 sive
610 4264 887 4321 solemnis.
901 4264 1219 4335 Malachias,
1236 4265 1456 4336 angelus
1475 4280 1646 4322 meus.
1664 4265 1852 4336 Isaias,

258 4360 415 4415 salus
443 4358 680 4415 Domini.
704 4359 999 4427 Jeremias,
1030 4359 1279 4415 excelsus
1311 4358 1541 4415 Domini.
1577 4359 1852 4425 Ezechiel,

256 4450 531 4507 fortitudo
562 4450 797 4506 Domini.
834 4450 1056 4519 Daniel,
1079 4450 1338 4522 judicium
1381 4450 1616 4505 Domini.
1645 4450 1850 4513 Iudith,

254 4542 511 4606 laudans,
559 4540 642 4596 vel
679 4541 889 4597 Judaaa.
920 4516 1145 4613 Joseplt,
1178 4551 1389 4597 auctus.
1420 4543 1586 4598 Maria
1607 4588 1622 4613 ,
1656 4544 1854 4598 illumi-
1885 4516 1935 4575 θ

254 4647 414 4703 nata,
445 4636 561 4689 sive
588 4636 745 4690 stella
776 4635 939 4690 maris
973 4652 985 4689 :
1017 4635 1107 4691 sed
1137 4649 1386 4691 sermone
1416 4635 1576 4709 Syro,
1615 4636 1852 4693 domina.

253 4730 481 4796 Simon,
514 4743 652 4798 pone
682 4743 994 4799 maerorem,
1018 4727 1102 4783 vel
1134 4728 1415 4783 obediens.
1448 4729 1664 4795 Petrus,
1691 4745 1854 4799 agno-

250 4836 442 4877 scens.
503 4819 731 4890 Barjona
759 4861 774 4885 ,
829 4820 970 4874 filius
1004 4820 1304 4886 eolutnbm,
1336 4820 1528 4890 Syrum
1576 4822 1779 4890 pariter
1805 4831 1861 4879 et

254 4914 572 4969 llcbrmum.
604 4912 815 4984 Ccphas
832 4954 847 4977 ,
874 4913 1088 4981 Petrus,
1113 4911 1305 4982 Syrum
1328 4921 1432 4968 est.
1455 4912 1673 4977 Paulus,
1697 4913 1860 4968 mira-

252 5004 409 5060 bilis.
443 5002 673 5067 Saulus,
726 5003 951 5058 tentatio
982 5002 1351 5073 respicientis,
1407 5003 1493 5058 vel
1543 5002 1860 5059 tentationis

253 5095 552 5153 securitas.
601 5094 879 5161 Andreas,
909 5094 1098 5160 virilis,
1129 5094 1376 5149 Graecum
1428 5103 1532 5150 est.
1582 5093 1855 5163 Jacobus,

253 5189 667 5260 supplantator.
702 5187 960 5251 Joannes,
985 5186 1193 5242 domini
1219 5186 1411 5258 gratia.
1448 5187 1728 5258 Philippus
1750 5229 1765 5253 ,
1796 5203 1859 5244 os

252 5280 663 5352 lampadarum.
731 5280 1199 5346 Bartholomzeus,
1258 5280 1402 5335 filius
1477 5280 1860 5351 suspendentis

253 5386 455 5442 aquas.
491 5370 726 5426 Thomas
746 5412 761 5439 ,
791 5371 1020 5443 abyssus
1042 5413 1055 5435 ,
1083 5371 1169 5427 vel
1194 5373 1473 5443 geminus;
1507 5372 1649 5428 unde
1684 5381 1739 5428 et
1768 5374 1859 5427 Di-

253 5462 467 5535 dymus
506 5461 691 5518 Graece
714 5462 930 5519 dicitur.
956 5464 1237 5519 Matthzcus
1258 5505 1272 5530 ,
1301 5464 1541 5520 donatio.
1580 5466 1725 5521 Idem
1758 5481 1857 5536 ap-

252 5556 506 5624 pellatus
526 5564 608 5610 est
632 5556 782 5612 Levi.
811 5556 1071 5622 Lebbeus,
1101 5558 1398 5625 corculum,
1433 5558 1483 5614 id
1510 5568 1591 5615 est
1620 5574 1648 5615 a
1670 5560 1853 5625 corde,

252 5648 385 5717 ipse
404 5659 487 5702 est
507 5656 562 5702 et
578 5646 867 5713 Taddtcus,
889 5649 1003 5719 ipse
1022 5660 1101 5703 est
1120 5649 1289 5705 Judas
1312 5651 1520 5707 Jacobi.
1536 5652 1852 5716 Cananarus,

255 5737 579 5810 possidens,
612 5739 726 5794 sive
754 5743 1041 5810 possessio.
1072 5742 1148 5797 lta
1181 5754 1361 5798 autem
1387 5743 1558 5799 dictus
1588 5743 1797 5811 Simon,
1826 5758 1855 5798 a

1956 3248 2112 3304 biles.
2140 3248 2443 3319 Samaritae,
2467 3253 2742 3320 custodes,
2771 3271 2837 3311 eo
2857 3259 2997 3328 quod
3030 3275 3057 3314 a
3093 3259 3402 3335 Babyloniis
3433 3268 3539 3326 illic

1954 3341 2020 3396 ad
2048 3343 2343 3398 custodiam
2370 3346 2614 3402 collocati
2641 3348 2749 3403 sint
2776 3349 3104 3408 Judaeorum.

2026 3431 2160 3487 Cum
2187 3434 2239 3489 in
2267 3437 2500 3505 caeteris,
2533 3448 2641 3493 tum
2669 3450 2723 3495 et
2754 3443 2805 3495 in
2841 3442 2942 3496 hoc
2970 3446 3307 3503 abundanter
3340 3449 3537 3522 liquet,

1955 3522 2229 3594 Scriptura
2257 3528 2432 3582 omnis
2460 3543 2610 3583 sacra
2635 3546 2793 3599 quam
2823 3548 2947 3587 vere
2970 3534 3147 3589 divina
3176 3539 3264 3601 sit,
3299 3554 3360 3594 ac
3385 3542 3539 3610 plena

1956 3617 2249 3685 mysteriis,
2280 3619 2497 3687 quando
2528 3621 2594 3673 ita
2616 3635 2913 3689 congruant
2950 3625 3108 3680 rebus
3142 3630 3379 3696 nomina,
3410 3633 3539 3687 alie»

1956 3706 2242 3776 ctibusque
2272 3710 2655 3777 respondeant.
2701 3711 2851 3767 Sicut
2881 3714 3068 3781 David,
3100 3718 3188 3786 qtti
3220 3721 3540 3790 exprimitur

1956 3796 2009 3852 in
2035 3796 2279 3853 Latinum
2312 3798 2466 3855 fortis
2497 3815 2656 3857 manu
2682 3819 2694 3855 :
2727 3803 2911 3873 utique
2932 3804 3259 3864 fortissimus
3287 3811 3540 3872 omnibus

1960 3888 2070 3945 fere.
2116 3890 2273 3945 bellis
2312 3892 2541 3948 exSIitit.
2589 3894 2843 3951 Salomon
2866 3938 2880 3963 ,
2938 3897 3193 3967 pacificus
3225 3920 3237 3955 :
3272 3903 3453 3974 utique
3486 3906 3539 3963 in

1959 3998 2090 4053 pace
2139 3999 2363 4053 regnum
2389 3985 2804 4044 administravit.
2851 3991 3071 4059 Daniel,
3106 3994 3367 4063 judicium
3399 3998 3490 4053 Dei
3523 4018 3537 4053 :

1958 4075 2141 4144 utique
2172 4075 2222 4129 in
2262 4076 2696 4147 presbyterorum
2722 4080 2927 4152 judicio
2970 4089 3292 4142 sententiam
3342 4088 3540 4145 divina)

1958 4166 2360 4235 disceptationis
2399 4170 2664 4226 exhibuit.
2706 4172 2859 4228 Unde
2902 4175 3028 4245 quid
3060 4177 3254 4234 mirum
3286 4180 3330 4234 si
3368 4179 3421 4234 hi
3454 4181 3536 4239 fn-

1959 4269 2076 4314 tura
2110 4260 2549 4332 prtedicaverint,
2574 4280 2797 4333 quorum
2826 4269 2987 4322 etiam
3012 4271 3227 4325 nomina
3248 4312 3263 4336 ,
3289 4273 3428 4327 sicut
3452 4289 3541 4333 res

1960 4351 2210 4415 edocent,
2238 4352 2574 4422 prophetiam
2606 4356 2835 4410 sonant?
2866 4355 2972 4412 Sed
3010 4358 3121 4428 jam
3150 4360 3218 4415 de
3240 4363 3405 4419 variis
3442 4380 3539 4417 vo.

1959 4445 2166 4500 cabulis
2197 4446 2693 4517 interpretationem
2728 4464 3007 4517 ponamus.

2579 4538 2805 4595 CAPUT
2843 4540 2906 4595 ll.

2458 4630 2536 4686 De
2574 4633 2728 4688 variis
2763 4634 3041 4690 vocabulis.

2034 4722 2255 4778 Alleluia
2278 4764 2291 4783 .
2324 4723 2376 4777 in
2416 4724 2660 4779 Latinum
2694 4738 2845 4783 sonat
2879 4727 3092 4783 laudate
3122 4729 3441 4795 Dominum;
3494 4731 3544 4784 ia

1962 4815 2108 4869 enim
2142 4830 2303 4870 unum
2330 4825 2413 4871 est
2452 4817 2519 4871 de
2542 4816 2729 4873 decem
2761 4820 3069 4877 nominibus
3102 4822 3226 4888 Dei,
3257 4839 3376 4892 qua:
3405 4824 3543 4890 apud

1964 4905 2222 4963 Hebraeos
2254 4907 2541 4965 habentur.
2574 4908 2769 4975 Amen,
2803 4926 2953 4978 vere,
2990 4914 3106 4967 sive
3138 4912 3389 4967 ﬁdeliter.
3422 4913 3544 4966 Dia-

1963 5000 2193 5068 psalma,
2220 5015 2438 5070 semper
2460 5016 2473 5055 :
2493 5016 2559 5056 eo
2582 5001 2726 5071 quod
2753 5001 2841 5056 illa
2866 5002 3064 5073 quibus
3088 5000 3189 5058 hoc
3214 5004 3540 5070 adnectitur,

1961 5094 2289 5163 sempiterna
2317 5109 2437 5149 esse
2473 5094 2759 5150 conﬁrmet
2792 5109 2821 5148 a
2856 5095 2995 5164 Deo;
3031 5112 3137 5150 non
3168 5098 3544 5152 commutatio-

1962 5201 2084 5241 nem
2110 5187 2264 5240 metri
2295 5187 2591 5255 significat,
2626 5196 2682 5241 ut
2709 5187 2924 5254 quidam
2954 5189 3287 5256 existimant,
3317 5190 3402 5244 vel
3434 5192 3545 5260 spi.

1963 5278 2098 5331 ritus
2112 5276 2409 5346 prophetici
2425 5278 2795 5333 refectionem.
2815 5278 2952 5333 Sunt
2968 5281 3130 5333 etiam
3146 5281 3234 5350 qui
3250 5282 3543 5351 iliapsalm

1964 5370 2086 5426 ideo
2115 5369 2333 5427 inscribi
2357 5379 2576 5440 putent,
2609 5378 2669 5426 ut
2692 5387 2758 5426 ex
2790 5371 2892 5426 hoc
2913 5372 3017 5427 sibi
3049 5388 3403 5442 personarum
3434 5376 3548 5437 sive

1964 5478 2218 5519 sensuum
2238 5462 2565 5532 intelligatur
2577 5477 2699 5519 esse
2711 5463 3014 5519 conversio.
3030 5465 3265 5534 Osanna,
3288 5467 3540 5535 salvillca,

1965 5557 2078 5611 sive
2099 5555 2308 5610 salvum
2334 5570 2420 5608 me
2449 5553 2545 5607 fac.
2576 5553 2668 5609 Osi
2701 5555 2842 5610 enim
2867 5555 3106 5613 salviiica
3138 5558 3542 5634 interpretatur,

1965 5664 2103 5702 anna
2128 5646 2430 5717 iuterjectio
2448 5654 2531 5700 cst
2553 5644 2911 5714 deprecantis.
2930 5648 3068 5718 Ergo
3094 5650 3300 5720 integre
3327 5650 3544 5721 dicitur,

1966 5740 2221 5796 O-ianna.
2261 5739 2367 5798 Sed
2398 5738 2524 5796 dum
2552 5739 2839 5811 corripitur
2868 5749 2960 5796 aut
2983 5742 3366 5813 corrumpitur,
3392 5757 3545 5806 sonat
