3932 6170
327 309 432 380 sis

1317 301 1374 358 S.
1419 300 1742 357 EUCIIERll
1787 300 2268 361 LL'GDUNENSIS
2309 303 2610 363 EPISCOPI

3503 311 3612 368 816

318 441 555 483 osanna.
579 423 673 479 Est
699 428 876 477 autem
905 433 1122 482 sensus,
1148 415 1358 471 salvum
1385 417 1504 483 fac,
1542 416 1911 482 subaudiatur,
1945 417 1993 478 Α
2019 419 2253 490 virgulto
2283 419 2508 476 Saheth.
2542 418 2777 485 Lebctzr,
2807 417 2940 473 amni
2972 419 3207 475 minores
3246 422 3298 475 in
3330 438 3483 478 usum
3509 441 3608 482 eo-

328 520 412 574 vel
443 519 697 588 populum
726 515 748 569 I
778 513 913 578 rael,
939 510 1024 566 vel
1055 521 1221 564 toutm
1252 509 1536 564 mundum.
1563 508 1791 573 Rhama,
1824 522 1918 561 ex-

330 609 495 666 celsa.
530 607 588 661 In
621 603 916 673 Evangelio
951 619 966 657 :
1003 599 1116 654 νοτε
1143 601 1195 653 in
1227 598 1409 653 rhama
1430 599 1610 652 audita
1627 596 1806 664 εει,ἱά
1837 606 1920 652 est

282 752 285 754 _
331 703 382 754 in
406 697 656 754 excelsis.
691 695 786 749 Est
814 704 990 748 tamen
1017 701 1070 746 et
1091 690 1314 756 civitas,
1339 704 1465 760 qua:
1500 688 1706 743 Rhama
1735 688 1920 756 appeL

332 789 491 842 latur.
518 784 698 841 Racha
725 827 740 850 ,
791 796 989 846 vanus,
1038 790 1129 834 aut
1171 780 1366 834 iiianis.
1409 779 1605 846 Rabbi,
1641 779 1918 847 magister,

331 879 525 951 Syrum
557 885 658 932 est.
686 877 828 941 Man,
872 875 1032 945 quid?
1061 874 1273 938 Manna,
1296 871 1424 942 quid
1452 881 1536 927 est
1585 872 1720 926 hoc?
1742 871 1917 938 Abba,

332 983 486 1042 pater
530 990 542 1023 :
575 983 628 1026 et
660 971 761 1025 hoc
788 968 984 1039 Syrum
1017 975 1118 1022 est.
1152 965 1449 1019 Anathcma
1475 1004 1491 1031 ,
1524 963 1772 1033 perditio.
1805 963 1920 1017 Ma-

274 1069 278 1076 '
332 1068 579 1132 ranatha,
601 1065 862 1120 Dominus
885 1070 1070 1116 noster
1094 1058 1268 1123 venit,
1290 1057 1483 1128 Syrum
1498 1065 1604 1111 est.
1621 1055 1920 1110 Anathema

283 1199 290 1208 .
333 1170 512 1213 autem
539 1155 880 1218 maranatba,
911 1153 1052 1207 sicut
1099 1150 1315 1220 quidam
1345 1148 1560 1212 dicunt,
1611 1145 1839 1214 perditio
1868 1145 1921 1199 in

335 1252 574 1306 adventu
617 1248 854 1302 Domini.
901 1246 1202 1301 Mammona
1229 1287 1242 1311 ,
1287 1241 1507 1296 divititc.
1549 1237 1918 1308 Theraphim.

343 1346 525 1412 ﬁgura:
549 1382 563 1406 ,
591 1341 674 1395 vel
707 1338 1001 1408 imagines,
1051 1335 1244 1389 melius
1276 1347 1434 1402 quam
1459 1329 1728 1385 incendia.
1758 1329 1921 1384 Sera-

338 1435 486 1503 phim
515 1432 597 1487 vel
626 1429 904 1498 seraphin,
935 1426 1207 1488 ardentes,
1239 1423 1322 1478 vel
1351 1420 1729 1486 incendentes,
1768 1418 1924 1487 juxta

338 1525 470 1579 illud
519 1541 534 1577 :
584 1522 685 1589 Qui
724 1520 849 1590 facit
876 1517 1084 1588 angelos
1123 1530 1244 1568 suos
1269 1513 1517 1582 spiritus,
1565 1519 1612 1565 et
1665 1509 1925 1563 ministros

335 1636 456 1674 suos
485 1619 652 1688 ignem
680 1625 929 1669 urentem.
962 1613 1106 1681 Ergo
1133 1608 1388 1679 seraphin
1418 1609 1644 1662 virtutes
1683 1606 1736 1659 in
1769 1603 1928 1660 caelis

339 1729 460 1770 esse
488 1713 831 1776 conﬁrmant,
858 1723 977 1778 quae
1003 1707 1170 1760 Deum
1196 1702 1440 1769 laudent,
1469 1712 1522 1757 ct
1549 1700 1602 1754 in
1629 1697 1925 1754 ministeria

341 1809 559 1862 diversa
607 1804 907 1860 mittantur.
954 1799 1225 1854 Cherubin
1257 1838 1273 1863 ,
1317 1794 1557 1851 scicntia:
1615 1790 1924 1847 multitudo.
1960 1781 2006 1842 B

341 1902 609 1956 Caeterum
660 1893 929 1950 Cherubin
967 1893 1142 1961 ipsum
1187 1889 1241 1944 in
1265 1894 1449 1943 sancta
1480 1892 1789 1941 sanctorum
1819 1881 1928 1936 duo

344 2001 548 2046 tantum
589 1989 964 2059 signiﬁcantur
1010 1982 1289 2038 animalia.
1324 1980 1457 2035 Aliis
1491 1992 1620 2033 vero
1661 1977 1796 2030 locis
1841 1973 1930 2028 ubi

345 2083 444 2137 hoc
496 2096 691 2143 nomen
745 2077 960 2148 legirur,
994 2084 1084 2129 aut
1127 2073 1388 2141 picturam
1435 2070 1666 2138 aliquam
1698 2065 1928 2129 indicat,

342 2186 434 2230 aut
465 2175 801 2229 varietatem.

948 2259 1171 2316 CAPUT
1221 2257 1309 2313 Ill.

621 2356 698 2410 De
738 2353 1051 2423 expositione
1082 2353 1398 2405 diversarum
1439 2362 1629 2401 rerum.

417 2448 791 2518 Mandragora,
844 2446 894 2498 in
943 2443 1162 2508 Genesi,
1202 2455 1371 2510 genus
1411 2439 1553 2508 pomi
1603 2435 1932 2489 simillimum

350 2557 514 2612 parto
546 2539 741 2610 peponi
781 2537 960 2606 specie
996 2535 1079 2588 vel
1125 2535 1313 2588 odore.
1347 2529 1616 2586 Mazarotli
1654 2529 1930 2590 zodiacon,

347 2650 470 2706 qua:
523 2631 805 2687 duodecim
853 2630 1003 2698 signa
1057 2623 1420 2680 mathematici
1464 2632 1730 2676 asserunt.
1779 2619 1934 2681 Falli,

348 2725 531 2788 etima,
590 2722 644 2778 id
700 2731 782 2777 est
831 2721 982 2790 plaga
1038 2717 1366 2780 Meridiana,
1425 2715 1504 2768 vel
1558 2710 1934 2767 Occidentalis.

350 2815 656 2878 Rhamnus,
706 2812 758 2866 in
803 2809 1091 2872 i’saltcrio,
1139 2822 1244 2860 non
1293 2805 1457 2860 rubus
1486 2812 1587 2868 est,
1622 2803 1717 2856 sed
1759 2801 1940 2870 spina-

353 2925 472 2964 rum
509 2920 680 2977 genus
718 2903 963 2960 sentibus
1013 2899 1420 2971 permolestum.
1452 2895 1791 2963 Rhompltca,
1829 2894 1942 2962 gla-

352 3002 499 3056 dium
547 3002 600 3053 in
635 2997 880 3052 Latinum
909 3004 1084 3049 sonat.
1116 2991 1248 3046 Nam
1291 2990 1380 3045 ubi
1412 2990 1464 3042 in
1495 2987 1689 3043 Genesi
1721 2985 1938 3049 dicitur,

352 3091 579 3149 Gladius
617 3090 902 3144 ﬂammeus
935 3095 1095 3156 atque
1121 3083 1417 3146 versatilis,
1459 3081 1509 3135 in
1543 3079 1728 3135 Gra'co
1759 3077 1946 3133 rhom-

2019 511 2216 578 quendi
2242 507 2432 578 parati.
2464 508 2519 562 In
2547 508 2994 578 Paralipomenon
3027 527 3039 562 :
3072 510 3332 566 Paciﬁcas
3361 530 3488 570 vero
3509 515 3608 570 ho-

2018 601 2147 655 stias
2179 611 2438 666 coxerunt
2465 599 2518 654 in
2543 599 2756 665 lebetis,
2793 607 2848 654 ct
2885 601 3117 667 cacabis,
3153 613 3205 656 et
3229 603 3373 657 ollis.
3403 603 3610 670 (ἰοβὺί-

2019 709 2141 759 nus,
2165 693 2364 747 corbis.
2391 692 2614 764 llydria,
2640 707 2732 748 vas
2755 693 3058 762 aquarium.
3087 692 3280 761 Condi,
3307 697 3358 750 in
3384 697 3606 766 Genesi,

2021 787 2272 855 poculum
2303 785 2389 840 vel
2415 785 2669 854 scyphus.
2712 784 3003 856 Lecythus,
3041 787 3094 840 in
3128 787 3458 859 Regnorum,
3488 807 3610 845 ani-

2024 879 2166 944 pulla
2205 879 2428 934 olearia.
2463 879 2763 944 Lenticula,
2809 882 2862 934 in
2894 881 3030 936 libro
3062 882 3388 953 Regnorum,
3420 902 3614 944 vascuc

2023 968 2134 1023 lunt
2165 985 2230 1024 ex
2279 984 2410 1033 tere,
2461 969 2666 1025 habens
2711 971 2888 1025 oleum
2919 987 3025 1042 quo
3067 976 3408 1044 ungebantur
3438 979 3492 1033 in
3525 996 3615 1035 re-

2021 1075 2206 1131 gnum.
2253 1060 2525 1130 Paropsis,
2559 1062 2898 1116 acetabulum
2940 1065 3133 1134 majus.
3173 1067 3352 1138 Aliqui
3382 1078 3438 1125 et
3479 1071 3614 1126 cati-

2023 1170 2150 1208 num
2179 1154 2250 1208 ita
2289 1154 2547 1223 appellari
2577 1161 2786 1222 putant.
2829 1155 3112 1226 Epistylia,
3142 1157 3197 1214 in
3227 1160 3461 1230 Regum,
3490 1179 3615 1233 qua:

2025 1258 2191 1312 super
2212 1243 2462 1314 capitella
2487 1243 2866 1299 columnarum
2894 1255 3202 1315 ponuntur;
3233 1250 3478 1307 Graecum
3505 1264 3612 1309 est.

2027 1335 2375 1403 Mechonoth,
2409 1335 2463 1389 in
2505 1335 2737 1405 Regum,
2775 1335 3006 1404 fulturte,
3047 1355 3178 1410 quas
3224 1341 3382 1398 bases
3431 1346 3617 1414 appel-

2036 1431 2237 1485 lamus.
2266 1430 2560 1500 Topaz’on,
2591 1429 2726 1499 lapis
2765 1433 3059 1501 pretiosus,
3094 1435 3144 1487 in
3176 1449 3301 1504 quo,
3339 1437 3481 1491 sicut
3521 1439 3618 1493 ali-
3649 1452 3658 1475 τ

2029 1522 2119 1590 qui
2171 1520 2463 1585 afﬁrmant,
2505 1520 2744 1574 omnium
2786 1521 3019 1591 lapidum
3060 1523 3275 1580 colores
3325 1526 3614 1597 refulgent.

2029 1613 2299 1679 Corbana,
2345 1613 2808 1684 gazophylacium.
2858 1614 3110 1670 Corbona
3141 1627 3319 1672 autem
3352 1619 3619 1689 interpreo

2032 1715 2177 1762 tatur
2221 1706 2442 1761 oblatio.
2493 1705 2749 1773 Chasma,
2791 1707 2846 1761 in
2892 1706 3056 1775 Luca,
3113 1709 3324 1774 hiatus;
3369 1711 3618 1768 Grzccum

2035 1807 2136 1853 est.
2169 1798 2417 1869 Erysihe,
2451 1797 2503 1851 in
2531 1797 2816 1868 propheta,
2842 1814 3047 1868 mrugo,
3078 1799 3130 1855 id
3158 1810 3242 1855 est
3263 1803 3455 1872 rubigo
3478 1820 3619 1858 mes-

2033 1891 2204 1955 sium;
2237 1889 2484 1945 Graecum
2526 1899 2631 1943 est.
2663 1888 2905 1956 Zizania,
2941 1889 3150 1946 lolium.
3185 1893 3389 1959 Sicera,
3427 1911 3620 1951 succus

2035 1999 2099 2040 ex
2139 1983 2397 2054 dactylis;
2431 1989 2486 2037 et
2514 1982 2690 2037 omnis
2728 1991 2922 2052 prater
2961 1984 3144 2038 vinum
3189 1985 3383 2055 liquor,
3430 1991 3522 2057 qui
3555 1989 3623 2045 ad

2037 2075 2354 2141 bibendum,
2395 2082 2488 2129 aut
2513 2089 2543 2129 e
2572 2074 2768 2144 pomis,
2798 2083 2888 2128 aut
2916 2075 3153 2144 quolibet
3181 2091 3380 2147 genere
3400 2079 3625 2134 conﬁci-

2039 2176 2143 2232 tur,
2186 2168 2356 2223 sicera
2402 2177 2762 2237 nuncupatur.
2808 2165 3043 2220 Nardum
3085 2167 3358 2238 pisticum,
3392 2169 3623 2224 nardum

2039 2259 2214 2324 fidele,
2250 2258 2301 2313 id
2329 2267 2413 2313 est
2458 2259 2578 2313 sine
2610 2259 2942 2326 impostura;
2975 2257 3220 2313 Graecum
3251 2270 3354 2313 est.
3387 2259 3622 2314 Nardum

2038 2352 2326 2422 spicatum,
2361 2350 2426 2404 ab
2465 2364 2530 2404 eo
2555 2349 2697 2419 q'tod
2741 2349 2950 2419 species
2981 2349 3095 2418 ipsa
3126 2351 3276 2405 nardi
3319 2351 3372 2406 in
3404 2353 3625 2405 modum

2039 2443 2203 2512 spica:
2233 2443 2321 2506 sit,
2349 2456 2467 2509 quae
2514 2441 2687 2495 infusa
2730 2439 3036 2494 conficitur.
3085 2442 3422 2495 Alahastrum
3454 2457 3627 2512 genus

2044 2533 2331 2588 marmoris
2366 2531 2613 2602 pretiosi,
2640 2547 2708 2585 ex
2733 2546 2839 2600 quo
2871 2531 3178 2600 Evangelici
3206 2533 3348 2588 illius
3369 2535 3629 2603 unguenti

2042 2625 2316 2680 vasculum
2358 2632 2492 2678 erat.
2529 2622 2796 2690 Stadium,
2842 2621 2896 2676 in
2935 2622 3221 2694 Evangelia
3268 2625 3434 2695 spatii
3478 2638 3626 2681 certa

2044 2716 2327 2770 dimensio.
2359 2713 2492 2769 Octo
2521 2713 2692 2768 stadia
2725 2713 2874 2768 mille
2896 2727 3086 2783 passus
3116 2714 3383 2769 efﬁciunt.

2117 2807 2247 2862 Haec
2273 2807 2489 2860 nomina
2522 2820 2640 2874 qua:
2671 2804 3186 2874 subsequuntur,.in
3229 2805 3436 2874 Exodo,
3463 2809 3546 2863 vel
3578 2808 3630 2864 in

2050 2901 2256 2969 Regum
2284 2899 2439 2954 libris
2467 2897 2551 2952 his
2577 2898 2923 2964 reperiuntur
2951 2897 3103 2964 locis,
3140 2913 3257 2967 qua:
3281 2913 3419 2953 arca:
3447 2901 3528 2955 vel
3556 2909 3635 2956 ta-

2049 2992 2350 3058 bernaculi,
2385 3000 2478 3046 aut
2504 2989 2688 3060 templi
2722 2989 2935 3044 Domini
2968 2989 3288 3045 relationem
3329 2991 3631 3046 continent.

2049 3085 2286 3154 Quorum
2333 3082 2608 3136 nominum
2663 3079 2946 3146 vocabula,
2998 3079 3065 3134 ad
3113 3080 3224 3136 haec
3273 3097 3392 3151 qua:
3432 3082 3637 3137 obscu-

355 3180 762 3252 phea..ponitur.
787 3175 1053 3242 Framem,
1093 3175 1260 3226 hastae
1287 3171 1639 3240 longissima}.
1684 3171 1821 3224 Sunt
1851 3167 1940 3238 qui

2051 3179 2192 3234 riora
2247 3185 2393 3242 sunt,
2437 3175 2489 3228 in
2537 3172 2892 3227 translatione
2946 3172 3116 3227 veteri
3169 3149 3454 3228 habentur.
3507 3175 3640 3230 Han:

356 3275 422 3329 iis
465 3270 626 3326 etiam
680 3281 823 3323 nunc
865 3279 1140 3320 armorum
1182 3263 1299 3317 vice
1341 3269 1557 3316 utentes
1596 3259 1700 3314 hoc
1749 3273 1944 3313 nomen

358 3362 623 3417 tribuunt.
670 3357 899 3425 Quidam
931 3357 1094 3411 etiam
1144 3355 1216 3408 ita
1258 3351 1464 3421 gladios
1512 3349 1806 3420 significari
1847 3365 1944 3418 pu-

359 3460 496 3507 tant.
524 3450 804 3521 Capparis,
837 3448 892 3503 in
920 3446 1210 3503 Salomone
1245 3442 1430 3497 fruteti
1460 3456 1629 3512 genus
1654 3441 1706 3494 in
1730 3439 1948 3495 Oriente

358 3547 536 3601 simile
564 3543 814 3600 lentisco.
843 3539 1117 3605 Palatium,
1149 3539 1204 3593 in
1235 3538 1566 3606 Regnorum,
1613 3548 1804 3590 massa:
1830 3547 1950 3603 quae

364 3643 432 3696 de
479 3638 786 3695 recentibus
832 3633 1248 3704 ﬁcis-compingi
1279 3632 1474 3688 solent.
1519 3629 1757 3686 Palathac
1795 3629 1950 3685 Cra:-

366 3748 488 3788 eum
519 3738 626 3786 est.
653 3727 968 3797 .Debelaim,
1005 3725 1075 3780 vin
1104 3725 1242 3781 Osea
1281 3722 1570 3794 propheta,
1603 3721 1849 3791 palatlias
1871 3718 1954 3774 di-

361 3834 513 3880 cunt.
545 3824 732 3887 Dahir,
761 3821 815 3876 in
859 3819 1190 3890 Regnorum,
1233 3815 1515 3871 oraculum
1547 3813 1688 3883 quod
1730 3822 1847 3867 erat
1879 3811 1956 3865 fa-

363 3932 511 3974 clum
543 3919 594 3972 in
623 3916 797 3971 media
828 3913 1074 3969 interiori
1106 3919 1258 3980 parte
1287 3908 1495 3978 templi,
1528 3908 1582 3962 in
1614 3921 1718 3977 quo
1747 3915 1800 3961 et
1829 3919 1952 3959 arca

367 4013 579 4069 Domini
631 4020 770 4078 erat,
817 4009 920 4064 hoc
969 4007 1338 4077 appellabatur
1383 4013 1567 4058 sancta
1613 4012 1953 4056 sanctorum.

366 4113 588 4182 llyssus,
629 4123 800 4178 genus
830 4105 989 4161 serici
1030 4103 1341 4173 grossioris,
1371 4100 1576 4170 pariter
1607 4109 1662 4154 et
1686 4098 1950 4153 fortioris.

368 4205 507 4256 Sunt
532 4198 749 4270 quidam
787 4196 877 4265 qui
904 4204 958 4250 ct
985 4207 1154 4266 genus
1202 4191 1294 4245 lini
1319 4205 1444 4245 esse
1476 4190 1696 4259 byssum
1743 4196 1954 4257 putent.

370 4292 728 4356 Plimuicittm,
759 4290 815 4356 in
846 4287 1004 4351 Isaia,
1047 4287 1350 4342 coccinum.
1385 4283 1634 4348 Luteres,
1666 4283 1718 4336 in
1745 4281 1958 4350 Regno-

369 4403 509 4454 rum,
541 4384 785 4449 conchae,
815 4381 898 4437 vel
921 4379 1166 4436 canthari
1197 4378 1424 4448 aquarii.
1455 4375 1560 4431 Sed
1584 4385 1638 4430 et
1661 4375 1956 4429 cantharus

371 4482 615 4538 Griecum
643 4493 837 4532 nomen
868 4486 969 4532 est.
1000 4473 1231 4537 L’llOllli,
1268 4473 1322 4526 in
1361 4471 1693 4539 Regnorum,
1720 4467 1955 4536 lapidum

2049 3285 2180 3326 vero
2230 3282 2354 3339 quae
2409 3265 2669 3321 lucidiora
2724 3273 3004 3335 apparent,
3063 3279 3215 3318 novzc
3263 3266 3642 3323 translationis

2052 3369 2210 3421 textu
2232 3359 2603 3415 cantinentur.
2635 3356 2799 3413 Vetus
2835 3371 2964 3426 ergo
2995 3356 3274 3411 translatio
3301 3356 3482 3424 habet,
3516 3373 3645 3430 spe-

2053 3465 2295 3516 rateres;
2327 3465 2489 3518 nova,
2524 3449 2745 3504 ferulas.

2125 3547 2478 3611 Calaniiscos,
2502 3543 2757 3598 calamos.
2789 3543 3062 3609 Troiscos,
3093 3543 3176 3597 vel
3203 3542 3462 3609 cariscos,
3487 3545 3645 3614 quasi

2058 3644 2112 3698 in
2145 3637 2300 3695 nucis
2346 3636 2564 3691 modum
2593 3634 2948 3690 deformatos.
2981 3633 3338 3701 Anconiscos,
3381 3635 3649 3691 ineastra-

2059 3743 2227 3788 turas.
2259 3728 2590 3799 Aspidiscas,
2617 3726 2863 3781 uncinos.
2893 3725 3180 3789 Fimbrias,
3203 3735 3447 3782 catenas.
3473 3727 3652 3782 Scita-

2057 3826 2160 3890 las,
2201 3839 2291 3878 vet
2307 3833 2406 3877 tes.
2453 3819 2748 3889 Lapidihus
2779 3818 3092 3882 acrotomis,
3121 3817 3409 3872 dedolatis.
3446 3819 3652 3889 Degra-

2059 3916 2257 3988 pidem,
2306 3911 2638 3968 caalaturam.
2690 3909 2906 3976 Petalis,
2958 3907 3194 3963 laminis.
3239 3908 3643 3974 Perimentum,

2062 4013 2278 4066 lineam.
2331 4007 2554 4076 Spiras,
2613 4003 2862 4073 capitella
2908 4001 3317 4068 columnarum,
3375 4001 3461 4055 vel
3516 4004 3656 4057 sicut

2064 4111 2212 4170 pulo,
2243 4099 2499 4153 facturam
2547 4111 2755 4150 earum.
2791 4093 2964 4162 Elam,
2997 4093 3262 4163 porticum
3290 4109 3304 4144 :
3335 4091 3429 4146 sed
3461 4094 3656 4147 melius

2063 4193 2446 4260 interpretatur
2466 4195 2591 4241 ante
2621 4185 2784 4251 fores,
2809 4184 2925 4238 sive
2949 4182 3293 4238 vestibulum.
3329 4182 3474 4252 Ergo
3501 4183 3654 4236 Elaui

2065 4282 2386 4338 llebraicum
2436 4285 2539 4334 cst.
2582 4277 2790 4332 Caztera
2830 4291 2951 4347 qua:
2996 4274 3240 4344 superius
3275 4283 3423 4340 sunt,
3469 4273 3658 4328 Grmca

2067 4383 2189 4429 sunt
2217 4373 2474 4426 maxime.
2511 4371 2644 4425 ltem
2691 4371 2743 4424 in
2788 4367 3094 4423 Ezechielis
3135 4375 3378 4422 extrema
3418 4378 3572 4436 parte
3602 4367 3654 4420 in

2066 4468 2276 4521 visione
2303 4464 2556 4528 civitatis,
2590 4463 2642 4517 in
2683 4461 2853 4516 veteri
2881 4460 3236 4514 translatione
3265 4458 3434 4512 habet
3475 4466 3658 4528 pasto-

371 4587 631 4628 eaesores:
661 4580 715 4626 et
740 4571 842 4624 hoc
871 4569 1124 4624 Grmcum
1149 4575 1254 4621 est.
1283 4564 1556 4633 Creagrce,
1590 4563 1641 4616 in
1674 4561 1952 4630 Paralipo-
1989 4526 2042 4586 Β
2070 4559 2279 4630 phoria,
2313 4558 2368 4612 in
2399 4572 2536 4612 nova
2582 4554 2992 4626 gazophylacia,
3034 4553 3086 4608 id
3126 4561 3231 4620 est,
3263 4526 3490 4606 cellulas
3536 4567 3658 4620 par-

375 4679 595 4728 tuenon,
642 4662 889 4726 fuscina},
941 4660 1006 4713 ad
1050 4671 1244 4713 carnes
1275 4656 1343 4710 de
1373 4654 1625 4709 caldariis
1666 4652 1955 4723 proferen-

374 4761 496 4824 das,
524 4759 768 4814 Graicum
809 4765 913 4810 est.
942 4755 1230 4817 Samhuca,
1267 4753 1320 4807 in
1362 4750 1584 4805 musicis
1612 4765 1781 4820 genus
1809 4765 1958 4819 sym-

375 4849 713 4920 phoniarum.
747 4846 972 4902 Nablum
1005 4846 1144 4915 quod
1175 4845 1365 4900 Grmce
1409 4843 1714 4912 appellatur
1750 4841 1962 4895 Psalte-

377 4946 536 5008 rium,
564 4940 810 5012 quodque
831 4955 860 4994 a
886 4937 1163 5006 psallendo
1183 4934 1383 4991 dictum
1415 4943 1518 4989 est.
1546 4933 1623 4988 Ad
1656 4932 1964 4988 similitudi—

379 5051 501 5090 nem
524 5042 606 5089 est
625 5032 847 5089 citharte
868 5029 1166 5086 barbaricae
1181 5028 1232 5082 in
1258 5025 1476 5082 modum
1495 5024 1658 5080 deltte
1681 5024 1875 5078 littera:
1905 5036 1966 5078 A.

380 5128 737 5200 Tympanum,
775 5122 921 5194 quod
970 5131 1187 5178 extenta
1235 5121 1376 5191 pelle
1403 5119 1487 5173 vel
1527 5118 1679 5173 corio
1708 5117 1960 5173 efficitur.

381 5219 586 5287 Cinari,
619 5225 675 5272 ut
697 5216 916 5288 quidam
948 5223 1158 5286 putant,
1209 5213 1511 5280 acetabula,
1554 5227 1674 5282 qua:
1711 5227 1967 5281 percussa

385 5313 437 5368 in
460 5311 703 5366 modulos
729 5310 1096 5366 concitantur.
1121 5306 1350 5378 Tliyina,
1380 5305 1543 5375 ligna.
1590 5303 1666 5358 De
1696 5303 1779 5358 his
1809 5304 1969 5358 Salo-

387 5419 512 5458 mon
555 5402 752 5472 gradus
781 5401 912 5456 fecit
956 5402 1008 5454 in
1040 5399 1203 5454 domo
1236 5397 1466 5461 Domini,
1515 5395 1790 5464 incognita
1828 5395 1968 5466 ligna

385 5498 547 5551 etiam
579 5494 922 5564 peritioribus
951 5492 1282 5548 Judteorum.
1313 5489 1545 5552 Sethim,
1594 5489 1874 5556 spinarum
1915 5488 1969 5541 in

386 5604 568 5644 eremo
595 5604 772 5657 genus
801 5598 905 5652 est,
951 5603 980 5643 e
1015 5587 1209 5654 quibus
1237 5584 1436 5654 lignum
1482 5580 1834 5651 imputribile.
1867 5580 1969 5634 Sa-

389 5680 536 5746 hetlt,
575 5680 789 5748 virgulti
820 5679 959 5748 apud
995 5679 1252 5735 llebraaos
1283 5691 1479 5731 nomen
1507 5685 1612 5742 est,
1648 5675 1698 5727 in
1731 5673 1928 5728 Genesi
1955 5691 1968 5726 :

393 5769 552 5835 Ecce,
602 5768 978 5838 inquitharics
1019 5778 1141 5840 post
1173 5777 1380 5839 tergum
1427 5766 1544 5836 eius
1599 5764 1880 5820 tenebatur
1919 5769 1968 5818 iu

2071 4669 2186 4708 vas.
2232 4653 2400 4716 Tliee,
2454 4651 2744 4714 thalamos,
2787 4647 2969 4713 Aileu,
3017 4647 3268 4700 frontem.
3304 4643 3655 4712 Elaucomh,

2071 4747 2416 4802 vestibulum.
2477 4742 2858 4815 Polyandron,
2911 4737 3306 4794 multitudines.
3355 4735 3657 4806 Spitamis,

2070 4838 2301 4909 palmus.
2359 4836 2570 4900 Cissus,
2625 4833 2887 4888 deﬁnitio.
2938 4830 3145 4893 Manaa,
3203 4829 3552 4883 sacriﬁcium.
3600 4829 3663 4883 In

2072 4925 2685 5001 Regumncenotaphia,
2725 4923 3031 4986 simulacra,
3074 4936 3193 4991 qua:
3233 4919 3422 4975 Graece
3457 4927 3677 4995 μορφώ-

2074 5044 2235 5095 ματα.
2256 5019 2361 5075 Sed
2390 5018 2505 5074 haec
2533 5019 2814 5072 hactenus.
2845 5013 3000 5069 Nunc
3026 5011 3335 5068 etiamillud
3361 5012 3569 5079 accipe,
3609 5027 3673 5072 ut

2075 5112 2320 5182 quaedam
2353 5110 2573 5165 nomina
2617 5109 2763 5178 prius
2802 5104 3081 5174 Scriptura
3119 5101 3491 5173 appellaverit,
3519 5111 3574 5156 et
3605 5111 3673 5156 ut

2077 5219 2219 5260 nunc
2244 5210 2525 5258 vocentur.

2425 5277 2430 5282 ‘
2685 5267 2914 5324 CAPUT
2955 5266 3046 5323 ιν.

2689 5361 2765 5415 De
2787 5360 3040 5431 gentibus.

2147 5478 2366 5544 Gomor,
2416 5477 2469 5530 iu
2509 5474 2723 5539 Genesi,
2773 5473 2999 5536 G..lat:e,
3052 5471 3104 5525 id
3153 5477 3236 5525 est
3282 5467 3451 5534 Galli,
3492 5467 3585 5535 qui
3629 5480 3666 5520 ι

2076 5571 2310 5626 candore
2350 5567 2594 5638 corporis
2624 5566 2853 5636 primum
2897 5562 3102 5618 Galatze
3145 5545 3398 5629 appellati
3437 5567 3585 5621 sunt,
3628 5571 3665 5611 e

2075 5664 2268 5732 quibus
2309 5660 2492 5730 populi
2538 5659 2809 5730 quondam
2851 5660 2901 5710 In
2946 5654 3182 5710 Orientis
3229 5651 3517 5721 longinqua
3553 5649 3662 5703 mi-

2076 5767 2289 5828 grantes
2328 5755 2554 5827 primum
2584 5750 2920 5823 Gallograeci,
2952 5764 3092 5804 nunc
3124 5746 3347 5816 antiquo
3377 5743 3664 5799 Gallorum
