3932 6170
203 1116 221 1214 l

290 324 390 380 8H

1465 312 1759 370 INSTRUC
1778 313 2022 369 NONUS!
2067 315 2267 370 LIBER
2310 317 2370 371 ll.

3473 324 3577 378 3l8

290 441 506 495 nomine
548 437 748 494 Galam:
797 445 1073 490 vocantur.
1118 436 1322 504 Μλιειιε,
1359 432 1600 502 Scythzn.
1650 429 1877 498 Quidam
1911 418 1957 490 Α
1988 429 2197 502 Lydda,
2230 432 2345 501 ipsa
2378 440 2461 487 est
2498 432 2785 502 Diospolis.
2821 435 3121 505 Decapolis,
3173 438 3222 492 in
3258 438 3571 513 Evangelia,

288 534 403 602 Cog
436 540 492 586 et
521 531 729 601 Magog,
771 526 979 584 Gothos
1020 536 1225 596 putant.
1272 524 1450 589 Jubal,
1482 523 1641 589 lberi,
1690 521 1780 592 qui
1823 528 1878 576 et

291 622 537 692 Hispani.

364 715 602 779 Thiras,
650 712 912 767 Thraces.
961 711 1299 781 'Ihogorma,
1354 708 1623 778 Phryges,
1683 706 1876 774 Madai,

292 806 453 862 Medi.
485 782 677 867 javan,
712 805 886 868 Iones,
919 803 1008 872 qui
1043 813 1094 856 et
1121 800 1315 855 Grmci.
1344 797 1502 855 Unde
1540 807 1594 853 et
1625 814 1773 853 mare
1796 797 1881 852 lo-

294 898 465 952 nium.
499 895 711 959 Cethei,
754 894 903 961 Citii,
943 894 1083 948 idem
1114 891 1307 961 Ciprii,
1338 890 1478 959 apud
1511 904 1646 959 quos
1672 898 1723 942 et
1751 888 1881 943 urbs

291 987 512 1044 Cittium
541 988 828 1041 vocitatur.
876 984 1165 1048 Donanim,
1201 980 1417 1035 Rhodii.
1448 980 1524 1034 Ex
1550 979 1636 1034 his
1666 978 1882 1035 (ἴε-τερος

292 1095 411 1134 rum
444 1077 756 1132 nationibus
784 1075 1061 1139 exstitere,
1091 1073 1181 1142 qui
1214 1087 1242 1125 a
1273 1072 1454 1127 Tauro
1497 1079 1682 1126 monte
1710 1084 1881 1140 usque

293 1170 694 1227 Occidentalem
727 1169 998 1223 Oceanum
1031 1165 1355 1221 maritimam
1387 1178 1537 1217 oram
1580 1176 1883 1232 occupave-

291 1270 438 1317 runt.
475 1261 569 1315 Ha:
614 1274 801 1315 omnes
847 1267 1035 1330 gentes
1078 1256 1146 1312 de
1173 1256 1405 1325 Japheth
1452 1254 1621 1323 stirpe
1658 1254 1882 1308 descen-

294 1354 447 1408 dunL

366 1444 533 1506 Chus,
564 1441 858 1511 Ethiopia.
892 1440 1164 1505 Mesraim,
1191 1438 1479 1509 Egyptus.
1509 1434 1764 1497 Casleim,
1793 1436 1882 1505 qui

296 1544 484 1607 postea
526 1532 818 1597 Philistini,
869 1546 1011 1585 nunc
1056 1528 1352 1583 Palaestini.
1397 1527 1561 1582 Iidem
1604 1536 1785 1581 tamen
1831 1536 1886 1579 et

295 1626 590 1697 Allophyli.
634 1624 800 1679 lidem
849 1631 905 1678 et
950 1621 1266 1691 alienigenae
1294 1618 1548 1689 appellati
1591 1624 1736 1672 sunt.
1771 1615 1882 1671 llo-

295 1735 415 1776 rum
443 1719 630 1774 civitas
668 1718 921 1771 Ascalon.
963 1714 1125 1778 Saba,
1160 1712 1376 1768 Arabia.
1427 1712 1569 1766 Saba
1610 1708 1885 1764 vocitatur

294 1822 347 1869 et
371 1812 520 1882 regio
550 1810 603 1864 in
634 1824 737 1880 qua
766 1824 909 1863 nunc
949 1806 1143 1862 Sabazi.
1192 1805 1367 1872 Evila,
1415 1803 1615 1859 Getuli.
1650 1802 1875 1867 Labain,
1918 1796 1960 1855 Β

296 1917 443 1959 nunc
467 1902 684 1972 Libyes,
716 1898 984 1970 quondam
1015 1896 1209 1952 Futhei
1235 1895 1671 1964 appellabantur,
1710 1892 1884 1947 Thar-

297 1998 395 2066 εἰς,
426 1996 541 2051 sive
565 1991 908 2057 Carchedon,
938 1989 1209 2059 Carthago
1246 1997 1329 2043 est
1356 2005 1369 2041 :
1392 1987 1613 2055 quidam
1643 1986 1885 2040 Tharsos

297 2086 538 2167 Cilipiam
564 2085 915 2150 arbitrantur,
947 2083 1069 2154 quia
1099 2091 1153 2137 et
1180 2080 1371 2135 civitas
1402 2078 1624 2132 Tharsis
1646 2077 1754 2132 illic
1780 2077 1882 2131 sita

298 2188 402 2236 est.
434 2177 631 2243 Africa,
666 2176 930 2247 appellata
960 2173 1028 2228 ab
1056 2187 1168 2227 uno
1198 2187 1263 2226 ex
1297 2170 1529 2240 posteris
1561 2167 1790 2223 Abrahm
1817 2169 1884 2222 de

297 2271 553 2338 Cethura,
588 2271 678 2341 qui
709 2276 932 2323 vocatus
962 2275 1045 2321 est
1080 2266 1287 2334 Apher.
1320 2262 1668 2328 lsmahclitze,
1702 2261 1885 2316 vocati

296 2363 366 2418 ab
395 2361 615 2417 lsmaele
642 2360 753 2415 lilio
784 2358 1037 2414 Abrahat.
1071 2356 1236 2411 lidem
1267 2364 1321 2411 et
1353 2355 1632 2420 Saraceni,
1663 2368 1689 2406 a
1723 2353 1878 2409 Sara.

299 2452 468 2508 Iidem
499 2460 553 2507 et
590 2449 841 2521 Agareni,
875 2449 941 2503 ab
963 2448 1125 2518 Agar.
1153 2446 1434 2511 Nabathei,
1477 2460 1506 2498 a
1535 2444 1741 2499 Nabeth
1776 2445 1884 2499 ﬂlio

296 2544 538 2600 lsmaelis
577 2542 851 2612 appellati,
882 2541 971 2611 qui
1002 2540 1072 2593 ab
1103 2538 1323 2593 Eufrate
1357 2538 1425 2592 ad
1464 2552 1613 2593 mare
1641 2537 1882 2592 Rubrum

298 2634 665 2704 porriguntur.
717 2631 992 2687 Cltanauei
1040 2628 1299 2699 appellati
1344 2629 1412 2684 de
1462 2630 1722 2683 Chanaan
1774 2628 1884 2683 ﬂlio

297 2728 488 2783 Cham.
522 2727 725 2781 llorum
756 2732 954 2779 terram
978 2722 1149 2778 Judaei
1179 2723 1415 2791 expulsis
1458 2723 1650 2778 incolis
1692 2738 1883 2793 posse-

296 2818 513 2874 derunt.
548 2816 612 2871 lli
649 2830 838 2871 omnes
865 2814 933 2869 de
973 2810 1181 2883 origine
1207 2813 1374 2868 Cham
1405 2814 1648 2868 veniunt.
1692 2817 1882 2878 Assur,

297 2910 505 2981 Assyrii
532 2909 600 2963 ab
629 2907 797 2963 Assur
823 2906 932 2960 ﬂlio
957 2906 1104 2960 Sem.
1144 2904 1209 2959 lli
1235 2904 1422 2959 urbem
1454 2904 1647 2959 Ninum
1677 2921 1744 2960 ex
1790 2920 1886 2959 no-

296 3004 442 3059 mine
471 3001 588 3056 Nini
621 3001 764 3069 regis
792 2999 1168 3060 condiderunt,
1202 3013 1322 3066 qua:
1369 3013 1510 3051 nunc
1560 2996 1749 3052 Ninive
1780 3012 1883 3052 vo-

298 3102 473 3149 catur.
506 3093 674 3163 Syros
710 3090 1010 3161 appellatos
1040 3088 1259 3159 quidam
1291 3095 1541 3142 asserunt
1570 3089 1638 3143 ab
1667 3087 1883 3142 Asurim

296 3183 409 3237 lilio
436 3159 665 3238 Abrahae
696 3159 763 3236 ei
784 3159 1042 3236 Cethura.
1084 3181 1176 3245 Us,
1204 3196 1321 3250 quae
1347 3189 1399 3234 et
1428 3179 1700 3235 Auxitidis
1733 3179 1882 3250 regio
1911 3159 1957 3223 (ἶ

296 3275 440 3330 circa
469 3272 843 3343 C(elesyriam,
890 3271 961 3325 ita
994 3271 1062 3324 ab
1090 3270 1166 3327 Us
1215 3273 1338 3325 Sent
1373 3282 1673 3340 pronepote
1702 3272 1887 3341 appel-

294 3365 421 3420 lata.
471 3364 740 3429 Elamitae,
779 3362 982 3428 Persae,
1035 3361 1104 3417 ab
1146 3362 1291 3415 Elam
1327 3362 1434 3416 lilio
1481 3363 1630 3417 Sem.
1674 3362 1884 3416 llebraci

295 3454 658 3525 cognominati
700 3462 825 3507 sunt
861 3453 929 3507 ab
958 3452 1153 3517 lleber,
1184 3453 1272 3521 qui
1307 3466 1576 3521 pronepos
1605 3453 1705 3506 l'uit
1735 3454 1882 3506 Scin.

296 3544 513 3610 Casdei,
550 3559 691 3599 nunc
715 3543 954 3598 Chaldaei
998 3551 1277 3605 vocantur,
1312 3555 1364 3597 et
1397 3544 1588 3598 Casdei
1621 3560 1649 3598 a
1685 3544 1885 3609 Cased,

294 3642 409 3696 lilio
432 3640 646 3695 Nachor
672 3638 852 3693 fratris
893 3636 1147 3693 Abrahae.
1197 3637 1257 3691 lli
1302 3652 1492 3691 omnes
1523 3637 1590 3691 de
1639 3638 1762 3692 Sem
1794 3652 1891 3706 po-

294 3733 541 3788 steritate
570 3731 891 3800 procedunt.
1816 3724 1819 3725 ⁷

915 3822 1142 3879 CAPUT
1194 3823 1257 3878 ν.

958 3916 1035 3968 De
1066 3917 1212 3970 locis.

366 4012 555 4077 Jebus,
597 4011 710 4081 ipsa
744 4019 827 4066 est
857 4009 1178 4076 Jerusalem,
1234 4009 1348 4078 ipsa
1394 4016 1477 4063 est
1521 4017 1573 4062 et
1602 4008 1801 4075 Salent,
1832 4009 1885 4063 iu

296 4122 403 4177 qua
470 4106 711 4174 regnavit
757 4103 1174 4159 Melchisedech.
1238 4103 1364 4156 lla:c
1419 4116 1559 4155 nunc
1616 4101 1684 4155 ab
1735 4100 1887 4156 Helio

293 4202 535 4258 Adriano
559 4209 778 4255 vocatur
803 4199 971 4254 Helia.
1009 4198 1166 4252 Babel
1196 4197 1247 4252 in
1279 4197 1499 4263 Genesi,
1535 4213 1677 4253 nunc
1710 4198 1887 4272 Baby-

292 4294 383 4348 lon
420 4304 665 4348 vocatur.
702 4293 759 4347 ln
802 4292 905 4347 hoc
947 4292 1068 4347 loco
1103 4309 1222 4347 cum
1256 4301 1459 4347 turrem
1487 4293 1753 4363 quondam
1790 4294 1885 4349 ho-

290 4386 470 4439 mines
500 4384 768 4439 :edilicare
796 4385 1056 4439 adversus
1079 4387 1272 4440 caelum
1304 4386 1543 4454 aggressi
1576 4396 1779 4453 essent,
1803 4388 1884 4441 di-

291 4477 465 4546 Spersi
513 4485 661 4539 sunt,
713 4478 972 4531 immensa
1015 4476 1267 4531 divinitus
1317 4475 1634 4531 confusione
1667 4478 1881 4547 lingua-

1981 522 2132 590 regio
2155 532 2236 579 est
2264 522 2474 580 habens
2500 526 2751 581 civitates
2775 527 2986 582 decem.
3018 529 3286 602 Accaron,
3321 535 3450 589 urbs
3477 536 3573 589 Pa-

1983 616 2230 672 lestina.
2279 614 2648 684 Autilihauus,
2694 618 2811 673 loca
2864 621 3200 691 appellantur
3249 640 3366 695 qua:
3407 642 3571 695 Supra

1984 705 2243 762 Libanum
2298 716 2537 763 montem
2594 707 2927 765 Orientalem
2985 711 3195 782 plagam
3251 716 3569 779 reSpiciunt.

1984 798 2207 864 El'l‘rata,
2241 801 2433 855 civitas
2465 801 2804 856 Bethlehem.
2840 802 3090 858 Eufrates
3117 820 3245 860 vero
3277 806 3469 861 ﬂuvius
3504 809 3571 863 de
3612 816 3618 857 ξ

1984 889 2256 958 paradiso.
2285 891 2672 961 Mesopotamia
2704 892 2905 948 idcirco
2933 894 3149 961 dicitur,
3184 898 3324 965 quod
3354 896 3573 969 Tigride
3628 899 3631 903 ’

1981 990 2037 1035 et
2070 980 2285 1037 Eufrate
2325 982 2635 1038 ﬂuminibus
2675 985 2961 1040 ambiatur.
2997 986 3242 1042 Samaria
3281 990 3395 1059 ipsa
3426 1007 3572 1046 nunc

1982 1075 2207 1130 Sebaste
2254 1076 2580 1144 appellatur.
2632 1077 2851 1143 Emaus,
2900 1077 2953 1132 in
3005 1078 3318 1149 Evangelio,
3368 1098 3568 1137 nomen

1982 1166 2256 1235 quondam
2288 1166 2519 1232 castelli,
2564 1182 2706 1222 nunc
2731 1168 2941 1235 civitas,
2976 1185 3096 1239 quae
3137 1170 3410 1237 Nicopolis
3436 1173 3573 1227 dici-

1986 1267 2092 1311 tur.
2127 1257 2391 1323 Calvaria,
2426 1258 2574 1311 locus
2608 1258 2677 1312 ob
2708 1258 2843 1311 hanc
2865 1274 3083 1312 causam
3110 1260 3305 1326 dictus,
3337 1262 3478 1330 quod
3504 1262 3574 1318 de

1984 1348 2374 1404 consuetudine
2405 1350 2455 1403 in
2498 1348 2688 1405 eodem
2721 1350 2838 1404 loco
2870 1350 3121 1405 damnati
3151 1351 3329 1421 capite
3361 1363 3577 1407 trunca-

1985 1449 2191 1495 rentur.
2228 1440 2549 1511 Ariopagus,
2597 1442 2760 1495 curia:
2790 1442 2934 1510 apud
2963 1442 3334 1511 Athenienses
3375 1459 3573 1499 nomen
3610 1506 3617 1512 ,

1985 1543 2087 1599 est,
2117 1549 2235 1604 quzc
2266 1548 2296 1587 a
2328 1532 2498 1590 Marte
2527 1548 2725 1589 nomen
2757 1534 2988 1604 accepit.

2591 1665 2822 1722 CAPUT
2862 1665 2953 1720 Vl.

2423 1781 2503 1837 De
2535 1780 2836 1851 ﬂuminibus
2862 1780 2942 1837 vel
2962 1781 3131 1851 aquis.

2057 1895 2229 1964 Geon,
2263 1894 2456 1950 ﬂuvius
2506 1904 2591 1951 est
2636 1894 2948 1966 EthiOpiae,
2998 1894 3065 1950 de
3112 1894 3363 1965 paradiso
3400 1910 3580 1952 emer-

1984 2003 2135 2058 gens.
2160 2004 2319 2059 quem
2342 1987 2521 2043 Nilum
2552 1988 2747 2043 usitato
2776 1987 2993 2043 nomine
3017 1987 3315 2057 appellant.
3344 1987 3573 2055 PliiSnn,

1985 2080 2179 2135 ﬂuvius
2219 2080 2405 2147 ludite,
2437 2080 2580 2135 idem
2614 2095 2827 2151 quoque
2849 2095 2877 2134 a
2908 2080 3158 2149 paradiso
3189 2080 3362 2135 ﬂuens
3394 2098 3406 2135 :
3432 2081 3575 2137 hunc

1984 2172 2075 2227 alii
2106 2172 2325 2243 Gangen
2353 2180 2568 2228 vocant.
2598 2174 2768 2239 Siloe,
2810 2171 2932 2228 fons
2977 2181 3061 2228 est
3094 2173 3145 2227 in
3174 2173 3473 2229 Jerusalem
3508 2175 3577 2231 de

1986 2265 2167 2321 radice
2200 2266 2395 2321 montis
2422 2266 2551 2322 Sion
2582 2266 2840 2331 bulliens,
2872 2264 2964 2335 qui
2999 2279 3104 2320 non
3136 2281 3369 2336 semper,
3401 2268 3493 2322 sed
3522 2269 3575 2321 iu

1987 2358 2148 2412 certis
2190 2357 2338 2412 horis
2374 2357 2672 2425 diebusque
2724 2365 2940 2411 emanat
2987 2371 3081 2427 per
3132 2367 3285 2412 antra
3330 2373 3572 2428 saxaque

1987 2450 2304 2506 decurrens.
2331 2450 2608 2517 Jordauis,
2633 2448 2753 2505 ideo
2777 2450 2951 2505 dictus
2982 2461 3086 2515 est,
3109 2451 3249 2520 quod
3274 2451 3381 2507 duo
3400 2455 3579 2507 l‘nutes

1988 2539 2040 2594 in
2089 2557 2251 2594 unum
2296 2540 2591 2607 conﬂuant,
2623 2556 2853 2611 quorum
2888 2541 3026 2595 alter
3057 2542 3254 2597 dicitur
3281 2542 3393 2608 Jor,
3441 2544 3576 2597 alter

1990 2631 2101 2684 Dan
2139 2631 2459 2701 appellatur.
2491 2631 2637 2687 Marc
2666 2632 2911 2701 Galilere,
2950 2632 3092 2688 idem
3142 2642 3196 2689 et
3236 2649 3389 2689 mare
3418 2634 3579 2689 Tibe-

1989 2722 2174 2792 rEadis,
2212 2724 2352 2777 idem
2384 2732 2437 2777 et
2463 2732 2707 2793 stagnum
2736 2724 2999 2794 Genesar,
3036 2725 3176 2781 idem
3212 2736 3265 2781 et
3295 2728 3442 2782 lacus
3474 2730 3581 2784 Ge-

1990 2814 2263 2868 nesareth.
2308 2814 2452 2869 Marc
2499 2815 2850 2883 Salinarium,
2910 2816 3012 2871 hoc
3067 2825 3287 2873 vocatur
3324 2828 3379 2874 et
3430 2836 3581 2874 maro

1990 2905 2286 2971 Mortuum,
2331 2906 2414 2961 vel
2444 2907 2716 2976 Asphalti,
2750 2907 2803 2961 id
2837 2917 2939 2974 cst,
2973 2909 3268 2976 bituminis,
3300 2925 3328 2963 a
3360 2911 3579 2966 Jericho

1990 2995 2129 3049 haud
2161 2997 2316 3066 loitge
2358 3001 2528 3053 abest.
2566 2998 2871 3066 Bethsaida,
2910 3000 3113 3070 piscina
3155 3001 3209 3054 iu
3246 3000 3571 3064 Jerusalem,

1990 3085 2044 3140 in
2077 3102 2235 3156 quam
2282 3096 2336 3142 et
2384 3085 2513 3159 a'gri
2552 3088 2973 3145 deferebantur:
3008 3091 3130 3147 ideo
3176 3101 3229 3146 et
3271 3091 3575 3158 Probatica,

1989 3181 2040 3235 id
2095 3192 2209 3248 est,
2264 3183 2497 3251 pecualis
2557 3184 2879 3252 appellatur,
2933 3184 3077 3255 quod
3150 3184 3356 3239 hostias
3412 3188 3464 3239 in
3516 3201 3585 3241 ea

1987 3272 2258 3343 quondam
2286 3273 2597 3329 sacerdotes
2628 3274 2899 3330 lat'abant.

2590 3407 2818 3465 CAPUT
2860 3408 2974 3465 νη.

2584 3519 2664 3573 De
2693 3520 2966 3575 mensibus.

2065 3634 2253 3699 Nisan,
2285 3635 2336 3687 in
2382 3634 2518 3687 libro
2550 3632 2754 3698 Esdraa,
2786 3635 2986 3689 mensis
3028 3634 3395 3703 quemdicunt
3435 3634 3578 3691 Mar-

1992 3728 2143 3793 tium,
2170 3729 2368 3797 quique
2396 3728 2447 3780 in
2479 3727 2770 3793 Scripturis
2798 3728 3100 3795 appellatur
3123 3727 3323 3783 mensis
3348 3729 3574 3797 primus.

1993 3819 2133 3883 Elul,
2174 3820 2229 3872 in
2272 3818 2703 3873 Machaba‘orum
2751 3818 2912 3882 libro,
2963 3822 3260 3889 Augustus,
3303 3821 3397 3891 qui
3439 3823 3579 3891 apud

1991 3925 2088 3964 nos
2122 3908 2323 3965 mensis
2344 3917 2527 3964 sextus
2554 3919 2797 3965 vocatur.
2825 3911 3037 3976 Caslcu,
3069 3913 3120 3966 in
3159 3912 3421 3968 Zacharia
3452 3930 3581 3985 pro-

1991 4001 2173 4071 pheta,
2222 4002 2543 4071 November,
2594 4004 2683 4073 qui
2714 4013 2797 4059 est
2838 4020 3035 4059 nonus.
3082 4004 3309 4070 Teheth,
3347 4005 3401 4060 in
3440 4006 3578 4060 lihrn

1990 4093 2206 4161 ilesrer,
2241 4092 2557 4160 December,
2589 4097 2681 4165 qui
2722 4104 2805 4151 est
2833 4095 3094 4151 decimus.
3130 4095 3364 4164 Sabath,
3390 4098 3441 4151 in
3475 4096 3577 4152 Za-

1990 4186 2169 4240 charia
2203 4186 2463 4255 prOpheta
2494 4186 2804 4253 Januarius»,
2828 4190 2915 4258 qui
2946 4189 3087 4258 apud
3120 4204 3218 4244 nos
3241 4188 3577 4245 undecimus.

1990 4278 2153 4344 Adar,
2185 4277 2236 4331 iu
2263 4278 2398 4332 libro
2423 4279 2628 4345 Esdrac,
2658 4279 3004 4345 Februarius,
3029 4280 3119 4348 qui
3146 4280 3283 4349 apud
3317 4296 3415 4335 nos
3445 4282 3579 4335 duo-

1988 4369 2252 4425 decimus.
2300 4371 2453 4437 Quod
2498 4374 2542 4427 si
2584 4372 2747 4428 etiam
2798 4372 3000 4442 reliqua
3036 4373 3265 4428 llcbrwa
3311 4376 3577 4433 mensium

1987 4463 2267 4528 vocabula,
2311 4479 2432 4533 quae
2482 4464 2532 4517 in
2578 4478 2785 4518 canone
2818 4479 2921 4518 non
2954 4465 3153 4533 reperi,
3194 4465 3335 4520 scire
3376 4466 3523 4519 voles
3563 4483 3576 4520 :

292 4585 436 4625 rum.
472 4569 670 4635 Achar,
715 4585 860 4624 nunc
899 4568 1099 4623 Nisibis
1130 4578 1369 4624 vocatur.
1412 4569 1698 4635 Rehlatha,
1740 4587 1881 4626 nunc

1993 4552 2080 4606 lar
2109 4564 2335 4609 vocatur
2382 4556 2583 4609 mensis
2627 4556 2924 4621 secundus;
2974 4556 3136 4612 Sivan
3180 4556 3407 4623 tertius;
3437 4560 3577 4613 Tha-

291 4661 583 4718 Antiochia
612 4662 933 4730 appellatur.
978 4660 1177 4714 Eadem
1215 4669 1299 4715 est
1329 4660 1649 4729 Epiphania.
1678 4662 1879 4729 Sicetu,

292 4755 410 4809 hzzc
444 4763 529 4807 est
557 4764 607 4808 et
638 4754 866 4819 Sicema,
917 4768 1056 4807 nunc
1080 4751 1332 4822 Neapolis
1360 4753 1557 4807 civitas
1585 4755 1881 4808 Samarita-

286 4861 504 4899 norum.
540 4845 799 4909 Ulibama,
833 4846 883 4898 in
924 4846 1210 4912 propheta,
1258 4844 1449 4899 civitas
1485 4846 1535 4899 in
1568 4861 1671 4912 qua
1712 4847 1880 4900 Edoni

289 4939 566 5009 principes
595 4938 997 4993 habitaverunt.
1028 4937 1199 5002 Ariel,
1227 4938 1277 4990 in
1310 4937 1469 5002 lsaia,
1506 4937 1644 4992 hanc
1666 4939 1880 5007 quidem

284 5045 413 5086 esse
455 5037 642 5099 putant
669 5028 991 5094 Ariopolim,
1035 5030 1103 5082 ab
1149 5028 1293 5082 idolo
1325 5028 1504 5087 Martis
1537 5029 1701 5096 Ariel,
1741 5032 1882 5100 quod

287 5121 408 5177 illic
457 5121 619 5175 situm
660 5129 760 5175 est.
800 5120 1186 5189 Interpretatur
1217 5128 1394 5174 autem
1444 5120 1586 5173 Ariel
1636 5120 1721 5175 leo
1762 5121 1882 5189 Dei,

287 5213 600 5271 Jerusalem
627 5212 923 5281 ﬁguraliter
953 5211 1284 5282 signiﬁcans.
1310 5212 1567 5280 Ararath,
1604 5213 1879 5284 Armenia,

287 5307 343 5363 in
375 5307 532 5376 cujus
561 5304 831 5361 montibus
863 5313 980 5373 post
1010 5304 1268 5358 diluvium
1298 5318 1421 5357 arca
1450 5304 1718 5369 consedit,
1746 5305 1883 5360 adeo

288 5409 352 5452 ut
384 5398 494 5452 iliic
533 5397 712 5467 aliqua
753 5394 949 5450 indicia
983 5409 1124 5449 nunc
1159 5409 1328 5463 usque
1360 5404 1734 5466 permaneant.
1779 5396 1882 5451 Ar-

252 5491 435 5558 -he:e,
469 5505 588 5560 quae
618 5489 792 5543 Arbos
832 5489 884 5542 in
918 5487 1117 5541 nostris
1159 5486 1435 5542 codicibus
1467 5499 1721 5558 corrupte
1752 5489 1883 5560 legi-

285 5593 408 5652 tur,
439 5583 497 5639 in
524 5598 629 5654 qua
658 5591 767 5639 tres
801 5580 1121 5653 patriarchae
1173 5581 1367 5650 sepulti
1399 5589 1547 5647 sunt,
1586 5581 1877 5645 Abraham,

285 5674 469 5740 Isaac,
502 5684 555 5729 et
584 5674 772 5739 Iacob,
815 5682 870 5728 et
913 5680 1175 5743 praeterea
1223 5672 1392 5725 Adam
1443 5676 1577 5740 ipse.
1630 5671 1753 5726 llzec
1800 5681 1883 5727 est

283 5768 452 5824 etiam
485 5766 721 5834 llcbron,
756 5767 805 5822 in
838 5782 937 5836 qua
975 5764 1136 5820 David
1189 5764 1426 5834 regntvit
1485 5764 1619 5833 Lud,
1659 5764 1768 5833 ipsa
1801 5771 1883 5819 cst

1990 4660 2106 4697 nius
2137 4657 2394 4714 quartus;
2449 4646 2548 4701 Alo
2579 4647 2835 4717 quintus;
2867 4648 3005 4703 Tisri
3058 4658 3277 4715 sextus;
3329 4650 3577 4706 hlaresnn

1989 4738 2269 4806 septimus.

2577 4833 2803 4890 CAPUT
2849 4835 2981 4892 \‘lll.

2521 4928 2598 4981 De
2621 4928 3044 4982 solemnitatibus.

2066 5025 2255 5075 Annus
2281 5020 2551 5089 jubiheus,
2595 5033 2767 5074 annus
2796 5018 3293 5088 quinquagesimus,
3340 5018 3428 5083 qui
3463 5026 3578 5071 erat

1993 5129 2167 5171 annus
2191 5113 2550 5176 remissionis,
2574 5113 2755 5182 quoin
2783 5111 2947 5165 lsrael
2973 5111 3337 5178 unusquisque
3362 5110 3441 5163 rei
3466 5126 3577 5163 sua)

1995 5206 2243 5261 venditur
2272 5205 2337 5258 ad
2360 5204 2450 5274 jus
2495 5204 2612 5274 ejus
2642 5203 2802 5258 etiam
2835 5202 3038 5269 absque
3067 5201 3251 5271 pretio.
3270 5201 3578 5257 reverteba-

1993 5311 2097 5354 tur.
2145 5296 2372 5361 Pascha,
2402 5305 2769 5361 transcensus,
2822 5295 3102 5347 llebrmum
3132 5300 3235 5355 est,
3274 5306 3379 5347 non
3419 5292 3575 5347 Gl‘m-

1990 5408 2137 5447 cum:
2167 5392 2534 5446 Transcensus
2562 5405 2693 5445 vero
2733 5386 3137 5443 idcircordictus
3159 5396 3261 5452 est,
3296 5388 3436 5457 quod
3473 5388 3579 5442 lle-

1989 5485 2117 5538 brtci
2147 5482 2213 5537 ab
2235 5481 2469 5552 .IEgypto
2500 5481 2551 5535 in
2586 5490 2782 5536 terram
2823 5478 3260 5544 repromissionis
3292 5487 3574 5534 transcen-

1987 5577 2203 5631 deruut.
2239 5574 2399 5629 Certe
2428 5573 2623 5642 pascha
2655 5580 2895 5625 nostrum
2926 5579 3025 5636 est,
3061 5571 3203 5639 quod
3234 5570 3483 5626 Salvator
3506 5572 3576 5625 ab

1989 5668 2177 5724 inieris
2236 5679 2523 5736 resurgens
2585 5662 2844 5717 cmlorum
2918 5678 3082 5733 regna
3157 5663 3571 5719 transcenderit.

1991 5759 2186 5829 I‘hasc,
2222 5757 2406 5813 itidem
2439 5753 2633 5827 pascha
2667 5762 2748 5809 est
2778 5760 3151 5821 transcensus,
3184 5754 3262 5810 vel
3295 5755 3579 5810 transitus.
