3932 6170
364 286 470 351 819

1351 284 1409 341 S.
1454 281 1773 341 EUClIERlI
1814 282 2289 344 LUGDUNENSIS
2329 284 2630 347 EI‘I‘ECOPI

3530 298 3636 356 89.0

365 409 501 467 Sunt
544 406 632 478 qui
678 406 843 474 magis
873 410 1268 466 transcensum,
1304 396 1387 454 vel
1419 400 1700 454 transitum
1742 414 1807 453 ex
1840 396 1943 453 hoc
1972 401 2019 461 Α
2048 401 2327 458 caracellas
2375 402 2617 468 modum,
2670 403 2765 457 sed
2815 403 2931 458 sine
2984 407 3215 461 cucullo.
3262 408 3428 477 Cujus
3484 415 3642 467 vesti-

367 500 693 572 appeilatum
735 495 1023 560 affirmant,
1072 490 1214 561 quod
1253 489 1444 546 eadem
1492 497 1651 546 nocte
1685 490 1949 545 Dominus

367 605 465 663 per
494 588 788 662 Egyptum
840 584 1133 649 transierit,
1181 598 1304 638 cum
1351 581 1723 654 Egyptiorum
1754 579 1949 649 primo-

365 683 545 755 genita
597 689 787 739 cuncta
842 677 1334 749 percussit(Exod.
1364 690 1480 739 xm,
1532 674 1641 744 15).
1692 673 1952 729 Penteco-

366 787 468 843 ste,
500 772 966 846 quinquagesima,
995 770 1241 828 Grrecum
1284 778 1388 827 est.
1430 768 1597 838 Hujus
1625 767 1953 837 quinquage-

365 868 518 923 sima:
563 866 791 938 figuram
837 879 1013 919 annus
1048 862 1301 933 jubilmus
1342 860 1530 931 gessit,
1578 860 1775 929 quique
1810 870 1953 912 nunc

368 960 562 1013 iterum
624 956 818 1011 futura:
876 953 1310 1023 repromissionis
1384 959 1641 1006 aeternam
1709 948 1950 1018 requiem

368 1048 694 1120 prmiigurat.
726 1047 1081 1117 Scenopegia,
1131 1060 1252 1099 cum
1297 1042 1636 1098 tabernacula
1683 1056 1712 1095 a
1752 1040 1952 1097 Iudaeis

370 1141 627 1210 figuntur,
666 1138 735 1193 ob
765 1137 1081 1192 memoriam
1112 1133 1602 1190 tabernaculorum.
1629 1140 1781 1193 Σκηνῆ
1809 1130 1951 1185 enim

368 1233 558 1289 Graece
590 1229 993 1285 tabernaculum
1020 1229 1239 1283 dicitur.
1275 1227 1398 1282 Ilaec
1424 1226 1729 1281 ludreorum
1761 1222 1956 1277 solem-

370 1324 512 1379 nitas
542 1323 845 1394 Septembri
890 1336 1076 1377 mense
1119 1322 1443 1375 celebratur.
1493 1319 1767 1380 Encmnia,
1797 1332 1956 1371 novae

370 1415 741 1471 aedificationis
774 1412 1081 1469 observatio
1112 1412 1191 1466 Vel
1219 1410 1505 1465 dedicatio.
1538 1409 1708 1465 καινὸν
1727 1423 1955 1478 namque

371 1506 427 1561 in
459 1508 648 1561 Grteca
693 1505 872 1573 lingua
904 1517 1099 1557 novum
1132 1502 1415 1571 significat.
1453 1500 1597 1570 Ergo
1641 1499 1693 1553 in
1736 1499 1835 1552 hac
1863 1512 1953 1553 Sn-

272 1582 279 1585 ’
372 1596 644 1651 lemnitate
672 1593 843 1649 Judaei
893 1588 1115 1648 Octobri
1156 1606 1339 1645 mense
1386 1589 1741 1645 dedicationis
1770 1587 1955 1653 templi

368 1686 619 1740 colebant
641 1686 804 1739 diem.
839 1683 1161 1752 Epiphania,
1194 1682 1443 1737 Grzecum
1474 1690 1580 1744 est,
1618 1679 1758 1749 quod
1789 1678 1953 1750 signi-

2052 494 2217 548 menti
2262 494 2371 549 duo
2414 502 2540 548 sunt
2582 510 2804 565 genera,
2836 511 2999 551 unum
3043 498 3243 553 lineum
3288 508 3347 555 et
3382 501 3642 572 simplex,

2052 584 2196 653 quod
2223 584 2535 641 sacerdotes
2575 585 2873 653 habebant;
2908 588 3051 643 aliud
3096 590 3321 648 diversis
3364 595 3641 653 coloribus

2052 676 2120 732 de
2146 691 2296 743 auro,
2327 692 2587 747 purpura,
2630 685 2685 733 et
2729 678 2912 752 bysso,
2956 680 3268 752 hyacintho,
3300 687 3641 757 gemmisque

2054 777 2387 835 contextum,
2438 783 2548 839 quo
2591 771 2694 825 soli
2736 770 3019 840 pontifices
3049 775 3359 831 utebantur.
3388 776 3640 846 Poderis,

2054 860 2410 918 sacerdotalis
2440 861 2580 915 linea
2630 862 2846 931 corpori
2876 864 3089 933 penitus
3136 866 3381 935 astricta,
3409 867 3639 924 eadem-

2054 965 2158 1019 que
2188 952 2395 1013 talaris.
2435 952 2578 1006 unde
2620 961 2674 1007 et
2705 950 2924 1021 poderis
2950 953 3216 1022 appellata
3253 973 3267 1009 :
3302 956 3420 1011 lucc
3465 967 3523 1013 et
3551 974 3639 1013 su-

2054 1040 2246 1095 bucula
2289 1039 2508 1095 dicitur.
2545 1040 2768 1110 Logion,
2815 1042 2955 1110 quod
3002 1052 3058 1097 et
3103 1043 3387 1112 rationale,
3433 1060 3643 1115 pannus

2054 1134 2301 1202 exiguus,
2328 1148 2392 1188 ex
2432 1132 2684 1201 gemmis,
2727 1148 2859 1187 auro
2902 1133 3287 1207 coloribusque
3332 1138 3521 1207 variis,
3551 1140 3641 1210 qui

2056 1224 2483 1295 superltumerali
2508 1235 2698 1281 contra
2730 1239 2917 1297 pectus
2938 1230 3208 1300 pontificis
3230 1233 3641 1289 annectebatur.

2132 1316 2362 1381 Cidaris,
2390 1316 2563 1386 pilcus
2591 1318 2941 1373 sacerdotalis
2967 1336 3032 1374 ex
3075 1321 3257 1392 bysso.
3291 1324 3442 1379 Ilunc
3466 1324 3643 1381 Graeci

2055 1414 2111 1461 et
2138 1408 2303 1461 nostri
2335 1405 2548 1474 tiaram,
2588 1406 2805 1475 quidam
2836 1408 2995 1462 etiam
3045 1410 3256 1464 mitram
3292 1420 3511 1468 vocant.
3542 1413 3645 1470 Pe-

2057 1497 2246 1563 talum,
2285 1510 2449 1552 aurea
2479 1496 2678 1551 lamina
2730 1498 2784 1551 in
2829 1497 3008 1553 fronte
3047 1500 3333 1568 pontificis,
3363 1518 3488 1573 quae
3539 1504 3636 1559 Dei

2057 1606 2255 1647 nomen
2282 1590 2414 1646 illud
2444 1589 2718 1647 lneﬂahile
2763 1599 3270 1662 tetragrammaton,
3298 1605 3534 1665 quatuor
3557 1597 3645 1653 lit-

2057 1682 2186 1736 teris
2210 1681 2446 1737 ilebrzeis
2471 1681 2694 1751 gerebat
2714 1682 2998 1752 scriptum.
3029 1683 3249 1750 Penula,
3274 1685 3329 1739 in
3356 1687 3642 1755 Apostolo,

370 1776 490 1832 ficat
530 1775 819 1845 apparitio,
867 1774 952 1828 vel
983 1773 1224 1829 ostensio
1253 1789 1266 1827 :
1298 1772 1415 1827 sive
1457 1771 1598 1841 quod
1640 1770 1829 1825 eadem
1866 1768 1953 1823 die
1986 1773 2027 1833 Β
2058 1772 2303 1827 Latinum
2334 1780 2439 1828 est.
2477 1773 2568 1828 Est
2607 1782 2785 1827 autem
2818 1775 2973 1843 quasi
3004 1774 3216 1830 lacerna
3254 1775 3639 1833 descendenti-

373 1868 626 1923 Domiuus
657 1875 711 1921 et
738 1869 983 1922 Salwtor
1014 1874 1197 1920 noster
1228 1864 1280 1919 in
1312 1865 1579 1935 baptismo
1608 1877 1708 1917 suo
1739 1860 1947 1932 populis

372 1956 531 2013 fuerit
559 1966 841 2022 ostensus;
890 1956 1003 2010 sive
1033 1954 1175 2025 quod
1218 1953 1373 2009 stel'a
1415 1954 1626 2023 magis;
1659 1954 1774 2008 sive
1804 1949 1947 2021 quod

370 2048 545 2119 primo
574 2047 726 2117 signo
760 2047 969 2101 Domini
996 2061 1130 2116 aqua
1163 2046 1215 2100 in
1241 2047 1420 2099 vinum
1453 2060 1606 2099 versa
1640 2055 1768 2099 tunc
1788 2056 1949 2113 appa-

371 2142 559 2195 ruerit.
592 2137 909 2204 Neomcnia,
942 2138 1042 2193 hoc
1069 2147 1173 2203 cst,
1214 2136 1355 2206 quod
1384 2137 1521 2206 apud
1559 2150 1657 2191 nos
1684 2133 1948 2191 kalendze.

373 2234 478 2292 Sed
498 2234 616 2305 quia
648 2232 784 2303 apud
818 2233 1074 2287 llebrmos
1096 2229 1388 2286 secundum
1419 2231 1558 2284 lunae
1580 2242 1775 2284 cursus
1801 2242 1952 2282 men-

370 2340 459 2381 ses
503 2334 878 2396 suppntantur,
910 2333 961 2378 et
982 2328 1113 2396 μήνη
1142 2322 1330 2379 Graece
1359 2322 1485 2378 luna
1516 2323 1836 2392 appellatur,
1866 2320 1952 2376 id-

371 2417 515 2472 circo
546 2416 828 2471 neomenia
860 2431 994 2469 nova
1034 2415 1154 2469 luna
1186 2415 1355 2483 accipi
1395 2423 1591 2483 potest.
1629 2414 1950 2481 Parasceve,

368 2507 716 2577 prmparatio,
749 2506 995 2560 Graecum
1022 2512 1125 2559 est.
1152 2505 1449 2560 Parascevc
1473 2504 1616 2560 enim
1644 2513 1797 2559 sexta
1830 2503 1956 2558 sab-

373 2597 481 2653 bati
511 2597 835 2667 appellatur.
869 2595 1002 2650 ilinc
1041 2610 1170 2650 vero
1201 2595 1522 2665 praeparatio
1569 2592 1785 2659 dicitur,
1813 2591 1953 2663 quod

373 2703 400 2742 a
428 2686 628 2744 Iudaeis
655 2686 843 2743 eadem
873 2686 960 2742 die
990 2702 1110 2757 quae
1138 2687 1190 2741 in
1216 2686 1441 2743 sabbato
1467 2695 1589 2742 sunt
1630 2684 1953 2752 necessaria,

374 2788 768 2849 praeparentur.
799 2778 1115 2844 Sabbatum,
1157 2774 1393 2846 requies,
1422 2776 1705 2832 Hebraeum
1737 2784 1839 2831 est.
1872 2775 1957 2829 ld-

372 2872 521 2927 circo
550 2879 727 2926 autem
760 2869 994 2939 requies,
1027 2869 1169 2939 quod
1198 2869 1248 2922 in
1273 2867 1460 2922 eadem
1490 2865 1582 2924 die
1610 2866 1868 2921 Dominus
1890 2866 1957 2918 ab

371 2978 560 3034 opere,
590 2961 841 3033 perfectis
872 2961 1124 3016 omnibus
1151 2958 1522 3029 absolutisque
1558 2956 1844 3029 requievit.

982 3091 1205 3149 CAPUT
1246 3090 1339 3147 IX.

1026 3205 1099 3259 De
1124 3203 1300 3261 idolis.

443 3314 612 3383 Idola,
643 3314 950 3383 simulacra,
985 3313 1231 3370 Graecum
1263 3323 1367 3369 εει.
1420 3312 1773 3385 Beelphegor,
1811 3312 1953 3385 quod

370 3408 756 3478 interpretatur
801 3404 1149 3460 simulacrum
1210 3404 1562 3473 ignominiae,
1619 3404 1820 3459 idolum
1875 3413 1956 3458 est

372 3498 549 3554 Moab.
599 3497 752 3551 Ilunc
778 3495 953 3551 Latini
1000 3492 1252 3564 Priapum
1303 3494 1594 3564 appellant.
1635 3495 1782 3563 Beel,
1812 3494 1953 3563 quod

370 3590 776 3657 interpretatur,
798 3596 1062 3652 vetustas,
1087 3586 1290 3641 idolum
1320 3596 1405 3641 est
1428 3586 1803 3659 Babylonium.
1834 3586 1956 3641 Fuit

369 3694 499 3734 vero
529 3678 619 3734 b'c
665 3677 807 3733 idem
854 3677 1016 3733 Belus
1063 3686 1212 3746 pater
1262 3675 1383 3732 Nini
1416 3678 1556 3749 regis
1585 3676 1950 3750 Assyriorum.

370 3771 751 3837 Adramelech,
784 3771 985 3827 idolum
1017 3770 1385 3841 Assyriorum,
1408 3771 1549 3841 quod
1573 3771 1735 3825 etiam
1769 3772 1955 3825 Sama-

369 3866 487 3919 ritae
530 3862 832 3919 coluerunt.
881 3862 1159 3927 Astarten,
1208 3861 1350 3931 quod
1407 3861 1459 3916 in
1512 3860 1755 3915 Latinum
1799 3870 1955 3916 sonat

371 3959 573 4011 factura
600 3954 890 4026 superflua,
937 3956 1135 4009 idolum
1174 3953 1533 4024 Sydoniorum
1562 3952 1766 4009 dicunt.
1801 3954 1953 4009 Beel-

370 4047 548 4112 sebul,
581 4047 969 4116 interpretatur
999 4045 1078 4099 vir
1110 4059 1437 4111 muscarum,
1467 4044 1752 4114 Diabolus,
1797 4044 1955 4099 deor—
2008 4046 2018 4057 '

369 4152 487 4191 sum
507 4135 710 4202 ﬂuens;
737 4134 924 4191 Grazce
946 4150 1073 4190 vero
1102 4135 1415 4191 criminator
1438 4136 1653 4191 dicitur.
1685 4137 1872 4203 Satan,
1899 4137 1951 4191 in

372 4229 617 4282 Latinum
648 4235 805 4282 sonat
832 4226 1195 4293 adversarius,
1230 4228 1342 4283 sive
1371 4235 1759 4298 transgressor.
1790 4229 1953 4300 Syre-

371 4336 474 4385 naa,
502 4319 552 4374 in
589 4317 742 4387 Isaia,
776 4318 1072 4386 dmmones,
1102 4326 1192 4373 aut
1223 4320 1486 4375 draCOnes
1516 4320 1716 4389 magni,
1748 4322 1952 4376 cristati

370 4412 574 4481 pariter
598 4426 660 4465 ac
682 4409 949 4475 volantes,
991 4418 1049 4465 ut
1087 4425 1116 4465 a
1144 4410 1460 4480 quibusdam
1494 4420 1724 4481 putatur.

1978 3131 2025 3194 C

2051 1866 2149 1921 bus
2175 1867 2362 1921 clavis.
2392 1866 2642 1935 Baddim,
2676 1868 2727 1922 in
2758 1868 2998 1933 Daniele,
3031 1880 3208 1925 vestes
3237 1870 3417 1935 lim,
3442 1850 3643 1941 quibus

2050 1960 2342 2023 feminalia,
2374 1968 2431 2014 ut
2466 1960 2722 2029 arbitror,
2770 1961 3161 2033 significantur.
3209 1963 3465 2018 Badenim
3498 1962 3643 2032 apud

2052 2049 2306 2104 Iiebrxeos
2330 2049 2495 2104 linum
2525 2050 2722 2106 dicitur
2751 2069 2765 2105 :
2794 2052 2936 2107 unde
2980 2061 3034 2108 et
3075 2054 3126 2107 in
3155 2053 3476 2123 quihusdam
3506 2054 3643 2110 locis

2054 2141 2271 2211 legitur,
2305 2140 2491 2211 Ephod
2518 2141 2644 2206 bad,
2676 2142 2779 2197 hoc
2801 2150 2905 2207 est,
2938 2142 3112 2212 ephud
3134 2144 3369 2209 lineum;
3403 2158 3512 2199 non
3544 2160 3641 2199 au-

2053 2241 2160 2287 tem
2199 2230 2386 2301 Ephod
2425 2231 2617 2297 harud,
2660 2241 2719 2288 ut
2747 2232 2963 2302 quidam
3001 2242 3254 2303 corrupte
3288 2235 3496 2305 legunt.
3551 2234 3643 2289 Di-

2052 2322 2213 2393 plois,
2243 2322 2296 2377 in
2343 2322 2547 2393 Regum
2580 2321 2755 2390 libris,
2791 2338 3001 2393 sagum,
3032 2324 3117 2379 vel
3162 2324 3407 2391 chlamis,
3438 2324 3543 2381 ἀπὸ
3570 2328 3645 2381 τὸ

2052 2404 2262 2480 διπλόω,
2293 2415 2432 2485 quod
2468 2415 2769 2484 duplicetur
2802 2434 2816 2468 :
2848 2424 2902 2493 et
2948 2431 3109 2471 omne
3139 2415 3508 2471 indumentum
3534 2431 3644 2485 quo

2054 2505 2338 2575 dupliciter
2378 2504 2670 2574 ambimur,
2718 2505 2913 2576 diplois
2940 2506 3203 2575 appellari
3235 2516 3433 2576 potest.
3476 2506 3645 2560 Helo-

2056 2605 2147 2663 tae,
2198 2596 2251 2651 in
2296 2596 2500 2667 Regum
2549 2597 2709 2664 libro,
2754 2597 2908 2666 pellis
2947 2598 3197 2668 simplex,
3231 2613 3335 2669 qua
3391 2599 3642 2653 monachi

2055 2685 2294 2757 Egyptii
2332 2686 2493 2743 etiam
2526 2702 2670 2743 nunc
2700 2696 2945 2756 utuntur,
2987 2703 3054 2744 ex
3087 2704 3192 2744 uno
3220 2690 3396 2745 latere
3439 2690 3643 2759 depen-

2056 2778 2211 2833 dens.
2254 2778 2615 2845 Tlreristrum,
2659 2779 2714 2834 in
2751 2779 2970 2849 Genesi,
3021 2780 3161 2849 apud
3204 2781 3437 2847 Arabes,
3475 2795 3645 2851 genus

2057 2867 2202 2939 pallii
2249 2870 2546 2925 muliebris.
2598 2869 2975 2937 Periscelides,
3031 2871 3081 2925 in
3134 2871 3289 2941 lsaia,
3338 2882 3399 2927 ut
3427 2871 3648 2942 quidam

2058 2964 2264 3032 dicunt,
2293 2962 2432 3033 apud
2454 2960 2685 3019 feminas
2710 2978 2929 3020 crurum
2961 2971 3296 3021 ornamenta.

2664 3117 2891 3178 CAPUT
2942 3120 3038 3179 XI.

2488 3228 2563 3285 De
2590 3230 2765 3287 avibus
2796 3232 2876 3286 rel
2900 3232 3209 3288 volatilibus.

2129 3341 2430 3407 Palicanus,
2460 3341 2572 3395 avis
2618 3356 2801 3411 parva,
2848 3358 2967 3412 qua:
2996 3343 3285 3401 solitudine
3310 3344 3643 3402 delectatur.

2061 3431 2157 3488 Est
2180 3440 2235 3487 et
2262 3431 2402 3486 aliud
2434 3432 2797 3501 pelieanorum
2827 3448 3000 3503 genus
3022 3433 3076 3488 in
3106 3434 3247 3492 Nilo.
3282 3450 3425 3503 pene
3459 3438 3647 3507 cygnis

2057 3523 2253 3589 simile,
2281 3522 2384 3576 nisi
2413 3521 2555 3592 quod
2585 3522 2742 3591 paulo
2772 3523 3005 3591 majores
3047 3534 3189 3579 sunt.
3217 3524 3449 3592 Quidam
3483 3528 3556 3579 ita
3586 3533 3644 3580 et

2061 3614 2403 3669 onocrotalos
2434 3622 2647 3668 vocant.
2694 3612 3037 3685 Nycticorax,
3068 3625 3305 3680 noctua;
3358 3618 3511 3671 multi
3549 3617 3646 3671 hu-

2059 3704 2254 3760 bonem
2309 3718 2430 3760 esse
2475 3704 2827 3760 contendunt.
2880 3705 3017 3761 Sunt
3055 3708 3219 3762 etiam
3267 3708 3355 3777 qui
3395 3717 3648 3763 asserunt

2057 3814 2179 3855 esse
2226 3798 2555 3853 Orientalem
2596 3780 2773 3862 avem,
2818 3813 2939 3869 quae
2984 3811 3272 3854 nocturnus
3313 3814 3510 3855 corvus
3552 3814 3649 3868 ap-

2057 3890 2305 3962 pelletur.
2340 3888 2467 3959 Ibis,
2501 3891 2555 3943 in
2587 3889 2971 3955 Pentateucbo,
3001 3891 3116 3945 avis
3162 3890 3413 3962 Egyptia
3460 3892 3647 3947 obsce-

2058 3983 2228 4039 nitate
2253 3981 2364 4038 oris
2396 3980 2688 4047 immunda,
2732 3995 2839 4049 quo
2864 3983 3040 4036 alvum
3075 3997 3305 4052 purgare
3334 3985 3640 4037 consuevit.

2057 4072 2346 4140 iierodius,
2379 4074 2431 4127 in
2461 4073 2668 4142 psalmo
2699 4070 2820 4143 (Ps.
2864 4087 2980 4138 cur,
3012 4072 3129 4142 I7),
3156 4072 3319 4127 ardea
3362 4088 3392 4127 a
3422 4074 3645 4142 quihus-

2056 4166 2179 4221 dam
2222 4171 2459 4235 putatur.
2506 4163 2696 4229 Larus,
2729 4163 2783 4218 in
2833 4163 3198 4220 Pentateucho
3240 4163 3382 4235 (Leu.
3428 4180 3503 4230 st,
3540 4163 3641 4231 16;

2058 4254 2214 4312 Deut.
2245 4269 2355 4323 xtv,
2389 4253 2499 4326 15),
2533 4255 2741 4323 gaviam
2773 4254 3060 4323 significat.

2125 4344 2461 4416 Canomyia,
2496 4358 2603 4399 non
2636 4358 2818 4398 musca
2848 4344 3059 4407 canina,
3102 4353 3158 4397 ut
3179 4344 3395 4413 quidam
3426 4352 3643 4416 putant,

2059 4440 2112 4493 in
2145 4438 2352 4509 psalmo
2382 4437 2501 4510 (Ps.
2532 4452 2738 4503 uxvtt,
2769 4439 2901 4506 etv),
2931 4437 3237 4508 accipienda
3265 4448 3370 4508 est,
3398 4424 3500 4493 sed
3527 4456 3644 4492 mu-

445 4501 718 4601 UlulaeLin
754 4501 909 4570 Isaia,
939 4502 1006 4557 ab
1033 4504 1176 4556 omni
1209 4503 1559 4558 translatione
1590 4504 1806 4560 nomine
1838 4504 1954 4573 ipso
1986 4508 2033 4569 ι)
2057 4501 2486 4586 δοίιόηιηίηιλκη
2519 4546 2531 4582 ε
2559 4537 2614 4584 ει
2640 4501 2761 4584 ideo
2794 4501 2898 4583 ησή
2932 4501 3087 4601 per},
3118 4501 3640 4590 amcam'lmenm.

371 4593 598 4649 liebrzno
625 4592 721 4647 Iim
754 4594 1114 4665 appellantur.
1159 4594 1509 4663 Septuaginta
1552 4603 1757 4648 tantum
1790 4596 1956 4651 inter-

369 4694 550 4755 pretes
577 4700 678 4755 pro
707 4684 791 4740 his
836 4696 1237 4741 onocentauros
1283 4686 1333 4739 iu
1367 4686 1722 4742 translatione
1760 4703 1955 4758 posue-

368 4785 516 4832 runt.
548 4775 685 4830 Sunt
714 4776 803 4846 qui
833 4775 1007 4830 ululas
1030 4784 1219 4845 putent
1247 4790 1373 4832 aves
1395 4790 1517 4832 esse
1548 4786 1859 4847 nocturnas,
1885 4779 1955 4836 ab

369 4870 575 4925 ululatu
603 4871 753 4924 vocis
799 4884 957 4939 quem
999 4868 1249 4932 efferunt,
1295 4883 1430 4940 quas
1472 4870 1634 4939 vulgo
1681 4884 1952 4925 cavannos

366 4966 573 5020 dicunt.
607 4962 816 5032 Lamia,
848 4976 1020 5032 genus
1050 4960 1297 5027 monstri,
1333 4969 1389 5016 ut
1418 4962 1633 5032 quidam
1655 4963 1947 5017 affirmant.

370 5059 555 5125 Pilosi,
608 5057 662 5113 in
707 5056 862 5121 Isaia,
916 5068 1115 5127 genera
1159 5054 1484 5109 daemonum.
1545 5055 1654 5110 llos
1707 5054 1953 5111 nonnulli

368 5151 532 5205 etiam
586 5146 1019 5204 doctissimorum
1074 5144 1392 5211 incuboncs,
1451 5146 1537 5202 vel
1582 5156 1816 5219 satyros,
1860 5156 1955 5203 aut

368 5238 632 5313 quosdam
664 5238 941 5295 silvestres
972 5236 1220 5292 homines
1254 5246 1593 5305 putaverunt.

977 5394 1207 5454 CAPUT
1245 5396 1317 5452 Χ.

977 5509 1056 5567 De
1093 5510 1338 5567 vestibus.

440 5622 651 5695 Ephod,
680 5625 843 5681 vestis
865 5623 1234 5692 sacerdotalis,
1268 5637 1388 5695 qua:
1409 5598 1946 5693 superindumeutum

369 5716 452 5777 Vel
487 5718 929 5788 superhumerale
972 5717 1292 5789 appellatur.
1347 5717 1441 5772 Est
1485 5725 1663 5771 autem
1710 5715 1855 5771 velut
1893 5717 1943 5770 iu

2059 4621 2152 4677 sed
2186 4636 2282 4691 per
2306 4619 2639 4691 dipbtongon
2682 4638 2727 4675 ae
2757 4621 2918 4677 scribi
2961 4621 3123 4678 debet
3152 4622 3332 4695 (Deut.
3378 4637 3492 4686 xiv,
3525 4619 3639 4690 l5).

2055 4713 2333 4786 Ciniphes,
2362 4714 2595 4770 culicum
2626 4729 2792 4785 genus
2820 4723 2901 4770 est
2929 4715 3131 4769 aculeis
3160 4713 3567 4784 permolestum.

2648 4845 2875 4901 CAPUT
2924 4844 3037 4900 XII.

2499 4955 2576 5012 De
2602 4956 2773 5012 bestiis
2801 4956 2880 5011 vel
2908 4956 3197 5026 reptilibus.

2126 5071 2492 5137 Rhinoceron,
2525 5069 2636 5127 fera
2666 5068 2947 5135 terribilis,
2971 5069 3185 5138 gemina
3211 5066 3265 5122 in
3302 5066 3529 5122 naribus
3553 5080 3643 5138 ge.

2052 5172 2204 5220 stans
2232 5178 2452 5218 Cornua.
2484 5161 2827 5225 Monoceron,
2874 5160 2926 5215 in
2958 5159 3187 5230 psalmo,
3219 5159 3499 5213 uuicornis
3544 5172 3642 5227 ap-

2054 5254 2307 5326 pellatur.
2350 5253 2739 5324 Tragelaphus,
2791 5252 2844 5305 in
2874 5250 3171 5306 Deuteron.
3218 5250 3547 5317 platoceros,
3587 5247 3644 5303 id

2056 5355 2161 5411 est,
2202 5343 2462 5399 cornibus
2493 5342 2635 5397 latis.
2690 5341 2944 5408 Erinacii,
2983 5340 3279 5411 cltirogrilli
3329 5355 3644 5411 nuncupan-

2057 5445 2162 5502 tur,
2215 5451 2381 5507 prope
2427 5434 2797 5507 magnitudine
2849 5434 3200 5490 mediocrium
3238 5434 3644 5499 cuniculorum,

2054 5530 2121 5585 de
2176 5527 2423 5586 cavernis
2488 5540 2757 5599 petrarum
2815 5530 3171 5600 procedentes
3223 5529 3531 5599 gregatim;
3588 5528 3646 5586 in

2053 5637 2241 5678 eremo
2272 5638 2390 5691 quae
2412 5629 2497 5677 est
2531 5630 2723 5677 contra
2755 5636 2902 5675 mare
2930 5621 3221 5687 Mortuum,
3249 5622 3642 5691 depascuntur.

2054 5714 2273 5805 "ericii,
2316 5714 2406 5785 qui
2454 5723 2507 5769 et
2549 5713 2727 5770 echini
2759 5714 3031 5780 dicuntur,
3081 5716 3151 5770 ita
3194 5718 3424 5782 spinosa
3453 5714 3643 5771 defen-
