3932 6170
307 293 407 349 821

1310 289 1542 347 PASSIO
1582 290 1641 347 S.
1683 288 1994 345 blAURlCll
2034 288 2119 344 ΕΤ
2160 286 2506 345 ευωοιιυιι
2547 286 2731 345 ειυς.

3479 294 3586 350 822

302 406 506 458 ιΙιιιιιιιι·
558 402 808 473 tegmine,
856 409 911 455 ιιι
959 416 1058 457 nee
1106 401 1341 471 contingi
1390 401 1607 456 auidem
1649 410 1881 470 possunt.
1914 405 1961 466 Α
1987 415 2016 455 a
2038 399 2357 469 spectando,
2390 398 2440 454 id
2464 408 2547 454 est
2572 398 2754 454 omnia
2788 398 3193 471 prospiciendo.
3227 403 3581 475 llomousion,

306 496 576 563 Bruchus,
621 496 671 547 in
712 494 917 564 psalmo
945 493 1063 565 (Ps.
1098 507 1299 558 Lxxvu,
1339 495 1473 560 Civ),
1518 494 1744 549 locusta:
1775 508 1893 564 qua:

303 586 547 641 nendum
581 584 785 651 volant,
815 599 975 654 quam
1004 584 1168 653 vulgo
1200 584 1379 638 olbam
1402 595 1617 639 vocant.

910 694 1134 751 CAPUT
1163 695 1301 751 Xlll.

893 786 970 840 De
996 786 1325 855 ponderibus.

375 904 685 969 Talentum,
718 912 801 958 est
828 901 1006 972 pondo
1028 916 1160 967 uti,
1184 900 1327 971 quod
1354 899 1555 955 iaciunt
1578 917 1719 957 uxx
1742 901 1896 958 libra:

303 996 521 1053 Atticm.
558 994 723 1064 Mina,
764 1003 848 1049 est
879 993 1014 1047 libra
1041 1008 1167 1059 una,
1198 1001 1254 1048 et
1280 993 1578 1048 semuncia.
1607 992 1894 1062 Talentum

305 1088 475 1145 habet
504 1087 678 1142 minas
709 1101 798 1142 ιι.
844 1085 967 1141 bina
996 1083 1201 1150 Gnrce,
1253 1084 1444 1139 Latine
1490 1083 1634 1138 mina
1675 1083 1894 1139 dicitur.

308 1177 572 1233 Dnchma
588 1175 1008 1244 habetscrupula
1027 1173 1397 1247 [ALscripula]
1411 1173 1535 1229 tria.
1551 1173 1893 1239 Didracbma,

302 1268 587 1325 drachma:
630 1268 751 1324 dua:
790 1277 937 1323 sunt.
983 1265 1133 1324 Unde
1163 1267 1333 1323 miror
1365 1265 1638 1336 quomodo
1668 1268 1722 1321 in
1754 1266 1894 1322 libro

306 1359 691 1414 ilebraicarum
704 1356 1070 1424 Quaestionum
1085 1357 1361 1425 semuncia
1381 1357 1669 1412 scribatur.
1692 1357 1892 1424 Stater,

304 1463 391 1506 est
422 1463 679 1504 nummus
708 1448 914 1503 habens
958 1447 1040 1519 (ut
1080 1446 1299 1517 quidam
1345 1446 1640 1519 afﬁrmant)
1683 1448 1893 1503 unciam

306 1557 505 1607 unam;
547 1543 609 1596 id
651 1549 756 1609 est,
805 1553 1002 1596 aureos
1044 1554 1174 1606 sex;
1224 1548 1283 1595 ιιι
1310 1539 1399 1595 alii
1428 1547 1641 1609 putant,
1674 1552 1804 1595 tres.
1835 1539 1891 1595 in

308 1632 603 1703 Evangelio
623 1631 769 1686 enim
797 1645 896 1699 pro
923 1629 1133 1686 duobus
1155 1630 1486 1686 didracbmis
1514 1639 1685 1687 stater
1710 1631 1891 1687 datur.

307 1725 473 1791 Sicel,
505 1724 596 1794 qui
618 1722 673 1779 lu
726 1723 916 1778 Latina
946 1723 1131 1793 lingua
1168 1732 1422 1792 corrupte
1459 1723 1627 1779 siclus
1670 1723 1886 1791 dicitur,

307 1825 368 1869 ut
397 1815 450 1869 in
489 1814 893 1881 Qumstionibus
939 1814 1326 1885 suprascriptis
1372 1815 1677 1883 indicatur,
1719 1816 1891 1871 unciae

307 1903 521 1973 pondus
561 1903 742 1971 habet,
798 1908 855 1959 ut
898 1904 1028 1960 alibi
1071 1904 1335 1973 scriptum
1381 1906 1588 1975 reperi,
1638 1906 1889 1975 scrupula

307 1990 437 2064 [ΑΙ.
488 1990 757 2065 scripula]
783 1992 1006 2047 decem:
1038 1994 1181 2062 quod
1212 2002 1268 2048 et
1311 1994 1430 2062 ipse
1467 1994 1721 2051 arbitror.
1756 1993 1888 2048 Nam

306 2083 475 2140 siclus
495 2084 635 2154 ipse,
657 2084 744 2140 vel
772 2085 923 2152 sicel,
950 2085 1017 2141 de
1034 2087 1435 2156 prepinquitate
1461 2087 1717 2157 ponderis
1737 2088 1888 2158 quasi

305 2176 551 2232 sicilicus
596 2183 774 2232 sonat.
821 2176 1025 2233 Obolus
1070 2187 1155 2231 est
1198 2178 1509 2246 scrupulum
1566 2177 1885 2244 dimidium,

305 2269 452 2337 quod
479 2267 607 2323 facit
630 2268 852 2339 siliquas
894 2277 1035 2330 tres;
1067 2267 1121 2324 in
1153 2269 1458 2326 Ezechiele.
1503 2270 1678 2327 Siclus
1706 2280 1887 2328 autem

310 2372 379 2411 xx
409 2356 599 2413 obolos
623 2358 808 2414 habet.

894 2426 1123 2484 CAPUT
1153 2427 1291 2484 XIV.

904 2515 979 2571 De
1016 2519 1287 2573 mensuris.

375 2627 569 2693 Corus,
619 2636 701 2683 est
752 2627 917 2683 modii
954 2644 1084 2683 xxx.
1134 2631 1322 2697 Batus,
1375 2633 1636 2701 amphora
1667 2649 1804 2701 una;
1835 2634 1887 2690 id

306 2730 392 2773 est
425 2719 591 2775 modii
616 2729 747 2775 tres.
797 2719 998 2788 Cadus,
1042 2720 1227 2777 Grates
1274 2723 1531 2793 amphora
1577 2734 1682 2796 est,
1726 2727 1888 2784 habet

308 2824 476 2864 urnas
503 2820 628 2865 tres.
664 2809 827 2880 Eplti,
854 2812 968 2865 sive
996 2810 1161 2880 opha,
1190 2813 1354 2868 modii
1385 2823 1516 2870 tres.
1551 2815 1693 2886 pri
1740 2817 1884 2873 idem

307 2915 578 2955 mensura:
633 2900 793 2957 habet
834 2902 886 2956 in
938 2903 1129 2971 aridis,
1169 2905 1309 2973 quod
1357 2907 1412 2961 in
1465 2907 1679 2977 liquidis
1704 2910 1883 2966 battis.

308 2991 529 3048 Metreta
559 3008 687 3060 una,
716 3003 773 3049 ut
801 2994 1018 3063 quidam
1050 2995 1258 3065 dicunt,
1292 2999 1453 3055 habet
1475 3001 1735 3057 sextariOs
1757 3018 1887 3058 cen-

308 3090 445 3137 tum.
476 3083 719 3147 Mensura
741 3094 916 3140 autem
938 3086 1125 3142 Grtnce
1150 3090 1331 3167 μέτρον
1350 3090 1569 3161 dicitur,
1601 3093 1744 3149 unde
1775 3110 1886 3150 mc-

2000 491 2156 543 uuius
2182 490 2516 553 substantia}.
2553 490 2958 558 llomumusion,
3005 492 3201 548 similis
3248 495 3583 551 substantiae.

1995 580 2261 647 tiliristus,
2288 590 2503 636 unctus.
2538 578 2871 647 Paraelctus,
2906 584 3237 653 consolator,
3276 587 3393 642 sive
3422 588 3588 643 adm-

1997 682 2167 729 catus.
2198 673 2420 745 llagios,
2452 684 2696 730 sanctus.
2731 675 2989 745 Angelus,
3026 679 3268 733 nuntius.
3310 680 3560 735 Thronus

1997 764 2156 821 sedes
2205 766 2289 821 vel
2330 767 2551 822 solium.
2602 768 2917 837 ApOa‘lUIUS,
2965 770 3187 837 missus,
3222 771 3344 826 ideo
3386 775 3528 842 quod
3556 790 3585 827 .t

1998 856 2229 912 Domino
2251 856 2320 913 ad
2358 858 2841 928 evangelizandum
2890 861 3039 915 missi
3090 871 3234 917 sunt.
3287 864 3582 934 PrOplieta,

1997 949 2306 1018 pracdictor.
2339 950 2630 1021 Martyres,
2663 960 2852 1010 testes.
2882 953 3205 1024 Episcopus,
3235 956 3585 1027 superinspe-

1996 1050 2156 1108 ctor;
2187 1052 2242 1097 et
2266 1043 2390 1099 ideo
2420 1044 2687 1115 pmpheta
2733 1045 2852 1100 ait:
2883 1045 3291 1117 Speculatorcm
3340 1059 3391 1106 te
3432 1054 3585 1120 posui

1996 1130 2189 1187 domus
2212 1131 2398 1189 lsrael.
2424 1134 2737 1207 Presbyter,
2772 1138 2977 1193 senior.
3012 1138 3299 1208 Diaconos,
3320 1142 3584 1199 minister.

1996 1223 2207 1290 Clerus,
2235 1239 2378 1281 sors.
2426 1225 2698 1292 Ecclesia,
2726 1228 2937 1282 vocatio
2967 1229 3049 1284 vel
3081 1230 3351 1286 collectio.
3379 1230 3583 1287 Catho-

1996 1313 2120 1382 lica,
2145 1315 2488 1382 universalis,
2508 1318 2609 1374 ἀπὸ
2632 1324 2723 1375 τοῦ
2747 1316 3159 1391 καθ’ὅλον,ίιιιοά
3176 1332 3259 1378 εει
3284 1323 3583 1379 secundum

1996 1414 2190 1462 totum.

2064 1497 2365 1570 Synagoga,
2393 1511 2721 1570 conventus,
2754 1503 2839 1560 vel
2868 1507 3239 1576 congregatio.
3294 1508 3581 1574 Etliuicus,

1991 1592 2227 1662 gentilis.
2256 1593 2566 1664 llypocrita,
2591 1594 2900 1653 simulator.
2952 1598 3189 1655 litt-rosis
3213 1640 3228 1665 ,
3257 1612 3424 1656 secta.
3470 1602 3585 1657 Mo-

1995 1687 2222 1751 nachus,
2277 1688 2572 1743 solitarius.
2632 1690 2880 1759 Eremus,
2937 1692 3235 1751 desertum.
3294 1694 3579 1762 Partecia,

1925 1790 1963 1848 Β
1993 1776 2243 1847 adiacens
2271 1778 2483 1845 domus,
2515 1781 2722 1836 scilicet
2752 1781 2868 1837 Dei.
2903 1782 3194 1851 Dimccsis,
3228 1786 3578 1855 gubernatio:

1994 1876 2047 1923 et
2078 1868 2178 1925 hoc
2224 1884 2331 1924 non
2383 1872 2681 1926 secundum
2729 1873 3114 1943 proprietatem
3165 1882 3218 1930 et
3260 1884 3579 1946 potestatem

1992 1962 2162 2030 verbi,
2183 1962 2276 2018 sed
2290 1964 2588 2018 secundum
2604 1964 2875 2021 eli'ectum.
2904 1966 3115 2034 Laicus,
3141 1970 3452 2037 popularis;
3477 1973 3581 2027 ἀπὸ

1990 2059 2081 2108 τοῦ
2111 2053 2250 2119 λαοῦ,
2296 2054 2398 2110 hoc
2420 2062 2524 2121 est,
2556 2070 2586 2109 a
2631 2057 2852 2125 pepulo.
2893 2055 3347 2128 Catccbumenus,
3385 2062 3583 2118 instru-

1992 2153 2136 2212 ctus,
2184 2145 2297 2201 sive
2342 2147 2590 2203 audietis.
2633 2148 2975 2222 Neopliytus,
3018 2152 3237 2208 novella
3292 2154 3578 2223 plantatio.

1992 2234 2397 2304 Baptisterium,
2427 2238 2759 2294 tinctorium.
2791 2241 3206 2309 llolocaustum,
3239 2254 3411 2301 totum
3436 2260 3582 2301 com-

1992 2324 2238 2392 bustum;
2271 2327 2416 2394 ideo,
2462 2328 2584 2397 quia
2624 2332 2833 2402 integra
2880 2333 3051 2388 hostia
3086 2336 3194 2405 igni
3227 2336 3421 2391 tradita
3450 2352 3583 2393 con-

1990 2418 2330 2475 sumebatur.
2360 2420 2641 2490 Chrisma,
2698 2425 2899 2480 unctio.
2950 2426 3333 2497 Eucharistia,
3382 2431 3579 2499 gratia.

1989 2511 2326 2582 Symbolum,
2372 2515 2616 2584 collatio,
2666 2524 2758 2569 aut
2812 2525 3048 2585 pactum,
3076 2519 3164 2575 vel
3195 2521 3579 2590 complacitum

1987 2602 2131 2671 quod
2152 2603 2227 2658 sit
2248 2604 2451 2660 homini
2476 2620 2597 2660 cum
2624 2606 2755 2661 Deo.
2774 2607 3037 2679 llymnus,
3057 2624 3272 2666 carmen
3296 2612 3348 2666 in
3367 2613 3581 2668 laudent

1990 2690 2109 2767 Dei.
2138 2693 2473 2765 Autipbona,
2505 2711 2605 2751 vox
2636 2698 2933 2769 reciproca.
2962 2699 3394 2770 Pentateuchus,
3424 2705 3583 2775 quin-

1988 2799 2096 2856 que
2128 2787 2435 2855 volumina;
2464 2788 2517 2843 id
2545 2798 2648 2854 est,
2701 2791 2868 2860 Moysi
2899 2790 3022 2847 libri
3061 2794 3331 2864 quinque:
3365 2795 3434 2852 de
3463 2798 3583 2867 qui-

1988 2876 2092 2933 bus
2112 2878 2246 2935 dicit
2274 2881 2568 2950 Apostolus
2589 2883 2827 2953 quinque
2850 2884 3028 2939 verbis
3058 2886 3197 2943 velle
3216 2902 3278 2944 se
3307 2888 3359 2943 iu
3392 2889 3579 2946 Eccle-

1987 2968 2068 3021 sia
2109 2969 2275 3039 loqui.
2301 2971 2538 3039 Exodus,
2573 2973 2780 3041 exitus,
2806 2976 2889 3030 vel
2929 2990 3205 3045 egressus,
3244 2980 3454 3038 scilicet
3483 2996 3581 3052 pos

1991 3058 2100 3125 puli
2128 3058 2312 3115 Israel.
2342 3061 2850 3129 Deuteronomium,
2902 3066 3141 3121 secunda
3195 3068 3317 3135 lex;
3360 3070 3416 3125 in
3463 3087 3575 3141 quo

308 3179 447 3227 treta
496 3173 813 3243 appellatur.
869 3153 1171 3231 Notandum
1223 3153 1372 3250 vero,
1430 3153 1572 3253 quod
1626 3198 1881 3241 mensura
1912 3154 2072 3217 δεδι
2105 3153 2433 3253 “angelica:
2478 3153 3042 3253 Egisnpmﬁgumii?’
3099 3161 3571 3253 Paraliponwnon'

306 3261 602 3318 Hebraeum
625 3279 829 3321 nomen
858 3275 963 3335 est,
993 3267 1211 3325 Artabm
1243 3272 1293 3326 in
1322 3273 1479 3339 Isaia,
1508 3274 1884 3347 Egyptiorum

305 3368 603 3421 mensura,
652 3372 774 3427 quae
821 3366 930 3414 tres
974 3358 1173 3415 faciunt
1210 3364 1419 3420 modios
1458 3382 1514 3422 x.
1563 3366 1692 3425 Sata
1740 3369 1884 3427 idem

300 3455 434 3502 sunt
461 3446 600 3517 quod
643 3447 788 3518 epbi,
821 3450 874 3505 id
912 3462 994 3506 est
1022 3454 1187 3509 modii
1219 3465 1350 3512 tres.
1381 3458 1587 3516 Gomor
1629 3478 1881 3520 mensura

304 3544 391 3590 est
418 3537 613 3604 Attica,
659 3540 863 3596 habens
892 3541 973 3613 (ut
1002 3544 1220 3613 quidam
1250 3549 1563 3622 opinantur)
1607 3555 1882 3612 climnires

304 3636 438 3693 tres,
493 3627 546 3683 id
586 3638 671 3685 est
714 3632 979 3687 sextarios
1009 3650 1104 3689 xu.
1153 3635 1256 3691 Alii
1289 3654 1480 3707 gomor
1509 3643 1693 3699 dicunt
1723 3649 1880 3714 paulo

300 3718 485 3773 minus
511 3734 540 3772 a
570 3722 828 3777 sextariis
855 3726 1127 3795 quinque:
1157 3729 1298 3797 quod
1334 3733 1494 3784 etiam
1521 3733 1633 3801 ipse
1659 3749 1876 3805 sequor,

300 3822 371 3863 eo
403 3809 546 3877 quod
590 3826 780 3880 gomor
810 3814 880 3868 sit
910 3816 1117 3871 decima
1148 3834 1270 3888 pars
1298 3822 1444 3890 eplii.
1471 3823 1640 3880 Nebel
1664 3827 1878 3897 quidam

297 3899 503 3955 Putant
528 3902 738 3958 modios
773 3914 904 3961 tres.
947 3908 1223 3967 Sextarius
1248 3922 1333 3968 est
1376 3914 1656 3972 dimidium
1687 3920 1878 3989 cotyla:

298 3988 357 4042 in
392 3989 580 4059 liquidi
611 3995 814 4062 specie.
846 3994 1054 4066 Cotyla,
1099 3998 1313 4056 hemina
1342 4013 1445 4059 est.
1489 4006 1544 4060 lu
1571 3988 1874 4078 Ezechiele,

296 4080 523 4150 Decem,
554 4085 747 4155 inquit,
777 4089 969 4160 cotyla:
993 4101 1116 4145 sunt
1139 4107 1347 4163 gomor.
1833 4084 1837 4087 λ

901 4204 1128 4262 CAPUT
1151 4203 1267 4263 XV.

772 4311 851 4369 De
882 4314 1073 4373 Graecis
1100 4321 1406 4377 nominibus.

367 4397 571 4470 Accipe
592 4417 737 4458 nunc
774 4416 1095 4463 caeterorum
1125 4412 1404 4467 nominum
1433 4415 1875 4487 signiﬁcationes.

1989 3243 2414 3314 prazmissorum,
2438 3245 2525 3300 vel
2551 3247 2881 3317 reliquorum
2908 3264 2923 3315 ;
2957 3249 3008 3304 id
3033 3260 3137 3315 est,
3163 3252 3303 3322 quod
3333 3253 3576 3310 historia:

1985 3332 2119 3389 inibi
2157 3337 2554 3404 contineantur,
2589 3355 2712 3409 qua:
2743 3341 2795 3396 in
2829 3342 3034 3413 Regum
3062 3344 3212 3401 libris
3244 3349 3576 3416 praetermis-

1981 3440 2061 3481 sae
2085 3436 2231 3483 sunt.
2264 3429 2640 3501 Evangelium,
2668 3434 2817 3490 bona
2844 3436 3199 3503 atinuntiatio,
3235 3438 3353 3494 sive
3375 3440 3573 3495 bonum

1984 3518 2256 3573 nuntium.
2313 3522 2698 3593 Apocalypsis,
2746 3526 3032 3581 revelatio.
3088 3527 3569 3599 Gazophylacium,

1982 3607 2290 3664 divitiarum
2320 3612 2597 3679 custodia,
2628 3616 2985 3683 compositum
3019 3616 3087 3671 de
3132 3617 3306 3687 lingua
3352 3620 3571 3676 Persica

1982 3707 2036 3753 et
2056 3699 2266 3754 Graeca.
2308 3700 2584 3771 Synodus,
2630 3705 2869 3773 comitia,
2900 3707 2982 3762 vel
3013 3716 3212 3762 emtas.
3243 3710 3448 3779 Canon,
3486 3729 3572 3767 re-

1979 3781 2123 3861 gula.
2150 3792 2421 3861 Teuchos,
2451 3796 2723 3850 volumen.
2760 3799 3104 3870 Apocryplia,
3148 3804 3449 3871 recondita,
3481 3808 3567 3861 vel

1980 3883 2211 3940 occulta.
2240 3883 2501 3952 Hexapla,
2546 3889 2892 3958 sexcuplicia.
2928 3891 3214 3962 Apologia,
3247 3899 3563 3951 excusatio:

1980 3972 2123 4029 unde
2146 3975 2512 4045 apologeticus
2552 3978 2887 4049 appellatur:
2918 3983 3004 4038 vel
3053 3983 3194 4039 sicut
3236 3986 3564 4056 quibusdam

1969 4065 2212 4162 )videtur,
2245 4070 2516 4137 purgatio,
2549 4085 2646 4126 seu
2676 4071 2937 4129 defensio.
2987 4077 3273 4147 Anagoge,
3317 4082 3567 4150 superior

1979 4159 2205 4212 'sensus.
2225 4159 2547 4232 Tropologia
2567 4202 2581 4227 ,
2615 4163 2839 4220 moralis
2867 4166 3241 4236 intelligentia.
3272 4169 3559 4238 Parabola,

1979 4248 2292 4305 similitudo.
2318 4249 2799 4322 Anacephaleosis,
2823 4257 3220 4324 recapitulatio.

2051 4340 2224 4396 Habes
2249 4344 2575 4413 opusculum,
2608 4344 2688 4412 ﬁli
2719 4347 2790 4400 mi
2828 4346 3146 4416 citarissime,
3181 4353 3234 4405 in
3265 4369 3417 4408 omne
3456 4355 3567 4424 fere

1980 4430 2369 4503 Scripturarum
2385 4449 2571 4505 corpus
2588 4437 2738 4503 quasi
2763 4437 3025 4507 quoddam
3038 4439 3394 4511 intelligentia:
3412 4446 3567 4499 semi-

289 4507 419 4561 quae
464 4493 724 4551 Ecclesia:
773 4514 867 4554 ore
898 4502 1169 4558 celebrata
1202 4503 1255 4559 in
1288 4520 1594 4564 sermonem
1635 4526 1873 4568 noStrtttIt
1905 4517 1952 4577 D
1980 4493 2205 4587 narium,
2232 4538 2335 4591 quo
2360 4523 2412 4575 in
2441 4523 2639 4578 duobus
2661 4526 3003 4582 voluminibus
3024 4545 3128 4585 non
3152 4546 3360 4601 parum,
3392 4544 3447 4587 ut
3477 4552 3567 4589 ar-

288 4595 685 4640 convertuntur
713 4605 777 4641 ex
799 4588 1008 4659 Graeco,
1039 4593 1236 4663 Theos,
1264 4596 1427 4652 Deus.
1454 4599 1631 4656 Tbeos
1663 4615 1869 4673 autem,

289 4682 351 4727 ut
381 4679 735 4742 quorumdam
763 4683 945 4751 opinio
972 4684 1153 4752 habet,
1184 4690 1285 4744 ἀπὸ
1305 4697 1395 4745 τοῦ
1424 4693 1651 4766 θεάομαι,
1685 4697 1735 4751 id
1768 4708 1871 4767 est,

1975 4610 2156 4677 bitror,
2181 4614 2528 4669 instructionis
2556 4617 2628 4671 ad
2670 4618 2985 4675 edocendum
3014 4629 3084 4685 te,
3128 4638 3194 4678 ea:
3226 4624 3377 4679 rebus
3407 4628 3564 4681 variis

1984 4705 2381 4774 necessariisque
2417 4709 2670 4780 congessi.

292 4813 3547 4867 -ῊἫ

1227 4948 1855 5053 RUINARTII
1927 4959 2608 5047 ADMONITIO

778 5094 845 5147 IN
880 5097 1227 5152 PASSIONEM
1259 5102 1639 5159 SANCTORUM
1672 5110 1958 5163 MAURICII
1988 5112 2071 5164 ET
2103 5112 2424 5168 SOCIORUH
2456 5117 2630 5183 EJUS,
2664 5119 3038 5171 MARTYHUM.

365 5213 813 5293 l.__.lam_priden_i
840 5234 869 5273 a
896 5219 1187 5293 Laurentio
1214 5224 1393 5293 Surio,
1422 5230 1524 5285 sub
1551 5233 1725 5288 sancti
1765 5233 1874 5290 Eu-

283 5285 465 5364 cherii
506 5286 744 5357 episcopi
788 5288 1159 5364 Lugdunensis
1207 5285 1456 5364 nomine,
1488 5285 1877 5359 editaiu—emnt

283 5357 426 5437 Acta
454 5364 763 5443 sanctorum
794 5357 1035 5415 Mauricii
1065 5371 1119 5418 et
1142 5357 1593 5443 sociorumejus;
1621 5373 1716 5443 sed
1749 5357 1874 5443 quae

285 5426 586 5503 i_t_a_parum
618 5428 717 5503 sibi
743 5440 1075 5500 constarent,
1109 5444 1165 5487 ut
1184 5436 1306 5503 jure
1334 5426 1527 5495 me'riio
1549 5426 1733 5498 a'viris
1754 5426 1877 5501 énil

281 5494 418 5550 ditis
448 5498 585 5585 inter
617 5494 1207 5585 falsa-ethsupposititia
1231 5494 1577 5585 haberentur.
1616 5494 1873 5585 ιέεῖαἲὶό-

282 5580 395 5628 que
438 5566 580 5647 apud
615 5566 984 5647 Mombritium
1004 5614 1018 5639 ,
1052 5575 1213 5647 paulo
1249 5579 1465 5647 Quidem
1508 5566 1876 5641 emendatjiora

282 5636 577 5716 exstabant
599 5640 750 5716 ;_sed
781 5636 1080 5716 _i_ta_tamcn
1118 5636 1472 5716 interpolata»,
1520 5662 1579 5707 ut
1609 5636 1877 5710 Eucherio

288 5705 641 5777 Lugdunensi
667 5712 888 5770 attribui
916 5729 1022 5771 non
1056 5705 1297 5786 posseui.
1351 5705 1506 5779 Unde
1531 5705 1876 5795 ίσςῦιξιῖὀιῖὸὲ

1978 5238 2079 5293 viri
2126 5241 2366 5326 graviter
2415 5241 2696 5306 ferebant,
2729 5245 2870 5326 good
2905 5256 3009 5326 tam
3043 5248 3327 5326 illustrium
3359 5265 3561 5326 marty-

1976 5324 2098 5362 rum
2124 5315 2257 5386 Acta
2289 5328 2545 5380 germana
2574 5323 2668 5386 aut
2713 5315 2994 5381 deperdita
3042 5322 3264 5374 fuissent
3287 5361 3304 5386 ,
3338 5331 3430 5377 aut
3454 5315 3559 5378 sa'l-

1980 5380 2192 5461 tem_ita
2225 5379 2515 5461 depravata
2538 5392 2592 5439 et
2618 5379 2800 5437 vitiata
2824 5428 2837 5450 ,
2879 5388 3184 5461 ut__nullam
3231 5379 3388 5445 (idem
3419 5398 3562 5461 apud

1979 5449 2234 5503 cordatos
2271 5451 2515 5507 homines
2544 5449 2903 5509 mererentur.
2942 5457 3134 5511 Verum
3184 5461 3299 5516 hinc
3342 5461 3432 5516 tliu
3460 5449 3563 5517 ’ὼε-

1980 5519 2214 5590 siderata
2237 5521 2369 5575 Acta
2404 5525 2604 5590 reperit
2635 5525 2846 5578 tandem
2870 5525 2934 5579 R.
2951 5526 3012 5579 P.
3036 5528 3223 5584 Petrus
3246 5530 3565 5590 Franciseus

1979 5589 2309 5672 Cbil'lletius,
2337 5589 2609 5672 societatis
2637 5593 3096 5672 Jesu__pr_esbyter,
3118 5600 3170 5653 in
3194 5604 3414 5672 antiquo
3436 5589 3562 5661 cod.

1982 5675 2083 5741 ms.
2108 5661 2450 5741 celeberrimi
2484 5664 2796 5741 monasterii
2836 5661 3097 5741 lui-ensis,
3137 5661 3386 5741 eaque'in
3416 5674 3562 5729 Pau-

1984 5732 2077 5785 lini
2102 5731 2343 5788 illustrati
2394 5744 2542 5805 parte
2573 5736 2748 5805 prima
2780 5737 3052 5808 vulgavit;
3084 5731 3157 5795 ad
3184 5731 3340 5813 qnam
3371 5745 3557 5803 editio-
