  <div class='ocr_page' id='page_1' title='image "/cluster/home/n/w/nwhite01/storage/ocr_20150623/50/hvd.32044096580717/483.png"; bbox 0 0 3932 6170; ppageno 0'>
   <div class='ocr_carea' id='block_1_1' title="bbox 482 271 581 326">
    <p class='ocr_par' dir='ltr' id='par_1_1' title="bbox 482 271 581 326">
     <span class='ocr_line' id='line_1_1' title="bbox 482 271 581 326; baseline -0.02 0"><span class='ocrx_word' id='word_1_1' title='bbox 482 271 581 326; x_wconf 69' lang='lat'><strong>8‘27</strong></span> 
     </span>
    </p>
   </div>
   <div class='ocr_carea' id='block_1_2' title="bbox 504 397 3422 423">
    <p class='ocr_par' dir='ltr' id='par_1_2' title="bbox 504 397 3422 423">
     <span class='ocr_line' id='line_1_2' title="bbox 504 397 3422 423; baseline 0 -15"><span class='ocrx_word' id='word_1_2' title='bbox 504 397 3422 423; x_wconf 74' lang='lat'><strong>____________________._________________</strong></span> 
     </span>
    </p>
   </div>
   <div class='ocr_carea' id='block_1_3' title="bbox 1459 259 2750 320">
    <p class='ocr_par' dir='ltr' id='par_1_3' title="bbox 1459 259 2750 320">
     <span class='ocr_line' id='line_1_3' title="bbox 1459 259 2750 320; baseline -0.002 -1"><span class='ocrx_word' id='word_1_3' title='bbox 1459 262 1520 320; x_wconf 82' lang='lat' dir='ltr'><strong>S.</strong></span> <span class='ocrx_word' id='word_1_4' title='bbox 1562 261 1885 318; x_wconf 72' lang='lat' dir='ltr'><strong>EUCllEllﬂ</strong></span> <span class='ocrx_word' id='word_1_5' title='bbox 1924 261 2402 318; x_wconf 63' lang='lat' dir='ltr'><strong>LUGllUNlLNSlS</strong></span> <span class='ocrx_word' id='word_1_6' title='bbox 2443 259 2750 318; x_wconf 75' lang='lat' dir='ltr'><strong>EPISCOPI</strong></span> 
     </span>
    </p>
   </div>
   <div class='ocr_carea' id='block_1_4' title="bbox 3626 266 3729 320">
    <p class='ocr_par' dir='ltr' id='par_1_4' title="bbox 3626 266 3729 320">
     <span class='ocr_line' id='line_1_4' title="bbox 3626 266 3729 320; baseline 0 0"><span class='ocrx_word' id='word_1_7' title='bbox 3626 266 3729 320; x_wconf 74' lang='lat'><strong>823</strong></span> 
     </span>
    </p>
   </div>
   <div class='ocr_carea' id='block_1_5' title="bbox 3429 399 3709 419">
    <p class='ocr_par' dir='ltr' id='par_1_5' title="bbox 3429 399 3709 419">
     <span class='ocr_line' id='line_1_5' title="bbox 3429 399 3709 419; baseline 0.007 -10"><span class='ocrx_word' id='word_1_8' title='bbox 3429 399 3709 419; x_wconf 63' lang='lat'><strong>‘—_</strong></span> 
     </span>
    </p>
   </div>
   <div class='ocr_carea' id='block_1_6' title="bbox 1285 490 2912 606">
    <p class='ocr_par' dir='ltr' id='par_1_6' title="bbox 1285 490 2912 606">
     <span class='ocr_line' id='line_1_6' title="bbox 1285 490 2912 606; baseline -0.005 0"><span class='ocrx_word' id='word_1_9' title='bbox 1285 491 1953 606; x_wconf 72' lang='lat' dir='ltr'><strong>SANCTI</strong></span> <span class='ocrx_word' id='word_1_10' title='bbox 2029 490 2912 602; x_wconf 73' lang='lat' dir='ltr'><strong>EUGHERII</strong></span> 
     </span>
    </p>
   </div>
   <div class='ocr_carea' id='block_1_7' title="bbox 1656 677 2640 769">
    <p class='ocr_par' dir='ltr' id='par_1_7' title="bbox 1656 677 2640 769">
     <span class='ocr_line' id='line_1_7' title="bbox 1656 677 2640 769; baseline -0.001 -29"><span class='ocrx_word' id='word_1_11' title='bbox 1656 679 2200 745; x_wconf 86' lang='lat' dir='ltr'><strong>LUGDUNENSIS</strong></span> <span class='ocrx_word' id='word_1_12' title='bbox 2240 677 2590 740; x_wconf 82' lang='lat' dir='ltr'><strong>EPISCOPI</strong></span> <span class='ocrx_word' id='word_1_13' title='bbox 2635 765 2640 769; x_wconf 8' lang='grc' dir='ltr'><strong><em>ἢ</em></strong></span> 
     </span>
    </p>
   </div>
   <div class='ocr_carea' id='block_1_8' title="bbox 542 804 3679 1007">
    <p class='ocr_par' dir='ltr' id='par_1_8' title="bbox 542 804 3679 1007">
     <span class='ocr_line' id='line_1_8' title="bbox 542 804 3679 1007; baseline -0.003 -33"><span class='ocrx_word' id='word_1_14' title='bbox 542 845 1160 974; x_wconf 77' lang='lat' dir='ltr'><strong>PASSIO</strong></span> <span class='ocrx_word' id='word_1_15' title='bbox 1262 804 2514 970; x_wconf 86' lang='lat' dir='ltr'><strong>AGAUNENSIUM</strong></span> <span class='ocrx_word' id='word_1_16' title='bbox 2604 843 3679 1007; x_wconf 78' lang='lat' dir='ltr'><strong>MARTYRUM,</strong></span> 
     </span>
    </p>
   </div>
   <div class='ocr_carea' id='block_1_9' title="bbox 1047 1053 3145 1141">
    <p class='ocr_par' dir='ltr' id='par_1_9' title="bbox 1047 1053 3145 1141">
     <span class='ocr_line' id='line_1_9' title="bbox 1047 1053 3145 1141; baseline -0.003 0"><span class='ocrx_word' id='word_1_17' title='bbox 1047 1061 1192 1141; x_wconf 88' lang='lat' dir='ltr'><strong>SS.</strong></span> <span class='ocrx_word' id='word_1_18' title='bbox 1271 1054 1828 1138; x_wconf 78' lang='lat' dir='ltr'><strong>MAURICII</strong></span> <span class='ocrx_word' id='word_1_19' title='bbox 1900 1053 2052 1137; x_wconf 86' lang='lat' dir='ltr'><strong>AC</strong></span> <span class='ocrx_word' id='word_1_20' title='bbox 2126 1053 2754 1137; x_wconf 80' lang='lat' dir='ltr'><strong>SOCIORUM</strong></span> <span class='ocrx_word' id='word_1_21' title='bbox 2828 1058 3145 1140; x_wconf 87' lang='lat' dir='ltr'><strong>EJUS.</strong></span> 
     </span>
    </p>
   </div>
   <div class='ocr_carea' id='block_1_10' title="bbox 1538 1210 2678 1275">
    <p class='ocr_par' dir='ltr' id='par_1_10' title="bbox 1538 1210 2678 1275">
     <span class='ocr_line' id='line_1_10' title="bbox 1538 1210 2678 1275; baseline -0.003 -13"><span class='ocrx_word' id='word_1_22' title='bbox 1538 1213 1633 1275; x_wconf 83' lang='lat' dir='ltr'><strong>(Ex</strong></span> <span class='ocrx_word' id='word_1_23' title='bbox 1674 1211 1863 1263; x_wconf 87' lang='lat' dir='ltr'><strong>Theod.</strong></span> <span class='ocrx_word' id='word_1_24' title='bbox 1910 1211 2154 1262; x_wconf 77' lang='lat' dir='ltr'><strong>Ruinartii</strong></span> <span class='ocrx_word' id='word_1_25' title='bbox 2195 1211 2328 1262; x_wconf 84' lang='lat' dir='ltr'><strong>Actis</strong></span> <span class='ocrx_word' id='word_1_26' title='bbox 2374 1210 2678 1275; x_wconf 77' lang='lat' dir='ltr'><strong>Martyrum.)</strong></span> 
     </span>
    </p>
   </div>
   <div class='ocr_carea' id='block_1_11' title="bbox 1872 1437 2352 1546">
    <p class='ocr_par' dir='ltr' id='par_1_11' title="bbox 1872 1437 2352 1546">
     <span class='ocr_line' id='line_1_11' title="bbox 1872 1437 2352 1546; baseline -0.01 -14"><span class='ocrx_word' id='word_1_27' title='bbox 1872 1437 2352 1546; x_wconf 53' lang='lat' dir='ltr'><strong>praefatio.</strong></span> 
     </span>
    </p>
   </div>
   <div class='ocr_carea' id='block_1_12' title="bbox 1037 1586 3161 1668">
    <p class='ocr_par' dir='ltr' id='par_1_12' title="bbox 1037 1586 3161 1668">
     <span class='ocr_line' id='line_1_12' title="bbox 1037 1586 3161 1668; baseline -0.001 -13"><span class='ocrx_word' id='word_1_28' title='bbox 1037 1593 1307 1655; x_wconf 90' lang='lat' dir='ltr'><strong>Domino</strong></span> <span class='ocrx_word' id='word_1_29' title='bbox 1338 1591 1703 1654; x_wconf 88' lang='lat' dir='ltr'><strong>beatissimo</strong></span> <span class='ocrx_word' id='word_1_30' title='bbox 1733 1589 1796 1650; x_wconf 91' lang='lat' dir='ltr'><strong>in</strong></span> <span class='ocrx_word' id='word_1_31' title='bbox 1831 1587 2086 1650; x_wconf 96' lang='lat' dir='ltr'><strong>Christo</strong></span> <span class='ocrx_word' id='word_1_32' title='bbox 2122 1593 2148 1623; x_wconf 79' lang='grc'><em>³</em></span> <span class='ocrx_word' id='word_1_33' title='bbox 2188 1586 2420 1649; x_wconf 70' lang='lat' dir='ltr'><strong>Sumo</strong></span> <span class='ocrx_word' id='word_1_34' title='bbox 2450 1587 2752 1668; x_wconf 89' lang='lat' dir='ltr'><strong>episcopo</strong></span> <span class='ocrx_word' id='word_1_35' title='bbox 2783 1589 3161 1652; x_wconf 76' lang='lat' dir='ltr'><strong>Eucnnntus</strong></span> 
     </span>
    </p>
   </div>
   <div class='ocr_carea' id='block_1_13' title="bbox 553 1705 3750 1784">
    <p class='ocr_par' dir='ltr' id='par_1_13' title="bbox 553 1705 3750 1784">
     <span class='ocr_line' id='line_1_13' title="bbox 553 1705 3750 1784; baseline -0.001 -12"><span class='ocrx_word' id='word_1_36' title='bbox 553 1719 581 1757; x_wconf 73' lang='grc' dir='ltr'><strong>ι»</strong></span> <span class='ocrx_word' id='word_1_37' title='bbox 611 1718 756 1772; x_wconf 83' lang='lat' dir='ltr'><strong>Mitto</strong></span> <span class='ocrx_word' id='word_1_38' title='bbox 785 1716 850 1771; x_wconf 90' lang='lat' dir='ltr'><strong>ad</strong></span> <span class='ocrx_word' id='word_1_39' title='bbox 884 1714 1263 1770; x_wconf 76' lang='lat' dir='ltr'><strong>beatitudinem</strong></span> <span class='ocrx_word' id='word_1_40' title='bbox 1295 1720 1468 1776; x_wconf 90' lang='lat' dir='ltr'><strong>tuam,</strong></span> <span class='ocrx_word' id='word_1_41' title='bbox 1511 1718 1816 1765; x_wconf 88' lang='lat' dir='ltr'><strong>nostrorum</strong></span> <span class='ocrx_word' id='word_1_42' title='bbox 1847 1715 2050 1776; x_wconf 88' lang='lat' dir='ltr'><strong>marty-</strong></span> <span class='ocrx_word' id='word_1_43' title='bbox 2077 1705 2132 1766; x_wconf 78' lang='grc' dir='ltr'><strong>Α</strong></span> <span class='ocrx_word' id='word_1_44' title='bbox 2155 1705 2386 1761; x_wconf 70' lang='lat' dir='ltr'><strong>diversis</strong></span> <span class='ocrx_word' id='word_1_45' title='bbox 2406 1705 2536 1761; x_wconf 92' lang='lat' dir='ltr'><strong>locis</strong></span> <span class='ocrx_word' id='word_1_46' title='bbox 2557 1714 2717 1777; x_wconf 91' lang='lat' dir='ltr'><strong>atque</strong></span> <span class='ocrx_word' id='word_1_47' title='bbox 2737 1708 3028 1776; x_wconf 78' lang='lat' dir='ltr'><strong>pravinciis</strong></span> <span class='ocrx_word' id='word_1_48' title='bbox 3048 1708 3102 1763; x_wconf 92' lang='lat' dir='ltr'><strong>in</strong></span> <span class='ocrx_word' id='word_1_49' title='bbox 3125 1709 3380 1765; x_wconf 79' lang='lat' dir='ltr'><strong>honorem</strong></span> <span class='ocrx_word' id='word_1_50' title='bbox 3403 1711 3750 1784; x_wconf 81' lang='lat' dir='ltr'><strong>ofﬁciumque</strong></span> 
     </span>
    </p>
   </div>
   <div class='ocr_carea' id='block_1_14' title="bbox 482 1798 2055 1878">
    <p class='ocr_par' dir='ltr' id='par_1_14' title="bbox 482 1798 2055 1878">
     <span class='ocr_line' id='line_1_14' title="bbox 482 1798 2055 1878; baseline -0.01 -14"><span class='ocrx_word' id='word_1_51' title='bbox 482 1824 598 1864; x_wconf 91' lang='lat' dir='ltr'><strong>rum</strong></span> <span class='ocrx_word' id='word_1_52' title='bbox 630 1808 952 1878; x_wconf 78' lang='lat' dir='ltr'><strong>passionem.</strong></span> <span class='ocrx_word' id='word_1_53' title='bbox 979 1803 1215 1861; x_wconf 79' lang='lat' dir='ltr'><strong>Verebar</strong></span> <span class='ocrx_word' id='word_1_54' title='bbox 1240 1803 1404 1866; x_wconf 88' lang='lat' dir='ltr'><strong>enim,</strong></span> <span class='ocrx_word' id='word_1_55' title='bbox 1437 1815 1504 1856; x_wconf 92' lang='lat' dir='ltr'><strong>ne</strong></span> <span class='ocrx_word' id='word_1_56' title='bbox 1533 1814 1628 1869; x_wconf 90' lang='lat' dir='ltr'><strong>per</strong></span> <span class='ocrx_word' id='word_1_57' title='bbox 1658 1798 1916 1854; x_wconf 89' lang='lat' dir='ltr'><strong>incuriam</strong></span> <span class='ocrx_word' id='word_1_58' title='bbox 1947 1804 2055 1850; x_wconf 89' lang='lat' dir='ltr'><strong>tam</strong></span> 
     </span>
    </p>
   </div>
   <div class='ocr_carea' id='block_1_15' title="bbox 480 1891 2056 1970">
    <p class='ocr_par' dir='ltr' id='par_1_15' title="bbox 480 1891 2056 1970">
     <span class='ocr_line' id='line_1_15' title="bbox 480 1891 2056 1970; baseline -0.006 -17"><span class='ocrx_word' id='word_1_59' title='bbox 480 1900 701 1970; x_wconf 78' lang='lat' dir='ltr'><strong>gloriosi</strong></span> <span class='ocrx_word' id='word_1_60' title='bbox 728 1907 880 1969; x_wconf 87' lang='lat' dir='ltr'><strong>gesta</strong></span> <span class='ocrx_word' id='word_1_61' title='bbox 902 1896 1144 1969; x_wconf 90' lang='lat' dir='ltr'><strong>martyrii</strong></span> <span class='ocrx_word' id='word_1_62' title='bbox 1171 1896 1239 1950; x_wconf 88' lang='lat' dir='ltr'><strong>ab</strong></span> <span class='ocrx_word' id='word_1_63' title='bbox 1266 1893 1539 1949; x_wconf 87' lang='lat' dir='ltr'><strong>hominum</strong></span> <span class='ocrx_word' id='word_1_64' title='bbox 1565 1891 1821 1947; x_wconf 87' lang='lat' dir='ltr'><strong>memoria</strong></span> <span class='ocrx_word' id='word_1_65' title='bbox 1847 1897 2056 1958; x_wconf 84' lang='lat' dir='ltr'><strong>tempus</strong></span> 
     </span>
    </p>
   </div>
   <div class='ocr_carea' id='block_1_16' title="bbox 480 1983 2056 2054">
    <p class='ocr_par' dir='ltr' id='par_1_16' title="bbox 480 1983 2056 2054">
     <span class='ocr_line' id='line_1_16' title="bbox 480 1983 2056 2054; baseline -0.006 -8"><span class='ocrx_word' id='word_1_66' title='bbox 480 1992 737 2048; x_wconf 76' lang='lat' dir='ltr'><strong>aboleret.</strong></span> <span class='ocrx_word' id='word_1_67' title='bbox 774 1990 938 2046; x_wconf 87' lang='lat' dir='ltr'><strong>Porro</strong></span> <span class='ocrx_word' id='word_1_68' title='bbox 961 1990 1026 2044; x_wconf 90' lang='lat' dir='ltr'><strong>ab</strong></span> <span class='ocrx_word' id='word_1_69' title='bbox 1055 1987 1261 2044; x_wconf 85' lang='lat' dir='ltr'><strong>idoneis</strong></span> <span class='ocrx_word' id='word_1_70' title='bbox 1285 1986 1592 2042; x_wconf 88' lang='lat' dir='ltr'><strong>auctoribus</strong></span> <span class='ocrx_word' id='word_1_71' title='bbox 1620 1985 1696 2040; x_wconf 90' lang='lat' dir='ltr'><strong>rei</strong></span> <span class='ocrx_word' id='word_1_72' title='bbox 1721 1983 1887 2054; x_wconf 86' lang='lat' dir='ltr'><strong>ipsius</strong></span> <span class='ocrx_word' id='word_1_73' title='bbox 1912 1983 2056 2037; x_wconf 87' lang='lat' dir='ltr'><strong>veri-</strong></span> 
     </span>
    </p>
   </div>
   <div class='ocr_carea' id='block_1_17' title="bbox 481 2073 2061 2153">
    <p class='ocr_par' dir='ltr' id='par_1_17' title="bbox 481 2073 2061 2153">
     <span class='ocr_line' id='line_1_17' title="bbox 481 2073 2061 2153; baseline -0.006 -15"><span class='ocrx_word' id='word_1_74' title='bbox 481 2093 643 2139; x_wconf 90' lang='lat' dir='ltr'><strong>tatem</strong></span> <span class='ocrx_word' id='word_1_75' title='bbox 673 2083 915 2153; x_wconf 64' lang='lat' dir='ltr'><strong>quaesivi,</strong></span> <span class='ocrx_word' id='word_1_76' title='bbox 948 2082 1016 2137; x_wconf 91' lang='lat' dir='ltr'><strong>ab</strong></span> <span class='ocrx_word' id='word_1_77' title='bbox 1046 2081 1128 2136; x_wconf 92' lang='lat' dir='ltr'><strong>his</strong></span> <span class='ocrx_word' id='word_1_78' title='bbox 1155 2082 1337 2151; x_wconf 88' lang='lat' dir='ltr'><strong>utique</strong></span> <span class='ocrx_word' id='word_1_79' title='bbox 1363 2078 1454 2150; x_wconf 89' lang='lat' dir='ltr'><strong>qui</strong></span> <span class='ocrx_word' id='word_1_80' title='bbox 1484 2077 1821 2132; x_wconf 80' lang='lat' dir='ltr'><strong>afﬁrmabant</strong></span> <span class='ocrx_word' id='word_1_81' title='bbox 1849 2075 1918 2130; x_wconf 92' lang='lat' dir='ltr'><strong>ab</strong></span> <span class='ocrx_word' id='word_1_82' title='bbox 1946 2073 2061 2142; x_wconf 90' lang='lat' dir='ltr'><strong>epi-</strong></span> 
     </span>
    </p>
   </div>
   <div class='ocr_carea' id='block_1_18' title="bbox 480 2165 2060 2244">
    <p class='ocr_par' dir='ltr' id='par_1_18' title="bbox 480 2165 2060 2244">
     <span class='ocr_line' id='line_1_18' title="bbox 480 2165 2060 2244; baseline -0.006 -15"><span class='ocrx_word' id='word_1_83' title='bbox 480 2189 646 2244; x_wconf 85' lang='lat' dir='ltr'><strong>scopo</strong></span> <span class='ocrx_word' id='word_1_84' title='bbox 681 2174 984 2231; x_wconf 86' lang='lat' dir='ltr'><strong>Cenaveusi</strong></span> <span class='ocrx_word' id='word_1_85' title='bbox 1027 2181 1214 2228; x_wconf 90' lang='lat' dir='ltr'><strong>sancto</strong></span> <span class='ocrx_word' id='word_1_86' title='bbox 1249 2183 1270 2212; x_wconf 80' lang='grc' dir='ltr'><strong>ο</strong></span> <span class='ocrx_word' id='word_1_87' title='bbox 1303 2171 1483 2237; x_wconf 88' lang='lat' dir='ltr'><strong>Isaac,</strong></span> <span class='ocrx_word' id='word_1_88' title='bbox 1527 2169 1666 2224; x_wconf 90' lang='lat' dir='ltr'><strong>hunc</strong></span> <span class='ocrx_word' id='word_1_89' title='bbox 1690 2183 1850 2238; x_wconf 83' lang='lat' dir='ltr'><strong>quem</strong></span> <span class='ocrx_word' id='word_1_90' title='bbox 1877 2165 2060 2222; x_wconf 85' lang='lat' dir='ltr'><strong>retulit</strong></span> 
     </span>
    </p>
   </div>
   <div class='ocr_carea' id='block_1_19' title="bbox 479 2259 2052 2337">
    <p class='ocr_par' dir='ltr' id='par_1_19' title="bbox 479 2259 2052 2337">
     <span class='ocr_line' id='line_1_19' title="bbox 479 2259 2052 2337; baseline -0.006 -17"><span class='ocrx_word' id='word_1_91' title='bbox 479 2267 747 2337; x_wconf 80' lang='lat' dir='ltr'><strong>passiOuis</strong></span> <span class='ocrx_word' id='word_1_92' title='bbox 777 2267 1022 2322; x_wconf 88' lang='lat' dir='ltr'><strong>ordinem</strong></span> <span class='ocrx_word' id='word_1_93' title='bbox 1061 2265 1411 2336; x_wconf 79' lang='lat' dir='ltr'><strong>cognovisse;</strong></span> <span class='ocrx_word' id='word_1_94' title='bbox 1452 2261 1575 2331; x_wconf 87' lang='lat' dir='ltr'><strong>qui,</strong></span> <span class='ocrx_word' id='word_1_95' title='bbox 1615 2259 1777 2315; x_wconf 89' lang='lat' dir='ltr'><strong>credo</strong></span> <span class='ocrx_word' id='word_1_96' title='bbox 1798 2300 1813 2326; x_wconf 89' lang='lat'><strong>,</strong></span> <span class='ocrx_word' id='word_1_97' title='bbox 1842 2272 2052 2313; x_wconf 91' lang='lat' dir='ltr'><strong>rursum</strong></span> 
     </span>
    </p>
   </div>
   <div class='ocr_carea' id='block_1_20' title="bbox 480 2351 2055 2426">
    <p class='ocr_par' dir='ltr' id='par_1_20' title="bbox 480 2351 2055 2426">
     <span class='ocr_line' id='line_1_20' title="bbox 480 2351 2055 2426; baseline -0.004 -15"><span class='ocrx_word' id='word_1_98' title='bbox 480 2358 597 2412; x_wconf 62' lang='lat' dir='ltr'><strong>haec</strong></span> <span class='ocrx_word' id='word_1_99' title='bbox 635 2367 783 2412; x_wconf 89' lang='lat' dir='ltr'><strong>retro</strong></span> <span class='ocrx_word' id='word_1_100' title='bbox 820 2373 850 2412; x_wconf 90' lang='lat' dir='ltr'><strong>a</strong></span> <span class='ocrx_word' id='word_1_101' title='bbox 887 2357 1200 2413; x_wconf 88' lang='lat' dir='ltr'><strong>beatissimo</strong></span> <span class='ocrx_word' id='word_1_102' title='bbox 1242 2356 1497 2426; x_wconf 87' lang='lat' dir='ltr'><strong>episcopo</strong></span> <span class='ocrx_word' id='word_1_103' title='bbox 1543 2351 1571 2389; x_wconf 72' lang='grc' dir='ltr'><strong>ἀ</strong></span> <span class='ocrx_word' id='word_1_104' title='bbox 1609 2351 1894 2406; x_wconf 83' lang='lat' dir='ltr'><strong>Theodoro</strong></span> <span class='ocrx_word' id='word_1_105' title='bbox 1939 2351 2055 2405; x_wconf 83' lang='lat' dir='ltr'><strong>viro</strong></span> 
     </span>
    </p>
   </div>
   <div class='ocr_carea' id='block_1_21' title="bbox 479 2440 2053 2518">
    <p class='ocr_par' dir='ltr' id='par_1_21' title="bbox 479 2440 2053 2518">
     <span class='ocr_line' id='line_1_21' title="bbox 479 2440 2053 2518; baseline -0.006 -16"><span class='ocrx_word' id='word_1_106' title='bbox 479 2448 738 2518; x_wconf 88' lang='lat' dir='ltr'><strong>temporis</strong></span> <span class='ocrx_word' id='word_1_107' title='bbox 783 2447 1066 2502; x_wconf 88' lang='lat' dir='ltr'><strong>anterioris</strong></span> <span class='ocrx_word' id='word_1_108' title='bbox 1089 2487 1104 2513; x_wconf 94' lang='lat'><strong>,</strong></span> <span class='ocrx_word' id='word_1_109' title='bbox 1134 2455 1438 2514; x_wconf 88' lang='lat' dir='ltr'><strong>acceperat.</strong></span> <span class='ocrx_word' id='word_1_110' title='bbox 1488 2443 1671 2512; x_wconf 87' lang='lat' dir='ltr'><strong>Itaque</strong></span> <span class='ocrx_word' id='word_1_111' title='bbox 1707 2456 1829 2495; x_wconf 91' lang='lat' dir='ltr'><strong>cum</strong></span> <span class='ocrx_word' id='word_1_112' title='bbox 1871 2440 1956 2495; x_wconf 87' lang='lat' dir='ltr'><strong>alii</strong></span> <span class='ocrx_word' id='word_1_113' title='bbox 1987 2454 2053 2495; x_wconf 91' lang='lat' dir='ltr'><strong>ex</strong></span> 
     </span>
    </p>
   </div>
   <div class='ocr_carea' id='block_1_22' title="bbox 552 2570 2048 2643">
    <p class='ocr_par' dir='ltr' id='par_1_22' title="bbox 552 2570 2048 2643">
     <span class='ocr_line' id='line_1_22' title="bbox 552 2570 2048 2643; baseline -0.005 -13"><span class='ocrx_word' id='word_1_114' title='bbox 552 2584 577 2612; x_wconf 69' lang='grc' dir='ltr'><strong><em>λ</em></strong></span> <span class='ocrx_word' id='word_1_115' title='bbox 618 2576 673 2630; x_wconf 85' lang='grc' dir='ltr'><strong>1η</strong></span> <span class='ocrx_word' id='word_1_116' title='bbox 718 2576 875 2630; x_wconf 90' lang='lat' dir='ltr'><strong>codd.</strong></span> <span class='ocrx_word' id='word_1_117' title='bbox 925 2589 1058 2629; x_wconf 87' lang='lat' dir='ltr'><strong>mss.</strong></span> <span class='ocrx_word' id='word_1_118' title='bbox 1108 2574 1313 2643; x_wconf 80' lang='lat' dir='ltr'><strong>Remig.</strong></span> <span class='ocrx_word' id='word_1_119' title='bbox 1363 2573 1420 2643; x_wconf 75' lang='lat' dir='ltr'><strong>S.</strong></span> <span class='ocrx_word' id='word_1_120' title='bbox 1464 2570 1780 2643; x_wconf 82' lang='lat' dir='ltr'><strong>Theoderici</strong></span> <span class='ocrx_word' id='word_1_121' title='bbox 1807 2581 1874 2643; x_wconf 79' lang='lat' dir='ltr'><strong>_rt</strong></span> <span class='ocrx_word' id='word_1_122' title='bbox 1909 2570 2048 2643; x_wconf 81' lang='lat' dir='ltr'><strong>aliis,</strong></span> 
     </span>
    </p>
   </div>
   <div class='ocr_carea' id='block_1_23' title="bbox 482 2641 2054 2712">
    <p class='ocr_par' dir='ltr' id='par_1_23' title="bbox 482 2641 2054 2712">
     <span class='ocr_line' id='line_1_23' title="bbox 482 2641 2054 2712; baseline -0.003 -12"><span class='ocrx_word' id='word_1_123' title='bbox 482 2645 661 2700; x_wconf 77' lang='lat' dir='ltr'><strong>Silvio.</strong></span> <span class='ocrx_word' id='word_1_124' title='bbox 700 2646 754 2700; x_wconf 92' lang='lat' dir='ltr'><strong>lu</strong></span> <span class='ocrx_word' id='word_1_125' title='bbox 789 2646 910 2700; x_wconf 93' lang='lat' dir='ltr'><strong>cod.</strong></span> <span class='ocrx_word' id='word_1_126' title='bbox 944 2645 1103 2700; x_wconf 81' lang='lat' dir='ltr'><strong>Silvae</strong></span> <span class='ocrx_word' id='word_1_127' title='bbox 1139 2641 1356 2712; x_wconf 79' lang='lat' dir='ltr'><strong>majoris</strong></span> <span class='ocrx_word' id='word_1_128' title='bbox 1394 2641 1764 2712; x_wconf 83' lang='lat' dir='ltr'><strong>habeturalia</strong></span> <span class='ocrx_word' id='word_1_129' title='bbox 1805 2641 2054 2695; x_wconf 85' lang='lat' dir='ltr'><strong>Eucherii</strong></span> 
     </span>
    </p>
   </div>
   <div class='ocr_carea' id='block_1_24' title="bbox 477 2711 2050 2784">
    <p class='ocr_par' dir='ltr' id='par_1_24' title="bbox 477 2711 2050 2784">
     <span class='ocr_line' id='line_1_24' title="bbox 477 2711 2050 2784; baseline -0.003 -16"><span class='ocrx_word' id='word_1_130' title='bbox 477 2716 701 2784; x_wconf 57' lang='lat' dir='ltr'><strong>cpistola</strong></span> <span class='ocrx_word' id='word_1_131' title='bbox 731 2716 795 2770; x_wconf 86' lang='lat' dir='ltr'><strong>ad</strong></span> <span class='ocrx_word' id='word_1_132' title='bbox 826 2729 1012 2770; x_wconf 89' lang='lat' dir='ltr'><strong>omnes</strong></span> <span class='ocrx_word' id='word_1_133' title='bbox 1045 2711 1248 2778; x_wconf 76' lang='lat' dir='ltr'><strong>ﬁdeles,</strong></span> <span class='ocrx_word' id='word_1_134' title='bbox 1275 2712 1369 2784; x_wconf 80' lang='lat' dir='ltr'><strong>sed</strong></span> <span class='ocrx_word' id='word_1_135' title='bbox 1395 2727 1523 2784; x_wconf 64' lang='lat' dir='ltr'><strong>quae</strong></span> <span class='ocrx_word' id='word_1_136' title='bbox 1541 2711 1913 2784; x_wconf 81' lang='lat' dir='ltr'><strong>antiquitatem</strong></span> <span class='ocrx_word' id='word_1_137' title='bbox 1945 2726 2050 2764; x_wconf 85' lang='lat' dir='ltr'><strong>non</strong></span> 
     </span>
    </p>
   </div>
   <div class='ocr_carea' id='block_1_25' title="bbox 475 2781 2049 2853">
    <p class='ocr_par' dir='ltr' id='par_1_25' title="bbox 475 2781 2049 2853">
     <span class='ocr_line' id='line_1_25' title="bbox 475 2781 2049 2853; baseline -0.003 -15"><span class='ocrx_word' id='word_1_138' title='bbox 475 2781 634 2853; x_wconf 81' lang='lat' dir='ltr'><strong>sapit.</strong></span> <span class='ocrx_word' id='word_1_139' title='bbox 670 2785 721 2838; x_wconf 94' lang='lat' dir='ltr'><strong>In</strong></span> <span class='ocrx_word' id='word_1_140' title='bbox 761 2786 944 2840; x_wconf 78' lang='lat' dir='ltr'><strong>codice</strong></span> <span class='ocrx_word' id='word_1_141' title='bbox 975 2784 1282 2838; x_wconf 83' lang='lat' dir='ltr'><strong>monasterii</strong></span> <span class='ocrx_word' id='word_1_142' title='bbox 1310 2781 1556 2853; x_wconf 51' lang='lat' dir='ltr'><strong>larens-is</strong></span> <span class='ocrx_word' id='word_1_143' title='bbox 1585 2796 1710 2853; x_wconf 68' lang='lat' dir='ltr'><strong>ann.</strong></span> <span class='ocrx_word' id='word_1_144' title='bbox 1745 2781 2049 2853; x_wconf 73' lang='lat' dir='ltr'><strong>plusquam</strong></span> 
     </span>
    </p>
   </div>
   <div class='ocr_carea' id='block_1_26' title="bbox 476 2849 2052 2922">
    <p class='ocr_par' dir='ltr' id='par_1_26' title="bbox 476 2849 2052 2922">
     <span class='ocr_line' id='line_1_26' title="bbox 476 2849 2052 2922; baseline -0.003 -14"><span class='ocrx_word' id='word_1_145' title='bbox 476 2849 581 2922; x_wconf 67' lang='lat'><strong>900</strong></span> <span class='ocrx_word' id='word_1_146' title='bbox 609 2855 834 2910; x_wconf 83' lang='lat' dir='ltr'><strong>habetur</strong></span> <span class='ocrx_word' id='word_1_147' title='bbox 863 2855 976 2907; x_wconf 61' lang='lat' dir='ltr'><strong>hare</strong></span> <span class='ocrx_word' id='word_1_148' title='bbox 1000 2853 1222 2922; x_wconf 86' lang='lat' dir='ltr'><strong>epistola</strong></span> <span class='ocrx_word' id='word_1_149' title='bbox 1255 2869 1267 2904; x_wconf 92' lang='lat'><strong>:</strong></span> <span class='ocrx_word' id='word_1_150' title='bbox 1302 2850 1582 2922; x_wconf 80' lang='lat' dir='ltr'><strong>Eucherius</strong></span> <span class='ocrx_word' id='word_1_151' title='bbox 1616 2849 1962 2922; x_wconf 10' lang='lat' dir='ltr'><strong>Veranorﬁlio</strong></span> <span class='ocrx_word' id='word_1_152' title='bbox 1998 2849 2052 2904; x_wconf 90' lang='lat' dir='ltr'><strong>in</strong></span> 
     </span>
    </p>
   </div>
   <div class='ocr_carea' id='block_1_27' title="bbox 477 2919 2050 2992">
    <p class='ocr_par' dir='ltr' id='par_1_27' title="bbox 477 2919 2050 2992">
     <span class='ocr_line' id='line_1_27' title="bbox 477 2919 2050 2992; baseline -0.005 -13"><span class='ocrx_word' id='word_1_153' title='bbox 477 2920 676 2979; x_wconf 84' lang='lat' dir='ltr'><strong>Christo</strong></span> <span class='ocrx_word' id='word_1_154' title='bbox 698 2926 931 2979; x_wconf 79' lang='lat' dir='ltr'><strong>salutem.</strong></span> <span class='ocrx_word' id='word_1_155' title='bbox 969 2922 1014 2977; x_wconf 84' lang='lat' dir='ltr'><em>F</em></span> <span class='ocrx_word' id='word_1_156' title='bbox 1017 2919 1239 2977; x_wconf 76' lang='lat' dir='ltr'><strong>armalas</strong></span> <span class='ocrx_word' id='word_1_157' title='bbox 1265 2920 1512 2992; x_wconf 84' lang='lat' dir='ltr'><strong>spiritalis</strong></span> <span class='ocrx_word' id='word_1_158' title='bbox 1530 2919 1888 2992; x_wconf 73' lang='lat' dir='ltr'><strong>intelligentia:</strong></span> <span class='ocrx_word' id='word_1_159' title='bbox 1908 2936 2050 2972; x_wconf 86' lang='lat' dir='ltr'><strong>com-</strong></span> 
     </span>
    </p>
   </div>
   <div class='ocr_carea' id='block_1_28' title="bbox 476 2990 2054 3066">
    <p class='ocr_par' dir='ltr' id='par_1_28' title="bbox 476 2990 2054 3066">
     <span class='ocr_line' id='line_1_28' title="bbox 476 2990 2054 3066; baseline -0.002 -19"><span class='ocrx_word' id='word_1_160' title='bbox 476 2995 774 3065; x_wconf 77' lang='lat' dir='ltr'><strong>monendus,</strong></span> <span class='ocrx_word' id='word_1_161' title='bbox 797 2995 984 3066; x_wconf 81' lang='lat' dir='ltr'><strong>tibique</strong></span> <span class='ocrx_word' id='word_1_162' title='bbox 1011 2990 1397 3061; x_wconf 51' lang='lat' dir='ltr'><strong>mittendas&#39;pro</strong></span> <span class='ocrx_word' id='word_1_163' title='bbox 1417 2990 1588 3044; x_wconf 83' lang='lat' dir='ltr'><strong>studio</strong></span> <span class='ocrx_word' id='word_1_164' title='bbox 1617 3001 1842 3060; x_wconf 77' lang='lat' dir='ltr'><strong>paterna:</strong></span> <span class='ocrx_word' id='word_1_165' title='bbox 1862 3006 1981 3059; x_wconf 85' lang='lat' dir='ltr'><strong>erga</strong></span> <span class='ocrx_word' id='word_1_166' title='bbox 2009 2999 2054 3044; x_wconf 85' lang='lat' dir='ltr'><strong>te</strong></span> 
     </span>
    </p>
   </div>
   <div class='ocr_carea' id='block_1_29' title="bbox 2163 1802 3747 1878">
    <p class='ocr_par' dir='ltr' id='par_1_29' title="bbox 2163 1802 3747 1878">
     <span class='ocr_line' id='line_1_29' title="bbox 2163 1802 3747 1878; baseline 0.006 -23"><span class='ocrx_word' id='word_1_167' title='bbox 2163 1810 2467 1856; x_wconf 86' lang='lat' dir='ltr'><strong>sanctorum</strong></span> <span class='ocrx_word' id='word_1_168' title='bbox 2497 1802 2612 1856; x_wconf 89' lang='lat' dir='ltr'><strong>auri</strong></span> <span class='ocrx_word' id='word_1_169' title='bbox 2639 1812 2797 1872; x_wconf 89' lang='lat' dir='ltr'><strong>atque</strong></span> <span class='ocrx_word' id='word_1_170' title='bbox 2825 1805 3066 1872; x_wconf 78' lang='lat' dir='ltr'><strong>argenti,</strong></span> <span class='ocrx_word' id='word_1_171' title='bbox 3097 1806 3539 1878; x_wconf 80' lang='lat' dir='ltr'><strong>diversarumque</strong></span> <span class='ocrx_word' id='word_1_172' title='bbox 3572 1825 3747 1864; x_wconf 89' lang='lat' dir='ltr'><strong>rerum</strong></span> 
     </span>
    </p>
   </div>
   <div class='ocr_carea' id='block_1_30' title="bbox 2163 1891 3747 1965">
    <p class='ocr_par' dir='ltr' id='par_1_30' title="bbox 2163 1891 3747 1965">
     <span class='ocr_line' id='line_1_30' title="bbox 2163 1891 3747 1965; baseline 0.006 -18"><span class='ocrx_word' id='word_1_173' title='bbox 2163 1907 2386 1948; x_wconf 88' lang='lat' dir='ltr'><strong>munera</strong></span> <span class='ocrx_word' id='word_1_174' title='bbox 2424 1891 2682 1960; x_wconf 79' lang='lat' dir='ltr'><strong>offerant,</strong></span> <span class='ocrx_word' id='word_1_175' title='bbox 2717 1905 2814 1949; x_wconf 81' lang='lat' dir='ltr'><strong>itus</strong></span> <span class='ocrx_word' id='word_1_176' title='bbox 2845 1895 3042 1965; x_wconf 83' lang='lat' dir='ltr'><strong>scripta</strong></span> <span class='ocrx_word' id='word_1_177' title='bbox 3076 1898 3189 1951; x_wconf 75' lang='lat' dir='ltr'><strong>btec</strong></span> <span class='ocrx_word' id='word_1_178' title='bbox 3236 1912 3416 1954; x_wconf 88' lang='lat' dir='ltr'><strong>nostra</strong></span> <span class='ocrx_word' id='word_1_179' title='bbox 3447 1903 3609 1956; x_wconf 81' lang='lat' dir='ltr'><strong>vobis</strong></span> <span class='ocrx_word' id='word_1_180' title='bbox 3638 1906 3747 1957; x_wconf 74' lang='lat' dir='ltr'><strong>sul~</strong></span> 
     </span>
    </p>
   </div>
   <div class='ocr_carea' id='block_1_31' title="bbox 2161 1983 3749 2061">
    <p class='ocr_par' dir='ltr' id='par_1_31' title="bbox 2161 1983 3749 2061">
     <span class='ocr_line' id='line_1_31' title="bbox 2161 1983 3749 2061; baseline 0.006 -22"><span class='ocrx_word' id='word_1_181' title='bbox 2161 1983 2491 2054; x_wconf 82' lang='lat' dir='ltr'><strong>lragantibus</strong></span> <span class='ocrx_word' id='word_1_182' title='bbox 2522 1984 2806 2054; x_wconf 76' lang='lat' dir='ltr'><strong>dignanter</strong></span> <span class='ocrx_word' id='word_1_183' title='bbox 2842 1985 3151 2053; x_wconf 81' lang='lat' dir='ltr'><strong>oﬂ&#39;erimus;</strong></span> <span class='ocrx_word' id='word_1_184' title='bbox 3207 2004 3511 2058; x_wconf 81' lang='lat' dir='ltr'><strong>exposcens</strong></span> <span class='ocrx_word' id='word_1_185' title='bbox 3539 2007 3641 2061; x_wconf 87' lang='lat' dir='ltr'><strong>pro</strong></span> <span class='ocrx_word' id='word_1_186' title='bbox 3672 1995 3749 2050; x_wconf 90' lang='lat' dir='ltr'><strong>his</strong></span> 
     </span>
    </p>
   </div>
   <div class='ocr_carea' id='block_1_32' title="bbox 2164 2073 3750 2153">
    <p class='ocr_par' dir='ltr' id='par_1_32' title="bbox 2164 2073 3750 2153">
     <span class='ocr_line' id='line_1_32' title="bbox 2164 2073 3750 2153; baseline 0.008 -25"><span class='ocrx_word' id='word_1_187' title='bbox 2164 2073 2604 2130; x_wconf 87' lang='lat' dir='ltr'><strong>intercessionem</strong></span> <span class='ocrx_word' id='word_1_188' title='bbox 2631 2077 2871 2130; x_wconf 90' lang='lat' dir='ltr'><strong>omnium</strong></span> <span class='ocrx_word' id='word_1_189' title='bbox 2902 2077 3222 2133; x_wconf 88' lang='lat' dir='ltr'><strong>delictorum</strong></span> <span class='ocrx_word' id='word_1_190' title='bbox 3243 2121 3257 2145; x_wconf 88' lang='lat'><strong>,</strong></span> <span class='ocrx_word' id='word_1_191' title='bbox 3288 2091 3450 2149; x_wconf 87' lang='lat' dir='ltr'><strong>atque</strong></span> <span class='ocrx_word' id='word_1_192' title='bbox 3483 2083 3538 2137; x_wconf 91' lang='lat' dir='ltr'><strong>in</strong></span> <span class='ocrx_word' id='word_1_193' title='bbox 3575 2093 3750 2153; x_wconf 83' lang='lat' dir='ltr'><strong>poste-</strong></span> 
     </span>
    </p>
   </div>
   <div class='ocr_carea' id='block_1_33' title="bbox 2165 2166 3747 2242">
    <p class='ocr_par' dir='ltr' id='par_1_33' title="bbox 2165 2166 3747 2242">
     <span class='ocr_line' id='line_1_33' title="bbox 2165 2166 3747 2242; baseline 0.005 -22"><span class='ocrx_word' id='word_1_194' title='bbox 2165 2179 2282 2220; x_wconf 90' lang='lat' dir='ltr'><strong>rum</strong></span> <span class='ocrx_word' id='word_1_195' title='bbox 2321 2166 2446 2236; x_wconf 86' lang='lat' dir='ltr'><strong>juge</strong></span> <span class='ocrx_word' id='word_1_196' title='bbox 2492 2166 2798 2236; x_wconf 76' lang='lat' dir='ltr'><strong>praesidium</strong></span> <span class='ocrx_word' id='word_1_197' title='bbox 2849 2179 3195 2238; x_wconf 88' lang='lat' dir='ltr'><strong>patronorum</strong></span> <span class='ocrx_word' id='word_1_198' title='bbox 3226 2187 3440 2242; x_wconf 86' lang='lat' dir='ltr'><strong>semper</strong></span> <span class='ocrx_word' id='word_1_199' title='bbox 3480 2189 3747 2231; x_wconf 88' lang='lat' dir='ltr'><strong>meorum.</strong></span> 
     </span>
    </p>
   </div>
   <div class='ocr_carea' id='block_1_34' title="bbox 2165 2261 3745 2334">
    <p class='ocr_par' dir='ltr' id='par_1_34' title="bbox 2165 2261 3745 2334">
     <span class='ocr_line' id='line_1_34' title="bbox 2165 2261 3745 2334; baseline 0.004 -21"><span class='ocrx_word' id='word_1_200' title='bbox 2165 2261 2484 2315; x_wconf 86' lang='lat' dir='ltr'><strong>Mementote</strong></span> <span class='ocrx_word' id='word_1_201' title='bbox 2509 2273 2606 2314; x_wconf 88' lang='lat' dir='ltr'><strong>vos</strong></span> <span class='ocrx_word' id='word_1_202' title='bbox 2643 2275 2854 2330; x_wconf 92' lang='lat' dir='ltr'><strong>quoque</strong></span> <span class='ocrx_word' id='word_1_203' title='bbox 2884 2262 3075 2326; x_wconf 88' lang='lat' dir='ltr'><strong>nostri,</strong></span> <span class='ocrx_word' id='word_1_204' title='bbox 3110 2264 3163 2318; x_wconf 91' lang='lat' dir='ltr'><strong>in</strong></span> <span class='ocrx_word' id='word_1_205' title='bbox 3189 2273 3480 2334; x_wconf 87' lang='lat' dir='ltr'><strong>conspectu</strong></span> <span class='ocrx_word' id='word_1_206' title='bbox 3510 2267 3745 2333; x_wconf 88' lang='lat' dir='ltr'><strong>Domini,</strong></span> 
     </span>
    </p>
   </div>
   <div class='ocr_carea' id='block_1_35' title="bbox 2159 2351 3746 2427">
    <p class='ocr_par' dir='ltr' id='par_1_35' title="bbox 2159 2351 3746 2427">
     <span class='ocr_line' id='line_1_35' title="bbox 2159 2351 3746 2427; baseline 0.005 -22"><span class='ocrx_word' id='word_1_207' title='bbox 2159 2359 2466 2405; x_wconf 89' lang='lat' dir='ltr'><strong>sanctorum</strong></span> <span class='ocrx_word' id='word_1_208' title='bbox 2486 2364 2700 2420; x_wconf 88' lang='lat' dir='ltr'><strong>semper</strong></span> <span class='ocrx_word' id='word_1_209' title='bbox 2720 2351 2910 2408; x_wconf 77' lang='lat' dir='ltr'><strong>ofﬁciis</strong></span> <span class='ocrx_word' id='word_1_210' title='bbox 2932 2353 3278 2419; x_wconf 66' lang='lat' dir='ltr'><strong>inltmrentes,</strong></span> <span class='ocrx_word' id='word_1_211' title='bbox 3299 2357 3519 2412; x_wconf 90' lang='lat' dir='ltr'><strong>domine</strong></span> <span class='ocrx_word' id='word_1_212' title='bbox 3539 2368 3746 2427; x_wconf 84' lang='lat' dir='ltr'><strong>sancte,</strong></span> 
     </span>
    </p>
   </div>
   <div class='ocr_carea' id='block_1_36' title="bbox 2159 2438 2979 2498">
    <p class='ocr_par' dir='ltr' id='par_1_36' title="bbox 2159 2438 2979 2498">
     <span class='ocr_line' id='line_1_36' title="bbox 2159 2438 2979 2498; baseline 0.006 -4"><span class='ocrx_word' id='word_1_213' title='bbox 2159 2449 2215 2494; x_wconf 88' lang='lat' dir='ltr'><strong>et</strong></span> <span class='ocrx_word' id='word_1_214' title='bbox 2243 2439 2431 2495; x_wconf 91' lang='lat' dir='ltr'><strong>merito</strong></span> <span class='ocrx_word' id='word_1_215' title='bbox 2459 2438 2764 2497; x_wconf 88' lang='lat' dir='ltr'><strong>beatissime</strong></span> <span class='ocrx_word' id='word_1_216' title='bbox 2791 2441 2979 2498; x_wconf 80' lang='lat' dir='ltr'><strong>frater.</strong></span> 
     </span>
    </p>
   </div>
   <div class='ocr_carea' id='block_1_37' title="bbox 2157 2569 2672 2637">
    <p class='ocr_par' dir='ltr' id='par_1_37' title="bbox 2157 2569 2672 2637">
     <span class='ocr_line' id='line_1_37' title="bbox 2157 2569 2672 2637; baseline 0.006 -13"><span class='ocrx_word' id='word_1_217' title='bbox 2157 2569 2541 2637; x_wconf 76' lang='lat' dir='ltr'><strong>sollicitudinis,</strong></span> <span class='ocrx_word' id='word_1_218' title='bbox 2565 2581 2672 2629; x_wconf 83' lang='lat' dir='ltr'><strong>etc.</strong></span> 
     </span>
    </p>
   </div>
   <div class='ocr_carea' id='block_1_38' title="bbox 2227 2638 3742 2723">
    <p class='ocr_par' dir='ltr' id='par_1_38' title="bbox 2227 2638 3742 2723">
     <span class='ocr_line' id='line_1_38' title="bbox 2227 2638 3742 2723; baseline 0.014 -31"><span class='ocrx_word' id='word_1_219' title='bbox 2227 2638 2256 2723; x_wconf 58' lang='grc' dir='ltr'><strong>ιξ</strong></span> <span class='ocrx_word' id='word_1_220' title='bbox 2466 2653 2519 2697; x_wconf 90' lang='lat' dir='ltr'><strong>et</strong></span> <span class='ocrx_word' id='word_1_221' title='bbox 2545 2644 2598 2723; x_wconf 81' lang='lat' dir='ltr'><strong>in</strong></span> <span class='ocrx_word' id='word_1_222' title='bbox 2627 2643 2784 2712; x_wconf 92' lang='lat' dir='ltr'><strong>edit.,</strong></span> <span class='ocrx_word' id='word_1_223' title='bbox 2815 2643 3008 2723; x_wconf 74' lang='lat' dir='ltr'><strong>Misi...</strong></span> <span class='ocrx_word' id='word_1_224' title='bbox 3030 2648 3274 2723; x_wconf 73' lang='lat' dir='ltr'><strong>scriptam</strong></span> <span class='ocrx_word' id='word_1_225' title='bbox 3295 2658 3616 2723; x_wconf 80' lang='lat' dir='ltr'><strong>nostrorum,</strong></span> <span class='ocrx_word' id='word_1_226' title='bbox 3642 2668 3742 2713; x_wconf 85' lang='lat' dir='ltr'><strong>etc.</strong></span> 
     </span>
    </p>
   </div>
   <div class='ocr_carea' id='block_1_39' title="bbox 2232 2710 3742 2792">
    <p class='ocr_par' dir='ltr' id='par_1_39' title="bbox 2232 2710 3742 2792">
     <span class='ocr_line' id='line_1_39' title="bbox 2232 2710 3742 2792; baseline 0.013 -27"><span class='ocrx_word' id='word_1_227' title='bbox 2232 2710 2507 2792; x_wconf 52' lang='lat' dir='ltr'><strong>fuNudtrm</strong></span> <span class='ocrx_word' id='word_1_228' title='bbox 2549 2715 2668 2781; x_wconf 87' lang='lat' dir='ltr'><strong>ejus</strong></span> <span class='ocrx_word' id='word_1_229' title='bbox 2695 2710 2889 2792; x_wconf 77' lang='lat' dir='ltr'><strong>nomen</strong></span> <span class='ocrx_word' id='word_1_230' title='bbox 2910 2717 3061 2792; x_wconf 69' lang='lat' dir='ltr'><strong>inter</strong></span> <span class='ocrx_word' id='word_1_231' title='bbox 3087 2710 3377 2792; x_wconf 70' lang='lat' dir='ltr'><strong>episcopos</strong></span> <span class='ocrx_word' id='word_1_232' title='bbox 3395 2710 3742 2784; x_wconf 52' lang='lat' dir='ltr'><strong>Generenses</strong></span> 
     </span>
    </p>
   </div>
   <div class='ocr_carea' id='block_1_40' title="bbox 2156 2779 3587 2851">
    <p class='ocr_par' dir='ltr' id='par_1_40' title="bbox 2156 2779 3587 2851">
     <span class='ocr_line' id='line_1_40' title="bbox 2156 2779 3587 2851; baseline 0.008 -15"><span class='ocrx_word' id='word_1_233' title='bbox 2156 2779 2411 2851; x_wconf 65' lang='lat' dir='ltr'><strong>exhibent</strong></span> <span class='ocrx_word' id='word_1_234' title='bbox 2435 2779 2867 2851; x_wconf 85' lang='lat' dir='ltr'><strong>Sammarthani,</strong></span> <span class='ocrx_word' id='word_1_235' title='bbox 2902 2785 3086 2841; x_wconf 74' lang='lat' dir='ltr'><strong>Gallia:</strong></span> <span class='ocrx_word' id='word_1_236' title='bbox 3115 2779 3316 2845; x_wconf 71' lang='lat' dir='ltr'><strong>Christ.</strong></span> <span class='ocrx_word' id='word_1_237' title='bbox 3351 2803 3482 2849; x_wconf 90' lang='lat' dir='ltr'><strong>tom.</strong></span> <span class='ocrx_word' id='word_1_238' title='bbox 3518 2795 3587 2850; x_wconf 82' lang='grc'><strong>11.</strong></span> 
     </span>
    </p>
   </div>
   <div class='ocr_carea' id='block_1_41' title="bbox 2230 2847 3745 2932">
    <p class='ocr_par' dir='ltr' id='par_1_41' title="bbox 2230 2847 3745 2932">
     <span class='ocr_line' id='line_1_41' title="bbox 2230 2847 3745 2932; baseline 0.012 -29"><span class='ocrx_word' id='word_1_239' title='bbox 2230 2847 2257 2886; x_wconf 75' lang='grc' dir='ltr'><strong><em>ἀ</em></strong></span> <span class='ocrx_word' id='word_1_240' title='bbox 2297 2850 2610 2932; x_wconf 57' lang='lat' dir='ltr'><strong>Theodorus</strong></span> <span class='ocrx_word' id='word_1_241' title='bbox 2650 2847 2933 2932; x_wconf 73' lang='lat' dir='ltr'><strong>episcopus</strong></span> <span class='ocrx_word' id='word_1_242' title='bbox 2978 2857 3367 2932; x_wconf 86' lang='lat' dir='ltr'><strong>_Oetodorensis</strong></span> <span class='ocrx_word' id='word_1_243' title='bbox 3417 2847 3745 2922; x_wconf 38' lang='lat' dir='ltr'><strong>sive—Sedu-</strong></span> 
     </span>
    </p>
   </div>
   <div class='ocr_carea' id='block_1_42' title="bbox 2159 2922 3743 3004">
    <p class='ocr_par' dir='ltr' id='par_1_42' title="bbox 2159 2922 3743 3004">
     <span class='ocr_line' id='line_1_42' title="bbox 2159 2922 3743 3004; baseline 0.011 -30"><span class='ocrx_word' id='word_1_244' title='bbox 2159 2922 2377 3004; x_wconf 74' lang='lat' dir='ltr'><strong>musis,</strong></span> <span class='ocrx_word' id='word_1_245' title='bbox 2409 2922 2462 2974; x_wconf 91' lang='lat' dir='ltr'><strong>iu</strong></span> <span class='ocrx_word' id='word_1_246' title='bbox 2501 2922 2915 3004; x_wconf 38' lang='lat' dir='ltr'><strong>cu_j&#39;us.&#39;dim_cesi</strong></span> <span class='ocrx_word' id='word_1_247' title='bbox 2962 2927 3246 3004; x_wconf 49' lang='lat' dir='ltr'><strong>agaunum</strong></span> <span class='ocrx_word' id='word_1_248' title='bbox 3267 2933 3438 3004; x_wconf 89' lang='lat' dir='ltr'><strong>_situm</strong></span> <span class='ocrx_word' id='word_1_249' title='bbox 3469 2944 3589 3004; x_wconf 81' lang='lat' dir='ltr'><strong>est,</strong></span> <span class='ocrx_word' id='word_1_250' title='bbox 3622 2938 3743 2992; x_wconf 89' lang='lat' dir='ltr'><strong>sub-</strong></span> 
     </span>
    </p>
   </div>
   <div class='ocr_carea' id='block_1_43' title="bbox 2159 2991 3307 3064">
    <p class='ocr_par' dir='ltr' id='par_1_43' title="bbox 2159 2991 3307 3064">
     <span class='ocr_line' id='line_1_43' title="bbox 2159 2991 3307 3064; baseline 0.007 -19"><span class='ocrx_word' id='word_1_251' title='bbox 2159 2991 2376 3058; x_wconf 87' lang='lat' dir='ltr'><strong>scripsit</strong></span> <span class='ocrx_word' id='word_1_252' title='bbox 2399 2993 2626 3047; x_wconf 91' lang='lat' dir='ltr'><strong>concilio</strong></span> <span class='ocrx_word' id='word_1_253' title='bbox 2653 2993 2984 3064; x_wconf 81' lang='lat' dir='ltr'><strong>Aquileiensi</strong></span> <span class='ocrx_word' id='word_1_254' title='bbox 3011 2991 3154 3052; x_wconf 73' lang='lat' dir='ltr'><strong>anno</strong></span> <span class='ocrx_word' id='word_1_255' title='bbox 3185 2998 3307 3054; x_wconf 83' lang='grc'><strong>581.</strong></span> 
     </span>
    </p>
   </div>
   <div class='ocr_carea' id='block_1_44' title="bbox 487 3119 3726 3154">
    <p class='ocr_par' dir='ltr' id='par_1_44' title="bbox 487 3119 3726 3154">
     <span class='ocr_line' id='line_1_44' title="bbox 487 3119 3726 3154; baseline 0 -14"><span class='ocrx_word' id='word_1_256' title='bbox 487 3119 3726 3154; x_wconf 52' lang='lat'><strong>-—_———‘—&#39;——_-——-—_—_——-__~</strong></span> 
     </span>
    </p>
   </div>
   <div class='ocr_carea' id='block_1_45' title="bbox 1033 3190 3150 3316">
    <p class='ocr_par' dir='ltr' id='par_1_45' title="bbox 1033 3190 3150 3316">
     <span class='ocr_line' id='line_1_45' title="bbox 1033 3190 3150 3316; baseline 0.001 -4"><span class='ocrx_word' id='word_1_257' title='bbox 1033 3227 1430 3312; x_wconf 83' lang='lat' dir='ltr'><strong>PASSIO</strong></span> <span class='ocrx_word' id='word_1_258' title='bbox 1507 3224 2368 3311; x_wconf 86' lang='lat' dir='ltr'><strong>AGAUNENSIUM</strong></span> <span class='ocrx_word' id='word_1_259' title='bbox 2402 3190 2404 3193; x_wconf 71' lang='grc'><em>’</em></span> <span class='ocrx_word' id='word_1_260' title='bbox 2441 3228 3150 3316; x_wconf 80' lang='lat' dir='ltr'><strong>MARTYRUM.</strong></span> 
     </span>
    </p>
   </div>
   <div class='ocr_carea' id='block_1_46' title="bbox 549 3379 3742 3454">
    <p class='ocr_par' dir='ltr' id='par_1_46' title="bbox 549 3379 3742 3454">
     <span class='ocr_line' id='line_1_46' title="bbox 549 3379 3742 3454; baseline 0.001 -12"><span class='ocrx_word' id='word_1_261' title='bbox 549 3389 587 3442; x_wconf 96' lang='lat' dir='ltr'><strong>I.</strong></span> <span class='ocrx_word' id='word_1_262' title='bbox 629 3388 946 3444; x_wconf 72' lang='lat' dir='ltr'><strong>Sanctorum</strong></span> <span class='ocrx_word' id='word_1_263' title='bbox 981 3385 1283 3454; x_wconf 87' lang='lat' dir='ltr'><strong>passionem</strong></span> <span class='ocrx_word' id='word_1_264' title='bbox 1314 3391 1610 3453; x_wconf 84' lang='lat' dir='ltr'><strong>martyrum</strong></span> <span class='ocrx_word' id='word_1_265' title='bbox 1649 3381 1739 3449; x_wconf 90' lang='lat' dir='ltr'><strong>qui</strong></span> <span class='ocrx_word' id='word_1_266' title='bbox 1766 3380 2042 3434; x_wconf 84' lang='lat' dir='ltr'><strong>Acaunum</strong></span> <span class='ocrx_word' id='word_1_267' title='bbox 2075 3380 2587 3451; x_wconf 81' lang='lat' dir='ltr'><strong>Bexstinguendum</strong></span> <span class='ocrx_word' id='word_1_268' title='bbox 2624 3379 3043 3439; x_wconf 85' lang='lat' dir='ltr'><strong>Christianitatis</strong></span> <span class='ocrx_word' id='word_1_269' title='bbox 3079 3399 3272 3439; x_wconf 88' lang='lat' dir='ltr'><strong>nomen</strong></span> <span class='ocrx_word' id='word_1_270' title='bbox 3311 3402 3645 3449; x_wconf 83' lang='lat' dir='ltr'><strong>armaverat.</strong></span> <span class='ocrx_word' id='word_1_271' title='bbox 3689 3395 3742 3451; x_wconf 90' lang='lat' dir='ltr'><strong>Si</strong></span> 
     </span>
    </p>
   </div>
   <div class='ocr_carea' id='block_1_47' title="bbox 475 3471 2049 3550">
    <p class='ocr_par' dir='ltr' id='par_1_47' title="bbox 475 3471 2049 3550">
     <span class='ocr_line' id='line_1_47' title="bbox 475 3471 2049 3550; baseline -0.008 -15"><span class='ocrx_word' id='word_1_272' title='bbox 475 3480 712 3550; x_wconf 87' lang='lat' dir='ltr'><strong>glorioso</strong></span> <span class='ocrx_word' id='word_1_273' title='bbox 757 3477 1016 3548; x_wconf 81' lang='lat' dir='ltr'><strong>sanguine</strong></span> <span class='ocrx_word' id='word_1_274' title='bbox 1055 3476 1360 3540; x_wconf 85' lang='lat' dir='ltr'><strong>illustrant,</strong></span> <span class='ocrx_word' id='word_1_275' title='bbox 1402 3487 1496 3543; x_wconf 89' lang='lat' dir='ltr'><strong>pro</strong></span> <span class='ocrx_word' id='word_1_276' title='bbox 1533 3471 1735 3526; x_wconf 87' lang='lat' dir='ltr'><strong>honore</strong></span> <span class='ocrx_word' id='word_1_277' title='bbox 1776 3478 2049 3550; x_wconf 77' lang='lat' dir='ltr'><strong>gestorum</strong></span> 
     </span>
    </p>
   </div>
   <div class='ocr_carea' id='block_1_48' title="bbox 473 3546 2051 3641">
    <p class='ocr_par' dir='ltr' id='par_1_48' title="bbox 473 3546 2051 3641">
     <span class='ocr_line' id='line_1_48' title="bbox 473 3546 2051 3641; baseline -0.005 -17"><span class='ocrx_word' id='word_1_278' title='bbox 473 3546 614 3641; x_wconf 67' lang='lat' dir='ltr'><strong>stylo</strong></span> <span class='ocrx_word' id='word_1_279' title='bbox 635 3546 988 3639; x_wconf 86' lang='lat' dir='ltr'><strong>explicamus,</strong></span> <span class='ocrx_word' id='word_1_280' title='bbox 1012 3582 1076 3623; x_wconf 85' lang='lat' dir='ltr'><strong>ca</strong></span> <span class='ocrx_word' id='word_1_281' title='bbox 1101 3567 1280 3637; x_wconf 86' lang='lat' dir='ltr'><strong>utique</strong></span> <span class='ocrx_word' id='word_1_282' title='bbox 1305 3565 1429 3631; x_wconf 85' lang='lat' dir='ltr'><strong>ﬁde,</strong></span> <span class='ocrx_word' id='word_1_283' title='bbox 1458 3578 1562 3636; x_wconf 91' lang='lat' dir='ltr'><strong>qua</strong></span> <span class='ocrx_word' id='word_1_284' title='bbox 1590 3563 1656 3618; x_wconf 91' lang='lat' dir='ltr'><strong>ad</strong></span> <span class='ocrx_word' id='word_1_285' title='bbox 1685 3546 1788 3617; x_wconf 78' lang='lat' dir='ltr'><strong>nos</strong></span> <span class='ocrx_word' id='word_1_286' title='bbox 1809 3561 2051 3633; x_wconf 81' lang='lat' dir='ltr'><strong>martyrii</strong></span> 
     </span>
    </p>
   </div>
   <div class='ocr_carea' id='block_1_49' title="bbox 472 3656 2048 3734">
    <p class='ocr_par' dir='ltr' id='par_1_49' title="bbox 472 3656 2048 3734">
     <span class='ocr_line' id='line_1_49' title="bbox 472 3656 2048 3734; baseline -0.006 -16"><span class='ocrx_word' id='word_1_287' title='bbox 472 3664 607 3718; x_wconf 92' lang='lat' dir='ltr'><strong>ordo</strong></span> <span class='ocrx_word' id='word_1_288' title='bbox 639 3663 902 3734; x_wconf 87' lang='lat' dir='ltr'><strong>pervenit.</strong></span> <span class='ocrx_word' id='word_1_289' title='bbox 949 3661 1080 3716; x_wconf 83' lang='lat' dir='ltr'><strong>Nam</strong></span> <span class='ocrx_word' id='word_1_290' title='bbox 1130 3675 1224 3731; x_wconf 89' lang='lat' dir='ltr'><strong>per</strong></span> <span class='ocrx_word' id='word_1_291' title='bbox 1269 3658 1668 3714; x_wconf 88' lang='lat' dir='ltr'><strong>succedentium</strong></span> <span class='ocrx_word' id='word_1_292' title='bbox 1710 3656 2048 3720; x_wconf 88' lang='lat' dir='ltr'><strong>relationem,</strong></span> 
     </span>
    </p>
   </div>
   <div class='ocr_carea' id='block_1_50' title="bbox 473 3747 2050 3826">
    <p class='ocr_par' dir='ltr' id='par_1_50' title="bbox 473 3747 2050 3826">
     <span class='ocr_line' id='line_1_50' title="bbox 473 3747 2050 3826; baseline -0.005 -16"><span class='ocrx_word' id='word_1_293' title='bbox 473 3756 551 3812; x_wconf 89' lang='lat' dir='ltr'><strong>rei</strong></span> <span class='ocrx_word' id='word_1_294' title='bbox 579 3765 744 3826; x_wconf 70' lang='lat' dir='ltr'><strong>gestae</strong></span> <span class='ocrx_word' id='word_1_295' title='bbox 773 3755 1083 3810; x_wconf 89' lang='lat' dir='ltr'><strong>memoriam</strong></span> <span class='ocrx_word' id='word_1_296' title='bbox 1110 3752 1344 3808; x_wconf 90' lang='lat' dir='ltr'><strong>nondum</strong></span> <span class='ocrx_word' id='word_1_297' title='bbox 1370 3751 1650 3822; x_wconf 88' lang='lat' dir='ltr'><strong>intercepit</strong></span> <span class='ocrx_word' id='word_1_298' title='bbox 1679 3749 1875 3805; x_wconf 85' lang='lat' dir='ltr'><strong>oblivio</strong></span> <span class='ocrx_word' id='word_1_299' title='bbox 1904 3765 1919 3803; x_wconf 92' lang='lat'><strong>:</strong></span> <span class='ocrx_word' id='word_1_300' title='bbox 1949 3747 2050 3802; x_wconf 89' lang='lat' dir='ltr'><strong>etsi</strong></span> 
     </span>
    </p>
   </div>
   <div class='ocr_carea' id='block_1_51' title="bbox 471 3837 2049 3918">
    <p class='ocr_par' dir='ltr' id='par_1_51' title="bbox 471 3837 2049 3918">
     <span class='ocr_line' id='line_1_51' title="bbox 471 3837 2049 3918; baseline -0.007 -15"><span class='ocrx_word' id='word_1_301' title='bbox 471 3863 570 3918; x_wconf 91' lang='lat' dir='ltr'><strong>pro</strong></span> <span class='ocrx_word' id='word_1_302' title='bbox 601 3846 923 3918; x_wconf 82' lang='lat' dir='ltr'><strong>martyribus</strong></span> <span class='ocrx_word' id='word_1_303' title='bbox 955 3845 1180 3916; x_wconf 73' lang='lat' dir='ltr'><strong>singulis</strong></span> <span class='ocrx_word' id='word_1_304' title='bbox 1210 3845 1327 3900; x_wconf 91' lang='lat' dir='ltr'><strong>loca</strong></span> <span class='ocrx_word' id='word_1_305' title='bbox 1352 3843 1579 3912; x_wconf 85' lang='lat' dir='ltr'><strong>singula,</strong></span> <span class='ocrx_word' id='word_1_306' title='bbox 1612 3858 1729 3912; x_wconf 67' lang='lat' dir='ltr'><strong>qua:</strong></span> <span class='ocrx_word' id='word_1_307' title='bbox 1758 3855 1851 3896; x_wconf 88' lang='lat' dir='ltr'><strong>eos</strong></span> <span class='ocrx_word' id='word_1_308' title='bbox 1881 3837 2049 3908; x_wconf 79' lang='lat' dir='ltr'><strong>possi-</strong></span> 
     </span>
    </p>
   </div>
   <div class='ocr_carea' id='block_1_52' title="bbox 473 3930 2051 4006">
    <p class='ocr_par' dir='ltr' id='par_1_52' title="bbox 473 3930 2051 4006">
     <span class='ocr_line' id='line_1_52' title="bbox 473 3930 2051 4006; baseline -0.006 -13"><span class='ocrx_word' id='word_1_309' title='bbox 473 3939 633 4002; x_wconf 90' lang='lat' dir='ltr'><strong>dent,</strong></span> <span class='ocrx_word' id='word_1_310' title='bbox 665 3937 748 3991; x_wconf 77' lang='lat' dir='ltr'><strong>vel</strong></span> <span class='ocrx_word' id='word_1_311' title='bbox 778 3935 998 4006; x_wconf 67' lang='lat' dir='ltr'><strong>singula:</strong></span> <span class='ocrx_word' id='word_1_312' title='bbox 1030 3936 1192 3991; x_wconf 78' lang='lat' dir='ltr'><strong>uibcs</strong></span> <span class='ocrx_word' id='word_1_313' title='bbox 1232 3935 1467 4004; x_wconf 78' lang='lat' dir='ltr'><strong>insignes</strong></span> <span class='ocrx_word' id='word_1_314' title='bbox 1499 3933 1793 3996; x_wconf 89' lang='lat' dir='ltr'><strong>habentur,</strong></span> <span class='ocrx_word' id='word_1_315' title='bbox 1823 3945 1920 3985; x_wconf 89' lang='lat' dir='ltr'><strong>nec</strong></span> <span class='ocrx_word' id='word_1_316' title='bbox 1948 3930 2051 3984; x_wconf 90' lang='lat' dir='ltr'><strong>im-</strong></span> 
     </span>
    </p>
   </div>
   <div class='ocr_carea' id='block_1_53' title="bbox 471 4021 2047 4098">
    <p class='ocr_par' dir='ltr' id='par_1_53' title="bbox 471 4021 2047 4098">
     <span class='ocr_line' id='line_1_53' title="bbox 471 4021 2047 4098; baseline -0.005 -16"><span class='ocrx_word' id='word_1_317' title='bbox 471 4027 686 4091; x_wconf 85' lang='lat' dir='ltr'><strong>merito,</strong></span> <span class='ocrx_word' id='word_1_318' title='bbox 719 4027 842 4096; x_wconf 86' lang='lat' dir='ltr'><strong>quia</strong></span> <span class='ocrx_word' id='word_1_319' title='bbox 873 4041 968 4098; x_wconf 91' lang='lat' dir='ltr'><strong>pro</strong></span> <span class='ocrx_word' id='word_1_320' title='bbox 998 4026 1110 4080; x_wconf 79' lang='lat' dir='ltr'><strong>Deo</strong></span> <span class='ocrx_word' id='word_1_321' title='bbox 1144 4041 1354 4079; x_wconf 80' lang='lat' dir='ltr'><strong>summo</strong></span> <span class='ocrx_word' id='word_1_322' title='bbox 1383 4033 1408 4060; x_wconf 76' lang='grc' dir='ltr'><strong>ι</strong></span> <span class='ocrx_word' id='word_1_323' title='bbox 1443 4025 1703 4093; x_wconf 86' lang='lat' dir='ltr'><strong>pretiosas</strong></span> <span class='ocrx_word' id='word_1_324' title='bbox 1729 4023 1933 4076; x_wconf 88' lang='lat' dir='ltr'><strong>animas</strong></span> <span class='ocrx_word' id='word_1_325' title='bbox 1962 4021 2047 4074; x_wconf 81' lang='lat' dir='ltr'><strong>tu-</strong></span> 
     </span>
    </p>
   </div>
   <div class='ocr_carea' id='block_1_54' title="bbox 470 4111 2049 4186">
    <p class='ocr_par' dir='ltr' id='par_1_54' title="bbox 470 4111 2049 4186">
     <span class='ocr_line' id='line_1_54' title="bbox 470 4111 2049 4186; baseline -0.004 -15"><span class='ocrx_word' id='word_1_326' title='bbox 470 4117 701 4182; x_wconf 89' lang='lat' dir='ltr'><strong>dcrunt;</strong></span> <span class='ocrx_word' id='word_1_327' title='bbox 741 4127 934 4186; x_wconf 89' lang='lat' dir='ltr'><strong>quanta</strong></span> <span class='ocrx_word' id='word_1_328' title='bbox 968 4114 1268 4169; x_wconf 88' lang='lat' dir='ltr'><strong>reverentia</strong></span> <span class='ocrx_word' id='word_1_329' title='bbox 1306 4113 1632 4169; x_wconf 85' lang='lat' dir='ltr'><strong>excolendus</strong></span> <span class='ocrx_word' id='word_1_330' title='bbox 1670 4122 1752 4167; x_wconf 87' lang='lat' dir='ltr'><strong>est</strong></span> <span class='ocrx_word' id='word_1_331' title='bbox 1779 4127 1930 4168; x_wconf 89' lang='lat' dir='ltr'><strong>sacer</strong></span> <span class='ocrx_word' id='word_1_332' title='bbox 1961 4111 2049 4165; x_wconf 84' lang='lat' dir='ltr'><strong>ille</strong></span> 
     </span>
    </p>
   </div>
   <div class='ocr_carea' id='block_1_55' title="bbox 469 4203 2046 4274">
    <p class='ocr_par' dir='ltr' id='par_1_55' title="bbox 469 4203 2046 4274">
     <span class='ocr_line' id='line_1_55' title="bbox 469 4203 2046 4274; baseline -0.004 -14"><span class='ocrx_word' id='word_1_333' title='bbox 469 4206 866 4260; x_wconf 81' lang='lat' dir='ltr'><strong>Acauneusium</strong></span> <span class='ocrx_word' id='word_1_334' title='bbox 889 4205 1057 4269; x_wconf 70' lang='lat' dir='ltr'><strong>locus,</strong></span> <span class='ocrx_word' id='word_1_335' title='bbox 1089 4205 1140 4258; x_wconf 90' lang='lat' dir='ltr'><strong>in</strong></span> <span class='ocrx_word' id='word_1_336' title='bbox 1163 4219 1268 4274; x_wconf 90' lang='lat' dir='ltr'><strong>quo</strong></span> <span class='ocrx_word' id='word_1_337' title='bbox 1290 4212 1366 4258; x_wconf 85' lang='lat' dir='ltr'><strong>tot</strong></span> <span class='ocrx_word' id='word_1_338' title='bbox 1394 4219 1488 4271; x_wconf 89' lang='lat' dir='ltr'><strong>pro</strong></span> <span class='ocrx_word' id='word_1_339' title='bbox 1518 4203 1727 4257; x_wconf 84' lang='lat' dir='ltr'><strong>Christo</strong></span> <span class='ocrx_word' id='word_1_340' title='bbox 1751 4213 2046 4272; x_wconf 86' lang='lat' dir='ltr'><strong>martyrum</strong></span> 
     </span>
    </p>
   </div>
   <div class='ocr_carea' id='block_1_56' title="bbox 471 4290 2048 4363">
    <p class='ocr_par' dir='ltr' id='par_1_56' title="bbox 471 4290 2048 4363">
     <span class='ocr_line' id='line_1_56' title="bbox 471 4290 2048 4363; baseline -0.006 -10"><span class='ocrx_word' id='word_1_341' title='bbox 471 4298 638 4353; x_wconf 89' lang='lat' dir='ltr'><strong>millia</strong></span> <span class='ocrx_word' id='word_1_342' title='bbox 669 4297 812 4352; x_wconf 75' lang='lat' dir='ltr'><strong>ferro</strong></span> <span class='ocrx_word' id='word_1_343' title='bbox 837 4312 976 4352; x_wconf 66' lang='lat' dir='ltr'><strong>causa</strong></span> <span class='ocrx_word' id='word_1_344' title='bbox 1005 4295 1342 4351; x_wconf 82' lang='lat' dir='ltr'><strong>referuntur?</strong></span> <span class='ocrx_word' id='word_1_345' title='bbox 1382 4293 1531 4348; x_wconf 83' lang='lat' dir='ltr'><strong>Nunc</strong></span> <span class='ocrx_word' id='word_1_346' title='bbox 1563 4293 1674 4363; x_wconf 82' lang='lat' dir='ltr'><strong>jam</strong></span> <span class='ocrx_word' id='word_1_347' title='bbox 1715 4294 1880 4362; x_wconf 90' lang='lat' dir='ltr'><strong>ipsam</strong></span> <span class='ocrx_word' id='word_1_348' title='bbox 1923 4290 2048 4345; x_wconf 87' lang='lat' dir='ltr'><strong>bea-</strong></span> 
     </span>
    </p>
   </div>
   <div class='ocr_carea' id='block_1_57' title="bbox 469 4385 1568 4458">
    <p class='ocr_par' dir='ltr' id='par_1_57' title="bbox 469 4385 1568 4458">
     <span class='ocr_line' id='line_1_57' title="bbox 469 4385 1568 4458; baseline -0.007 -13"><span class='ocrx_word' id='word_1_349' title='bbox 469 4389 692 4445; x_wconf 73' lang='lat' dir='ltr'><strong>tissima:</strong></span> <span class='ocrx_word' id='word_1_350' title='bbox 722 4387 985 4458; x_wconf 87' lang='lat' dir='ltr'><strong>passionis</strong></span> <span class='ocrx_word' id='word_1_351' title='bbox 1017 4402 1233 4442; x_wconf 88' lang='lat' dir='ltr'><strong>causam</strong></span> <span class='ocrx_word' id='word_1_352' title='bbox 1263 4385 1568 4454; x_wconf 89' lang='lat' dir='ltr'><strong>loquamur.</strong></span> 
     </span>
    </p>
   </div>
   <div class='ocr_carea' id='block_1_58' title="bbox 445 4475 2045 4551">
    <p class='ocr_par' dir='ltr' id='par_1_58' title="bbox 445 4475 2045 4551">
     <span class='ocr_line' id='line_1_58' title="bbox 445 4475 2045 4551; baseline -0.003 -17"><span class='ocrx_word' id='word_1_353' title='bbox 445 4507 449 4527; x_wconf 83' lang='grc' dir='ltr'><strong>ι</strong></span> <span class='ocrx_word' id='word_1_354' title='bbox 538 4479 603 4534; x_wconf 90' lang='lat' dir='ltr'><strong>ll.</strong></span> <span class='ocrx_word' id='word_1_355' title='bbox 643 4479 755 4536; x_wconf 89' lang='lat' dir='ltr'><strong>Sub</strong></span> <span class='ocrx_word' id='word_1_356' title='bbox 789 4479 1142 4544; x_wconf 75' lang='lat' dir='ltr'><strong>Maximiano,</strong></span> <span class='ocrx_word' id='word_1_357' title='bbox 1171 4478 1258 4548; x_wconf 90' lang='lat' dir='ltr'><strong>qui</strong></span> <span class='ocrx_word' id='word_1_358' title='bbox 1296 4476 1554 4531; x_wconf 66' lang='lat' dir='ltr'><strong>Romanas</strong></span> <span class='ocrx_word' id='word_1_359' title='bbox 1583 4475 1887 4543; x_wconf 67' lang='lat' dir='ltr'><strong>reipublicre</strong></span> <span class='ocrx_word' id='word_1_360' title='bbox 1921 4491 2045 4551; x_wconf 84' lang='lat' dir='ltr'><strong>cum</strong></span> 
     </span>
    </p>
   </div>
   <div class='ocr_carea' id='block_1_59' title="bbox 470 4554 2046 4641">
    <p class='ocr_par' dir='ltr' id='par_1_59' title="bbox 470 4554 2046 4641">
     <span class='ocr_line' id='line_1_59' title="bbox 470 4554 2046 4641; baseline -0.001 -17"><span class='ocrx_word' id='word_1_361' title='bbox 470 4570 805 4627; x_wconf 85' lang='lat' dir='ltr'><strong>Diocletiano</strong></span> <span class='ocrx_word' id='word_1_362' title='bbox 850 4572 1054 4641; x_wconf 78' lang='lat' dir='ltr'><strong>collega</strong></span> <span class='ocrx_word' id='word_1_363' title='bbox 1083 4571 1364 4639; x_wconf 87' lang='lat' dir='ltr'><strong>imperium</strong></span> <span class='ocrx_word' id='word_1_364' title='bbox 1409 4554 1621 4631; x_wconf 81' lang='lat' dir='ltr'><strong>tenuit,</strong></span> <span class='ocrx_word' id='word_1_365' title='bbox 1671 4582 1766 4637; x_wconf 89' lang='lat' dir='ltr'><strong>per</strong></span> <span class='ocrx_word' id='word_1_366' title='bbox 1808 4568 2046 4623; x_wconf 85' lang='lat' dir='ltr'><strong>diversas</strong></span> 
     </span>
    </p>
   </div>
   <div class='ocr_carea' id='block_1_60' title="bbox 469 4661 2043 4730">
    <p class='ocr_par' dir='ltr' id='par_1_60' title="bbox 469 4661 2043 4730">
     <span class='ocr_line' id='line_1_60' title="bbox 469 4661 2043 4730; baseline -0.001 -14"><span class='ocrx_word' id='word_1_367' title='bbox 469 4663 584 4717; x_wconf 77' lang='lat' dir='ltr'><strong>fere</strong></span> <span class='ocrx_word' id='word_1_368' title='bbox 617 4665 915 4730; x_wconf 80' lang='lat' dir='ltr'><strong>provincias</strong></span> <span class='ocrx_word' id='word_1_369' title='bbox 947 4664 1157 4726; x_wconf 86' lang='lat' dir='ltr'><strong>laniati,</strong></span> <span class='ocrx_word' id='word_1_370' title='bbox 1188 4673 1278 4715; x_wconf 90' lang='lat' dir='ltr'><strong>aut</strong></span> <span class='ocrx_word' id='word_1_371' title='bbox 1304 4661 1568 4716; x_wconf 81' lang='lat' dir='ltr'><strong>interiecti</strong></span> <span class='ocrx_word' id='word_1_372' title='bbox 1598 4669 1720 4714; x_wconf 88' lang='lat' dir='ltr'><strong>sunt</strong></span> <span class='ocrx_word' id='word_1_373' title='bbox 1747 4669 2043 4730; x_wconf 84' lang='lat' dir='ltr'><strong>martyrum</strong></span> 
     </span>
    </p>
   </div>
   <div class='ocr_carea' id='block_1_61' title="bbox 2155 3473 3742 3556">
    <p class='ocr_par' dir='ltr' id='par_1_61' title="bbox 2155 3473 3742 3556">
     <span class='ocr_line' id='line_1_61' title="bbox 2155 3473 3742 3556; baseline 0.013 -33"><span class='ocrx_word' id='word_1_374' title='bbox 2155 3473 2244 3542; x_wconf 88' lang='lat' dir='ltr'><strong>qui</strong></span> <span class='ocrx_word' id='word_1_375' title='bbox 2273 3483 2396 3527; x_wconf 92' lang='lat' dir='ltr'><strong>tunc</strong></span> <span class='ocrx_word' id='word_1_376' title='bbox 2429 3474 2520 3528; x_wconf 91' lang='lat' dir='ltr'><strong>Dei</strong></span> <span class='ocrx_word' id='word_1_377' title='bbox 2551 3474 2666 3528; x_wconf 81' lang='lat' dir='ltr'><strong>veri</strong></span> <span class='ocrx_word' id='word_1_378' title='bbox 2696 3475 2897 3529; x_wconf 89' lang='lat' dir='ltr'><strong>cultum</strong></span> <span class='ocrx_word' id='word_1_379' title='bbox 2932 3478 3168 3546; x_wconf 84' lang='lat' dir='ltr'><strong>proﬁteri</strong></span> <span class='ocrx_word' id='word_1_380' title='bbox 3195 3480 3501 3551; x_wconf 89' lang='lat' dir='ltr'><strong>audebant,</strong></span> <span class='ocrx_word' id='word_1_381' title='bbox 3535 3488 3742 3556; x_wconf 85' lang='lat' dir='ltr'><strong>sparsis</strong></span> 
     </span>
    </p>
   </div>
   <div class='ocr_carea' id='block_1_62' title="bbox 2154 3567 3742 3642">
    <p class='ocr_par' dir='ltr' id='par_1_62' title="bbox 2154 3567 3742 3642">
     <span class='ocr_line' id='line_1_62' title="bbox 2154 3567 3742 3642; baseline 0.006 -22"><span class='ocrx_word' id='word_1_382' title='bbox 2154 3581 2538 3637; x_wconf 88' lang='lat' dir='ltr'><strong>usquequaque</strong></span> <span class='ocrx_word' id='word_1_383' title='bbox 2567 3567 2792 3622; x_wconf 76' lang='lat' dir='ltr'><strong>militum</strong></span> <span class='ocrx_word' id='word_1_384' title='bbox 2822 3571 3030 3636; x_wconf 86' lang='lat' dir='ltr'><strong>turmis,</strong></span> <span class='ocrx_word' id='word_1_385' title='bbox 3059 3571 3140 3625; x_wconf 79' lang='lat' dir='ltr'><strong>vel</strong></span> <span class='ocrx_word' id='word_1_386' title='bbox 3167 3571 3232 3624; x_wconf 90' lang='lat' dir='ltr'><strong>ad</strong></span> <span class='ocrx_word' id='word_1_387' title='bbox 3255 3573 3540 3642; x_wconf 86' lang='lat' dir='ltr'><strong>supplicia,</strong></span> <span class='ocrx_word' id='word_1_388' title='bbox 3569 3577 3657 3633; x_wconf 86' lang='lat' dir='ltr'><strong>vel</strong></span> <span class='ocrx_word' id='word_1_389' title='bbox 3679 3581 3742 3631; x_wconf 91' lang='lat' dir='ltr'><strong>ad</strong></span> 
     </span>
    </p>
   </div>
   <div class='ocr_carea' id='block_1_63' title="bbox 2153 3658 3742 3738">
    <p class='ocr_par' dir='ltr' id='par_1_63' title="bbox 2153 3658 3742 3738">
     <span class='ocr_line' id='line_1_63' title="bbox 2153 3658 3742 3738; baseline 0.008 -27"><span class='ocrx_word' id='word_1_390' title='bbox 2153 3672 2344 3712; x_wconf 89' lang='lat' dir='ltr'><strong>necem</strong></span> <span class='ocrx_word' id='word_1_391' title='bbox 2369 3658 2751 3728; x_wconf 88' lang='lat' dir='ltr'><strong>rapiebantur:</strong></span> <span class='ocrx_word' id='word_1_392' title='bbox 2776 3674 2837 3713; x_wconf 86' lang='lat' dir='ltr'><strong>ac</strong></span> <span class='ocrx_word' id='word_1_393' title='bbox 2862 3659 3011 3714; x_wconf 89' lang='lat' dir='ltr'><strong>velut</strong></span> <span class='ocrx_word' id='word_1_394' title='bbox 3038 3664 3318 3718; x_wconf 90' lang='lat' dir='ltr'><strong>vacatione</strong></span> <span class='ocrx_word' id='word_1_395' title='bbox 3344 3663 3598 3722; x_wconf 84' lang='lat' dir='ltr'><strong>barbaris</strong></span> <span class='ocrx_word' id='word_1_396' title='bbox 3616 3684 3742 3738; x_wconf 82' lang='lat' dir='ltr'><strong>gen-</strong></span> 
     </span>
    </p>
   </div>
   <div class='ocr_carea' id='block_1_64' title="bbox 2155 3746 3740 3819">
    <p class='ocr_par' dir='ltr' id='par_1_64' title="bbox 2155 3746 3740 3819">
     <span class='ocr_line' id='line_1_64' title="bbox 2155 3746 3740 3819; baseline 0.007 -19"><span class='ocrx_word' id='word_1_397' title='bbox 2155 3747 2297 3802; x_wconf 91' lang='lat' dir='ltr'><strong>tibus</strong></span> <span class='ocrx_word' id='word_1_398' title='bbox 2318 3746 2461 3813; x_wconf 89' lang='lat' dir='ltr'><strong>data,</strong></span> <span class='ocrx_word' id='word_1_399' title='bbox 2489 3762 2706 3816; x_wconf 88' lang='lat' dir='ltr'><strong>prorsus</strong></span> <span class='ocrx_word' id='word_1_400' title='bbox 2737 3748 2791 3803; x_wconf 91' lang='lat' dir='ltr'><strong>in</strong></span> <span class='ocrx_word' id='word_1_401' title='bbox 2816 3750 3127 3819; x_wconf 85' lang='lat' dir='ltr'><strong>religionem</strong></span> <span class='ocrx_word' id='word_1_402' title='bbox 3155 3767 3304 3806; x_wconf 89' lang='lat' dir='ltr'><strong>arma</strong></span> <span class='ocrx_word' id='word_1_403' title='bbox 3341 3768 3740 3813; x_wconf 83' lang='lat' dir='ltr'><strong>commoverat.</strong></span> 
     </span>
    </p>
   </div>
   <div class='ocr_carea' id='block_1_65' title="bbox 2157 3837 3741 3919">
    <p class='ocr_par' dir='ltr' id='par_1_65' title="bbox 2157 3837 3741 3919">
     <span class='ocr_line' id='line_1_65' title="bbox 2157 3837 3741 3919; baseline 0.008 -29"><span class='ocrx_word' id='word_1_404' title='bbox 2157 3837 2282 3891; x_wconf 82' lang='lat' dir='ltr'><strong>Erat</strong></span> <span class='ocrx_word' id='word_1_405' title='bbox 2312 3838 2501 3894; x_wconf 91' lang='lat' dir='ltr'><strong>eodem</strong></span> <span class='ocrx_word' id='word_1_406' title='bbox 2533 3849 2773 3909; x_wconf 90' lang='lat' dir='ltr'><strong>tempore</strong></span> <span class='ocrx_word' id='word_1_407' title='bbox 2813 3841 2866 3894; x_wconf 92' lang='lat' dir='ltr'><strong>in</strong></span> <span class='ocrx_word' id='word_1_408' title='bbox 2906 3842 3142 3896; x_wconf 85' lang='lat' dir='ltr'><strong>exercitu</strong></span> <span class='ocrx_word' id='word_1_409' title='bbox 3174 3842 3312 3913; x_wconf 85' lang='lat' dir='ltr'><strong>legio</strong></span> <span class='ocrx_word' id='word_1_410' title='bbox 3343 3844 3581 3902; x_wconf 88' lang='lat' dir='ltr'><strong>militum</strong></span> <span class='ocrx_word' id='word_1_411' title='bbox 3605 3890 3621 3916; x_wconf 89' lang='lat'><strong>,</strong></span> <span class='ocrx_word' id='word_1_412' title='bbox 3651 3849 3741 3919; x_wconf 91' lang='lat' dir='ltr'><strong>qui</strong></span> 
     </span>
    </p>
   </div>
   <div class='ocr_carea' id='block_1_66' title="bbox 2151 3929 3745 4008">
    <p class='ocr_par' dir='ltr' id='par_1_66' title="bbox 2151 3929 3745 4008">
     <span class='ocr_line' id='line_1_66' title="bbox 2151 3929 3745 4008; baseline 0.009 -25"><span class='ocrx_word' id='word_1_413' title='bbox 2151 3929 2368 3986; x_wconf 75' lang='lat' dir='ltr'><strong>Thebtei</strong></span> <span class='ocrx_word' id='word_1_414' title='bbox 2392 3931 2820 4001; x_wconf 86' lang='lat' dir='ltr'><strong>appellabantur.</strong></span> <span class='ocrx_word' id='word_1_415' title='bbox 2851 3931 3016 4004; x_wconf 89' lang='lat' dir='ltr'><strong>Legio</strong></span> <span class='ocrx_word' id='word_1_416' title='bbox 3049 3945 3225 3990; x_wconf 90' lang='lat' dir='ltr'><strong>autem</strong></span> <span class='ocrx_word' id='word_1_417' title='bbox 3263 3936 3583 4007; x_wconf 85' lang='lat' dir='ltr'><strong>vocabatur,</strong></span> <span class='ocrx_word' id='word_1_418' title='bbox 3621 3957 3745 4008; x_wconf 70' lang='lat' dir='ltr'><strong>qua:</strong></span> 
     </span>
    </p>
   </div>
   <div class='ocr_carea' id='block_1_67' title="bbox 2153 4024 3742 4097">
    <p class='ocr_par' dir='ltr' id='par_1_67' title="bbox 2153 4024 3742 4097">
     <span class='ocr_line' id='line_1_67' title="bbox 2153 4024 3742 4097; baseline 0.008 -21"><span class='ocrx_word' id='word_1_419' title='bbox 2153 4033 2280 4080; x_wconf 88' lang='lat' dir='ltr'><strong>tunc</strong></span> <span class='ocrx_word' id='word_1_420' title='bbox 2304 4039 2398 4097; x_wconf 82' lang='lat' dir='ltr'><strong>sex</strong></span> <span class='ocrx_word' id='word_1_421' title='bbox 2424 4024 2587 4079; x_wconf 89' lang='lat' dir='ltr'><strong>millia</strong></span> <span class='ocrx_word' id='word_1_422' title='bbox 2609 4039 2672 4078; x_wconf 90' lang='lat' dir='ltr'><strong>ac</strong></span> <span class='ocrx_word' id='word_1_423' title='bbox 2691 4037 2974 4082; x_wconf 80' lang='lat' dir='ltr'><strong>sexcentos</strong></span> <span class='ocrx_word' id='word_1_424' title='bbox 2997 4028 3144 4082; x_wconf 91' lang='lat' dir='ltr'><strong>viros</strong></span> <span class='ocrx_word' id='word_1_425' title='bbox 3163 4026 3192 4067; x_wconf 71' lang='grc' dir='ltr'>δ</span> <span class='ocrx_word' id='word_1_426' title='bbox 3217 4029 3268 4083; x_wconf 95' lang='lat' dir='ltr'><strong>in</strong></span> <span class='ocrx_word' id='word_1_427' title='bbox 3291 4031 3458 4085; x_wconf 89' lang='lat' dir='ltr'><strong>armis</strong></span> <span class='ocrx_word' id='word_1_428' title='bbox 3483 4031 3742 4088; x_wconf 83' lang='lat' dir='ltr'><strong>habebat.</strong></span> 
     </span>
    </p>
   </div>
   <div class='ocr_carea' id='block_1_68' title="bbox 2153 4113 3742 4186">
    <p class='ocr_par' dir='ltr' id='par_1_68' title="bbox 2153 4113 3742 4186">
     <span class='ocr_line' id='line_1_68' title="bbox 2153 4113 3742 4186; baseline 0.005 -20"><span class='ocrx_word' id='word_1_429' title='bbox 2153 4113 2213 4166; x_wconf 92' lang='lat' dir='ltr'><strong>lli</strong></span> <span class='ocrx_word' id='word_1_430' title='bbox 2240 4115 2289 4167; x_wconf 92' lang='lat' dir='ltr'><strong>in</strong></span> <span class='ocrx_word' id='word_1_431' title='bbox 2317 4115 2574 4168; x_wconf 76' lang='lat' dir='ltr'><strong>auxilium</strong></span> <span class='ocrx_word' id='word_1_432' title='bbox 2601 4113 2918 4170; x_wconf 79' lang='lat' dir='ltr'><strong>Maximiano</strong></span> <span class='ocrx_word' id='word_1_433' title='bbox 2944 4117 3011 4171; x_wconf 90' lang='lat' dir='ltr'><strong>ab</strong></span> <span class='ocrx_word' id='word_1_434' title='bbox 3035 4117 3271 4172; x_wconf 89' lang='lat' dir='ltr'><strong>Orientis</strong></span> <span class='ocrx_word' id='word_1_435' title='bbox 3302 4121 3553 4186; x_wconf 90' lang='lat' dir='ltr'><strong>partibus</strong></span> <span class='ocrx_word' id='word_1_436' title='bbox 3579 4123 3742 4176; x_wconf 84' lang='lat' dir='ltr'><strong>acciti</strong></span> 
     </span>
    </p>
   </div>
   <div class='ocr_carea' id='block_1_69' title="bbox 2150 4207 3741 4274">
    <p class='ocr_par' dir='ltr' id='par_1_69' title="bbox 2150 4207 3741 4274">
     <span class='ocr_line' id='line_1_69' title="bbox 2150 4207 3741 4274; baseline 0.006 -16"><span class='ocrx_word' id='word_1_437' title='bbox 2150 4218 2424 4271; x_wconf 80' lang='lat' dir='ltr'><strong>venerant,</strong></span> <span class='ocrx_word' id='word_1_438' title='bbox 2448 4208 2544 4260; x_wconf 84' lang='lat' dir='ltr'><strong>viri</strong></span> <span class='ocrx_word' id='word_1_439' title='bbox 2574 4207 2626 4260; x_wconf 92' lang='lat' dir='ltr'><strong>in</strong></span> <span class='ocrx_word' id='word_1_440' title='bbox 2651 4207 2812 4262; x_wconf 90' lang='lat' dir='ltr'><strong>rebus</strong></span> <span class='ocrx_word' id='word_1_441' title='bbox 2835 4208 3045 4263; x_wconf 86' lang='lat' dir='ltr'><strong>bellicis</strong></span> <span class='ocrx_word' id='word_1_442' title='bbox 3068 4211 3292 4274; x_wconf 90' lang='lat' dir='ltr'><strong>strenui,</strong></span> <span class='ocrx_word' id='word_1_443' title='bbox 3325 4217 3382 4264; x_wconf 90' lang='lat' dir='ltr'><strong>et</strong></span> <span class='ocrx_word' id='word_1_444' title='bbox 3407 4211 3614 4267; x_wconf 81' lang='lat' dir='ltr'><strong>virtute</strong></span> <span class='ocrx_word' id='word_1_445' title='bbox 3646 4228 3741 4267; x_wconf 85' lang='lat' dir='ltr'><strong>no-</strong></span> 
     </span>
    </p>
   </div>
   <div class='ocr_carea' id='block_1_70' title="bbox 2149 4295 3738 4367">
    <p class='ocr_par' dir='ltr' id='par_1_70' title="bbox 2149 4295 3738 4367">
     <span class='ocr_line' id='line_1_70' title="bbox 2149 4295 3738 4367; baseline 0.002 -18"><span class='ocrx_word' id='word_1_446' title='bbox 2149 4295 2302 4360; x_wconf 89' lang='lat' dir='ltr'><strong>biles,</strong></span> <span class='ocrx_word' id='word_1_447' title='bbox 2334 4295 2430 4351; x_wconf 88' lang='lat' dir='ltr'><strong>sed</strong></span> <span class='ocrx_word' id='word_1_448' title='bbox 2461 4297 2754 4353; x_wconf 87' lang='lat' dir='ltr'><strong>nobiliores</strong></span> <span class='ocrx_word' id='word_1_449' title='bbox 2785 4297 2910 4362; x_wconf 88' lang='lat' dir='ltr'><strong>lide,</strong></span> <span class='ocrx_word' id='word_1_450' title='bbox 2943 4313 3068 4367; x_wconf 86' lang='lat' dir='ltr'><strong>erga</strong></span> <span class='ocrx_word' id='word_1_451' title='bbox 3099 4297 3484 4366; x_wconf 88' lang='lat' dir='ltr'><strong>imperatorem</strong></span> <span class='ocrx_word' id='word_1_452' title='bbox 3517 4298 3738 4354; x_wconf 74' lang='lat' dir='ltr'><strong>fartim-</strong></span> 
     </span>
    </p>
   </div>
   <div class='ocr_carea' id='block_1_71' title="bbox 2147 4385 3738 4462">
    <p class='ocr_par' dir='ltr' id='par_1_71' title="bbox 2147 4385 3738 4462">
     <span class='ocr_line' id='line_1_71' title="bbox 2147 4385 3738 4462; baseline 0.003 -21"><span class='ocrx_word' id='word_1_453' title='bbox 2147 4387 2295 4454; x_wconf 88' lang='lat' dir='ltr'><strong>dine,</strong></span> <span class='ocrx_word' id='word_1_454' title='bbox 2323 4401 2447 4458; x_wconf 78' lang='lat' dir='ltr'><strong>erga</strong></span> <span class='ocrx_word' id='word_1_455' title='bbox 2473 4385 2743 4443; x_wconf 89' lang='lat' dir='ltr'><strong>Christum</strong></span> <span class='ocrx_word' id='word_1_456' title='bbox 2775 4388 3060 4444; x_wconf 85' lang='lat' dir='ltr'><strong>devotione</strong></span> <span class='ocrx_word' id='word_1_457' title='bbox 3089 4389 3387 4443; x_wconf 88' lang='lat' dir='ltr'><strong>certabant.</strong></span> <span class='ocrx_word' id='word_1_458' title='bbox 3415 4389 3738 4462; x_wconf 77' lang='lat' dir='ltr'><strong>Evangelii-i</strong></span> 
     </span>
    </p>
   </div>
   <div class='ocr_carea' id='block_1_72' title="bbox 2147 4480 3740 4549">
    <p class='ocr_par' dir='ltr' id='par_1_72' title="bbox 2147 4480 3740 4549">
     <span class='ocr_line' id='line_1_72' title="bbox 2147 4480 3740 4549; baseline 0.003 -17"><span class='ocrx_word' id='word_1_459' title='bbox 2147 4480 2405 4549; x_wconf 64' lang='lat' dir='ltr'><strong>praecepti</strong></span> <span class='ocrx_word' id='word_1_460' title='bbox 2420 4481 2584 4536; x_wconf 89' lang='lat' dir='ltr'><strong>etiam</strong></span> <span class='ocrx_word' id='word_1_461' title='bbox 2606 4481 2706 4536; x_wconf 89' lang='lat' dir='ltr'><strong>sub</strong></span> <span class='ocrx_word' id='word_1_462' title='bbox 2729 4480 2890 4535; x_wconf 88' lang='lat' dir='ltr'><strong>armis</strong></span> <span class='ocrx_word' id='word_1_463' title='bbox 2912 4496 3016 4535; x_wconf 94' lang='lat' dir='ltr'><strong>non</strong></span> <span class='ocrx_word' id='word_1_464' title='bbox 3040 4482 3406 4547; x_wconf 88' lang='lat' dir='ltr'><strong>immemores,</strong></span> <span class='ocrx_word' id='word_1_465' title='bbox 3429 4483 3740 4540; x_wconf 82' lang='lat' dir='ltr'><strong>reddebant</strong></span> 
     </span>
    </p>
   </div>
   <div class='ocr_carea' id='block_1_73' title="bbox 2145 4571 3740 4642">
    <p class='ocr_par' dir='ltr' id='par_1_73' title="bbox 2145 4571 3740 4642">
     <span class='ocr_line' id='line_1_73' title="bbox 2145 4571 3740 4642; baseline 0.006 -19"><span class='ocrx_word' id='word_1_466' title='bbox 2145 4585 2267 4640; x_wconf 68' lang='lat' dir='ltr'><strong>quae</strong></span> <span class='ocrx_word' id='word_1_467' title='bbox 2297 4571 2390 4627; x_wconf 89' lang='lat' dir='ltr'><strong>Dei</strong></span> <span class='ocrx_word' id='word_1_468' title='bbox 2418 4582 2573 4627; x_wconf 88' lang='lat' dir='ltr'><strong>erant</strong></span> <span class='ocrx_word' id='word_1_469' title='bbox 2594 4571 2728 4642; x_wconf 84' lang='lat' dir='ltr'><strong>Deo,</strong></span> <span class='ocrx_word' id='word_1_470' title='bbox 2756 4580 2810 4627; x_wconf 89' lang='lat' dir='ltr'><strong>et</strong></span> <span class='ocrx_word' id='word_1_471' title='bbox 2835 4587 2954 4642; x_wconf 72' lang='lat' dir='ltr'><strong>qua:</strong></span> <span class='ocrx_word' id='word_1_472' title='bbox 2979 4572 3209 4628; x_wconf 66' lang='lat' dir='ltr'><strong>Caesaris</strong></span> <span class='ocrx_word' id='word_1_473' title='bbox 3235 4573 3438 4629; x_wconf 72' lang='lat' dir='ltr'><strong>Cmsari</strong></span> <span class='ocrx_word' id='word_1_474' title='bbox 3479 4576 3740 4632; x_wconf 85' lang='lat' dir='ltr'><strong>restitue-</strong></span> 
     </span>
    </p>
   </div>
   <div class='ocr_carea' id='block_1_74' title="bbox 2146 4661 3740 4733">
    <p class='ocr_par' dir='ltr' id='par_1_74' title="bbox 2146 4661 3740 4733">
     <span class='ocr_line' id='line_1_74' title="bbox 2146 4661 3740 4733; baseline 0.004 -18"><span class='ocrx_word' id='word_1_475' title='bbox 2146 4661 2294 4716; x_wconf 86' lang='lat' dir='ltr'><strong>bant.</strong></span> <span class='ocrx_word' id='word_1_476' title='bbox 2342 4661 2523 4733; x_wconf 83' lang='lat' dir='ltr'><strong>Itaque</strong></span> <span class='ocrx_word' id='word_1_477' title='bbox 2559 4678 2682 4718; x_wconf 89' lang='lat' dir='ltr'><strong>cum</strong></span> <span class='ocrx_word' id='word_1_478' title='bbox 2730 4662 2817 4729; x_wconf 85' lang='lat' dir='ltr'><strong>hi,</strong></span> <span class='ocrx_word' id='word_1_479' title='bbox 2849 4663 2989 4718; x_wconf 85' lang='lat' dir='ltr'><strong>sicut</strong></span> <span class='ocrx_word' id='word_1_480' title='bbox 3031 4669 3087 4718; x_wconf 89' lang='lat' dir='ltr'><strong>et</strong></span> <span class='ocrx_word' id='word_1_481' title='bbox 3123 4665 3301 4719; x_wconf 73' lang='lat' dir='ltr'><strong>czeteri</strong></span> <span class='ocrx_word' id='word_1_482' title='bbox 3350 4665 3586 4721; x_wconf 87' lang='lat' dir='ltr'><strong>militum</strong></span> <span class='ocrx_word' id='word_1_483' title='bbox 3611 4708 3629 4729; x_wconf 90' lang='lat'><strong>,</strong></span> <span class='ocrx_word' id='word_1_484' title='bbox 3672 4667 3740 4721; x_wconf 75' lang='lat' dir='ltr'><strong>ad</strong></span> 
     </span>
    </p>
   </div>
   <div class='ocr_carea' id='block_1_75' title="bbox 471 4749 3743 4823">
    <p class='ocr_par' dir='ltr' id='par_1_75' title="bbox 471 4749 3743 4823">
     <span class='ocr_line' id='line_1_75' title="bbox 471 4749 3743 4823; baseline 0.002 -17"><span class='ocrx_word' id='word_1_485' title='bbox 471 4754 676 4823; x_wconf 90' lang='lat' dir='ltr'><strong>populi.</strong></span> <span class='ocrx_word' id='word_1_486' title='bbox 715 4754 859 4808; x_wconf 88' lang='lat' dir='ltr'><strong>ldcm</strong></span> <span class='ocrx_word' id='word_1_487' title='bbox 885 4768 1111 4822; x_wconf 87' lang='lat' dir='ltr'><strong>namque</strong></span> <span class='ocrx_word' id='word_1_488' title='bbox 1141 4751 1516 4815; x_wconf 82' lang='lat' dir='ltr'><strong>Maximianus,</strong></span> <span class='ocrx_word' id='word_1_489' title='bbox 1548 4749 1948 4818; x_wconf 86' lang='lat' dir='ltr'><strong>sicutavaritia,</strong></span> <span class='ocrx_word' id='word_1_490' title='bbox 1982 4752 2045 4806; x_wconf 92' lang='lat' dir='ltr'><strong>li-</strong></span> <span class='ocrx_word' id='word_1_491' title='bbox 2070 4756 2115 4816; x_wconf 67' lang='grc' dir='ltr'><strong>(ζ</strong></span> <span class='ocrx_word' id='word_1_492' title='bbox 2151 4762 2174 4790; x_wconf 74' lang='grc' dir='ltr'><strong>ο</strong></span> <span class='ocrx_word' id='word_1_493' title='bbox 2217 4752 2625 4821; x_wconf 86' lang='lat' dir='ltr'><strong>pertrahendam</strong></span> <span class='ocrx_word' id='word_1_494' title='bbox 2664 4752 3092 4808; x_wconf 87' lang='lat' dir='ltr'><strong>Christianorum</strong></span> <span class='ocrx_word' id='word_1_495' title='bbox 3129 4753 3528 4810; x_wconf 90' lang='lat' dir='ltr'><strong>multitudinem</strong></span> <span class='ocrx_word' id='word_1_496' title='bbox 3567 4756 3743 4811; x_wconf 85' lang='lat' dir='ltr'><strong>desti-</strong></span> 
     </span>
    </p>
   </div>
   <div class='ocr_carea' id='block_1_76' title="bbox 468 4840 2044 4913">
    <p class='ocr_par' dir='ltr' id='par_1_76' title="bbox 468 4840 2044 4913">
     <span class='ocr_line' id='line_1_76' title="bbox 468 4840 2044 4913; baseline 0 -15"><span class='ocrx_word' id='word_1_497' title='bbox 468 4844 684 4913; x_wconf 84' lang='lat' dir='ltr'><strong>bidiue,</strong></span> <span class='ocrx_word' id='word_1_498' title='bbox 722 4843 964 4898; x_wconf 82' lang='lat' dir='ltr'><strong>crudelit:</strong></span> <span class='ocrx_word' id='word_1_499' title='bbox 988 4850 1063 4908; x_wconf 88' lang='lat' dir='ltr'><strong>te,</strong></span> <span class='ocrx_word' id='word_1_500' title='bbox 1097 4843 1412 4912; x_wconf 67' lang='lat' dir='ltr'><strong>canet-isque</strong></span> <span class='ocrx_word' id='word_1_501' title='bbox 1443 4840 1585 4895; x_wconf 83' lang='lat' dir='ltr'><strong>vitiis</strong></span> <span class='ocrx_word' id='word_1_502' title='bbox 1622 4841 1874 4895; x_wconf 81' lang='lat' dir='ltr'><strong>obsessus</strong></span> <span class='ocrx_word' id='word_1_503' title='bbox 1902 4841 2044 4898; x_wconf 80' lang='lat' dir='ltr'><strong>fure-</strong></span> 
     </span>
    </p>
   </div>
   <div class='ocr_carea' id='block_1_77' title="bbox 468 4931 2039 5003">
    <p class='ocr_par' dir='ltr' id='par_1_77' title="bbox 468 4931 2039 5003">
     <span class='ocr_line' id='line_1_77' title="bbox 468 4931 2039 5003; baseline -0.004 -11"><span class='ocrx_word' id='word_1_504' title='bbox 468 4937 590 5003; x_wconf 86' lang='lat' dir='ltr'><strong>bat;</strong></span> <span class='ocrx_word' id='word_1_505' title='bbox 626 4937 695 4990; x_wconf 89' lang='lat' dir='ltr'><strong>ita</strong></span> <span class='ocrx_word' id='word_1_506' title='bbox 723 4935 882 4990; x_wconf 82' lang='lat' dir='ltr'><strong>ctiam</strong></span> <span class='ocrx_word' id='word_1_507' title='bbox 913 4933 1258 4990; x_wconf 77' lang='lat' dir='ltr'><strong>exserrandis</strong></span> <span class='ocrx_word' id='word_1_508' title='bbox 1283 4932 1555 5002; x_wconf 89' lang='lat' dir='ltr'><strong>gentilium</strong></span> <span class='ocrx_word' id='word_1_509' title='bbox 1587 4931 1778 4986; x_wconf 90' lang='lat' dir='ltr'><strong>ritibus</strong></span> <span class='ocrx_word' id='word_1_510' title='bbox 1807 4931 2039 4996; x_wconf 89' lang='lat' dir='ltr'><strong>deditus,</strong></span> 
     </span>
    </p>
   </div>
   <div class='ocr_carea' id='block_1_78' title="bbox 466 5021 2040 5097">
    <p class='ocr_par' dir='ltr' id='par_1_78' title="bbox 466 5021 2040 5097">
     <span class='ocr_line' id='line_1_78' title="bbox 466 5021 2040 5097; baseline -0.004 -15"><span class='ocrx_word' id='word_1_511' title='bbox 466 5037 523 5082; x_wconf 84' lang='lat' dir='ltr'><strong>et</strong></span> <span class='ocrx_word' id='word_1_512' title='bbox 562 5041 684 5097; x_wconf 81' lang='lat' dir='ltr'><strong>erga</strong></span> <span class='ocrx_word' id='word_1_513' title='bbox 716 5027 880 5082; x_wconf 88' lang='lat' dir='ltr'><strong>Deum</strong></span> <span class='ocrx_word' id='word_1_514' title='bbox 912 5025 1032 5082; x_wconf 62' lang='lat' dir='ltr'><strong>caeli</strong></span> <span class='ocrx_word' id='word_1_515' title='bbox 1063 5025 1314 5096; x_wconf 73' lang='lat' dir='ltr'><strong>profanus</strong></span> <span class='ocrx_word' id='word_1_516' title='bbox 1339 5063 1354 5089; x_wconf 97' lang='lat'><strong>,</strong></span> <span class='ocrx_word' id='word_1_517' title='bbox 1407 5023 1733 5091; x_wconf 84' lang='lat' dir='ltr'><strong>impietatem</strong></span> <span class='ocrx_word' id='word_1_518' title='bbox 1774 5038 1924 5076; x_wconf 84' lang='lat' dir='ltr'><strong>suam</strong></span> <span class='ocrx_word' id='word_1_519' title='bbox 1975 5021 2040 5076; x_wconf 87' lang='lat' dir='ltr'><strong>ad</strong></span> 
     </span>
    </p>
   </div>
   <div class='ocr_carea' id='block_1_79' title="bbox 543 5159 2041 5228">
    <p class='ocr_par' dir='ltr' id='par_1_79' title="bbox 543 5159 2041 5228">
     <span class='ocr_line' id='line_1_79' title="bbox 543 5159 2041 5228; baseline -0.002 -10"><span class='ocrx_word' id='word_1_520' title='bbox 543 5172 569 5200; x_wconf 78' lang='grc' dir='ltr'><strong>ι</strong></span> <span class='ocrx_word' id='word_1_521' title='bbox 611 5164 702 5219; x_wconf 89' lang='lat' dir='ltr'><strong>Sic</strong></span> <span class='ocrx_word' id='word_1_522' title='bbox 739 5163 862 5218; x_wconf 92' lang='lat' dir='ltr'><strong>cod.</strong></span> <span class='ocrx_word' id='word_1_523' title='bbox 911 5161 1135 5219; x_wconf 83' lang='lat' dir='ltr'><strong>Floriac.</strong></span> <span class='ocrx_word' id='word_1_524' title='bbox 1186 5159 1320 5226; x_wconf 80' lang='lat' dir='ltr'><strong>Alii,</strong></span> <span class='ocrx_word' id='word_1_525' title='bbox 1360 5159 1605 5228; x_wconf 83' lang='lat' dir='ltr'><strong>pretiosas</strong></span> <span class='ocrx_word' id='word_1_526' title='bbox 1640 5159 1806 5213; x_wconf 84' lang='lat' dir='ltr'><strong>sancti</strong></span> <span class='ocrx_word' id='word_1_527' title='bbox 1841 5159 2041 5215; x_wconf 89' lang='lat' dir='ltr'><strong>animas</strong></span> 
     </span>
    </p>
   </div>
   <div class='ocr_carea' id='block_1_80' title="bbox 467 5236 768 5288">
    <p class='ocr_par' dir='ltr' id='par_1_80' title="bbox 467 5236 768 5288">
     <span class='ocr_line' id='line_1_80' title="bbox 467 5236 768 5288; baseline 0.007 -2"><span class='ocrx_word' id='word_1_528' title='bbox 467 5236 768 5288; x_wconf 75' lang='lat' dir='ltr'><strong>refundunt.</strong></span> 
     </span>
    </p>
   </div>
   <div class='ocr_carea' id='block_1_81' title="bbox 529 5236 2042 5374">
    <p class='ocr_par' dir='ltr' id='par_1_81' title="bbox 529 5236 2042 5374">
     <span class='ocr_line' id='line_1_81' title="bbox 529 5236 768 5302; baseline 0.004 -15"><span class='ocrx_word' id='word_1_529' title='bbox 529 5236 768 5302; x_wconf 78' lang='lat' dir='ltr'><strong>fundunt.</strong></span> 
     </span>
     <span class='ocr_line' id='line_1_82' title="bbox 541 5297 2042 5374; baseline -0.003 -16"><span class='ocrx_word' id='word_1_530' title='bbox 541 5304 568 5343; x_wconf 72' lang='grc' dir='ltr'>δ</span> <span class='ocrx_word' id='word_1_531' title='bbox 611 5302 859 5374; x_wconf 77' lang='lat' dir='ltr'><strong>Vegetius</strong></span> <span class='ocrx_word' id='word_1_532' title='bbox 887 5302 982 5357; x_wconf 90' lang='lat' dir='ltr'><strong>lib.</strong></span> <span class='ocrx_word' id='word_1_533' title='bbox 1015 5317 1052 5356; x_wconf 87' lang='lat' dir='ltr'><strong>tt</strong></span> <span class='ocrx_word' id='word_1_534' title='bbox 1079 5300 1147 5356; x_wconf 90' lang='lat' dir='ltr'><strong>de</strong></span> <span class='ocrx_word' id='word_1_535' title='bbox 1176 5299 1257 5374; x_wconf 83' lang='lat' dir='ltr'><strong>Re</strong></span> <span class='ocrx_word' id='word_1_536' title='bbox 1282 5297 1496 5374; x_wconf 76' lang='lat' dir='ltr'><strong>militari</strong></span> <span class='ocrx_word' id='word_1_537' title='bbox 1527 5297 1718 5374; x_wconf 38' lang='lat' dir='ltr'><strong>eam”?</strong></span> <span class='ocrx_word' id='word_1_538' title='bbox 1764 5299 2042 5374; x_wconf 78' lang='lat' dir='ltr'><strong>:_Rornant&#39;</strong></span> 
     </span>
    </p>
   </div>
   <div class='ocr_carea' id='block_1_82' title="bbox 468 5367 2043 5444">
    <p class='ocr_par' dir='ltr' id='par_1_82' title="bbox 468 5367 2043 5444">
     <span class='ocr_line' id='line_1_83' title="bbox 468 5367 2043 5444; baseline -0.003 -18"><span class='ocrx_word' id='word_1_539' title='bbox 468 5367 916 5444; x_wconf 41' lang='lat' dir='ltr'><strong>legioncs‘habent,</strong></span> <span class='ocrx_word' id='word_1_540' title='bbox 940 5374 992 5426; x_wconf 90' lang='lat' dir='ltr'><strong>in</strong></span> <span class='ocrx_word' id='word_1_541' title='bbox 1015 5375 1196 5442; x_wconf 83' lang='lat' dir='ltr'><strong>quibus</strong></span> <span class='ocrx_word' id='word_1_542' title='bbox 1216 5367 1430 5441; x_wconf 83' lang='lat' dir='ltr'><strong>singulis</strong></span> <span class='ocrx_word' id='word_1_543' title='bbox 1447 5383 1568 5444; x_wconf 82' lang='lat' dir='ltr'><strong>_s_ena</strong></span> <span class='ocrx_word' id='word_1_544' title='bbox 1590 5369 1768 5431; x_wconf 86' lang='lat' dir='ltr'><strong>millia,</strong></span> <span class='ocrx_word' id='word_1_545' title='bbox 1790 5369 2043 5444; x_wconf 37' lang='lat' dir='ltr'><strong>interdum</strong></span> 
     </span>
    </p>
   </div>
   <div class='ocr_carea' id='block_1_83' title="bbox 469 5439 2041 5511">
    <p class='ocr_par' dir='ltr' id='par_1_83' title="bbox 469 5439 2041 5511">
     <span class='ocr_line' id='line_1_84' title="bbox 469 5439 2041 5511; baseline -0.002 -14"><span class='ocrx_word' id='word_1_546' title='bbox 469 5439 690 5511; x_wconf 68' lang='lat' dir='ltr'><strong>amplius</strong></span> <span class='ocrx_word' id='word_1_547' title='bbox 734 5445 953 5497; x_wconf 85' lang='lat' dir='ltr'><strong>militare</strong></span> <span class='ocrx_word' id='word_1_548' title='bbox 997 5439 1380 5496; x_wconf 75' lang='lat' dir='ltr'><strong>consueverunt.</strong></span> <span class='ocrx_word' id='word_1_549' title='bbox 1440 5439 1597 5511; x_wconf 76' lang='lat' dir='ltr'><strong>Certe</strong></span> <span class='ocrx_word' id='word_1_550' title='bbox 1623 5454 1688 5493; x_wconf 70' lang='lat' dir='ltr'><strong>cat</strong></span> <span class='ocrx_word' id='word_1_551' title='bbox 1733 5440 1894 5511; x_wconf 80' lang='lat' dir='ltr'><strong>variis</strong></span> <span class='ocrx_word' id='word_1_552' title='bbox 1937 5441 2041 5494; x_wconf 77' lang='lat' dir='ltr'><strong>Titi</strong></span> 
     </span>
    </p>
   </div>
   <div class='ocr_carea' id='block_1_84' title="bbox 471 5508 2041 5580">
    <p class='ocr_par' dir='ltr' id='par_1_84' title="bbox 471 5508 2041 5580">
     <span class='ocr_line' id='line_1_85' title="bbox 471 5508 2041 5580; baseline -0.003 -12"><span class='ocrx_word' id='word_1_553' title='bbox 471 5508 604 5568; x_wconf 76' lang='lat' dir='ltr'><strong>Livii</strong></span> <span class='ocrx_word' id='word_1_554' title='bbox 635 5525 688 5569; x_wconf 90' lang='lat' dir='ltr'><strong>et</strong></span> <span class='ocrx_word' id='word_1_555' title='bbox 715 5515 939 5568; x_wconf 83' lang='lat' dir='ltr'><strong>aliorum</strong></span> <span class='ocrx_word' id='word_1_556' title='bbox 971 5523 1248 5566; x_wconf 87' lang='lat' dir='ltr'><strong>auctorqu</strong></span> <span class='ocrx_word' id='word_1_557' title='bbox 1279 5512 1407 5564; x_wconf 87' lang='lat' dir='ltr'><strong>locis</strong></span> <span class='ocrx_word' id='word_1_558' title='bbox 1436 5508 1642 5580; x_wconf 84' lang='lat' dir='ltr'><strong>videtur</strong></span> <span class='ocrx_word' id='word_1_559' title='bbox 1671 5510 1850 5579; x_wconf 84' lang='lat' dir='ltr'><strong>colligi</strong></span> <span class='ocrx_word' id='word_1_560' title='bbox 1882 5525 2041 5580; x_wconf 75' lang='lat' dir='ltr'><strong>passu</strong></span> 
     </span>
    </p>
   </div>
   <div class='ocr_carea' id='block_1_85' title="bbox 472 5579 2042 5647">
    <p class='ocr_par' dir='ltr' id='par_1_85' title="bbox 472 5579 2042 5647">
     <span class='ocr_line' id='line_1_86' title="bbox 472 5579 2042 5647; baseline -0.004 -7"><span class='ocrx_word' id='word_1_561' title='bbox 472 5583 697 5640; x_wconf 82' lang='lat' dir='ltr'><strong>niilituut</strong></span> <span class='ocrx_word' id='word_1_562' title='bbox 743 5599 1023 5638; x_wconf 88' lang='lat' dir='ltr'><strong>numerum</strong></span> <span class='ocrx_word' id='word_1_563' title='bbox 1072 5599 1176 5636; x_wconf 92' lang='lat' dir='ltr'><strong>non</strong></span> <span class='ocrx_word' id='word_1_564' title='bbox 1224 5581 1503 5636; x_wconf 84' lang='lat' dir='ltr'><strong>deﬁnitum</strong></span> <span class='ocrx_word' id='word_1_565' title='bbox 1552 5579 1754 5643; x_wconf 80' lang='lat' dir='ltr'><strong>fuisse,</strong></span> <span class='ocrx_word' id='word_1_566' title='bbox 1806 5579 1895 5647; x_wconf 86' lang='lat' dir='ltr'><strong>qui</strong></span> <span class='ocrx_word' id='word_1_567' title='bbox 1943 5582 2042 5634; x_wconf 86' lang='lat' dir='ltr'><strong>ali-</strong></span> 
     </span>
    </p>
   </div>
   <div class='ocr_carea' id='block_1_86' title="bbox 471 5649 2036 5725">
    <p class='ocr_par' dir='ltr' id='par_1_86' title="bbox 471 5649 2036 5725">
     <span class='ocr_line' id='line_1_87' title="bbox 471 5649 2036 5725; baseline 0 -18"><span class='ocrx_word' id='word_1_568' title='bbox 471 5655 683 5722; x_wconf 79' lang='lat' dir='ltr'><strong>quando</strong></span> <span class='ocrx_word' id='word_1_569' title='bbox 707 5655 906 5725; x_wconf 77' lang='lat' dir='ltr'><strong>plures,</strong></span> <span class='ocrx_word' id='word_1_570' title='bbox 927 5653 1212 5724; x_wconf 79' lang='lat' dir='ltr'><strong>aliquando</strong></span> <span class='ocrx_word' id='word_1_571' title='bbox 1239 5652 1521 5724; x_wconf 84' lang='lat' dir='ltr'><strong>pauciores</strong></span> <span class='ocrx_word' id='word_1_572' title='bbox 1547 5650 1598 5704; x_wconf 93' lang='lat' dir='ltr'><strong>in</strong></span> <span class='ocrx_word' id='word_1_573' title='bbox 1626 5649 1834 5719; x_wconf 75' lang='lat' dir='ltr'><strong>legione</strong></span> <span class='ocrx_word' id='word_1_574' title='bbox 1864 5660 2036 5708; x_wconf 88' lang='lat' dir='ltr'><strong>erant.</strong></span> 
     </span>
    </p>
   </div>
   <div class='ocr_carea' id='block_1_87' title="bbox 2149 4840 3742 4908">
    <p class='ocr_par' dir='ltr' id='par_1_87' title="bbox 2149 4840 3742 4908">
     <span class='ocr_line' id='line_1_88' title="bbox 2149 4840 3742 4908; baseline 0.003 -12"><span class='ocrx_word' id='word_1_575' title='bbox 2149 4848 2443 4908; x_wconf 88' lang='lat' dir='ltr'><strong>narentur;</strong></span> <span class='ocrx_word' id='word_1_576' title='bbox 2475 4841 2575 4896; x_wconf 89' lang='lat' dir='ltr'><strong>soli</strong></span> <span class='ocrx_word' id='word_1_577' title='bbox 2600 4840 2628 4879; x_wconf 73' lang='grc' dir='ltr'><strong><em>ἀ</em></strong></span> <span class='ocrx_word' id='word_1_578' title='bbox 2655 4842 2990 4898; x_wconf 90' lang='lat' dir='ltr'><strong>crudelitatis</strong></span> <span class='ocrx_word' id='word_1_579' title='bbox 3027 4843 3384 4897; x_wconf 90' lang='lat' dir='ltr'><strong>ministerium</strong></span> <span class='ocrx_word' id='word_1_580' title='bbox 3422 4843 3742 4900; x_wconf 83' lang='lat' dir='ltr'><strong>detrectare</strong></span> 
     </span>
    </p>
   </div>
   <div class='ocr_carea' id='block_1_88' title="bbox 2149 4931 3740 5005">
    <p class='ocr_par' dir='ltr' id='par_1_88' title="bbox 2149 4931 3740 5005">
     <span class='ocr_line' id='line_1_89' title="bbox 2149 4931 3740 5005; baseline 0.003 -19"><span class='ocrx_word' id='word_1_581' title='bbox 2149 4931 2265 4987; x_wconf 90' lang='lat' dir='ltr'><strong>ausi</strong></span> <span class='ocrx_word' id='word_1_582' title='bbox 2291 4943 2437 4998; x_wconf 87' lang='lat' dir='ltr'><strong>sunt,</strong></span> <span class='ocrx_word' id='word_1_583' title='bbox 2468 4941 2628 5002; x_wconf 90' lang='lat' dir='ltr'><strong>atque</strong></span> <span class='ocrx_word' id='word_1_584' title='bbox 2658 4932 2960 5003; x_wconf 75' lang='lat' dir='ltr'><strong>huiusmodi</strong></span> <span class='ocrx_word' id='word_1_585' title='bbox 2992 4934 3272 5002; x_wconf 58' lang='lat' dir='ltr'><strong>praeceptis</strong></span> <span class='ocrx_word' id='word_1_586' title='bbox 3299 4949 3359 4988; x_wconf 89' lang='lat' dir='ltr'><strong>sc</strong></span> <span class='ocrx_word' id='word_1_587' title='bbox 3385 4935 3740 5005; x_wconf 83' lang='lat' dir='ltr'><strong>obtempera-</strong></span> 
     </span>
    </p>
   </div>
   <div class='ocr_carea' id='block_1_89' title="bbox 2148 5021 3740 5093">
    <p class='ocr_par' dir='ltr' id='par_1_89' title="bbox 2148 5021 3740 5093">
     <span class='ocr_line' id='line_1_90' title="bbox 2148 5021 3740 5093; baseline 0.004 -17"><span class='ocrx_word' id='word_1_588' title='bbox 2148 5030 2295 5076; x_wconf 91' lang='lat' dir='ltr'><strong>turos</strong></span> <span class='ocrx_word' id='word_1_589' title='bbox 2325 5031 2539 5093; x_wconf 86' lang='lat' dir='ltr'><strong>negant.</strong></span> <span class='ocrx_word' id='word_1_590' title='bbox 2585 5021 2935 5078; x_wconf 77' lang='lat' dir='ltr'><strong>Maximianus</strong></span> <span class='ocrx_word' id='word_1_591' title='bbox 2963 5039 3069 5078; x_wconf 90' lang='lat' dir='ltr'><strong>non</strong></span> <span class='ocrx_word' id='word_1_592' title='bbox 3096 5023 3253 5093; x_wconf 77' lang='lat' dir='ltr'><strong>longe</strong></span> <span class='ocrx_word' id='word_1_593' title='bbox 3283 5023 3500 5092; x_wconf 88' lang='lat' dir='ltr'><strong>aberat;</strong></span> <span class='ocrx_word' id='word_1_594' title='bbox 3543 5035 3569 5064; x_wconf 75' lang='grc' dir='ltr'><strong>ε</strong></span> <span class='ocrx_word' id='word_1_595' title='bbox 3610 5042 3740 5083; x_wconf 85' lang='lat' dir='ltr'><strong>nam</strong></span> 
     </span>
    </p>
   </div>
   <div class='ocr_carea' id='block_1_90' title="bbox 2156 5162 3742 5245">
    <p class='ocr_par' dir='ltr' id='par_1_90' title="bbox 2156 5162 3742 5245">
     <span class='ocr_line' id='line_1_91' title="bbox 2156 5162 3742 5245; baseline 0.008 -31"><span class='ocrx_word' id='word_1_596' title='bbox 2156 5163 2285 5244; x_wconf 72' lang='lat' dir='ltr'><strong>Vide</strong></span> <span class='ocrx_word' id='word_1_597' title='bbox 2332 5162 2645 5220; x_wconf 83' lang='lat' dir='ltr'><strong>Florentinii</strong></span> <span class='ocrx_word' id='word_1_598' title='bbox 2687 5176 2840 5221; x_wconf 85' lang='lat' dir='ltr'><strong>notas</strong></span> <span class='ocrx_word' id='word_1_599' title='bbox 2877 5165 2930 5221; x_wconf 91' lang='lat' dir='ltr'><strong>in</strong></span> <span class='ocrx_word' id='word_1_600' title='bbox 2975 5166 3415 5239; x_wconf 78' lang='lat' dir='ltr'><strong>Martyrologium</strong></span> <span class='ocrx_word' id='word_1_601' title='bbox 3461 5170 3742 5245; x_wconf 81' lang='lat' dir='ltr'><strong>Hierony-</strong></span> 
     </span>
    </p>
   </div>
   <div class='ocr_carea' id='block_1_91' title="bbox 2146 5248 2402 5287">
    <p class='ocr_par' dir='ltr' id='par_1_91' title="bbox 2146 5248 2402 5287">
     <span class='ocr_line' id='line_1_92' title="bbox 2146 5248 2402 5287; baseline 0.004 -1"><span class='ocrx_word' id='word_1_602' title='bbox 2146 5248 2402 5287; x_wconf 87' lang='lat' dir='ltr'><strong>mtauum.</strong></span> 
     </span>
    </p>
   </div>
   <div class='ocr_carea' id='block_1_92' title="bbox 2217 5299 3447 5370">
    <p class='ocr_par' dir='ltr' id='par_1_92' title="bbox 2217 5299 3447 5370">
     <span class='ocr_line' id='line_1_93' title="bbox 2217 5299 3447 5370; baseline 0.002 -12"><span class='ocrx_word' id='word_1_603' title='bbox 2217 5311 2242 5370; x_wconf 51' lang='grc' dir='ltr'>ξ</span> <span class='ocrx_word' id='word_1_604' title='bbox 2286 5302 2456 5359; x_wconf 89' lang='lat' dir='ltr'><strong>Codd.</strong></span> <span class='ocrx_word' id='word_1_605' title='bbox 2487 5299 2716 5359; x_wconf 87' lang='lat' dir='ltr'><strong>Sorbon.</strong></span> <span class='ocrx_word' id='word_1_606' title='bbox 2746 5313 2798 5358; x_wconf 93' lang='lat' dir='ltr'><strong>et</strong></span> <span class='ocrx_word' id='word_1_607' title='bbox 2825 5305 3035 5370; x_wconf 87' lang='lat' dir='ltr'><strong>Germ.,</strong></span> <span class='ocrx_word' id='word_1_608' title='bbox 3072 5306 3447 5361; x_wconf 73' lang='lat' dir='ltr'><strong>dilaniandum.</strong></span> 
     </span>
    </p>
   </div>
   <div class='ocr_carea' id='block_1_93' title="bbox 2216 5368 3578 5438">
    <p class='ocr_par' dir='ltr' id='par_1_93' title="bbox 2216 5368 3578 5438">
     <span class='ocr_line' id='line_1_94' title="bbox 2216 5368 3578 5438; baseline 0.005 -12"><span class='ocrx_word' id='word_1_609' title='bbox 2216 5368 2242 5409; x_wconf 67' lang='grc' dir='ltr'><strong>ιι</strong></span> <span class='ocrx_word' id='word_1_610' title='bbox 2280 5373 2454 5438; x_wconf 88' lang='lat' dir='ltr'><strong>Idem,</strong></span> <span class='ocrx_word' id='word_1_611' title='bbox 2487 5391 2522 5427; x_wconf 88' lang='lat' dir='ltr'><strong>a</strong></span> <span class='ocrx_word' id='word_1_612' title='bbox 2551 5375 2868 5428; x_wconf 81' lang='lat' dir='ltr'><strong>crudelitatis</strong></span> <span class='ocrx_word' id='word_1_613' title='bbox 2895 5368 3173 5430; x_wconf 77' lang='lat' dir='ltr'><strong>ministerio</strong></span> <span class='ocrx_word' id='word_1_614' title='bbox 3204 5393 3258 5430; x_wconf 82' lang='lat' dir='ltr'><strong>se</strong></span> <span class='ocrx_word' id='word_1_615' title='bbox 3289 5377 3578 5433; x_wconf 75' lang='lat' dir='ltr'><strong>detrahere.</strong></span> 
     </span>
    </p>
   </div>
   <div class='ocr_carea' id='block_1_94' title="bbox 2221 5443 3730 5518">
    <p class='ocr_par' dir='ltr' id='par_1_94' title="bbox 2221 5443 3730 5518">
     <span class='ocr_line' id='line_1_95' title="bbox 2221 5443 3730 5518; baseline 0.004 -22"><span class='ocrx_word' id='word_1_616' title='bbox 2221 5450 2244 5479; x_wconf 69' lang='grc' dir='ltr'>ε</span> <span class='ocrx_word' id='word_1_617' title='bbox 2284 5443 2768 5518; x_wconf 40' lang='grc' dir='ltr'><strong>Μεηιιοεθμϐθηηη</strong></span> <span class='ocrx_word' id='word_1_618' title='bbox 2799 5443 2940 5518; x_wconf 71' lang='lat' dir='ltr'><strong>Nam</strong></span> <span class='ocrx_word' id='word_1_619' title='bbox 2961 5461 3017 5518; x_wconf 78' lang='lat' dir='ltr'><strong>se</strong></span> <span class='ocrx_word' id='word_1_620' title='bbox 3046 5456 3160 5501; x_wconf 86' lang='lat' dir='ltr'><strong>octo</strong></span> <span class='ocrx_word' id='word_1_621' title='bbox 3189 5449 3385 5501; x_wconf 85' lang='lat' dir='ltr'><strong>dierum</strong></span> <span class='ocrx_word' id='word_1_622' title='bbox 3413 5451 3596 5502; x_wconf 80' lang='lat' dir='ltr'><strong>itinere</strong></span> <span class='ocrx_word' id='word_1_623' title='bbox 3627 5451 3730 5518; x_wconf 82' lang='lat' dir='ltr'><strong>fes-</strong></span> 
     </span>
    </p>
   </div>
   <div class='ocr_carea' id='block_1_95' title="bbox 2147 5513 3732 5586">
    <p class='ocr_par' dir='ltr' id='par_1_95' title="bbox 2147 5513 3732 5586">
     <span class='ocr_line' id='line_1_96' title="bbox 2147 5513 3732 5586; baseline 0.005 -20"><span class='ocrx_word' id='word_1_624' title='bbox 2147 5528 2258 5586; x_wconf 78' lang='lat' dir='ltr'><strong>sum</strong></span> <span class='ocrx_word' id='word_1_625' title='bbox 2274 5513 2505 5586; x_wconf 69' lang='lat' dir='ltr'><strong>tenebat.</strong></span> <span class='ocrx_word' id='word_1_626' title='bbox 2530 5515 2623 5567; x_wconf 81' lang='lat' dir='ltr'><strong>Est</strong></span> <span class='ocrx_word' id='word_1_627' title='bbox 2648 5527 2823 5586; x_wconf 86' lang='lat' dir='ltr'><strong>autem</strong></span> <span class='ocrx_word' id='word_1_628' title='bbox 2851 5513 3209 5586; x_wconf 84' lang='lat' dir='ltr'><strong>0_c_todurutn,</strong></span> <span class='ocrx_word' id='word_1_629' title='bbox 3241 5518 3398 5586; x_wconf 75' lang='lat' dir='ltr'><strong>Vulgo</strong></span> <span class='ocrx_word' id='word_1_630' title='bbox 3427 5513 3732 5574; x_wconf 70' lang='lat' dir='ltr'><strong>Martiuoclt</strong></span> 
     </span>
    </p>
   </div>
   <div class='ocr_carea' id='block_1_96' title="bbox 2150 5582 3734 5657">
    <p class='ocr_par' dir='ltr' id='par_1_96' title="bbox 2150 5582 3734 5657">
     <span class='ocr_line' id='line_1_97' title="bbox 2150 5582 3734 5657; baseline 0.006 -22"><span class='ocrx_word' id='word_1_631' title='bbox 2150 5583 2232 5657; x_wconf 80' lang='lat' dir='ltr'><strong>_vel</strong></span> <span class='ocrx_word' id='word_1_632' title='bbox 2263 5582 2545 5657; x_wconf 68' lang='lat' dir='ltr'><strong>Martigni,</strong></span> <span class='ocrx_word' id='word_1_633' title='bbox 2587 5584 2840 5657; x_wconf 83' lang='lat' dir='ltr'><strong>oppidum</strong></span> <span class='ocrx_word' id='word_1_634' title='bbox 2889 5583 3118 5657; x_wconf 72' lang='lat' dir='ltr'><strong>Valesize</strong></span> <span class='ocrx_word' id='word_1_635' title='bbox 3165 5588 3220 5640; x_wconf 91' lang='lat' dir='ltr'><strong>in</strong></span> <span class='ocrx_word' id='word_1_636' title='bbox 3272 5582 3524 5644; x_wconf 71' lang='lat' dir='ltr'><strong>llelvctiis</strong></span> <span class='ocrx_word' id='word_1_637' title='bbox 3552 5630 3571 5657; x_wconf 85' lang='lat'><strong>,</strong></span> <span class='ocrx_word' id='word_1_638' title='bbox 3623 5607 3734 5646; x_wconf 88' lang='lat' dir='ltr'><strong>non</strong></span> 
     </span>
    </p>
   </div>
   <div class='ocr_carea' id='block_1_97' title="bbox 2149 5653 3253 5725">
    <p class='ocr_par' dir='ltr' id='par_1_97' title="bbox 2149 5653 3253 5725">
     <span class='ocr_line' id='line_1_98' title="bbox 2149 5653 3253 5725; baseline 0.005 -16"><span class='ocrx_word' id='word_1_639' title='bbox 2149 5653 2306 5724; x_wconf 85' lang='lat' dir='ltr'><strong>longe</strong></span> <span class='ocrx_word' id='word_1_640' title='bbox 2334 5670 2361 5709; x_wconf 86' lang='lat' dir='ltr'><strong>a</strong></span> <span class='ocrx_word' id='word_1_641' title='bbox 2389 5653 2605 5711; x_wconf 78' lang='lat' dir='ltr'><strong>seduno</strong></span> <span class='ocrx_word' id='word_1_642' title='bbox 2637 5663 2689 5710; x_wconf 90' lang='lat' dir='ltr'><strong>et</strong></span> <span class='ocrx_word' id='word_1_643' title='bbox 2728 5653 2950 5725; x_wconf 72' lang='lat' dir='ltr'><strong>Agauuo</strong></span> <span class='ocrx_word' id='word_1_644' title='bbox 2983 5655 3253 5715; x_wconf 88' lang='lat' dir='ltr'><strong>dissitum.</strong></span> 
     </span>
    </p>
   </div>
  </div>
