3932 6170
264 319 367 382 εεο

1189 316 1427 375 PASSIO
1465 315 1523 372 S.
1565 313 1872 372 MAURlCll
1915 313 2000 369 ΕΤ
2039 311 2381 370 SOCIORUM
2422 314 2605 372 EJUS.

3416 322 3519 381 830

263 456 322 495 se
347 440 489 494 circa
515 436 839 492 Octodurum
868 434 1058 491 itinere
1097 436 1270 490 lessus
1298 434 1515 490 tenebat
1545 451 1557 486 :
1592 432 1681 489 ubi
1710 446 1829 488 cum
1864 438 1909 492 Α
1937 443 2345 501 praecesserant.
2388 433 2669 503 Flagrabat
2708 435 2849 490 enim
2878 438 2988 506 jam
3020 444 3152 521 tunc
3176 439 3227 493 in
3266 436 3519 495 beatissi-

263 533 314 588 ei
339 548 433 600 per
456 532 668 586 nuntios
694 531 923 586 delatum
951 541 1091 586 esset
1124 530 1388 600 legionem
1428 531 1565 585 hanc
1587 529 1842 584 adiersus

264 623 515 678 mandata
555 625 700 692 regia
744 622 1002 677 rebellem
1045 621 1096 675 in
1137 621 1547 676 Acauncnsibus
1582 618 1842 689 angustiis

262 714 587 779 substitisse,
621 714 674 765 in
704 718 729 749 ι
752 713 985 766 furorem
1010 710 1263 766 instinctu
1287 710 1668 780 indignationis
1688 725 1847 764 exar-

262 806 355 860 sit.
382 801 488 858 Sed
514 800 644 855 mihi
673 801 984 870 priusquam
1011 801 1212 869 reliqua
1240 814 1679 866 commemorent,
1710 798 1844 853 situs

261 893 369 949 loci
399 893 515 962 ejus
551 891 797 947 relationi
827 890 1148 946 inserendus
1177 891 1408 946 videtur.

335 982 422 1037 Ill.
448 981 696 1036 Acaunus
723 981 1008 1051 sexaginta
1032 981 1199 1036 ferme
1226 981 1460 1035 millibus
1483 994 1512 1035 a
1543 977 1843 1037 Genavensi

262 1074 404 1129 urbe
432 1074 614 1139 abest,
647 1072 1051 1143 quatuordecim
1081 1086 1208 1126 vero
1238 1071 1478 1125 millibus
1509 1071 1674 1125 distat
1701 1086 1728 1123 a
1756 1085 1847 1124 ca-

271 1166 386 1235 pite
430 1163 689 1217 Lemanni
729 1163 876 1216 lacus
901 1202 914 1225 ,
943 1177 1100 1231 quem
1132 1161 1304 1217 influit
1330 1161 1641 1216 Rhodanus.
1676 1162 1848 1216 Locus

265 1256 386 1323 ipse
408 1254 515 1321 jam
539 1252 679 1306 inter
704 1251 894 1319 Alpina
918 1250 1042 1319 juga
1064 1251 1116 1305 itt
1139 1251 1279 1307 valle
1299 1251 1432 1306 situs
1454 1261 1535 1306 est
1557 1269 1568 1305 :
1594 1250 1659 1305 ad
1686 1266 1843 1320 quem

270 1340 620 1412 pergentibus
657 1338 861 1395 difficili
902 1340 1127 1394 transitu
1166 1355 1413 1409 asperum
1454 1349 1611 1410 atque
1638 1350 1844 1395 arctum

259 1434 368 1490 iter
390 1433 659 1503 panditur.
680 1431 910 1487 Infestus
935 1448 1163 1503 namque
1184 1433 1475 1490 Rhodanus
1490 1434 1668 1488 saxosi
1689 1448 1843 1488 mon-

261 1524 335 1577 tis
365 1522 637 1578 radicibus
667 1522 750 1576 vix
778 1523 1017 1591 pervium
1058 1524 1325 1578 viantibus
1350 1521 1377 1561 ι’
1406 1539 1653 1594 aggerem
1686 1524 1847 1578 relin-

257 1617 400 1685 quit.
453 1615 654 1671 Evictis
702 1616 1137 1685 transmissisque
1175 1616 1540 1685 angustiarum
1581 1616 1844 1681 faucibus,

255 1710 442 1765 subito
469 1723 566 1764 nec
593 1706 815 1777 exiguus
840 1709 978 1763 inter
1000 1709 1260 1763 montium
1292 1722 1453 1777 rupes
1475 1723 1694 1778 campus
1721 1723 1849 1776 ape-

1944 526 2045 581 mts
2071 526 2199 581 viris
2221 527 2463 597 martyrii
2491 526 2757 597 gloriosus
2787 527 2973 583 ardor.
3000 529 3089 583 llis
3116 531 3295 599 itaque
3321 529 3523 599 primo-

1943 618 2094 673 ribus
2135 618 2247 673 suis
2277 627 2435 688 atque
2476 619 2786 674 auctoribus
2829 618 2847 657 ί
2888 621 3149 688 animati,
3199 622 3523 679 Maximiano

1944 706 2151 761 insania
2180 707 2355 764 adhuc
2383 710 2629 763 aestuanti
2676 709 2925 763 mandata
2970 711 3212 775 mittunt,
3246 712 3385 766 sicut
3412 714 3520 781 pia,

1944 795 2015 850 ita
2041 805 2095 850 et
2126 794 2283 850 fortia
2304 841 2318 865 ,
2342 812 2460 867 qua:
2487 797 2734 853 feruntur
2761 798 2927 853 fuisse
2961 799 3011 852 in
3042 802 3180 854 hunc
3212 802 3450 856 modum.

2016 884 2210 939 Milites
2228 902 2427 952 sumus,
2449 887 2744 961 imperator,
2767 889 2836 941 tui
2857 903 2877 952 ;
2897 887 2989 942 sed
3017 897 3185 941 tamen
3207 891 3359 957 servi,
3388 890 3524 958 quod

1945 974 2101 1029 libere
2125 977 2447 1043 conﬁtemur,
2485 976 2596 1029 Dei.
2628 976 2741 1031 Tibi
2770 978 3007 1031 militiam
3039 978 3295 1046 debemus,
3324 980 3403 1033 illi
3439 980 3523 1033 in-

1947 1068 2265 1133 nocentiam;
2291 1084 2323 1120 α
2353 1077 2402 1121 te
2429 1068 2739 1136 stipendium
2777 1068 2967 1122 laboris
2993 1070 3300 1141 accepimus,
3332 1070 3395 1123 ab
3431 1070 3525 1123 illo

1944 1158 2061 1211 vita
2081 1158 2349 1211 exordium
2370 1158 2700 1228 sumpsimus.
2727 1158 2885 1227 Sequi
2914 1170 2959 1212 te
2979 1161 3332 1229 imperatorem
3356 1161 3410 1213 in
3431 1160 3525 1213 hoc

1946 1265 2265 1320 nequaquam
2290 1266 2579 1319 possumus,
2603 1258 2660 1304 ut
2680 1258 2941 1304 auctorem
2970 1270 3073 1323 negt
3094 1269 3204 1305 mtts
3228 1253 3527 1319 Deum,uti-

1945 1354 2043 1409 quc
2071 1350 2325 1393 auctorem
2353 1350 2602 1403 nostrum,
2635 1340 2928 1408 Dominum,
2964 1354 3243 1408 auctorem,
3276 1342 3398 1397 velis
3435 1361 3526 1397 no-

1947 1430 2030 1492 lis,
2063 1436 2111 1481 et
2151 1437 2312 1482 tuum.
2349 1428 2409 1485 Si
2438 1446 2539 1483 non
2565 1430 2633 1483 ad
2678 1442 2781 1483 tant
2826 1432 3026 1502 funesta
3068 1432 3441 1503 compellimur,
3473 1444 3527 1486 ut

1948 1519 2083 1572 hunc
2109 1517 2449 1585 offendamus,
2478 1520 2587 1581 tibi,
2618 1531 2672 1574 ut
2693 1524 2902 1591 fecimus
2933 1522 3195 1587 hactenus,
3228 1525 3396 1578 adhuc
3426 1541 3521 1593 pa-

1947 1611 2205 1675 rebimus;
2240 1613 2316 1663 sin
2344 1612 2511 1677 aliter,
2552 1612 2631 1665 illi
2681 1615 2969 1682 parebimus
3017 1617 3184 1685 potius
3223 1632 3373 1683 quam
3414 1617 3522 1670 tibi.

1953 1698 2229 1768 Olferimus
2274 1711 2473 1755 nostras
2506 1705 2559 1755 in
2599 1704 2867 1772 quemlibet
2902 1704 3096 1757 hostem
3132 1722 3349 1771 ntantts;
3400 1722 3526 1775 quas

256 1803 421 1857 ritur.
474 1801 531 1854 ltt
572 1802 673 1897 hac
708 1801 846 1869 legio
882 1809 1064 1854 sancta
1097 1799 1436 1853 consederat.
1485 1798 1679 1869 Igitur,
1711 1799 1848 1854 sicut
1878 1796 1923 1853 B
1948 1792 2195 1863 sanguine
2219 1793 2564 1846 innocentium
2594 1804 2863 1847 cruentare
2892 1797 3035 1864 nefas
3056 1795 3308 1847 ducimus.
3344 1795 3528 1849 Dexte-

252 1909 428 1962 supra
484 1892 756 1957 diximus,
802 1893 1017 1962 cognito
1084 1892 1434 1947 Maximianus
1489 1892 1843 1947 Thebanorum

253 1999 544 2054 responso,
569 1984 827 2054 pracipiti
850 1986 925 2038 ira
956 1984 1214 2051 fervidus,
1240 1986 1308 2039 ob
1331 1985 1574 2054 neglecta
1599 1985 1842 2055 imperia,

253 2075 531 2130 decimum
560 2090 829 2145 quemque
864 2091 930 2130 ex
974 2075 1162 2130 eadem
1201 2076 1411 2146 legione
1442 2086 1462 2114 ε
1490 2076 1672 2146 gladio
1698 2075 1845 2132 feriri

254 2163 449 2234 jubet,
496 2178 603 2233 quo
650 2163 856 2218 facilius
904 2164 1087 2219 caeteri
1136 2165 1297 2234 regiis
1346 2165 1627 2234 prteceptis
1673 2164 1844 2220 territi

254 2264 413 2309 metu
439 2254 694 2309 cederent
722 2271 736 2305 :
772 2253 1252 2323 redintegratisque
1281 2253 1565 2321 mandatis,
1595 2254 1760 2309 edicit
1789 2262 1847 2309 ut

255 2343 460 2413 reliqui
510 2344 562 2397 in
606 2345 1042 2411 persecutionem
1084 2343 1512 2399 Christianorum
1562 2354 1843 2415 cogantur.

263 2431 371 2488 Ubi
413 2447 542 2487 vero
571 2431 639 2486 ad
680 2431 945 2486 Thebaeus
981 2432 1315 2487 denuntiatio
1350 2434 1539 2487 iterata
1581 2435 1841 2502 pervenit,

254 2522 646 2593 cognitumque
679 2523 747 2579 ab
777 2523 854 2578 eis
883 2530 965 2577 est
997 2522 1198 2593 injttngi
1233 2523 1333 2577 sibi
1377 2539 1585 2577 rursum
1621 2537 1844 2578 exsecu-

256 2612 440 2668 tiones
470 2611 725 2682 profanas
749 2652 763 2676 ,
812 2611 1121 2667 vociferatio
1165 2613 1363 2681 passim
1403 2628 1466 2666 ac
1502 2613 1760 2667 tumultus
1793 2613 1844 2667 in

256 2705 458 2759 Castris
482 2704 725 2758 exoritur
747 2703 1122 2758 affirmantium
1154 2719 1440 2773 numquam
1465 2719 1522 2760 se
1544 2706 1634 2759 ulli
1657 2705 1711 2759 in
1736 2706 1849 2759 haec

259 2802 378 2848 tam
409 2794 671 2862 sacrilega
698 2793 993 2849 ministeria
1021 2808 1305 2858 cessuros;
1339 2796 1596 2849 idolorum
1626 2793 1846 2863 profana

250 2897 481 2951 semper
537 2882 942 2947 detestaturos,
1003 2897 1170 2937 sacrze
1224 2894 1276 2937 et
1326 2884 1520 2938 divina:
1577 2883 1849 2955 religionis

256 2972 435 3026 cultui
468 2972 779 3037 instituros;
812 2987 975 3026 unum
1009 2986 1067 3026 se
1094 2973 1408 3027 atternitatis
1439 2973 1605 3027 Deum
1633 2974 1845 3038 calere;

256 3070 508 3117 extrema
547 3063 778 3128 experiri
825 3062 993 3116 satius
1035 3078 1155 3117 esse
1197 3078 1353 3132 quam
1395 3064 1653 3119 adversus
1693 3064 1847 3118 Chri-

256 3153 496 3208 Stianam
539 3152 697 3206 fidem
731 3152 935 3207 venire.
985 3152 1080 3207 llis
1106 3154 1299 3209 deinde
1322 3155 1616 3223 compertis
1639 3196 1653 3217 ,
1685 3155 1851 3209 Maxi-
1880 3124 1922 3185 C

258 3241 481 3295 mianus
505 3242 650 3295 omni
682 3241 857 3299 bellua
892 3244 1181 3311 cruentior,
1218 3259 1404 3299 rursus
1440 3245 1504 3299 ad
1540 3245 1738 3315 ingenii
1769 3244 1851 3299 sui

259 3332 528 3385 srevitiam
552 3332 714 3396 redit,
744 3340 903 3402 atque
931 3332 1156 3402 imperat
1183 3342 1241 3388 ut
1269 3335 1459 3390 iterum
1487 3334 1725 3390 decimus
1753 3350 1847 3389 co-

260 3436 386 3476 rum
415 3421 575 3476 morti
605 3421 780 3489 detur,
816 3432 869 3476 et
897 3424 1077 3478 ca'teri
1108 3424 1457 3479 nihilominus
1498 3425 1563 3479 ad
1596 3426 1709 3480 haec
1733 3441 1852 3495 qua

258 3524 585 3584 spreverant
629 3518 1101 3586 compellerentur.
1148 3519 1353 3586 Quibus
1388 3519 1552 3589 jussis
1592 3521 1769 3576 denuo
1799 3523 1850 3575 in

263 3618 445 3664 castra
474 3610 693 3678 perlatis
718 3650 734 3676 ,
767 3619 1081 3679 segregatus
1124 3619 1206 3664 est
1250 3620 1410 3679 atque
1453 3627 1736 3679 percussus
1762 3613 1849 3680 qui

262 3701 513 3756 decimus
552 3712 699 3755 sorte
739 3701 1057 3765 obvenerat;
1111 3702 1310 3771 reliqua
1357 3717 1486 3756 vero
1528 3716 1587 3756 se
1628 3704 1851 3756 militum

262 3792 556 3847 multitudo
588 3802 769 3847 mutuo
801 3808 1052 3848 sermone
1080 3793 1371 3864 instigabat
1407 3801 1463 3847 ut
1498 3792 1549 3847 in
1582 3800 1684 3846 tam
1717 3808 1853 3861 pra:-

263 3885 417 3941 claro
449 3900 613 3951 opere
641 3886 1010 3954 persisterent.

338 3977 428 4031 ιν.
473 3976 884 4031 lncitamentmn
929 3986 1105 4033 tamen
1150 3978 1439 4032 maximum
1500 3974 1621 4031 fidei
1662 3976 1713 4031 in
1762 3976 1852 4030 illo

270 4082 523 4139 tempore
574 4085 740 4138 penes
796 4079 1041 4125 sanctum
1087 4072 1396 4125 Mauricium
1440 4070 1571 4135 fuit,
1609 4065 1638 4107 ἀ
1671 4070 1853 4138 primi-

263 4160 473 4215 ccrium
516 4170 670 4224 tunc,
708 4161 843 4214 sicut
881 4160 1137 4227 traditur,
1179 4160 1403 4230 legionis
1444 4161 1581 4228 ejus,
1610 4159 1848 4229 quicum

265 4251 593 4319 Exsuperio,
618 4261 671 4304 ut
699 4252 751 4305 in
775 4252 1014 4306 exercitu
1037 4251 1327 4321 appellant,
1352 4251 1770 4321 campidoctore,
1797 4262 1852 4307 et

268 4353 291 4379 ⁸
318 4341 567 4397 Candida
595 4351 849 4397 senatore
876 4343 1123 4411 militum,
1148 4342 1493 4407 accendebat,
1520 4341 1851 4397 exhortando

264 4432 511 4502 singulos
556 4441 609 4486 et
653 4431 921 4487 monendo
963 4432 1159 4497 tidem;
1210 4432 1632 4486 commilitonum
1686 4432 1846 4486 etiam

262 4533 563 4594 martyrum
588 4524 831 4592 exempla
857 4523 1126 4592 ingerens,
1152 4538 1245 4593 pro
1266 4534 1602 4577 sacramento
1627 4522 1844 4587 ChriSIi,

264 4630 362 4684 pro
390 4615 590 4669 divinis
620 4615 860 4685 legibus,
891 4615 936 4668 si
964 4616 1034 4668 ita
1064 4615 1356 4670 necessitas
1382 4616 1566 4682 ferret,
1600 4615 1847 4669 omnibus

264 4693 607 4759 moriendum
639 4705 931 4771 suadebat,
967 4704 1377 4774 sequendusque
1411 4704 1732 4758 admonebat
1759 4717 1846 4758 so-

264 4798 379 4854 cios
408 4796 534 4851 illos
574 4805 627 4851 et
665 4796 1079 4852 contubernales
1124 4810 1254 4851 suos
1296 4796 1387 4867 qui
1425 4795 1533 4865 jam
1564 4795 1616 4850 in
1646 4796 1843 4852 caalum

338 5028 369 5128 ἓ
401 5017 538 5144 god.
559 5018 765 5100 Germ”
791 5021 961 5089 furore
981 5018 1249 5073 instinctus
1275 5019 1625 5089 indignatione
1644 5019 1854 5074 exarsit.

460 5105 620 5144 ertn..
654 5099 771 5143 iter.

460 5105 620 5152 ertn.,
654 5099 771 5143 iter.

343 5169 366 5198 ε
407 5160 743 5227 Supplicium
772 5158 909 5226 apud
951 5158 1220 5213 Romanos
1264 5158 1537 5211 usitatum.
1593 5157 1853 5222 Exempla

269 5231 477 5295 aliquot
498 5229 659 5283 refert
682 5229 938 5284 Batonius
964 5230 1017 5282 in
1049 5230 1186 5283 notis
1218 5229 1284 5283 ad
1311 5227 1744 5298 Martyrologium
1766 5229 1856 5284 die

267 5299 343 5354 22
366 5300 720 5365 Septembris.

342 5366 370 5405 ἀ
411 5369 643 5438 Cattgius
672 5369 724 5421 itt
755 5367 1049 5430 Glossario,
1082 5365 1431 5436 Primieerius,
1464 5366 1856 5438 inquigdt’gni-

272 5447 352 5491 tas
380 5436 619 5493 militaris
638 5479 653 5500 ,
689 5440 876 5492 tribuni
906 5439 1148 5508 dignitati
1177 5439 1429 5506 proxima.
1476 5439 1629 5505 Apud
1664 5436 1855 5491 Hiero-

271 5524 482 5578 nymum
517 5510 588 5561 ad
626 5508 1016 5562 Pammachium
1052 5523 1071 5562 :
1102 5508 1210 5579 Sed
1242 5508 1732 5579 anteprimicerius,
1765 5509 1854 5561 dc-

269 5579 391 5632 inde
410 5589 642 5647 senator,
674 5579 1005 5640 ducenarius,
1041 5578 1309 5645 biarcltus,
1338 5578 1613 5631 cirmicitor
1632 5619 1648 5644 ,
1678 5594 1848 5647 eques,

273 5649 461 5705 deinde
485 5651 602 5702 tiro.
630 5651 703 5704 De
724 5650 813 5703 bis
835 5648 1180 5714 dignitatibus
1201 5648 1395 5715 passim
1419 5648 1557 5716 apud
1580 5658 1846 5701 auctores.

349 5729 372 5758 ε
402 5720 567 5777 Codd.
594 5719 789 5792 Regius
809 5727 862 5776 et
886 5718 1095 5787 Gcrm.,
1121 5717 1357 5774 Candida
1378 5728 1609 5773 senatore
1631 5718 1848 5772 militum

1944 1896 2017 1935 rae
2043 1882 2153 1935 ista
2172 1898 2398 1953 pugnare
2417 1884 2685 1937 adversum
2708 1885 2893 1952 impios
2916 1895 3064 1953 atque
3086 1885 3318 1937 inimicos
3340 1887 3526 1950 sciunt;

1947 1972 2146 2026 laniare
2175 1973 2285 2039 pios
2314 1982 2361 2026 et
2390 1975 2519 2028 cives
2548 1975 2796 2028 nesciunt.
2834 1973 3186 2039 Meminimus,
3218 1992 3307 2028 nos
3330 1992 3422 2046 pro
3453 1978 3528 2028 εἰσ·

1944 2063 2086 2118 uibus
2111 2065 2280 2135 potius
2305 2081 2459 2135 quam
2489 2065 2732 2119 adversus
2772 2066 2903 2119 cit'es
2928 2083 3071 2120 arma
3104 2068 3394 2137 sumpsisse.
3429 2066 3527 2119 Pu-

1946 2157 2209 2227 gnavitnus
2236 2172 2435 2223 semper
2461 2173 2551 2226 pro
2582 2158 2789 2226 justitia
2810 2167 2858 2221 ε,
2891 2174 2985 2227 pro
3014 2159 3216 2229 pietate,
3249 2172 3344 2225 pro
3382 2159 3528 2210 inno-

1947 2248 2164 2301 centium
2191 2246 2360 2301 salute
2377 2264 2396 2302 :
2424 2250 2529 2301 haec
2551 2250 2756 2318 fuerunt
2779 2248 3021 2302 hactenus
3052 2249 3195 2303 nobis
3212 2245 3239 2284 δ
3264 2250 3422 2318 pretia
3440 2267 3528 2320 pe-

1946 2336 2248 2391 riculorum.
2279 2336 2627 2408 Pugnavimus
2654 2355 2747 2407 pro
2778 2339 2898 2407 ﬁde,
2931 2356 3084 2409 quam
3111 2355 3211 2408 quo
3232 2351 3377 2409 pacto
3406 2356 3528 2393 con-

1945 2427 2254 2482 servabimus
2294 2428 2403 2490 tibi,
2445 2429 2492 2481 si
2526 2427 2659 2481 hanc
2694 2429 2800 2482 Deo
2841 2439 3013 2483 nostro
3052 2444 3154 2482 non
3194 2429 3529 2485 exhibemus?

1948 2517 2248 2572 Jurauimus
2279 2520 2501 2589 primum
2544 2521 2597 2573 in
2644 2531 2963 2575 sacramenta
2995 2522 3212 2587 divina;
3241 2523 3529 2593 jurauimus

1948 2614 2132 2669 deinde
2170 2614 2226 2668 in
2262 2622 2580 2668 sacramenta
2621 2615 2792 2686 regia:
2823 2613 2953 2668 nihil
2991 2615 3135 2669 nobis
3184 2617 3247 2668 de
3292 2616 3529 2670 secundis

1949 2705 2128 2758 credas
2158 2721 2357 2759 necesse
2381 2715 2476 2771 est,
2506 2706 2551 2758 si
2577 2706 2741 2775 prima
2768 2708 3168 2777 perrumpimus.
3209 2705 3528 2762 Christianos

1948 2795 2019 2847 ad
2049 2810 2246 2864 paruam
2272 2810 2362 2865 per
2405 2810 2497 2848 nos
2529 2795 2721 2865 requiri
2751 2796 2923 2866 jubes.
2965 2795 3086 2849 Jam
3117 2798 3206 2850 tibi
3225 2814 3287 2852 ea:
3317 2798 3410 2851 hoc
3437 2800 3529 2853 alii

1949 2886 2240 2954 requirendi
2281 2902 2381 2941 non
2415 2896 2576 2942 sunt:
2613 2888 2767 2941 habes
2798 2888 2877 2941 hic
2921 2904 3012 2941 nos
3042 2890 3337 2957 conﬁtentes
3369 2890 3528 2944 Deum

1953 2978 2163 3032 Patrem
2217 2987 2473 3032 auctorem
2518 2980 2763 3041 omnium,
2819 2988 2866 3032 et
2923 2977 3118 3032 Filium
3165 2978 3320 3051 ejusi
3360 2979 3529 3035 Jasuu

1954 3067 2221 3124 Cumsruu
2251 3070 2402 3124 Deuu
2432 3070 2707 3125 credimus.
2737 3070 2969 3125 Vidimus
2996 3070 3250 3137 laborum,
3279 3074 3530 3141 periculo-

1954 3179 2163 3232 rumque
2188 3169 2477 3216 nostrorum
2500 3163 2683 3227 socios,
2709 3162 2849 3217 nob's
2874 3179 3073 3234 quoqtte
3088 3179 3261 3217 eorum
3288 3166 3533 3233 sanguine

1952 3253 2203 3322 aspersis,
2257 3252 2510 3306 trucidari
2549 3254 2721 3324 ferro;
2771 3263 2818 3307 et
2870 3262 3035 3307 tamen
3092 3254 3533 3307 sanetissimorum

1954 3342 2359 3397 commilitonum
2386 3352 2591 3407 mortes,
2620 3352 2664 3396 et
2685 3347 2906 3413 fratrum
2934 3347 3114 3413 funera
3137 3360 3239 3397 non
3273 3344 3532 3412 fleuimus,

1952 3452 2053 3489 non
2076 3435 2367 3501 doluintus;
2397 3434 2485 3488 sed
2512 3436 2680 3505 potius
2705 3435 3047 3499 laudavimus,
3077 3444 3122 3488 et
3145 3434 3335 3504 gaudio
3353 3451 3531 3503 prose-

1952 3528 2057 3581 cuti
2085 3543 2279 3594 sumus,
2306 3527 2429 3597 quia
2468 3527 2611 3597 digni
2638 3527 2796 3579 habiti
2827 3534 2986 3579 essent
3032 3526 3139 3595 pati
3166 3540 3260 3595 pro
3310 3523 3530 3577 Domino

1954 3619 2061 3672 Deo
2089 3634 2284 3671 eorum.
2316 3616 2382 3669 Et
2415 3633 2550 3670 nunc
2578 3632 2677 3669 non
2710 3632 2801 3668 nos
2836 3615 2911 3670 rel
2934 3615 3044 3669 haec
3082 3615 3261 3668 ultima
3287 3616 3404 3668 vitae
3442 3631 3533 3667 ne-

1952 3710 2158 3763 cessitas
2184 3709 2258 3762 in
2301 3705 2624 3762 rebellionent
2658 3706 2859 3773 coegit:
2890 3721 2990 3757 non
3030 3720 3121 3757 nos
3163 3704 3432 3756 adversum
3463 3713 3531 3767 te,

1953 3800 2249 3869 imperator,
2280 3796 2499 3849 armavit
2540 3795 2652 3866 ipsa
2681 3795 2881 3859 saltem,
2915 3809 3028 3861 qua:
3068 3793 3345 3862 fortissima
3379 3802 3451 3845 est
3481 3795 3533 3846 in

1952 3887 2214 3959 periculis,
2245 3885 2547 3957 desperatio.
2580 3883 2831 3938 Tenemus
2862 3899 2973 3937 ecce
3006 3900 3170 3947 arma,
3202 3892 3249 3937 et
3279 3898 3379 3936 non
3407 3883 3534 3936 resi-

1954 3983 2172 4034 stimus:
2204 3980 2324 4049 quia
2366 3979 2496 4031 mori
2539 3993 2694 4048 quam
2734 3978 2958 4032 occidere
3001 3978 3127 4031 satis
3169 3977 3441 4043 malumus,
3489 3986 3533 4031 et

1953 4071 2238 4125 innocentes
2277 4070 2483 4123 interire
2521 4085 2670 4138 quam
2710 4069 2850 4122 noxii
2883 4068 3041 4121 vivere
3082 4075 3426 4133 peroptamus.
3471 4066 3533 4121 Si

1953 4163 2078 4231 quid
2120 4163 2173 4215 in
2194 4177 2284 4216 nos
2310 4160 2450 4215 ultra
2488 4160 2748 4224 statueris,
2777 4160 2822 4214 si
2849 4160 2974 4231 quid
3012 4159 3181 4212 adhuc
3210 4157 3448 4230 jusseris,
3489 4158 3534 4212 si

1952 4255 2077 4326 quid
2121 4254 2437 4319 admoveris;
2466 4254 2625 4325 ignes,
2659 4261 2926 4317 tormenta,
2955 4255 3150 4321 ferrum
3176 4250 3342 4303 subire
3369 4250 3535 4321 parati

1953 4365 2148 4403 sumus.
2177 4347 2494 4404 Christianos
2529 4363 2619 4400 nos
2656 4350 2897 4417 fatemur,
2948 4343 3179 4416 persequi
3213 4341 3533 4396 Christianos

1955 4456 2056 4494 non
2080 4455 2367 4507 possumus.

2022 4528 2225 4583 V.Cttm
2244 4529 2354 4583 haec
2369 4527 2490 4581 talia
2507 4526 2851 4580 Maximianus
2863 4526 3120 4589 audisset,
3135 4524 3534 4594 obstinatosque

1949 4619 2001 4672 in
2025 4618 2127 4672 lide
2139 4616 2338 4671 Citriin
2352 4624 2597 4671 cerneret
2609 4616 2814 4669 animos
2829 4631 3012 4670 eorum
3024 4615 3332 4685 ,desperans
3345 4615 3534 4686 glorio-

1947 4724 2061 4763 sam
2080 4722 2266 4763 eorum
2296 4707 2646 4763 constantiam
2672 4722 2828 4776 posse
2851 4709 3111 4773 revocari,
3142 4722 3242 4760 una
3269 4708 3530 4761 sententia

1947 4797 2177 4853 interfici
2223 4812 2417 4852 omnes
2452 4795 2720 4861 decrevit;
2751 4804 2805 4851 et
2826 4812 2937 4851 rem
2969 4797 3161 4851 confici
3194 4795 3533 4851 circumfusis

1959 5018 2225 5072 accedebat
2254 5018 2325 5071 ad
2356 5016 2727 5072 exhortandum
2764 5017 2992 5087 singulos
3021 5026 3067 5070 et
3097 5017 3437 5085 monendum,
3470 5018 3534 5085 ﬁ-

1960 5089 2255 5157 deliumque
2273 5088 2700 5153 commilitonum,
2723 5098 2827 5141 ctc.
2862 5088 3058 5141 Eadem
3086 5090 3134 5138 itt
3164 5087 3368 5140 Fossat.
3391 5102 3405 5150 ;
3438 5087 3531 5140 sed

1958 5174 2056 5225 pro
2083 5158 2486 5224 exhortandum,
2517 5167 2647 5225 etc.,
2682 5157 2845 5212 habet
2871 5156 3305 5213 exhortando..."
3346 5166 3391 5211 et
3423 5172 3534 5210 mo-

1958 5229 2145 5283 uendo.

2034 5300 2053 5338 ί
2090 5298 2276 5366 Sorb.,
2303 5296 2669 5352 animantibus.

2029 5377 2054 5436 β
2083 5368 2267 5433 Sorb.,
2293 5370 2576 5436 provincia.

2026 5435 2056 5508 ιθ
2082 5438 2239 5507 Reg.,
2269 5435 2551 5508 prtecipua.

2033 5504 2050 5543 ί
2096 5503 2307 5561 Ιηέᾱίἰ.
2350 5503 2610 5573 (ὶιι’ἱ1’ίιει.,
2659 5504 2835 5559 Iesum
2881 5504 3144 5560 Christum
3185 5513 3232 5559 et
3279 5503 3534 5573 Spiritum

1953 5588 2206 5632 sanetum.
2235 5577 2291 5630 In
2319 5578 2439 5630 cod.
2472 5587 2648 5631 autem
2687 5577 2942 5631 German.
2992 5590 3093 5629 nec
3128 5575 3390 5629 habentur
3422 5578 3533 5630 lucc

1952 5648 2136 5773 zerba,
2169 5657 2216 5702 et
2252 5648 2304 5702 in
2345 5648 2600 5718 Spiritum
2628 5656 2882 5714 sanctum,
2924 5661 3023 5703 nec
3064 5644 3184 5709 ista,
3230 5646 3393 5702 Deum
3428 5662 3536 5700 cre-

1992 5734 2149 5773 unus.

1992 5734 2149 5773 unus.
