3932 6170
438 283 538 337 85f
1413 270 1470 322 s.
1516 261 1837 322 ELCllEltll
1878 255 2354 314 LUGDUNENSIS
2397 250 2698 308 EPISCOPI
3596 254 3704 310 περ,

441 394 670 448 militum
685 382 1263 458 agminibusjubetﬂui
1278 378 1563 435 cummissi
1577 377 1641 432 ad
1655 364 2018 430 beatissimam
2051 375 2102 434 Α
2127 386 2246 425 rum
2275 385 2405 425 vero
2431 378 2670 424 castrum
2707 376 2792 422 est
2827 379 2987 436 supra
3013 365 3232 422 Arulam
3280 367 3502 432 flumen,
3536 384 3708 439 neque

447 486 708 554 legionem
725 481 1015 543 venissem,
1031 474 1362 544 Stringuntin
1377 478 1623 527 sanctos“
1639 468 1784 537 impii
1802 467 2024 531 ferrum,
2132 464 2288 533 longe
2313 480 2343 516 a
2374 463 2563 518 Rheno
2585 462 2841 532 positum.

448 551 704 630 morinon
728 579 1039 626 recusantes
1067 569 1188 622 vita:
1233 580 1438 619 amore.
1467 562 1818 618 Ctrdcbantur
1851 561 2028 627 itaque
2203 553 2313 608 γη.
2347 552 2538 622 Opera:
2587 551 2816 621 pretium
2845 559 2929 605 est
2968 551 3126 606 etiam
3168 551 3301 606 illud
3346 551 3589 609 indicare
3626 553 3709 622 qui

450 666 646 736 passim
668 663 878 732 gladiis,
905 677 1012 714 non
1032 660 1385 713 reclamantcs
1411 656 1602 709 saltem
1621 663 1709 706 aut
1731 667 2031 722 repugnan-

2183 643 2330 698 einde
2359 641 2739 696 Maximiannm
2769 651 2974 696 trucem
3009 651 3295 712 tyranuum
3322 643 3501 698 exitus
3523 659 3715 700 conse-

453 732 565 820 tes;
590 755 684 808 sed
709 753 965 822 depositis
993 752 1160 804 armis
1181 747 1425 802 cervices
1446 745 1878 816 persecutoribus
1899 759 2034 811 prac-
2135 744 2291 790 culus
2332 743 2438 789 εει.
2468 734 2602 788 Cum
2634 733 2910 802 ᾱῐεροείιῑε
2949 732 3159 789 inSidiiS
3200 749 3404 804 genero
3444 751 3546 789 suo
3576 737 3717 791 Con-

452 831 2034 915 bentes,etjugulumpersecutoribusvelintectumcorpus
2137 825 2373 879 stantino
2418 835 2544 878 tunc
2595 838 2820 894 regnum
2875 825 3082 878 tenenti
3125 836 3353 879 mortem
3409 827 3718 896 moliretur,

456 941 767 996 offerentes.
818 937 932 991 Non
980 936 1062 989 vel
1103 933 1218 1002 ipsa
1256 947 1476 986 suorum
1523 929 1884 991 multitudine,
1928 941 2033 980 non

2183 917 2478 984 cprehenso
2503 915 2628 969 dolo
2667 915 2806 984 ejus,
2854 915 2996 982 apud
3037 915 3328 970 Massiliam
3373 928 3592 985 captus,
3627 935 3724 975 nec

458 1047 733 1088 armorum
763 1029 1065 1084 munitione
1102 1025 1227 1081 elati
1263 1035 1420 1087 sunt,
1451 1032 1507 1076 nt
1543 1024 1684 1074 ferro
1713 1030 2040 1074 conarentur

2183 1006 2311 1059 tulto
2339 1015 2458 1076 post
2482 1005 2865 1074 strangulatus,
2895 1005 3282 1074 teterrimoque
3320 1005 3423 1066 hoc
3453 1009 3722 1077 supplicio

461 1139 705 1179 asserere
725 1123 944 1191 iustitia:
969 1133 1218 1181 causam;
1246 1119 1340 1172 sed
1371 1120 1471 1169 hoc
1494 1116 1665 1167 solum
1691 1113 2042 1166 reminiscen-

2183 1098 2388 1164 ll'ectus,
2415 1099 2629 1167 impiam
2658 1098 2820 1152 vitam
2847 1107 2870 1134 ο
2892 1097 3052 1167 digna
3083 1108 3258 1153 morte
3283 1099 3474 1155 ﬁnivit.
3498 1103 3575 1155 At
3599 1117 3724 1158 vero

468 1225 565 1280 ws,
601 1229 658 1267 se
688 1188 834 1265 mum
857 1210 1123 1272 ωηιξη,Υῇ
1163 1209 1252 1276 qui
1287 1222 1382 1260 nec
1418 1205 1759 1260 τοριυηιυηάο
1793 1205 1858 1257 ad
1901 1204 2045 1257 (καί-
2145 1190 2578 1244 beatissimorum
2595 1188 2990 1243 Acannensium
3016 1198 3310 1260 martyrum
3332 1204 3588 1259 corpora,
3612 1202 3729 1262 post

467 1305 675 1358 sionem
709 1303 899 1356 ductus
922 1309 1026 1366 est,
1053 1308 1108 1352 et
1130 1290 1394 1366 tamquam
1425 1312 1593 1366 agnus
1626 1310 1729 1348 non
1759 1294 1967 1364 aperuit
1984 1309 2046 1347 os

2183 1281 2345 1335 mltos
2391 1281 2659 1350 passionis
2699 1294 2890 1344 annos,
2942 1291 3130 1334 sancto
3159 1280 3452 1336 Theodoro
3481 1283 3728 1352 ejusdem

471 1412 659 1451 suum:
704 1396 803 1463 ipsi
849 1407 1062 1462 quoque
1114 1401 1380 1460 tamquam
1423 1405 1553 1457 grex
1582 1387 1606 1424 ιι
1647 1388 2044 1441 Dominicarum

2183 1373 2255 1428 )ci
2279 1373 2534 1442 episcopo
2565 1372 2799 1426 revelata
2844 1371 3155 1439 traduntur;
3196 1373 3248 1427 in
3279 1390 3507 1444 quorum
3561 1376 3733 1432 bono-

474 1489 674 1549 mium,
703 1485 890 1540 laniari
923 1501 981 1539 se
1006 1494 1275 1550 tamquam
1301 1482 1367 1535 ab
1394 1481 1718 1535 irruentibus
1744 1482 1880 1550 lupis
1905 1479 2050 1548 passi
2151 1479 2264 1518 rem
2288 1478 2408 1518 cum
2433 1471 2806 1518 θιεῑτυετθῑυτ
2837 1463 3084 1528 baSi'icav
3116 1481 3237 1535 (1⁸³³⁵
3267 1477 3437 1522 νδδίτθ
3480 1469 3734 1538 adj‘mc“

474 1589 615 1629 sunt.
648 1576 843 1644 Operta
873 1585 952 1627 est
978 1582 1120 1628 terra
1155 1575 1261 1626 illic
1299 1571 1772 1641 pt'ocurubetttibus
1816 1571 1868 1624 in
1908 1586 2050 1624 mor-

2184 1556 2294 1625 upi,
2324 1569 2430 1608 non
2459 1563 2663 1608 tantum
2694 1555 2864 1610 latere
2893 1557 3115 1611 acclinis
3147 1557 3311 1626 jacet,
3335 1559 3461 1628 quid
3491 1562 3735 1618 miraculi

478 1677 582 1720 tom
610 1665 928 1732 corporibus
970 1665 1202 1733 piorum,
1248 1664 1629 1728 Duxeruntque
1669 1661 1886 1729 pretiosi
1930 1675 2052 1714 san—

2183 1662 2281 1701 unc
2302 1649 2609 1717 apparuerit
2641 1661 2983 1716 nequaquam
3018 1649 3301 1704 tacendum
3337 1653 3544 1720 putavi.
3586 1654 3740 1709 Aeci-

475 1757 648 1825 guinis
680 1758 805 1810 rivi.
831 1756 963 1823 Quae
989 1770 1241 1824 umquam
1282 1753 1458 1808 rabies
1501 1755 1702 1822 absque
1741 1753 1881 1807 bella
1929 1760 2048 1805 ttn-
2081 1748 2128 1808 Β
2153 1739 2232 1794 dit
2260 1749 2317 1794 ut
2346 1739 2489 1794 inter
2516 1739 2754 1806 reliquos
2781 1740 3041 1807 artiﬁces,
3063 1741 3154 1810 qui
3182 1741 3388 1796 invitati
3419 1745 3740 1800 convenisse

481 1859 585 1900 tam
620 1846 971 1900 bumanOrum
1001 1859 1283 1914 corporum
1316 1853 1548 1912 stragem
1581 1845 1759 1898 dedit?
1783 1860 1901 1913 qua:
1930 1844 2056 1898 feri-

483 1949 560 1988 tas
586 1953 651 1990 ex
686 1936 948 1990 sententia
978 1951 1070 1990 sua
1105 1944 1181 1989 tot
1205 1936 1360 1989 simul
1399 1935 1573 2004 perire
1606 1936 1688 1987 \el
1718 1933 2057 2002 teosjnssit?

481 2015 558 2082 Ne
594 2029 720 2094 justi
767 2027 1124 2095 punirentur,
1165 2026 1452 2080 multitudo
1496 2042 1600 2080 non
1633 2027 1884 2094 obtinuit,
1936 2039 2057 2080 cum

484 2121 709 2174 inultum
737 2135 857 2174 esse
894 2119 1090 2185 soleat,
1125 2119 1266 2186 quod
1311 2119 1596 2172 multitudo
1635 2119 1913 2187 delinquit.
1953 2118 2061 2171 llae

483 2212 642 2279 igitur
671 2211 986 2266 crudelitate
1015 2211 1390 2265 immanissimi
1421 2213 1630 2282 tyranni
1671 2212 1949 2266 confectus
1978 2220 2062 2265 est

486 2304 575 2358 ille
604 2313 910 2357 sanctorum
936 2303 1184 2372 populus,
1209 2304 1299 2372 qui
1329 2303 1654 2370 contempsit
1687 2317 1798 2356 rem
1831 2317 2064 2369 praasen-

488 2394 620 2446 tium
650 2394 718 2446 ob
747 2409 895 2460 spent
921 2394 1244 2446 futurorum.
1265 2392 1355 2446 Sic
1378 2393 1659 2446 interfecta
1685 2404 1762 2445 est
1795 2393 1880 2445 illa
1907 2392 2065 2460 plane

488 2483 726 2551 angelica
760 2483 922 2549 legio,
951 2496 1093 2552 quin,
1134 2492 1189 2535 ut
1226 2483 1518 2550 credimus,
1550 2496 1669 2534 cum
1713 2482 1819 2534 illis
1848 2481 2068 2549 angelo-

491 2588 609 2625 rutn
635 2573 933 2641 legionibus
954 2573 1064 2642 jam
1093 2572 1381 2626 conlaudat
1396 2587 1609 2642 semper
1635 2571 1686 2625 itt
1709 2571 1858 2628 caelis
1885 2572 2064 2625 Domi-

493 2679 618 2716 num
644 2663 808 2717 Deum
835 2665 1093 2722 Sabaoth.

564 2752 650 2807 Vl.
696 2753 875 2807 Victor
927 2763 1102 2808 autem
1157 2763 1359 2823 martyr
1404 2768 1503 2808 nec
1551 2754 1776 2822 legionis
1830 2752 2067 2822 ejusdem

493 2843 612 2905 fuit,
647 2858 820 2912 neque
853 2844 1035 2909 miles;
1071 2845 1165 2898 sed
1197 2845 1435 2898 emerim
1470 2844 1580 2912 jam
1625 2845 1827 2898 militiae
1863 2855 2071 2899 vetera-

492 2951 611 2988 nus.
648 2935 741 2988 llic
769 2950 890 2989 cmn
919 2934 1025 2989 iter
1055 2949 1220 3004 agens
1246 2935 1424 2989 subito
1464 2935 1738 2990 incidisset
1769 2935 1820 2990 in
1852 2937 1950 2989 ltos
1979 2937 2071 3004 qui

494 3028 690 3096 passim
717 3028 1070 3096 epulabantur
1102 3027 1208 3082 lceti
1246 3038 1540 3096 martyrum
1571 3028 1782 3097 spoliis,
1817 3039 1977 3098 atque
2005 3028 2073 3083 ab

2157 1828 2224 1882 ad
2273 1828 2406 1882 illud
2446 1842 2582 1896 opus
2626 1828 2986 1894 videbantur,
3027 1829 3241 1898 quidam
3295 1825 3512 1886 adesset
3559 1831 3738 1900 faber,

2159 1933 2314 1988 quem
2335 1918 2510 1978 adhuc
2535 1920 2790 1990 gentilem
2821 1933 2942 1974 esse
2969 1930 3262 1976 constaret.
3286 1921 3384 1978 Hic
3404 1937 3529 1977 eum
3567 1924 3745 1978 Domi-

2161 2009 2280 2063 nico
2310 2009 2420 2075 die,
2451 2025 2558 2078 quo
2589 2009 2770 2064 cazteri
2809 2010 2875 2064 ad
2917 2011 3276 2078 exspectanda
3306 2011 3414 2089 diei
3444 2014 3592 2087 illius
3619 2014 3746 2070 festa

2162 2099 2549 2164 abscesserant,
2577 2099 2627 2155 in
2653 2099 2854 2154 fabrica
2896 2100 3043 2155 solus
3074 2101 3422 2166 substitisset,
3456 2103 3510 2156 in
3543 2103 3637 2157 illo
3665 2119 3747 2158 se-

2164 2202 2313 2248 creto
2361 2207 2420 2248 se
2471 2192 2648 2248 subito
2690 2193 2832 2248 clara
2868 2193 2985 2247 luce
3029 2194 3502 2249 manifestantibus
3548 2197 3747 2252 sanctis

2166 2288 2252 2342 hic
2276 2288 2414 2342 idem
2444 2288 2593 2342 faber
2617 2289 2841 2358 rapitur,
2877 2298 3036 2358 atque
3059 2288 3125 2342 ad
3157 2303 3370 2357 poenam
3400 2289 3489 2344 vel
3525 2289 3596 2343 ad
3623 2304 3746 2357 sup-

2169 2380 2322 2446 plicia
2358 2380 2715 2445 distenditur;
2767 2391 2820 2435 et
2869 2379 3153 2434 visibiliter
3196 2379 3403 2434 turbam
3454 2390 3747 2450 martyrum

2167 2487 2416 2536 cernens,
2439 2473 2754 2527 verberatus
2781 2473 2942 2527 etiam
2968 2481 3022 2526 et
3049 2471 3372 2541 increpatus,
3399 2471 3546 2541 quod
3569 2472 3653 2526 vel
3672 2472 3750 2525 die

2169 2563 2450 2616 Dominico
2489 2561 2731 2617 ecclesiae
2777 2563 2926 2616 solus
2967 2563 3201 2630 deesset,
3245 2563 3326 2616 vel
3360 2562 3490 2616 illud
3540 2561 3749 2616 fabrica:

2170 2669 2304 2722 Opus
2337 2665 2579 2710 sanctum
2607 2654 2881 2724 suscipere
2905 2654 3118 2723 gentilis
3159 2653 3401 2707 auderet.
3435 2652 3598 2719 Quod
3626 2653 3749 2706 adeo

2172 2745 2591 2800 misericorditer
2611 2759 2638 2798 a
2665 2745 2864 2799 sanctis
2878 2744 3083 2798 factum
3112 2745 3374 2808 constitit,
3405 2756 3466 2797 ut
3495 2744 3652 2799 faber
3671 2744 3752 2798 ille

2170 2849 2548 2894 consternatus
2571 2847 2625 2893 et
2656 2841 2894 2904 territus,
2926 2839 3161 2893 salutare
3202 2839 3303 2892 sibi
3337 2853 3540 2894 nomen
3591 2854 3746 2909 popo-

2173 2933 2358 2995 scerit,
2385 2932 2669 3001 statimque
2697 2932 3035 2986 Christianus
3065 2931 3286 2989 effectus
3317 2931 3406 2985 sit.

2251 3023 2380 3078 Vlll.
2431 3023 2612 3092 Neque
2639 3023 2767 3078 illttd
2803 3023 2856 3076 in
2885 3034 3194 3077 sanctorum
3227 3023 3504 3078 miraculis
3543 3035 3754 3092 prteter-

493 3117 576 3170 his
607 3116 671 3170 ad
703 3118 1134 3170 convescendum
1176 3119 1453 3184 invitatus,
1499 3121 1759 3188 prolatam
1797 3120 1864 3173 ab
1890 3120 2070 3174 exsul-
2098 3119 2142 3180 C
2177 3117 2404 3174 mittam,
2433 3114 2574 3180 quod
2605 3112 2826 3180 perinde
2853 3113 3060 3166 clarum
3105 3122 3267 3179 atque
3297 3113 3554 3166 omnibus
3579 3122 3753 3167 notum

495 3207 731 3260 tantibus
762 3222 856 3275 per
894 3209 1138 3262 ordinem
1169 3223 1385 3264 causam
1426 3212 1786 3278 cognovisset,
1823 3227 1887 3264 ac
1925 3212 2072 3265 dete-

495 3308 667 3352 status
703 3298 975 3365 convivas,
1019 3299 1425 3368 detestatusque
1466 3302 1792 3364 convivium,
1843 3300 2076 3370 refugie-

495 3386 586 3442 bat
611 3403 626 3452 ;
659 3390 1168 3459 requirentibusque
1194 3405 1258 3444 ne
1285 3400 1338 3444 et
1360 3391 1471 3459 ipse
1495 3392 1714 3444 forsitan
1737 3393 2076 3446 Christianus

496 3490 660 3544 esset,
684 3482 1045 3534 Christianum
1086 3497 1144 3536 se
1175 3496 1314 3547 esse,
1347 3491 1400 3536 et
1430 3498 1644 3552 semper
1674 3485 1911 3537 futurum
1953 3499 2076 3539 esse

495 3571 803 3638 respondit;
832 3586 893 3623 ac
916 3573 1096 3626 statint
1129 3572 1197 3627 ab
1234 3574 1564 3628 irruentibus
1593 3574 1938 3640 interfectus;
1971 3591 2076 3630 ca:-

497 3662 733 3732 terisqtte
763 3664 1087 3734 martyribus
1120 3665 1170 3716 in
1205 3665 1391 3718 eodem
1425 3667 1560 3726 loco,
1601 3666 1738 3718 sicut
1769 3677 1966 3731 morte,
2009 3669 2080 3720 ita

496 3753 656 3805 etiam
686 3753 889 3808 honore
915 3755 1233 3822 conjunctus
1264 3765 1368 3816 est,
1404 3757 1526 3811 lltcc
1577 3757 1730 3811 nobis
1766 3767 1966 3812 tantum
2012 3759 2080 3814 de

499 3860 723 3899 numero
751 3847 841 3900 illo
869 3856 1161 3918 martyrum
1187 3860 1459 3918 comperta
1490 3860 1614 3904 sunt
1645 3853 1889 3906 nomina:
1919 3853 1968 3906 id
1998 3863 2080 3908 est

498 3937 930 3993 beatissimorum
976 3939 1236 4006 Mauricii,
1300 3942 1598 4009 Exsuperii,
1649 3943 1869 3999 Candidi
1915 3955 2077 4014 atque

502 4027 768 4095 Victoris;
816 4040 1012 4084 caetera
1044 4046 1172 4086 vero
1197 4032 1352 4086 nobis
1377 4035 1587 4100 qttidt-m
1633 4035 1934 4104 incognita;
1981 4037 2074 4091 sed

502 4120 557 4172 in
594 4119 730 4173 libro
760 4126 885 4172 vita:
923 4120 1123 4187 scripta
1167 4130 1312 4174 sunt.
1367 4123 1443 4176 Ex
1498 4123 1596 4176 hac
1638 4125 1824 4178 cadent
1868 4126 2078 4193 legione

500 4205 666 4262 fuisse
696 4209 944 4264 dicuntur
973 4210 1136 4264 etiam
1181 4211 1260 4264 illi
1301 4222 1566 4282 martyres
1611 4225 1631 4250 ο
1671 4216 1835 4269 Ursus
1891 4224 1948 4268 et
1995 4215 2077 4269 Vi-

497 4312 636 4367 elor,
655 4316 792 4371 quos
817 4301 1082 4356 Salodoro
1111 4317 1294 4372 passos
1313 4302 1452 4357 fama
1478 4304 1784 4358 confirmat.
1803 4301 1828 4340 ά
1848 4304 2076 4359 Salodo-

572 4423 595 4492 _°
624 4413 758 4492 god.
790 4415 1002 4492 F‘ossal.
1020 4432 1073 4472 et
1097 4417 1354 4492 Chifflet.,
1381 4435 1500 4473 cum
1526 4421 2081 4492 Sorbonic.,t'tttpt'um.
2119 4434 2165 4492 ι)

571 4483 596 4520 δ
629 4485 716 4539 Sic
737 4487 860 4540 cod.
887 4488 1046 4543 Sorl).
1072 4492 1197 4555 Alii,
1227 4489 1543 4544 Dominicus.

575 4565 597 4592 ο
636 4557 709 4610 lle
741 4557 819 4632 his
849 4561 971 4632 vide
995 4561 1308 4632 SllritlflLad
1344 4563 1482 4616 diem
1533 4563 1601 4616 50
1642 4562 1923 4632 Septemb.
1958 4563 2082 4618 Ursi

506 4641 636 4678 vero
656 4629 1057 4700 translationem
1081 4631 1146 4682 ab
1159 4629 1396 4684 (Eeonio
1418 4634 1670 4700 episcopo
1688 4629 2085 4687 Mauriennensi

500 4699 777 4818 21111οὲεέοξ
813 4698 1004 4753 factant
1043 4701 1299 4755 describit
1333 4698 1686 4771 Fredegarius
1727 4705 1780 4758 in
1817 4704 2085 4759 Chronico

535 4781 621 4818 ut).
725 4805 739 4818 .
1977 4781 1980 4785 ’

608 4805 621 4818 .
647 4781 739 4818 zz.
1977 4781 1980 4785 '

567 4781 601 4871 ﬁ
635 4835 952 4909 Solodornm
989 4837 1251 4908 hodieque
1289 4849 1556 4909 superest,
1607 4843 1766 4896 unius
1816 4843 2088 4899 Helvetio-

502 4907 766 4985 rum‘pagi
791 4907 1248 4985 catholicicaput;
1275 4907 1463 4980 Gallis,
1489 4911 1537 4966 le
1556 4924 1743 4967 canton
1759 4913 1822 4968 de
1846 4916 2080 4985 Soleure,

503 4977 696 5033 incolis
723 4992 849 5035 vero
878 4977 1188 5036 Solutum-it.

2178 3214 2281 3261 est.
2338 3205 2746 3260 Materfamilias
2781 3203 3014 3271 Quincii,
3062 3204 3264 3272 egrrgii
3303 3212 3468 3271 atque
3516 3203 3756 3257 honorati

2187 3299 2307 3364 viri,
2341 3313 2461 3352 cum
2511 3299 2580 3351 ita
2620 3297 2850 3366 paralysi
2885 3295 3075 3350 fuisset
3104 3296 3386 3362 obstricta,
3419 3303 3484 3347 ut
3519 3296 3574 3350 ei
3606 3297 3756 3350 etiam

2182 3391 2374 3460 pedum
2405 3403 2533 3442 usus
2565 3400 2875 3459 negaretur,
2907 3403 2933 3440 a
2967 3388 3084 3441 viro
3106 3403 3226 3452 suo,
3257 3397 3314 3441 ut
3347 3391 3631 3441 Acaunum
3673 3402 3758 3454 per

2185 3482 2409 3536 multum
2459 3483 2662 3536 itineris
2710 3483 2940 3549 spatium
2985 3480 3306 3545 deferretur,
3350 3481 3623 3548 poposcit.
3653 3479 3758 3546 Quo

2182 3589 2304 3626 cum
2330 3573 2664 3642 pervenisset
2685 3580 2990 3625 sanctorum
3017 3584 3308 3640 martyrum
3335 3569 3576 3622 basilica:
3600 3570 3759 3622 famu-

2187 3666 2411 3720 lantium
2441 3665 2684 3719 manibus
2716 3664 2885 3730 iilata,
2917 3663 3139 3732 pedibus
3176 3663 3241 3716 ad
3284 3663 3645 3717 diversorium
3675 3677 3759 3716 re-

2184 3761 2312 3825 diit;
2343 3776 2405 3814 ac
2436 3759 2653 3813 sanitati
2698 3759 2765 3814 de
2807 3758 3144 3830 praemortuis
3191 3758 3438 3812 restituta
3482 3760 3759 3822 membris,

2185 3865 2325 3905 nunc
2369 3850 2683 3904 miraculum
2737 3866 2891 3903 suum
2938 3852 3049 3917 ipsa
3100 3847 3432 3902 circumfert.
3474 3849 3609 3903 llmc
3661 3849 3762 3903 duo

2182 3950 2387 3997 tantum
2421 3941 2551 3994 mira
2575 3939 2814 4008 passioni
2862 3948 3172 3992 sanctorum
3205 3937 3489 3992 inserenda
3539 3938 3762 3992 credidi.

2181 4036 2451 4089 Catterum
2477 4035 2607 4088 satis
2639 4033 2800 4086 multa
2833 4043 2954 4085 sunt
2985 4048 3100 4102 quae
3119 4033 3202 4085 vel
3235 4033 3284 4084 in
3317 4034 3632 4102 purgatione
3655 4034 3763 4085 da:-

2183 4139 2425 4187 monttm,
2457 4124 2542 4178 vel
2571 4124 2621 4176 in
2658 4123 2878 4190 reliquis
2900 4123 3266 4177 curationibus
3295 4123 3403 4176 illic
3431 4140 3528 4193 per
3555 4138 3767 4178 sanctos

2181 4231 2307 4270 suos
2336 4214 2547 4269 Domini
2568 4216 2737 4268 virtus
2759 4223 3037 4290 operatur.

2263 4431 2286 4458 θ
2321 4422 2493 4486 nunc,
2524 4437 2643 4476 cum
2667 4420 2926 4478 adversus
2951 4421 3362 4476 Constantinum
3396 4421 3614 4476 insidias
3658 4401 3792 4474 mo-l

2191 4493 2273 4546 liri
2305 4493 2669 4562 deprehensus
2701 4493 2906 4557 fuisset,
2951 4493 3227 4561 {mitissimo
3265 4492 3442 4562 mortis
3474 4508 3653 4560 genere
3687 4497 3767 4544 itt-

2193 4563 2400 4618 teriisse
2431 4563 2592 4617 refert
2628 4563 2826 4618 Euseb.
2861 4564 2955 4619 lib.
2991 4579 3080 4617 vttt
3105 4562 3241 4615 Hist.
3283 4561 3492 4616 Eccles.
3529 4576 3647 4625 cap.
3680 4564 3767 4624 l3.

2193 4643 2245 4686 et
2272 4634 2365 4686 lib.
2398 4633 2504 4687 tde
2531 4633 2648 4686 Vita
2678 4631 3016 4688 Constantini
3052 4647 3172 4697 cap.
3197 4632 3286 4685 47.
3329 4632 3528 4686 Paulus
3549 4633 3770 4686 Orosius

2193 4704 2284 4756 lib.
2319 4719 2389 4756 vn
2412 4718 2532 4772 cap.
2556 4704 2648 4765 28,
2678 4704 2727 4756 id
2753 4703 2998 4758 Massiliae
3023 4703 3339 4770 contigisse,
3363 4714 3418 4755 ut
3451 4713 3630 4756 noster
3668 4702 3774 4754 Eu-

2190 4774 2426 4838 clterins,
2464 4774 2647 4844 refert.
2674 4774 2815 4844 llem.
2838 4790 2966 4828 vero
3004 4773 3172 4826 fusius
3201 4773 3422 4839 exponit
3464 4773 3773 4844 Lactantius

2192 4845 2244 4897 in
2275 4844 2467 4907 insigni
2499 4843 2685 4898 libello
2724 4844 2792 4898 de
2813 4841 2988 4899 Morte
3026 4853 3454 4912 persecuturum,
3499 4858 3644 4896 num.
3702 4841 3769 4895 ξε

2190 4914 2352 4969 (³151).
2375 4915 2620 4969 Occisum
2653 4929 2756 4967 non
2786 4915 2949 4968 fuisse
2971 4924 3094 4968 ante
3125 4927 3320 4965 annum
3348 4913 3448 4968 3H
3477 4913 3666 4983 probat
3694 4913 3778 4966 vir

2191 4985 2412 5040 doctiss.
2446 4986 2709 5040 Antonius
2733 4985 2859 5056 Pagi
2886 4985 2952 5046 ad
2977 4999 3064 5039 an.
3092 4984 3195 5037 307
3223 4992 3277 5040 et
3302 4983 3428 5040 510.
