3932 6170
249 280 355 337 833

251 430 1687 455 Μ

1705 301 2029 358 ΠΟΜΙΙΑἉΕ.

3407 325 3508 381 834

1694 448 3443 477 _______.________________.

1100 535 1764 651 SANCTI
1838 546 2699 662 EUGHERII

1393 722 1938 787 LUGDUNENSIS
1981 728 2329 793 EPISCOPI

871 874 1797 1023 HOMILUE
1895 880 2855 1061 QU/EDAM.

862 1233 1141 1288 llOMlLlA
1194 1235 1232 1289 1.

841 1322 921 1375 Ad
957 1324 1251 1378 monachos.

312 1410 643 1466 Exhortatur
683 1428 780 1466 nos
810 1429 989 1468 sermo
1026 1416 1261 1483 divinus,
1297 1426 1354 1472 ut
1383 1432 1659 1474 curramus
1690 1421 1813 1476 dum

236 1500 413 1555 lucem
445 1503 722 1567 habemus,
742 1504 1045 1575 priusquam
1071 1522 1166 1560 nos
1196 1508 1432 1563 tenebras
1457 1511 1818 1580 comprehen-

238 1592 393 1647 dant.
439 1595 636 1649 Lucem
670 1596 927 1651 habemus
959 1601 1001 1651 si
1032 1601 1317 1665 currimus,
1343 1602 1386 1655 si
1418 1617 1658 1671 gressum
1694 1604 1815 1658 fidei

238 1699 664 1751 promeremus;
693 1688 744 1739 iu
792 1689 1027 1742 tenebris
1068 1690 1385 1758 residemus,
1419 1695 1462 1745 si
1502 1710 1817 1761 promovere

237 1787 542 1829 cessnmus.
570 1775 787 1829 Paratus
820 1792 917 1830 nos
948 1778 1183 1832 inveniat
1218 1791 1465 1834 extrema
1496 1785 1813 1851 necessitas,

234 1877 362 1931 qua:
387 1879 531 1932 smpe
560 1866 822 1933 prmveuit
853 1867 1166 1935 imparatos.
1199 1868 1416 1923 Certant
1452 1873 1604 1926 nobis
1637 1874 1812 1942 impo—

237 1964 335 2008 nat
366 1956 783 2013 sollicitudinem
820 1959 1024 2013 incerta
1067 1960 1334 2027 conditio;
1370 1964 1710 2031 quotidianus
1748 1966 1817 2018 sit

237 2046 391 2100 illius
413 2048 634 2115 periculi
669 2060 861 2112 metus,
888 2051 1041 2119 cujus
1071 2052 1313 2105 nescitur
1344 2053 1612 2107 incursus.
1646 2054 1814 2122 Quam

240 2136 398 2191 tarde
443 2138 635 2191 misera
679 2140 855 2192 anima
912 2141 1176 2194 malorum
1227 2157 1443 2196 suorum
1503 2145 1812 2212 paenitebit,

236 2241 365 2281 cum
398 2228 483 2282 die
511 2229 699 2283 ultimo
727 2231 1143 2298 superveniente
1174 2236 1409 2301 separari
1439 2250 1495 2287 se
1527 2251 1553 2288 a
1584 2251 1814 2305 corpore

237 2333 343 2373 suo
367 2320 578 2386 viderit,
602 2336 723 2374 cum
752 2323 851 2375 sibi
884 2323 935 2375 in
971 2324 1072 2377 fine
1104 2324 1372 2378 elaudenti
1406 2328 1591 2382 oculos
1637 2330 1814 2399 nigre-

246 2426 401 2467 srere
443 2422 497 2467 et
547 2413 861 2470 horrescere
910 2418 1236 2484 sempiterna
1288 2436 1387 2473 nox
1421 2425 1666 2490 coeperit,
1693 2440 1813 2478 eum

234 2505 422 2573 jacere
467 2516 588 2562 ante
634 2521 694 2562 se
736 2523 961 2562 vacuum
1010 2510 1195 2563 salutis
1247 2526 1307 2564 ac
1361 2512 1491 2567 lucis
1546 2514 1811 2569 infelicem

1852 1232 1896 1289 Α
1929 1239 2269 1310 destitutam,
2302 1248 2412 1302 sola
2445 1253 2717 1320 torquebit
2746 1255 2998 1324 cogitatio
3026 1260 3384 1332 desperatam,
3415 1284 3505 1324 so-

1928 1332 2009 1388 lus
2060 1345 2234 1391 metus
2287 1343 2609 1398 examinabit
2660 1350 2972 1415 attonitam;
3013 1363 3064 1406 et
3117 1358 3239 1424 quia
3279 1360 3349 1414 ibi
3392 1362 3501 1430 jam

1925 1425 2064 1477 nulla
2110 1428 2211 1479 erit
2261 1431 2477 1495 parandi
2526 1435 2695 1488 victus
2748 1449 2838 1491 aut
2886 1444 3106 1497 vestitus
3153 1425 3496 1520 sollicitudo,

1926 1514 2068 1567 nulla
2100 1516 2374 1571 laborandi
2395 1560 2407 1581 ,
2442 1523 2705 1577 militandi
2747 1531 3005 1595 agendive
3030 1538 3327 1606 occupatio,
3354 1514 3500 1598 nulla

1923 1603 2185 1661 facultatis
2234 1620 2325 1663 aut
2379 1612 2593 1667 honoris
2634 1631 2697 1668 an
2722 1617 2872 1681 bitio,
2922 1623 3069 1676 stilus
3108 1603 3341 1683 mentem
3381 1646 3498 1687 om-

1923 1698 2079 1751 nibus
2113 1700 2232 1753 aliis
2269 1703 2413 1756 euris
2449 1720 2668 1761 vacuam
2704 1709 3067 1768 intolerandus
3097 1719 3379 1777 reddendo:
3412 1740 3499 1779 ra-
3580 1766 3587 1777 .

1924 1788 2083 1843 tionis
2118 1801 2290 1845 terror
2320 1793 2578 1860 implebit,
2603 1798 2771 1852 solum
2794 1817 2854 1855 ac
2884 1812 3047 1857 totum
3078 1806 3261 1874 judicii
3287 1814 3495 1881 pondus

1923 1881 2148 1948 captivis
2178 1885 2425 1939 sensibus
2451 1888 2770 1944 imminebit.
2802 1894 2934 1959 Quid
2982 1912 3106 1951 vero
3151 1903 3362 1970 quando
3406 1922 3495 1962 re-

1921 1971 2070 2039 gredi
2111 1973 2175 2026 ad
2223 1990 2493 2030 carcerem
2528 1983 2771 2048 corporis
2803 1984 2906 2048 sui,
2940 1994 2994 2040 ct
3028 2001 3121 2056 per
3146 1995 3496 2051 resurrectio-

1925 2076 2047 2115 nem
2090 2064 2327 2131 recipere
2362 2066 2493 2120 illud
2530 2070 2864 2138 pratcipietur
2887 2074 2952 2127 ad
2986 2076 3294 2135 societatem
3325 2086 3494 2140 malo-

1920 2152 2237 2219 rum'lQuid
2271 2156 2428 2210 faciet
2456 2173 2575 2212 cum
2620 2159 2774 2215 laedis
2813 2164 3090 2220 vulnerum
3124 2169 3290 2238 signis
3333 2176 3495 2230 castis

1919 2242 2228 2311 angelorum
2259 2249 2626 2314 prasentanda
2664 2256 3064 2323 conspectibus,
3094 2266 3149 2312 et
3169 2270 3292 2316 ante
3314 2279 3492 2333 regem

1921 2334 2240 2388 saeculorum
2276 2352 2486 2391 causam
2512 2340 2577 2394 de
2604 2341 2824 2411 singulis
2854 2346 3162 2403 redditura?
3183 2351 3309 2418 Qua:
3335 2357 3494 2411 modo

1924 2424 2121 2494 absque
2161 2426 2323 2480 dubio
2353 2428 2398 2481 si
2440 2430 2490 2482 in
2542 2432 2717 2486 medio
2760 2436 2929 2489 nostri
2962 2438 3347 2510 objicerentur,
3377 2460 3494 2500 rea-

1923 2522 2032 2567 tum
2084 2516 2219 2568 intra
2270 2532 2328 2571 se
2379 2533 2533 2573 suum
2578 2522 2844 2578 sustinere
2889 2540 2995 2579 non
3044 2542 3242 2597 posset,
3289 2534 3493 2601 pudore

245 2597 444 2650 (omnii
471 2595 668 2652 itonetn
720 2613 872 2653 suum
917 2601 1107 2654 viderit
1138 2605 1464 2657 incentorem
1516 2608 1714 2674 pariter
1756 2624 1817 2665 ac
1848 2594 1890 2651 Β
1923 2618 2128 2671 magna:
2173 2608 2501 2663 εοηῖίιεῖυηὶε
2547 2626 2823 2681 oppressa.
2852 2616 2988 2683 Quid
3028 2626 3155 2675 tutc
3192 2623 3355 2677 animi
3390 2625 3487 2680 ha-

237 2684 617 2754 deceptorem,
644 2703 763 2742 cum
796 2705 899 2758 quo
926 2691 991 2745 de
1018 2707 1178 2746 arena
1208 2696 1386 2747 mundi
1414 2696 1571 2763 hujus
1600 2713 1692 2765 per
1717 2698 1816 2752 lla-

237 2777 428 2845 gitium
466 2794 618 2833 suum
648 2783 784 2835 victa
815 2783 1084 2836 discessit.
1116 2782 1248 2838 Cum
1279 2790 1504 2855 carperit
1526 2788 1593 2843 ab
1621 2789 1810 2845 eodem

228 2869 350 2939 jam
380 2871 584 2925 divulsa
640 2872 903 2929 immanes
942 2885 996 2929 et
1055 2878 1241 2932 inanes
1295 2879 1425 2933 dare
1483 2895 1646 2948 super
1685 2898 1807 2936 eum

236 2960 507 3031 planctus,
539 2973 592 3017 et
616 2963 792 3019 dicere
828 2982 841 3019 :
876 2965 974 3021 Ubi
1007 2976 1130 3020 sunt
1176 2967 1546 3024 animositates
1577 2981 1630 3024 et
1661 2972 1811 3040 cupi-

235 3050 434 3105 ditates
458 3061 582 3117 utre,
612 3055 802 3122 quibus
830 3055 1106 3126 hucusque
1149 3056 1495 3128 impatienter
1524 3061 1723 3128 arsisti,
1757 3074 1811 3117 et

235 3157 426 3195 arsura
474 3143 679 3213 jugiter
724 3147 1108 3215 congregasti?
1154 3148 1291 3202 Ecce
1342 3151 1670 3204 transierunt
1718 3152 1807 3207 illa

232 3236 415 3289 omnia
466 3247 732 3306 tamquam
765 3238 977 3308 umbra,
1003 3239 1256 3294 abierunt
1301 3242 1721 3307 oblectamenta,
1756 3253 1809 3299 et

232 3326 350 3380 sola
397 3326 449 3379 in
493 3340 803 3394 perpetuum
835 3329 1122 3397 opprobria
1170 3339 1224 3384 et
1266 3331 1485 3384 crimina
1534 3348 1808 3389 remanse-

234 3427 383 3471 runt.
414 3418 503 3471 Va:
534 3418 684 3484 mihi,
716 3433 748 3473 ο
779 3418 979 3485 anima,
1001 3420 1065 3473 ad
1095 3430 1200 3473 tam
1234 3422 1496 3487 perditum
1530 3438 1622 3477 vas
1648 3425 1807 3478 velim

238 3508 403 3561 nolim
445 3507 682 3561 reditura
722 3523 860 3573 sum,
891 3518 943 3564 et
974 3521 1195 3579 propter
1229 3510 1476 3579 fugitivas
1506 3515 1808 3582 voluptates

232 3611 526 3667 numquam
557 3596 870 3666 effugiendis
901 3613 1021 3652 cum
1050 3614 1114 3653 eo
1140 3600 1428 3667 vaporibus
1456 3615 1809 3655 concreman-

228 3689 318 3743 da.
354 3689 490 3755 Quid
516 3688 654 3742 irter
684 3688 819 3755 hcce,
849 3703 968 3743 cum
1001 3704 1117 3744 eam
1160 3691 1386 3759 cmperit
1426 3689 1489 3743 ad
1533 3690 1807 3745 deﬁnitam

228 3780 577 3846 sententiam,
619 3792 675 3835 et
720 3781 983 3833 immobili
1035 3779 1151 3851 lege
1200 3780 1428 3835 deﬁxam
1472 3780 1807 3849 importunus

228 3871 466 3942 depositi
508 3881 728 3926 exactor
757 3872 1091 3937 abstrahere,
1122 3880 1177 3927 et
1208 3872 1332 3926 hinc
1373 3874 1494 3927 inde
1527 3874 1806 3941 insultare,

1922 2693 2097 2761 bibit,
2129 2712 2249 2751 cum
2297 2699 2430 2752 alios
2480 2701 2586 2755 illic
2634 2717 2887 2774 erogaute
2939 2707 3167 2763 Domino
3213 2713 3493 2782 percipere

1921 2784 2113 2838 viderit
2156 2788 2336 2842 illmsa:
2380 2797 2435 2841 et
2481 2792 2702 2860 integra:
2748 2794 2870 2847 fidei
2922 2795 3195 2864 bravium,
3250 2803 3492 2860 candida

1919 2875 2223 2931 thesaurum
2267 2881 2544 2946 castitatis,
2590 2882 2789 2939 fructus
2840 2887 3244 2958 misericordiae,
3288 2894 3490 2951 talenta

1910 2967 2164 3037 justitire?
2205 2969 2336 3025 Cum
2369 2973 2579 3043 indigna
2621 2977 2721 3031 sibi
2749 2988 2890 3032 sorte
2922 2986 3267 3051 conspexerit
3312 2991 3492 3045 novis-

1914 3058 2078 3113 simos
2118 3060 2186 3116 de
2217 3063 2399 3131 primis
2429 3066 2563 3133 fieri,
2593 3076 2645 3120 et
2675 3067 2742 3122 de
2769 3071 3071 3126 novissimis
3094 3076 3330 3142 primos?
3359 3094 3491 3147 pau-

1915 3165 2067 3218 peres
2093 3166 2249 3220 supra
2274 3153 2481 3223 divites,
2498 3173 2678 3212 Sf‘l'VOS
2695 3174 2853 3230 supra
2876 3160 3120 3218 dominos
3157 3168 3489 3236 glorificari?

1913 3252 1968 3296 et
2023 3258 2455 3315 unumquemque
2505 3263 2599 3316 pro
2652 3251 2856 3306 meritis
2905 3252 3323 3314 immortalitatis
3372 3260 3491 3318 luce

1913 3332 2186 3401 perfusum
2236 3337 2287 3390 in
2341 3338 2650 3407 angelorum
2692 3351 2887 3397 statum
2927 3358 2992 3399 ex
3034 3344 3340 3404 hominibus
3366 3366 3490 3419 pro-

1915 3424 2146 3488 moveri,
2177 3433 2228 3479 et
2258 3441 2378 3480 eum
2407 3436 2619 3483 terreno
2650 3433 2918 3500 quondam
2949 3448 3175 3503 corpore
3202 3454 3370 3507 supra
3394 3456 3487 3496 ex-

1911 3515 2053 3568 celsa
2084 3517 2229 3585 regni
2257 3518 2490 3572 caelestis
2512 3520 2747 3588 imponi,
2778 3533 2832 3577 et
2863 3524 2999 3577 inter
3026 3525 3161 3581 filios
3188 3530 3484 3598 majestatis

1912 3605 2161 3672 Opulenta
2212 3610 2448 3674 parentis
2484 3610 2575 3662 Dei
2621 3610 2931 3667 haereditate
2974 3614 3165 3681 ditari;
3198 3632 3256 3671 se
3302 3632 3481 3677 autem

1914 3694 2053 3747 inter
2082 3695 2195 3750 btec
2233 3713 2356 3750 cum
2386 3700 2621 3766 peccatis
2659 3702 2771 3755 suis
2798 3704 3059 3771 relictam,
3085 3708 3153 3761 de
3177 3712 3485 3775 spectaculo

1912 3785 2179 3841 felicitatis
2218 3790 2405 3843 alienae
2443 3791 2688 3848 dolorum
2741 3795 2865 3850 vitia
2914 3804 3326 3866 reportantem‘l
3374 3806 3478 3870 Qui

1913 3874 2093 3946 [Forte
2122 3877 2277 3950 Quid]
2297 3880 2571 3948 posthaec?
2596 3898 2714 3937 cum
2747 3899 2804 3939 se
2830 3884 3138 3943 miseranda
3169 3893 3481 3951 conditione

227 3973 281 4016 et
316 3962 570 4016 insiStere
599 3961 781 4034 [Forte
831 3961 1060 4033 insilire]
1090 3963 1434 4017 infernalium
1467 3965 1598 4019 dirae
1644 3965 1807 4020 facies
1836 3952 1879 4013 C
1912 3963 2098 4039 [Forte
2126 3967 2386 4040 conditio]
2418 3972 2610 4027 viderit
2639 3976 2781 4028 omni
2813 3978 3181 4035 consolatione
3228 3983 3479 4039 nudatam

228 4054 639 4108 ministrorum?
660 4054 795 4122 Quid
823 4055 927 4109 erit
947 4069 1067 4108 cum
1097 4054 1164 4109 ab
1192 4054 1591 4124 apparitoribus
1619 4056 1807 4111 mortis

230 4162 325 4214 per
375 4146 516 4200 hunc
572 4157 781 4200 vastum
825 4161 1006 4201 aerem
1059 4147 1321 4216 separari,
1355 4157 1409 4202 et
1451 4163 1547 4217 per
1587 4148 1806 4205 semitas

228 4237 572 4291 tenebrarum
614 4237 805 4292 abduci
853 4248 1000 4293 trans
1042 4238 1180 4292 diem
1222 4240 1467 4307 coeperit,
1505 4250 1560 4295 et
1603 4256 1807 4311 nequa-

227 4344 391 4396 quam
437 4328 728 4384 remeabile
772 4329 875 4383 iter
917 4343 1075 4399 agere
1104 4343 1202 4397 per
1232 4330 1366 4382 ﬁnes
1410 4328 1529 4383 illos
1570 4330 1661 4385 ubi
1691 4332 1806 4400 ipsa

229 4420 319 4473 lux
354 4418 559 4484 deﬁcit,
591 4434 713 4474 cum
749 4422 1029 4491 peregrina
1064 4420 1151 4473 illa
1200 4419 1397 4488 ubique
1429 4422 1603 4474 anima
1633 4423 1805 4475 corui-

227 4518 378 4562 tante
423 4512 686 4563 malorum
731 4525 951 4564 suorum
987 4509 1126 4563 tristi
1168 4508 1377 4579 agmine
1403 4509 1597 4563 viderit
1622 4524 1681 4565 se
1712 4526 1806 4580 per

228 4611 503 4657 extremas
536 4603 717 4656 mundi
748 4618 870 4680 oras
902 4604 955 4657 in
997 4603 1128 4657 illud
1162 4604 1318 4658 inane
1352 4618 1414 4657 ac
1447 4618 1672 4657 vacuum
1710 4619 1804 4658 ca-

230 4692 363 4746 dere
412 4691 479 4747 de
531 4694 749 4760 mundo,
787 4707 950 4763 atque
992 4694 1121 4748 illud
1154 4710 1401 4764 magnum
1442 4694 1629 4763 chaos,
1663 4694 1805 4763 quod

229 4784 355 4835 vim
388 4785 688 4853 mortisque
718 4786 994 4855 regionem
1027 4785 1310 4851 discernit,
1342 4786 1543 4839 intrare
1575 4793 1628 4839 et
1669 4785 1806 4839 vita-

228 4874 307 4928 les
338 4890 497 4929 auras
542 4886 745 4931 natura:
777 4878 943 4946 ipsius
975 4878 1125 4931 exsul
1155 4878 1438 4931 amittere?
1481 4878 1612 4931 Cum
1644 4878 1805 4932 rebus

230 4965 480 5020 humanis
500 4968 616 5022 vale
646 4969 888 5023 ultimum
922 4969 1129 5032 dicens,
1174 4978 1402 5023 mortem
1436 4977 1559 5022 ante
1603 4983 1662 5023 se
1706 4969 1802 5021 ha-

231 5058 384 5125 bens,
410 5072 462 5113 et
490 5061 652 5115 vitam
683 5071 803 5130 post
842 5077 901 5116 se
932 5062 1266 5133 relinquens,
1302 5062 1354 5114 in
1398 5061 1525 5113 illud
1570 5060 1803 5113 horren-

230 5150 357 5203 dum
386 5160 437 5204 ct
468 5152 557 5206 vix
598 5153 765 5207 oculis
795 5154 1163 5221 attingendum
1208 5151 1550 5220 pertrahetur
1582 5149 1805 5218 profun-

231 5239 379 5305 dum,
401 5240 626 5295 diversis
644 5240 881 5296 avaritirc
900 5257 961 5295 ac
985 5243 1202 5295 malitia:
1221 5250 1464 5295 catenata
1488 5241 1803 5295 criminibus

1909 4057 1963 4110 in
2010 4062 2302 4115 exteriores
2348 4063 2597 4119 tenebras
2639 4066 2846 4132 excuti,
2881 4077 2933 4121 et
2962 4069 3029 4123 ab
3071 4070 3161 4123 illa
3201 4072 3480 4130 beatorum

1910 4146 2148 4202 Ecclesia
2194 4161 2448 4220 perpetua
2500 4157 3053 4213 excommunicatione
3100 4162 3362 4217 seclusam
3415 4164 3484 4221 ab

1908 4236 2021 4307 ipsa
2062 4238 2188 4293 vitae
2213 4242 2392 4296 radice
2420 4242 2681 4311 prmeidi?
2715 4245 2850 4300 Illud
2881 4256 3059 4302 autem
3090 4252 3356 4319 quomodo
3379 4261 3487 4308 trc-

1908 4328 2066 4398 pidus
2096 4340 2151 4385 et
2179 4331 2317 4385 male
2342 4332 2596 4387 conscius
2617 4348 2796 4389 sermo
2822 4338 3016 4404 poterit
3038 4341 3325 4407 explicare,
3356 4357 3483 4398 cum

1910 4423 2135 4490 cmperit
2177 4423 2517 4491 inexpiabilis
2552 4439 2677 4479 caro
2704 4435 2757 4481 et
2778 4426 2989 4481 infecta)
3015 4433 3248 4498 peccatis
3276 4434 3485 4487 medul-

1906 4511 1971 4566 lae
2020 4512 2181 4566 smvis
2234 4515 2494 4582 gehenna:
2546 4515 2766 4571 aestibus
2790 4519 3079 4585 penetrari,
3111 4527 3166 4574 et
3190 4536 3339 4577 more
3381 4523 3486 4577 fer-

1904 4601 2141 4657 ventium
2165 4617 2227 4657 ac
2250 4603 2661 4674 decoquentium
2690 4608 3030 4662 metallorum
3056 4609 3483 4681 inexstinguibili

1905 4693 2097 4747 ardore
2116 4702 2223 4747 tota
2249 4694 2482 4750 hominis
2498 4697 2792 4751 substantia
2823 4699 2966 4754 intus
2988 4701 3211 4765 infundi,
3238 4713 3291 4756 et
3320 4703 3483 4773 depa-

1905 4782 2176 4837 scentibus
2199 4782 2427 4839 ﬂammis
2444 4800 2669 4855 corpora
2697 4797 2854 4856 atque
2874 4791 3075 4844 animas
3094 4807 3154 4845 ex
3188 4804 3338 4862 parte
3362 4811 3486 4848 eon-

1905 4874 2066 4939 sumi,
2091 4890 2155 4929 ex
2185 4884 2335 4944 parte
2358 4878 2567 4944 nutriri,
2598 4886 2654 4931 ut
2676 4878 2815 4934 inter
2842 4882 3048 4936 medios
3071 4882 3266 4951 ignium
3295 4886 3487 4953 globos

1905 4964 2151 5019 damna‘a
2168 4976 2357 5023 natura
2373 4969 2461 5023 det
2477 4969 2805 5037 pabulum,et
2819 4973 3046 5041 accipiat
3065 4974 3487 5030 incrementum?

1906 5056 1960 5110 Si
1989 5055 2124 5111 forte
2152 5058 2450 5127 inspersum
2484 5060 2612 5113 illud
2633 5060 2829 5115 dudum
2847 5062 3192 5117 eonscieutiis
3210 5064 3487 5129 vitium,et

1905 5148 2027 5201 :rris
2051 5160 2102 5203 et
2130 5152 2327 5219 plumbi
2361 5153 2657 5206 adulterina
2684 5154 3324 5225 perinixtio,quandoque
3348 5158 3487 5212 inter

1907 5250 2090 5308 stagna
2129 5241 2382 5294 ferventia
2425 5240 2724 5296 anhelantis
2749 5245 2969 5314 gurgitis
2999 5254 3275 5310 exuretur,
3311 5256 3488 5302 trans-

232 5344 489 5400 quautum
535 5333 779 5402 perdidit.
804 5335 1057 5402 pretium,
1096 5341 1295 5386 tantum
1336 5341 1628 5400 exceptura
1673 5349 1803 5397 sup-
1836 5308 1885 5367 Ῑ)
1912 5331 2061 5385 ituris
2103 5347 2195 5399 per
2230 5332 2360 5386 vada
2395 5333 2547 5401 ignea
2578 5349 2727 5388 mora
2756 5336 2861 5389 erit
2898 5337 3142 5403 supplicii
3181 5339 3487 5407 magnitudo

233 5421 485 5489 plicium‘l
507 5422 637 5477 Cum
669 5424 732 5476 ad
764 5427 876 5477 lucc
925 5425 1100 5493 itaque
1131 5422 1365 5477 crudelis
1397 5422 1653 5477 custodire
1684 5438 1803 5491 per—

235 5522 449 5568 ventum
495 5516 651 5569 fuerit
693 5515 829 5579 loca,
859 5515 950 5568 ubi
975 5514 1084 5582 jam
1117 5513 1278 5567 futuri
1308 5528 1586 5582 pmnarum
1614 5512 1803 5580 judicii

234 5608 344 5673 ipsa
398 5609 479 5661 sui
524 5608 925 5676 exspecmtione
972 5607 1247 5676 desmviet,
1281 5622 1349 5661 ne
1404 5608 1575 5663 dicam
1632 5606 1801 5674 aliud,

236 5697 381 5752 solus
431 5712 631 5751 mceror
660 5696 997 5753 excruciabit
1034 5697 1266 5752 animam
1298 5698 1565 5752 universis
1600 5696 1809 5751 solatiis

1914 5424 2148 5491 peccati;
2180 5439 2329 5478 escas
2369 5424 2653 5488 ardoribus
2683 5426 2902 5479 crimina
2937 5428 3338 5494 ministrabunt,
3373 5444 3487 5484 ma-

1917 5515 2062 5568 nebit
2086 5515 2139 5567 in
2171 5514 2271 5569 hoc
2317 5503 2640 5584 prmedptum
2695 5524 2749 5570 et
2804 5518 3041 5571 auctoris
3087 5527 3142 5573 et
3189 5519 3401 5588 jndieis,
3433 5530 3484 5578 ut

1912 5605 2115 5659 viscera
2156 5605 2431 5660 doloribus
2470 5606 2719 5673 obnoxia,
2764 5615 2819 5662 et
2847 5609 2975 5663 solis
3006 5610 3330 5666 cruciatibus
3358 5626 3487 5667 cou-

1914 5708 2142 5764 sccra'a,
2194 5698 2329 5768 ignis
2374 5698 2573 5753 arbiter
2620 5698 2841 5769 depasta
2893 5715 2996 5757 non
3026 5700 3265 5772 devoret,
3295 5702 3390 5760 sed
3418 5702 3485 5762 ad
