3932 6170
491 322 599 382 835

1473 311 1531 366 S.
1576 301 1899 364 EUCllERll
1938 295 2412 358 LUGDUNENSIS
2451 295 2752 352 EPISCOPI

3619 305 3712 362 836

493 443 600 496 hoc
639 442 821 508 pereat
850 431 1033 507 [Forte
1060 424 1268 496 ardeat)
1306 431 1365 480 ut
1405 436 1622 492 semper
1669 419 1942 476 interimat
1969 434 1982 471 :
2013 422 2072 470 ut
2097 411 2147 470 Δ
2175 411 2387 469 Scimus
2413 411 2536 485 quia
2565 429 2715 469 mens
2743 412 2974 468 humana
3002 411 3232 468 diversis
3271 411 3448 469 mundi
3471 414 3713 472 illecebris

495 545 629 600 Opus
657 543 720 582 ac
753 525 1066 593 ﬁgmentum
1115 514 1365 586 corporis
1408 512 1575 567 nostri
1604 511 1658 565 in
1689 509 1923 576 antiquis
1951 520 2067 600 sce-

495 596 702 676 leribus
738 623 1030 676 mortuum,
1060 617 1112 664 et
1143 607 1208 662 ad
1250 605 1367 662 sola
1399 612 1663 658 tormenta
1685 601 1984 657 redivivum
2011 596 2073 651 ﬁ-

495 724 616 766 nem
670 709 725 761 in
773 706 890 775 ipso
938 700 1189 756 interitus
1233 697 1470 752 conﬁnio
1526 710 1633 749 non
1685 691 1944 756 inveniat,
1976 687 2072 744 sed

496 798 766 858 exinanita
806 795 1027 864 jamque
1079 787 1379 844 tolerantia:
1427 787 1600 840 virtus
1647 784 1728 838 sic
1776 789 1984 852 pereat,
2015 786 2076 834 ut

498 896 769 957 resurgat.
800 884 892 939 Illa
924 882 1069 936 enim
1099 894 1208 933 non
1238 876 1491 936 casualis.
1523 873 1617 928 sed
1653 870 1988 927 rationabilis
2018 875 2076 924 et

502 978 736 1052 poenalis
777 972 1021 1035 exustio,
1073 971 1196 1039 quia
1251 969 1460 1037 culpam
1505 965 1729 1034 jubetur
1776 963 2076 1031 inquirere,

502 1066 857 1126 substantiam
895 1062 1066 1116 nescit
1111 1059 1418 1114 absumere.
1462 1056 1526 1110 Et
1553 1056 1674 1124 quia
1710 1053 1856 1107 velut
1893 1052 2081 1106 carba-

504 1175 565 1216 sa
594 1154 780 1230 [Forte
811 1162 864 1209 ut
915 1154 964 1206 iu
1013 1148 1316 1222 suppliciis]
1343 1148 1476 1202 levis
1505 1159 1828 1216 percurrens
1857 1157 2081 1199 concre-

509 1250 699 1314 matio,
727 1247 845 1315 ipsa
875 1243 1118 1314 purgatio
1143 1249 1245 1304 est,
1277 1239 1489 1292 ﬂamma
1533 1236 1625 1291 illa
1651 1251 1755 1289 non
1787 1245 1893 1289 tam
1930 1248 2078 1288 reum

510 1336 850 1409 persequitur
898 1348 1056 1402 quam
1091 1339 1332 1394 reatum;
1363 1337 1416 1382 et
1442 1327 1487 1382 si
1517 1325 1710 1380 modus
1751 1324 1912 1378 fuerit
1951 1323 2084 1376 deli-

512 1439 744 1492 ctorum,
771 1425 874 1480 erit
901 1433 955 1478 et
985 1433 1236 1475 mensura
1263 1419 1620 1473 cruciatuum.
1652 1415 1706 1470 Si
1754 1427 1884 1468 vero
1916 1420 2082 1466 totam

515 1529 762 1575 naturam
790 1515 1070 1584 occupavit
1098 1512 1318 1581 pariter,
1345 1519 1398 1563 et
1440 1507 1664 1562 involvit
1711 1508 1968 1561 excessus
1994 1518 2084 1558 ca-

511 1610 751 1681 pitalium
802 1607 1068 1662 scelerum
1114 1603 1237 1673 quia
1291 1616 1399 1655 non
1451 1600 1640 1669 recipit
1691 1613 1853 1652 causa
1909 1610 2086 1651 reme-

512 1699 688 1764 dium,
728 1695 934 1752 carebit
1001 1693 1108 1748 line
1156 1691 1502 1762 supplicium.
1557 1689 1852 1744 Occidente
1905 1688 2086 1756 itaque

2169 517 2224 563 et
2247 506 2692 576 concupiscentiis
2731 505 2949 560 delinita
2980 505 3111 576 fugit
3157 506 3422 573 laborem,
3446 512 3502 562 et
3531 509 3713 576 expetit

2171 598 2524 668 voluptatem,
2555 605 2612 653 et
2637 597 2726 652 vix
2753 595 3038 653 adducitur
3064 605 3123 653 ut
3148 598 3583 654 consuetudinem
3615 614 3642 653 a
3663 614 3714 654 se

2173 693 2296 746 vitae
2333 692 2532 760 prioris
2559 689 2839 756 excludat;
2868 689 2962 744 sed
2989 703 3111 744 cum
3145 691 3617 760 cmperitcogitare
3644 691 3716 745 ul-

2177 782 2288 837 timi
2318 782 2421 836 diei
2448 782 2849 847 necessitatem,
2883 780 2951 836 ad
2983 780 3145 835 futuri
3166 779 3350 850 judicii
3381 781 3584 850 pondus
3607 783 3721 836 inci-

2176 879 2287 926 tata
2317 880 2372 926 et
2399 870 2695 938 stimulata,
2711 870 2792 925 vel
2817 885 2914 938 spe
2935 871 3164 940 praemii,
3185 871 3270 924 vel
3293 871 3480 926 timore
3501 870 3723 940 supplicii

2179 961 2539 1017 voluntarium
2595 960 2790 1016 bellum
2835 960 3022 1015 indicit
3068 960 3566 1030 passionibus,vim
3617 959 3725 1015 facit

2180 1054 2422 1123 pristinis
2444 1051 2634 1106 studiis
2655 1053 2788 1118 suis,
2817 1062 2872 1106 et
2901 1051 3166 1106 violenter
3193 1066 3252 1105 se
3278 1051 3490 1107 vincere
3510 1051 3725 1106 melioris

2179 1147 2303 1199 vitae
2348 1144 2647 1199 mutatione
2675 1143 2974 1198 contendit.
3016 1143 3132 1198 Non
3178 1143 3319 1197 enim
3350 1143 3467 1198 sine
3496 1143 3727 1198 violentia

2182 1237 2298 1293 ﬁeri
2327 1245 2529 1308 potest,
2561 1245 2617 1291 ut
2641 1238 2709 1292 de
2731 1236 3057 1290 abundantia
3080 1244 3132 1290 et
3161 1235 3226 1289 de
3252 1235 3448 1289 divitiis
3471 1235 3535 1290 ad
3559 1236 3728 1289 famem

2182 1339 2238 1386 et
2283 1332 2448 1396 sitim,
2477 1331 2543 1384 ad
2592 1329 2972 1384 abstinentiam
3019 1338 3074 1383 ct
3117 1343 3333 1382 crucem
3381 1337 3648 1391 transeat;
3683 1335 3732 1381 ut

2183 1434 2374 1475 somno
2404 1419 2552 1490 prius
2576 1428 2734 1488 atque
2761 1417 2871 1473 alio
2897 1418 3122 1472 amicam
3151 1431 3400 1481 carnem;
3428 1419 3732 1471 contritione

2185 1509 2482 1579 vigiliisque
2528 1508 2812 1573 conﬁciat;
2860 1524 2998 1575 non,
3048 1509 3286 1578 inquam,
3341 1507 3458 1563 sine
3506 1509 3731 1563 violentis

2187 1601 2302 1656 ﬁeri
2344 1610 2538 1670 potest,
2569 1611 2626 1655 ut
2673 1601 3039 1671 unusquisque
3088 1600 3416 1656 iracundiam
3473 1601 3727 1672 patientis,

2187 1690 2493 1760 superbiam
2536 1689 2836 1744 humilitate
2867 1698 3182 1754 commutet,
3213 1706 3398 1746 arnore
3428 1692 3734 1760 paupertatis

513 1796 765 1859 pcena,et
794 1784 1094 1840 viviﬁcante
1115 1781 1404 1848 sententia,
1425 1780 1590 1834 stabit
1617 1777 1830 1832 saeculis
1859 1775 2084 1831 materia
2115 1774 2163 1834 Β
2189 1795 2252 1834 ac
2293 1779 2631 1834 suilicienlitn
2659 1780 2991 1834 afﬂuentiam
3018 1789 3260 1851 superet,
3292 1781 3637 1836 vinolentiam
3663 1796 3734 1836 so-

513 1877 849 1949 reparabilis,
879 1886 934 1931 et
984 1889 1270 1945 numquam
1317 1872 1384 1926 ad
1428 1881 1624 1926 metam
1671 1869 1934 1924 malorum
1981 1875 2089 1923 ter-

515 1972 662 2027 mino
693 1969 932 2040 fugiente
961 1965 1271 2036 perveniet;
1301 1972 1356 2019 et
1384 1963 1510 2018 dum
1551 1962 1651 2018 sibi
1701 1963 1901 2016 nullam
1940 1975 2089 2030 spem

513 2061 831 2133 promittere
859 2059 1057 2129 poterit
1083 2058 1167 2114 vel
1206 2066 1325 2128 post
1373 2057 1631 2111 immensa
1683 2065 1946 2125 tempora,
1977 2054 2088 2124 jam

513 2155 676 2210 etiam
723 2153 777 2208 in
829 2151 1083 2222 praesenti
1133 2149 1438 2205 sentientur
1486 2148 1928 2219 consequentium
1975 2158 2090 2202 lor-

515 2257 698 2303 menta
725 2245 1082 2309 smculorum;
1115 2257 1178 2298 ac
1204 2243 1281 2297 sic
1304 2241 1548 2297 dolorem
1593 2239 1779 2296 mortis
1812 2239 2092 2294 conscien—

517 2339 603 2393 tia:
647 2337 910 2406 impositae
950 2333 1326 2389 immortalitas
1357 2332 1594 2402 augebit.
1631 2331 1718 2385 Vae
1753 2331 1842 2401 qui
1873 2333 1986 2386 haec
2013 2329 2092 2384 lu-

514 2427 688 2500 genda
739 2429 792 2482 in
847 2434 1149 2496 posterum,
1203 2422 1425 2478 ridenda
1478 2429 1620 2476 tunc'
1657 2421 1948 2490 deputant!
2001 2419 2092 2473 Vae

515 2518 710 2588 quibus
737 2517 855 2571 haec
895 2515 1046 2586 prius
1077 2513 1402 2582 experienda
1441 2520 1565 2564 sunt
1592 2525 1751 2580 quam
1781 2509 2089 2564 credenda!

517 2609 768 2677 Ideoque,
797 2604 1120 2670 charissimi,
1151 2603 1268 2658 haec
1298 2602 1476 2657 omnia
1518 2616 1639 2672 quae
1669 2600 1781 2655 illic
1807 2600 1947 2654 ﬁniri
1979 2614 2088 2655 non

521 2705 795 2768 poterunt,
849 2695 935 2749 hic
983 2692 1179 2750 redimi
1244 2699 1470 2763 possunt
1519 2707 1615 2762 per
1661 2691 2092 2746 emendationem

514 2768 710 2861 prioris
759 2788 905 2857 vitas,
934 2802 1028 2858 per
1069 2787 1468 2856 eleem0synas,
1509 2798 1607 2853 per
1659 2783 1947 2854 lacrymas,
1997 2797 2094 2852 per

514 2880 871 2935 humilitatem
925 2877 1135 2942 cordis,
1178 2891 1274 2944 per
1320 2875 1564 2944 corporis
1615 2874 1942 2938 eaStitatem,
1993 2888 2095 2942 per

514 2972 771 3028 exercitia
789 2969 1012 3040 justitia:
1041 2983 1103 3024 ac
1127 2966 1532 3022 misericordiae.
1555 2965 1684 3034 Quae
1712 2981 1833 3020 cum
1863 2964 1937 3019 ita
1962 2964 2088 3032 sint,

512 3079 610 3134 per
637 3071 719 3118 tot
749 3076 964 3118 errores
993 3061 1306 3117 festinamus
1341 3059 1405 3114 ad
1452 3068 1700 3123 mortem.
1728 3059 1818 3128 qui
1859 3066 1936 3113 tot
1975 3057 2091 3112 vias

2190 1871 2436 1936 brietate,
2469 1871 2735 1926 luxuriam
2783 1871 3033 1926 castitate
3082 1870 3445 1941 commendet,
3496 1881 3552 1926 et
3599 1871 3737 1924 homo
3801 1925 3812 1942 .

2189 1961 2371 2016 subito
2396 1960 2450 2014 in
2483 1961 2655 2015 virum
2685 1961 2911 2016 alterum
2961 1962 3392 2031 transformetur,
3420 1973 3478 2017 ct
3507 1962 3737 2033 quodam-

2194 2051 2354 2105 modo
2384 2051 2522 2105 alter
2561 2050 2820 2106 reddatur
2849 2065 2914 2105 ex
2955 2051 3160 2117 altero;
3185 2066 3246 2106 ac
3278 2052 3357 2107 sic
3387 2067 3414 2106 a
3445 2053 3639 2108 talibus
3664 2067 3735 2120 per

2200 2141 2514 2196 violentiam
2565 2156 2784 2210 regnum
2831 2142 3054 2197 caeleste
3094 2141 3394 2212 diripiatur.
3443 2143 3564 2198 Duo
3589 2151 3738 2198 autem
3815 2189 3821 2197 .

2193 2241 2318 2286 sunt
2340 2232 2681 2287 abstinentia:
2706 2239 2761 2286 et
2785 2232 2961 2288 crucis
2984 2247 3183 2302 genera
3214 2251 3228 2288 :
3265 2249 3428 2288 unum
3460 2235 3738 2305 corporale,

2193 2325 2422 2378 alterum
2453 2324 2697 2393 spiritale
2730 2343 2742 2377 :
2775 2341 2938 2380 unum
2963 2340 2991 2379 a
3024 2336 3150 2395 potu
3179 2335 3338 2398 atque
3366 2328 3548 2397 epulis
3571 2338 3742 2397 tempe-

2195 2430 2338 2482 rare,
2363 2417 2659 2486 appetitum
2689 2416 2828 2486 gula:
2873 2431 2903 2471 a
2942 2417 3392 2472 delectationibus
3418 2427 3476 2473 et
3516 2418 3741 2473 mollissi-

2194 2505 2297 2559 mis
2325 2505 2680 2560 suavitatibus
2720 2519 3004 2573 coercere;
3037 2505 3104 2560 ab
3137 2506 3221 2562 bis
3256 2522 3377 2576 quae
3420 2522 3525 2576 per
3553 2517 3741 2571 tactum,

2194 2611 2291 2666 per
2309 2605 2521 2666 gustum
2554 2597 2835 2666 visumque
2869 2595 3161 2665 decipiunt,
3189 2611 3400 2652 sensum
3433 2596 3656 2651 viriliter
3673 2610 3740 2650 re-

2194 2701 2411 2753 vocare,
2443 2702 2508 2743 ac
2543 2687 2806 2742 violenter
2848 2687 3184 2742 abstrahere.
3215 2687 3458 2742 Alterum
3502 2687 3743 2743 abstinen-

2196 2780 2287 2833 tiae
2333 2787 2388 2834 et
2427 2777 2601 2833 crucis
2640 2791 2808 2848 genus
2863 2787 2945 2832 est
2992 2778 3285 2846 pretiosum
3323 2786 3488 2848 atque
3521 2777 3741 2839 sublime,

2196 2881 2373 2927 motus
2409 2870 2572 2925 animi
2605 2886 2810 2942 regere,
2843 2879 2897 2926 et
2935 2870 3364 2941 perturbationes
3410 2871 3566 2925 illius
3593 2868 3744 2924 mode.

2196 2963 2313 3018 stize
2367 2962 2756 3032 tranquillitate
2813 2977 3068 3032 peccare,
3120 2977 3185 3017 ac
3221 2962 3497 3032 superbiae
3546 2965 3745 3033 impetus

2197 3055 2348 3125 quasi
2396 3055 2561 3110 feram
2617 3055 2842 3110 bestiam
2885 3054 3183 3117 refrenare,
3236 3054 3444 3122 litigare
3475 3094 3494 3122 ,
3539 3052 3747 3125 quotidie

519 3127 827 3223 accepimus
862 3151 929 3206 ad
969 3151 1218 3206 salutem.
1247 3150 1350 3204 Per
1397 3149 1578 3205 Jesum
1605 3127 1880 3203 Christum
1912 3147 2095 3202 Domi-
2121 3127 2167 3192 Ο
2201 3154 2389 3199 contra
2420 3145 2545 3198 vitia
2592 3159 2709 3210 sua,
2744 3143 3023 3213 increpare
3054 3159 3113 3200 se
3141 3143 3367 3210 quadam
3397 3145 3640 3198 censoria
3667 3158 3747 3196 au-

525 3259 650 3299 num
680 3252 944 3308 nostrum,
978 3241 1068 3312 qui
1096 3256 1217 3296 cum
1242 3241 1401 3296 Patre
1423 3251 1474 3296 et
1496 3241 1700 3312 Spiritu
1725 3248 1911 3296 sancto
1942 3239 2092 3296 vivit.

1109 3373 1391 3430 HOMILIA
1435 3373 1500 3428 ll.

1096 3487 1177 3542 Ad
1222 3484 1520 3542 monachos.

591 3600 730 3669 Quid
783 3600 1134 3668 salubritatis,
1167 3597 1494 3665 charissimi,
1540 3598 1702 3653 etiam
1739 3596 1790 3652 in
1839 3596 2093 3667 praesenti

518 3697 800 3752 conferant
831 3702 1030 3750 sancta:
1055 3693 1456 3760 occupationes,
1487 3691 1629 3745 scire
1658 3690 1936 3745 debemus.
1961 3689 2097 3744 Tra-

518 3787 654 3842 didit
699 3800 848 3840 sacra
895 3784 1073 3849 lectio,
1104 3782 1302 3838 munda
1349 3781 1602 3836 animalia
1634 3795 1754 3837 esse
1775 3795 1893 3851 qua
1924 3779 2093 3834 rumi-

518 3884 669 3933 nant.
699 3875 838 3943 Quid
867 3883 1044 3929 autem
1075 3874 1144 3928 sit
1175 3872 1467 3935 ruminare,
1499 3880 1687 3941 aperte
1723 3871 1881 3926 docet
1913 3883 2094 3925 sermo

515 3968 751 4037 divinus,
783 3966 967 4022 dicens
993 3982 1006 4018 :
1039 3963 1106 4018 In
1149 3966 1258 4035 lege
1287 3962 1500 4018 Domini
1527 3964 1763 4018 voluntas
1789 3966 1923 4034 ejus,
1951 3971 1998 4016 et
2037 3962 2092 4015 in

518 4060 627 4130 lege
646 4060 756 4129 ejus
778 4056 1111 4112 meditabitur
1133 4055 1214 4108 die
1236 4071 1296 4108 ac
1317 4062 1461 4108 nocte
1483 4052 1600 4124 (Ps.
1620 4069 1661 4118 ι,
1687 4054 1768 4123 2);
1786 4063 1838 4108 et
1863 4053 2088 4108 iterum:

517 4148 792 4205 Meditatio
839 4147 1007 4200 cordis
1040 4145 1140 4198 mei
1187 4145 1240 4198 in
1280 4153 1555 4214 conspectu
1602 4154 1689 4198 tuo
1743 4159 1940 4215 semper
1969 4143 2086 4217 (Ps.

508 4254 662 4305 xvm,
690 4240 758 4296 15
776 4236 827 4304 );
850 4236 921 4291 ita
948 4250 1046 4290 nos
1069 4247 1281 4304 quoque
1301 4234 1429 4289 dum
1455 4234 1631 4290 cibum
1658 4235 1846 4290 salutis
1874 4235 2089 4304 spirita-

520 4327 644 4382 liter
674 4327 1028 4394 ruminamus,
1062 4325 1264 4382 clausis
1301 4325 1548 4382 sensibus
1578 4326 1851 4396 improbas
1891 4325 2090 4396 cogita-

522 4419 699 4472 tiones
726 4417 1094 4483 excludimus;
1121 4415 1314 4472 deinde
1343 4417 1433 4472 Dei
1461 4415 1708 4473 laudibus
1734 4415 2086 4483 delectamur,

2198 3237 2445 3293 steritate
2472 3236 2706 3303 virtutis,
2737 3247 2791 3293 et
2825 3239 2996 3292 rixam
3025 3236 3423 3307 quodammodo
3449 3251 3577 3293 cum
3603 3234 3748 3290 honi-

2199 3342 2266 3382 ne
2316 3328 2571 3382 interiore
2629 3341 2938 3382 conserere.
2993 3327 3118 3382 lla'c
3173 3327 3297 3381 iacit
3343 3326 3464 3395 qui,
3525 3335 3749 3394 perrupto

2198 3419 2504 3487 passionum
2546 3432 2724 3484 muro,
2753 3417 3020 3472 violenter
3063 3417 3128 3472 ad
3157 3418 3414 3472 cmlorum
3453 3433 3617 3487 regna
3637 3431 3747 3470 cou-

2197 3507 2428 3563 scendit.
2483 3507 2563 3562 Ad
2624 3523 2745 3578 quas
2798 3522 2894 3562 vos
2937 3507 3233 3576 perducere
3281 3508 3331 3560 in
3384 3522 3484 3560 suo
3536 3507 3752 3560 viventes

2199 3601 2390 3655 timore
2434 3599 2681 3671 dignetur
2715 3600 2805 3670 qui
2857 3611 3039 3669 regnat
3090 3600 3144 3653 in
3193 3598 3387 3655 smcula
3423 3599 3747 3655 saeculorum.

2195 3692 2389 3746 Amen.

2786 3759 3068 3816 llOMlLIA
3111 3760 3198 3814 Ill.

2789 3851 2872 3904 Ad
2895 3854 3188 3905 monachos.

2265 3965 2484 4020 Instruit
2528 3978 2628 4020 nos
2655 3975 2816 4035 atque
2837 3965 3082 4020 hortatur
3112 3978 3289 4018 sermo
3317 3963 3560 4028 divinus,
3591 3959 3743 4032 quali-

2195 4064 2277 4113 ter
2303 4072 2402 4112 nos
2423 4057 2705 4126 accingere
2733 4057 3023 4111 debeamus
3055 4057 3118 4109 ad
3153 4055 3469 4125 inquirenda
3502 4057 3749 4123 promissa

2196 4163 2314 4213 sua.
2345 4157 2400 4203 et
2443 4147 2734 4203 obtinenda
2773 4148 2862 4201 illa
2890 4147 3030 4202 bona
3081 4163 3199 4217 qua:
3229 4162 3328 4201 nec
3352 4148 3469 4200 visu
3503 4148 3644 4214 capi,
3669 4159 3754 4198 nec

2195 4239 2375 4294 auditu
2411 4240 2638 4309 percipi,
2673 4253 2772 4294 nec
2800 4238 3034 4306 cogitatu
3078 4237 3464 4308 comprehendi
3522 4243 3746 4307 possunt.

2193 4327 2380 4396 Petito,
2414 4331 2602 4399 inquit,
2631 4339 2676 4384 et
2721 4329 3000 4399 accipietis,
3023 4329 3236 4398 quwrite
3269 4337 3315 4383 et
3339 4330 3627 4393 invenietis,
3655 4325 3753 4399 pal-

2193 4429 2302 4472 sate
2330 4429 2374 4471 et
2400 4421 2662 4489 aperietur
2690 4419 2826 4474 vobis
2851 4418 3004 4488 (Luc.
3030 4433 3107 4484 xl,
3129 4420 3215 4487 9);
3247 4419 3296 4472 id
3321 4427 3423 4483 est,
3445 4428 3504 4472 ut
3529 4429 3754 4487 petamus

524 4518 578 4564 et
607 4507 833 4563 interius
865 4519 1107 4562 nostrum
1136 4506 1393 4561 mundum
1433 4507 1630 4562 animal
1660 4507 1776 4561 ﬁeri
1807 4521 1904 4578 per
1935 4521 2090 4562 exer-
2118 4487 2169 4547 Β
2198 4487 2758 4579 eandm-quaeramus
2788 4487 3112 4576 laborando;
3150 4509 3425 4578 pulsemus
3456 4509 3756 4564 desideran-

519 4599 644 4654 citia
679 4607 865 4652 sancta
893 4597 1267 4662 sentimus;et
1295 4597 1422 4652 dum
1463 4606 1648 4653 contra
1699 4597 1957 4667 reprobas
2000 4613 2096 4653 vo-

521 4687 756 4757 luptates
799 4687 1053 4741 interiora
1080 4696 1263 4742 nostra
1307 4687 1597 4754 munimus,
1628 4689 1840 4744 animas
1877 4699 2093 4746 nostras

518 4777 652 4832 cibis
682 4775 992 4832 cmlestibus
1032 4776 1307 4840 satiamus,
1331 4784 1391 4831 ut
1419 4785 1474 4832 et
1511 4777 1579 4832 de
1607 4779 1764 4832 nobis
1810 4779 1937 4834 illud
1967 4794 2091 4850 pro-

515 4865 788 4937 pheticum
840 4865 946 4921 dici
998 4866 1211 4935 possit:
1249 4866 1442 4920 Panem
1468 4867 1581 4924 ειειὶ
1615 4869 1755 4922 dedit
1781 4871 1872 4938 eis,
1905 4887 2089 4940 panem

513 4959 809 5030 angelorum
850 4956 1175 5012 manducavit
1199 4958 1369 5013 homo.
1396 4957 1557 5014 Panis
1595 4961 1906 5030 angelorum
1929 4961 2082 5017 Chri.

513 5059 630 5106 stus
656 5059 757 5116 est,
782 5047 936 5119 cujus
964 5049 1070 5104 cibi
1103 5059 1155 5105 et
1186 5065 1284 5104 nos
1321 5052 1610 5122 participes
1637 5067 1842 5118 sumus,
1871 5055 2086 5125 quando

513 5148 748 5197 mentem
774 5140 827 5195 in
871 5140 987 5209 ejus
1035 5141 1318 5210 praeconiis
1348 5157 1695 5214 occupamus.
1721 5146 1860 5202 Ecce
1898 5161 2086 5202 verum

513 5232 716 5300 cibum,
747 5233 835 5302 qui
868 5231 1040 5287 reﬁcit
1074 5241 1128 5287 et
1159 5248 1264 5287 non
1311 5234 1513 5300 deﬁcit,
1543 5236 1636 5290 sed
1669 5252 1768 5292 usu
1799 5251 1897 5292 suo
1925 5238 2088 5306 proﬁ-

512 5323 607 5389 elt,
633 5334 685 5380 et
707 5324 820 5379 suis
848 5323 1044 5380 crescit
1065 5325 1340 5394 expensis.
1369 5324 1481 5380 lloc
1504 5340 1640 5395 pane
1668 5328 1942 5382 reﬁcimur
1965 5343 2090 5384 esu-

514 5413 722 5480 riendo,
748 5424 803 5468 et
835 5412 1106 5484 pascimur
1135 5413 1450 5484 jejunando,
1485 5417 1589 5470 vim
1620 5417 1904 5486 quamdam
1943 5419 2089 5474 vitiis

513 5503 714 5557 nostris
743 5511 798 5558 et
823 5503 1107 5558 desideriis
1133 5503 1451 5572 inferentes,
1472 5503 1530 5560 ut
1557 5512 1625 5560 de
1649 5507 1802 5562 nobis
1832 5508 1938 5563 diei
1971 5523 2095 5577 pos-

513 5591 586 5643 sit
609 5608 622 5644 :
647 5593 876 5662 Regnum
901 5595 1144 5649 caelorum
1167 5596 1264 5648 vim
1300 5596 1512 5667 patitur,
1539 5607 1585 5650 et
1610 5599 1815 5652 violenti
1837 5599 2095 5670 diripiunt

511 5679 646 5744 illud
667 5681 879 5750 (Matth.
896 5699 969 5752 xi,
994 5685 1103 5755 η).
1123 5685 1219 5752 Qui
1239 5688 1344 5744 sint
1365 5686 1607 5757 violenti,
1633 5704 1790 5744 nosse
1812 5689 2090 5748 debemus.

2197 4599 2286 4666 do,
2322 4599 2594 4668 pulsemus
2626 4599 2976 4668 proﬁciendo,
3008 4599 3281 4669 pulsemus
3323 4601 3750 4669 perseverando;

2197 4699 2250 4745 ct
2281 4693 2331 4744 in
2371 4706 2523 4760 spem
2552 4691 2855 4746 caelestium
2889 4691 3272 4761 promissorum
3307 4700 3458 4746 tanto
3487 4693 3756 4746 incitcmnr

2193 4783 2390 4848 studio,
2424 4791 2680 4853 tantoque
2709 4783 3110 4838 inardescamus
3137 4782 3355 4844 aﬂ‘ectu,
3383 4793 3440 4836 ut
3475 4799 3596 4838 cum
3636 4795 3756 4852 pta:-

2193 4875 2421 4928 miurum
2454 4875 2714 4944 dignitate
2743 4875 3134 4930 desideriorum
3183 4874 3495 4941 magnitudo
3541 4889 3751 4930 cnncor.

2161 4964 2301 5030 ,det.
2334 4963 2451 5018 Non
2478 4965 2590 5018 vult
2611 4965 2754 5019 Dens
2786 4973 2969 5018 noster
2996 4963 3128 5018 bona
3154 4977 3248 5016 sua
3267 4963 3429 5016 nimia
3459 4958 3752 5016 inveniendi

2192 5053 2451 5110 facilitate
2482 5055 2771 5120 vilescere;
2804 5058 3035 5124 pretiosa
3067 5065 3119 5110 ct
3155 5052 3590 5121 concupiseibilis
3621 5065 3750 5106 ruer-

2192 5159 2282 5200 ees
2317 5146 2568 5215 cupidum
2599 5154 2892 5200 amatorem
2930 5156 2982 5202 et
3011 5145 3226 5214 avidum
3255 5146 3640 5215 negotiatorem
3681 5154 3752 5194 re-

2191 5237 2377 5306 quirit.

2265 5328 2404 5397 Ergo
2453 5325 2547 5381 ille
2595 5333 2865 5382 tantorum
2912 5340 3194 5381 munerum
3243 5326 3606 5395 repromissor
3656 5335 3749 5376 non

2195 5415 2306 5471 vult
2339 5417 2391 5471 in
2419 5431 2588 5486 opere
2615 5431 2714 5472 suo
2739 5415 2998 5486 tepidum,
3020 5415 3248 5484 despicit
3279 5414 3633 5478 fastidiosum,
3671 5426 3750 5464 re-

2195 5518 2350 5565 cusat
2377 5519 2645 5575 coactum,
2672 5509 2879 5578 respuit
2911 5507 3247 5562 indevotum.
3278 5507 3512 5562 Lentum
3543 5506 3676 5558 enim
3706 5507 3752 5552 et

2198 5617 2386 5672 parum
2417 5613 2624 5672 gratum
2649 5615 2891 5672 qumrere
2929 5599 3155 5669 gratiam
3181 5597 3348 5653 divini
3371 5598 3624 5660 muneris,
3649 5607 3749 5645 ma-

2201 5694 2345 5748 xima
2377 5703 2457 5750 est
2487 5694 2683 5765 injuria
2713 5691 3154 5750 remuneratoris.
3185 5691 3324 5762 Ergo
3370 5691 3499 5746 totis
3540 5689 3660 5764 licet
3702 5687 3748 5739 el
