3932 6170
274 362 347 421 337
910 392 913 399 -
1700 359 2029 419 ilOMlLIJE.

3400 376 3503 433 838

243 474 434 533 anima:
477 483 533 531 et
569 471 815 543 corporis
841 472 1118 528 laboribus
1162 470 1505 539 desudemus,
1542 471 1669 526 totis
1690 471 1815 527 licet
1841 478 1890 531 Δ
1922 472 2084 527 etiam
2133 471 2187 526 in
2234 473 2484 541 prtcsenti
2528 474 2929 534 damnationem
2982 479 3200 538 inferre.
3232 482 3342 541 lllis
3372 486 3501 557 ipsis

242 564 559 622 obedientize
596 564 803 619 viribus
833 578 1205 629 exerceamur,
1238 564 1370 618 nihil
1413 572 1590 617 tamen
1624 562 1813 616 condi-

237 672 398 729 gnum
447 656 642 711 merito
688 670 788 725 pro
832 655 1143 711 coelestibus
1172 654 1330 709 bonis
1374 668 1729 724 compensare
1761 662 1816 708 et

237 749 433 806 offerre
462 748 782 804 valebimus.
811 746 929 805 Non
960 748 1142 802 valent
1174 747 1300 800 vitae
1335 746 1620 815 praesentis
1649 744 1813 800 obse-

237 843 359 911 quia
409 850 624 896 aeterna:
667 840 794 894 vitae
833 838 1043 908 gaudiis
1096 836 1459 907 compensari.
1491 835 1814 891 Lassescant

234 935 360 990 licet
409 933 650 987 membra
682 931 899 1001 vigiliis,
925 929 1225 998 pallescant
1265 929 1391 983 licet
1434 942 1527 981 ora
1567 925 1808 997 jejuniis,

234 1040 333 1077 non
363 1031 509 1076 erunt
541 1028 720 1075 tamen
772 1019 1043 1089 condigna:
1069 1019 1330 1091 passiones
1370 1016 1528 1087 hujus
1570 1016 1810 1085 temporis

232 1116 299 1169 ad
326 1116 552 1185 futuram
594 1114 817 1185 gloriam
861 1128 975 1182 qua:
1012 1110 1319 1165 revelabitur
1358 1110 1410 1161 in
1458 1108 1601 1161 nobis
1627 1106 1804 1177 (Rom.

228 1223 344 1273 vm,
381 1206 492 1277 l8).
542 1206 822 1260 Pulsemus
875 1218 1025 1272 ergo,
1069 1201 1397 1267 charissimi,
1448 1199 1500 1253 in
1548 1207 1805 1269 quantum

228 1315 537 1369 possumus,
584 1299 707 1368 quia
758 1312 861 1350 non
913 1309 1201 1365 possumus
1231 1303 1490 1363 quantum
1522 1292 1802 1345 debemus.

228 1391 433 1446 Futura
461 1388 732 1444 beatitudo
753 1389 954 1457 acquiri
981 1395 1178 1455 potest,
1197 1384 1448 1437 mstimari
1477 1398 1579 1435 non
1611 1390 1802 1449 potest.

222 1482 333 1537 Nisi
376 1482 518 1536 enim
558 1495 679 1535 cum
711 1479 987 1542 aviditate,
1021 1477 1124 1530 nisi
1164 1491 1283 1530 cum
1333 1476 1473 1528 bona
1504 1474 1801 1536 voluntate,

221 1591 341 1629 cum
376 1574 563 1629 laetitia
593 1573 685 1627 Dei
712 1587 874 1642 opera
907 1570 1200 1640 egerimus,
1233 1568 1344 1623 Deo
1376 1582 1473 1620 nos
1506 1566 1684 1636 perire
1708 1580 1802 1617 no-

221 1666 479 1721 verimus.
532 1664 809 1731 Putamus,
844 1660 1165 1721 charissimi,
1207 1658 1349 1728 quod
1396 1658 1555 1725 digne
1599 1663 1803 1725 quaerat

222 1756 314 1810 illa
353 1756 552 1823 anima,
576 1762 630 1809 et
653 1754 723 1808 ita
750 1753 934 1824 pulset
961 1759 1019 1805 ut
1046 1751 1095 1805 ei
1129 1750 1418 1819 aperiatur,
1444 1762 1564 1817 qua:
1592 1746 1657 1800 ad
1686 1747 1801 1799 leve

1920 564 2008 633 qui
2031 563 2245 634 gravius
2275 565 2414 634 apud
2447 581 2545 620 nos
2568 567 2906 638 delinquunt,
2937 571 3139 626 nullam
3179 575 3496 646 tristiorem,

1920 654 2118 709 nullam
2164 656 2501 712 acerbiorem
2551 673 2838 727 possumus
2874 662 3117 718 invenire
3147 668 3493 739 sententiam,

1915 762 2074 817 quam
2104 758 2214 803 uta
2241 763 2471 819 corpore
2499 754 2933 823 congregationis
2965 755 3222 824 abscissi,
3253 758 3373 815 sine
3403 775 3496 830 pa-

1914 853 1978 893 ce
2005 839 2305 897 discedant.
2339 842 2403 896 Et
2450 858 2632 899 nonne
2676 847 2926 901 amentia:
2954 863 3121 917 genus
3150 860 3254 919 est,
3286 860 3347 905 ut
3390 852 3493 909 hoc

1914 929 2140 999 quisque
2167 946 2266 1000 pro
2304 933 2545 988 remedio
2577 946 2822 1005 expetat,
2849 937 2993 1008 quod
3021 939 3184 995 etiam
3214 957 3244 997 a
3275 958 3489 1014 praepo-

1912 1021 2017 1074 sito
2040 1019 2193 1092 [non]
2224 1021 2326 1076 nisi
2357 1038 2455 1092 pro
2481 1038 2693 1081 summo
2721 1026 2949 1084 crimine
2978 1045 3083 1085 non
3116 1034 3288 1098 possit
3329 1036 3492 1090 inier-

1912 1109 1999 1162 ri?
2026 1109 2393 1181 lntelligamus
2432 1128 2586 1182 ergo,
2622 1115 2958 1183 charissimi,
2989 1119 3116 1174 istas
3142 1122 3489 1192 indignitates

1913 1209 1965 1253 et
1992 1201 2452 1258 contradictiones
2503 1203 2729 1259 inimico
2769 1217 3031 1275 operante
3069 1218 3122 1263 et
3166 1212 3488 1280 disponente

1912 1295 2218 1363 provenire.
2250 1296 2349 1351 llle
2376 1298 2517 1351 enim
2548 1298 2671 1366 quia
2709 1313 2814 1353 non
2849 1310 3025 1369 potest
3053 1302 3284 1371 aliquem
3331 1306 3488 1359 abso-

1907 1386 2018 1439 lute
2058 1385 2123 1440 de
2156 1388 2276 1441 loco
2303 1388 2491 1442 salutis
2533 1396 2809 1457 excutere,
2839 1391 3080 1445 immittit
3120 1394 3349 1460 primum
3395 1410 3487 1449 oc-

1906 1481 2149 1535 casiones
2178 1488 2231 1534 et
2249 1495 2459 1547 causas,
2481 1482 2719 1536 immittit
2750 1484 3125 1539 inobedieutize
3154 1486 3478 1553 passionem,

1904 1586 2062 1641 quam
2092 1586 2307 1641 semper
2338 1575 2485 1628 socia
2525 1574 2812 1629 infidelitas
2854 1578 3163 1632 comitatur.
3188 1577 3322 1644 Quae
3355 1593 3478 1632 cum

1903 1666 2168 1731 captivam
2216 1664 2585 1733 illaqueaverit
2629 1674 2884 1732 mentem,
2915 1668 3096 1721 statim
3146 1668 3479 1723 intoleranda

1904 1766 2065 1824 atque
2100 1756 2448 1824 impossibilia
2483 1756 2609 1811 facit
2638 1758 2798 1812 etiam
2834 1758 2924 1812 illa
2954 1774 3073 1827 qua:
3108 1772 3267 1827 parva
3298 1774 3363 1813 ac
3402 1760 3481 1815 le-

221 1856 555 1917 prteceptum
585 1845 817 1902 senioris
836 1843 1165 1915 respondere
1189 1841 1557 1912 praesumit,ct
1578 1839 1755 1893 dicere
1779 1856 1793 1892 :
1829 1836 1875 1895 Β
1902 1845 1987 1898 via
2010 1854 2155 1900 sunt.
2181 1846 2248 1899 Et
2275 1860 2409 1902 sane
2435 1846 2653 1901 dubium
2700 1862 2805 1902 non
2837 1856 2921 1902 est
2946 1847 3087 1917 quod
3108 1850 3251 1903 vires
3281 1848 3471 1903 inobe-

200 1938 487 2014 ONumquid
515 1938 660 1994 servi
693 1936 855 1993 vestri
884 1937 1105 1991 sumus?
1130 1934 1244 1989 lam
1278 1934 1382 1990 feci
1407 1935 1573 1988 vicem
1599 1947 1792 1999 meam,

216 2040 269 2086 ct
297 2031 389 2085 ille
428 2029 590 2085 faciat
620 2044 773 2085 suam
820 2028 1090 2098 quomodo
1122 2026 1223 2080 hoc
1269 2025 1419 2092 dicit,
1467 2025 1551 2079 cui
1598 2037 1798 2093 prmce-

216 2132 362 2192 ptum
391 2130 498 2186 est,
522 2120 697 2174 Nolite
719 2135 946 2189 quaerere
970 2134 1084 2187 qua:
1104 2127 1269 2173 vestra
1295 2118 1453 2170 sunt?
1477 2116 1546 2169 Et
1567 2114 1795 2170 iterum:

216 2211 335 2266 Non
362 2228 481 2281 qme
507 2228 601 2264 sua
625 2194 741 2265 iant
772 2210 967 2281 singuli
993 2209 1377 2263 considerantes
1409 2206 1581 2276 (Phil.
1606 2220 1665 2271 ll,
1698 2203 1753 2274 4)
1779 2220 1794 2270 ;

216 2320 245 2359 a
270 2321 375 2376 quo
405 2320 514 2359 non
544 2306 645 2357 hoc
674 2304 847 2357 solum
884 2303 1180 2371 expetitur,
1209 2309 1267 2354 ut
1305 2298 1612 2355 mercedem
1645 2311 1793 2352 suam

215 2398 461 2466 impleat,
495 2395 587 2450 sed
622 2404 678 2449 ut
705 2394 905 2449 alienas
937 2391 1176 2457 invadat,
1206 2396 1569 2461 praeoccupet,
1598 2386 1793 2456 rapiat.

213 2487 498 2552 Putamus,
531 2486 767 2556 inquam,
816 2483 959 2554 quod
1011 2483 1082 2537 ita
1142 2488 1287 2552 petat
1335 2488 1393 2534 ut
1436 2477 1683 2546 accipiat,
1722 2477 1792 2530 ita

213 2589 419 2649 quaarat
452 2588 509 2631 ut
540 2576 799 2642 inveniat,
833 2576 903 2628 ita
945 2573 1121 2643 pulset
1172 2581 1228 2625 ut
1284 2570 1559 2639 aperiatur
1601 2567 1670 2631 ei,
1702 2564 1793 2635 qui

214 2686 307 2738 pro
335 2670 520 2739 aliqua
569 2666 889 2737 negligentia
918 2673 1226 2733 correptus,
1256 2671 1310 2717 et
1351 2675 1450 2729 pro
1496 2658 1793 2728 disciplinae

212 2761 401 2816 ordine
467 2758 780 2828 castigatus,
813 2770 920 2810 non
968 2769 1027 2809 se
1072 2752 1139 2806 ad
1183 2750 1637 2816 emendationem,
1686 2763 1791 2802 non

211 2851 272 2907 ad
316 2851 749 2906 satisfactionem
796 2846 1024 2912 confert,
1066 2845 1161 2900 sed
1195 2845 1361 2913 magis
1391 2842 1454 2897 ad
1491 2843 1632 2895 illam
1669 2856 1794 2911 pro-

212 2947 461 3011 terviam,
503 2954 559 2998 ut
607 2943 778 3009 dicat,
808 2940 1002 2995 desero
1050 2947 1209 3004 atque
1257 2935 1501 2999 discedo,
1539 2935 1639 2988 hoc
1692 2948 1793 3002 ego

208 3040 348 3095 ferre
390 3053 504 3093 non
536 3037 728 3107 patior,
757 3036 1022 3104 ingenuus
1054 3035 1215 3085 homo
1246 3043 1385 3082 sum.
1418 3026 1533 3082 Jam
1559 3026 1789 3096 primum

209 3132 294 3202 qui
320 3140 454 3185 ante
477 3130 823 3199 praepositum
854 3125 942 3181 vel
970 3124 1214 3179 abbatem
1247 3122 1535 3191 ingenuum
1582 3133 1703 3173 esse
1733 3132 1793 3171 se

1902 1936 2173 1991 dientibus
2219 1936 2472 1991 divinitus
2525 1938 2939 2011 subtrahuntur,
2966 1938 3102 1992 sicut
3151 1945 3206 1992 et
3253 1938 3476 2011 ille-qui

1901 2043 2007 2083 non
2052 2028 2366 2083 habebatin
2416 2043 2474 2083 se
2523 2004 2910 2083 necessariam.
2931 2026 3055 2082 ﬁdei
3108 2004 3471 2095 devotionem,

1900 2121 2060 2176 ctiam
2095 2120 2238 2190 quod
2286 2120 2516 2175 habebat
2562 2119 2906 2175 auferebatur
2949 2119 3017 2174 ab
3061 2133 3146 2186 eo,
3180 2119 3250 2172 ita
3285 2118 3475 2173 inobe-

1898 2211 2103 2266 dientia
2134 2210 2365 2265 obdurat
2391 2212 2627 2265 animum
2660 2225 2818 2279 quem
2846 2208 3014 2264 semel
3056 2209 3291 2278 ceperit,
3322 2217 3377 2261 ut
3409 2206 3474 2261 ad

1898 2302 2245 2371 suscipienda
2292 2312 2563 2371 praecepta
2602 2316 2703 2357 nec
2740 2301 3081 2365 auctoritate,
3114 2313 3215 2354 nec
3265 2299 3476 2353 ratione

1899 2393 2163 2449 flectatur.
2195 2393 2301 2449 Sed
2347 2393 2490 2463 quod
2530 2395 2821 2463 pessimum
2852 2399 2955 2457 est,
2989 2390 3090 2445 sibi
3130 2390 3233 2444 soli
3264 2388 3473 2456 credat,

1898 2493 1953 2539 et
1982 2499 2079 2554 pro
2109 2484 2255 2538 omni
2303 2485 2517 2539 ratione
2566 2482 2894 2538 intentiones
2942 2495 3069 2537 suas
3106 2490 3386 2549 sequatur,
3420 2486 3477 2534 et

1898 2578 2003 2634 boc
2032 2579 2207 2633 solum
2238 2587 2447 2633 rectum
2480 2586 2651 2647 putet,
2685 2575 2826 2646 quod
2867 2574 3131 2630 obdurato
3160 2571 3322 2626 corde
3346 2584 3477 2624 con-

1896 2670 2123 2739 ceperit,
2152 2669 2347 2724 similis
2368 2668 2420 2725 ei
2442 2669 2667 2724 etl‘ectus
2690 2667 2757 2722 de
2778 2681 2884 2736 quo
2906 2665 3121 2720 divinus
3146 2677 3325 2718 sermo
3347 2677 3474 2733 pro-

1898 2765 2108 2815 nuntiat
2138 2777 2151 2813 :
2184 2759 2384 2813 Itinera
2413 2760 2765 2829 insipientium
2810 2766 2948 2809 recta
2984 2757 3033 2808 in
3074 2763 3347 2823 conspectu
3389 2770 3476 2807 eo-

1896 2867 2012 2903 rum
2042 2850 2229 2919 (Prov.
2280 2867 2373 2916 xu,
2406 2850 2526 2917 15);
2553 2857 2607 2903 et
2635 2850 2831 2902 iterum
2867 2864 2879 2898 :
2908 2846 3046 2901 Sunt
3076 2846 3170 2900 via:
3195 2860 3307 2914 qua:
3326 2853 3476 2897 recte:

1894 2958 2005 2995 esse
2046 2942 2280 2994 videntur
2306 2940 2615 3004 hominibus,
2648 2937 2921 2991 novissima
2966 2946 3136 2990 autem
3180 2951 3355 2988 eorum
3384 2950 3472 2988 ve-
3514 2971 3518 2975 ι

1897 3035 2033 3087 nient
2064 3037 2118 3085 in
2157 3031 2477 3101 profundum
2506 3032 2658 3096 inferi
2689 3030 2874 3100 (Prov.
2906 3045 3018 3096 xtv,
3049 3028 3158 3097 12).
3186 3027 3473 3083 Postremo

1896 3124 2108 3176 eveniet
2132 3121 2401 3191 ejusmodi
2444 3121 2750 3186 animabus,
2776 3117 2919 3189 quod
2946 3116 3130 3171 domui
3162 3131 3281 3186 quae
3312 3130 3473 3186 supra

208 3195 442 3296 iactitat,
473 3195 605 3295 puto
632 3220 771 3292 quod
803 3219 979 3274 adhuc
1009 3225 1249 3286 emptum
1300 3228 1358 3269 se
1396 3226 1516 3267 esse
1564 3211 1787 3265 nesciat.
1817 3195 1863 3259 C
1899 3230 2119 3269 arenam
2144 3213 2407 3268 :udilicata
2440 3221 2521 3266 est
2557 3211 2773 3274 (Matth.
2794 3208 3020 3279 vu,26).
3053 3207 3177 3262 llzec
3198 3207 3341 3262 enim
3375 3222 3472 3277 pa-

208 3318 305 3384 Qui
334 3315 663 3372 Christianae
690 3312 893 3366 militim
916 3311 1268 3377 mancipatus,
1294 3304 1477 3359 dicere
1502 3318 1561 3358 se
1589 3319 1792 3373 prmsu-

209 3410 301 3463 mit
330 3409 657 3478 ingenuum,
688 3418 823 3474 pene
846 3413 928 3458 est
956 3412 1012 3456 ut
1043 3408 1199 3468 neget
1222 3413 1279 3453 se
1306 3398 1504 3453 Christi
1532 3397 1791 3465 sanguine

208 3510 600 3573 comparatum.
631 3497 765 3565 Quid
820 3504 906 3551 est
948 3492 1115 3557 aliud,
1147 3491 1280 3544 liber
1308 3505 1450 3554 sum,
1486 3503 1644 3556 quam
1692 3486 1791 3554 ipsi

210 3595 446 3649 Domino
492 3592 750 3655 clamare,
786 3586 921 3642 nihil
960 3582 1169 3639 debeo?
1209 3582 1284 3634 De
1335 3579 1528 3633 talibus
1579 3578 1793 3631 diccbat

208 3684 501 3753 Apostolus
528 3681 689 3735 :Cum
718 3680 852 3732 enim
877 3677 1007 3729 servi
1034 3674 1209 3727 essetis
1238 3669 1609 3730 inobedientiw,
1642 3666 1792 3719 liberi

208 3778 373 3847 fuistis
420 3773 641 3843 justitia:
672 3771 850 3843 (Rom.
902 3783 976 3834 vt,
1010 3766 1124 3833 20).
1181 3763 1295 3818 Non
1344 3762 1482 3816 bene
1527 3760 1792 3829 ingenuus

207 3867 562 3937 approbatur,
594 3863 685 3933 qui
712 3860 966 3915 vitiorum
1008 3854 1270 3911 servitute
1300 3850 1638 3921 deprimitur.
1672 3847 1793 3902 Cla-

208 3969 314 4012 mat
336 3965 528 4012 autem
557 3955 609 4008 in
639 3949 968 4008 contumelia
994 3944 1311 4015 disciplinm,
1347 3942 1399 3997 in
1432 3948 1651 4010 peccato
1682 3939 1792 3992 ani-

207 4063 307 4104 ma:
352 4062 513 4103 suae:
548 4045 688 4100 Malo
741 4039 1018 4097 discedere
1068 4051 1229 4107 quam
1282 4024 1593 4099 emendare,
1631 4042 1790 4099 quam

204 4141 550 4206 satisfacere,
580 4151 740 4207 quam
768 4133 1008 4207 implere
1043 4129 1184 4201 quod
1234 4125 1501 4198 prmcipis.
1534 4122 1668 4191 Quid
1711 4130 1794 4177 est

207 4234 306 4291 hoc
357 4232 510 4289 aliud
565 4244 723 4301 quam
747 4228 935 4299 jugum
964 4222 1170 4280 Christi
1210 4236 1241 4276 a
1268 4235 1329 4276 se
1362 4216 1548 4274 rebelli
1582 4216 1794 4271 cervice

205 4325 527 4384 discutere?
554 4323 646 4378 Isti
681 4321 819 4377 tales
858 4318 1110 4375 nesciunt
1151 4313 1278 4385 quid
1314 4316 1605 4376 noverunt,
1640 4306 1793 4361 obliti

209 4430 332 4474 sunt
358 4425 591 4488 propter
614 4413 738 4484 quid
768 4412 873 4467 huc
903 4416 1189 4465 venerunt.
1220 4403 1314 4460 lsti
1352 4404 1488 4458 tales
1518 4415 1624 4456 non
1655 4400 1795 4455 bene

209 4519 418 4580 petunt,
450 4506 550 4563 sed
577 4506 718 4562 male
745 4504 893 4559 vitiis
913 4510 1256 4573 appetuntur.
1280 4496 1396 4552 Non
1422 4494 1526 4550 fide
1552 4492 1791 4564 pulsant,

210 4602 300 4657 sed
327 4599 655 4657 infidelitate
692 4591 1147 4668 pulsantur.Quid
1175 4589 1397 4661 prodest
1422 4586 1567 4658 quod
1621 4585 1795 4641 disce—

209 4691 308 4759 dis,
341 4693 433 4762 qui
491 4689 729 4760 undique
776 4686 1029 4741 astrictus
1068 4698 1127 4738 es
1176 4680 1404 4735 vinculis
1458 4678 1793 4747 passionum,

210 4802 366 4855 quem
401 4785 534 4840 hinc
554 4792 713 4851 atque
734 4779 859 4834 inde
883 4774 1295 4832 circumvallant
1315 4771 1443 4825 vitia
1468 4769 1602 4824 tua?
1635 4766 1796 4834 Quid,

210 4877 460 4949 inquam,
494 4875 715 4946 prodest
735 4872 876 4945 quod
908 4869 1159 4933 discedis,
1192 4866 1281 4937 qui
1328 4875 1671 4935 quocumque
1716 4860 1797 4914 lo-

210 4983 399 5024 corum
452 4966 628 5029 vadis,
669 4975 721 5020 te
772 4972 946 5019 tecum
982 4958 1200 5032 portasi
1229 4957 1417 5012 Merito
1467 4951 1796 5017 discederes,

210 5062 253 5116 si
278 5075 559 5134 quoquam
590 5069 640 5115 te
672 5057 854 5128 fugere
879 5068 1087 5124 posses.
1110 5050 1278 5120 Digne
1297 5048 1493 5118 aliquis
1521 5044 1792 5107 discessit,

210 5156 251 5208 si
282 5154 376 5209 illo
429 5154 511 5208 ire
541 5151 728 5221 possit,
760 5149 849 5203 ubi
899 5147 1049 5201 illum
1106 5142 1353 5199 diabolus
1398 5139 1643 5194 invenire
1687 5152 1796 5191 non

213 5248 403 5315 possit.
436 5244 608 5301 ﬂemo
653 5258 712 5297 se
761 5242 928 5305 fallat,
959 5254 1064 5293 non
1112 5235 1276 5303 fugiat
1320 5230 1689 5287 adversarium
1730 5227 1799 5283 de

210 5337 332 5392 loco
358 5336 427 5393 ad
462 5338 661 5397 locum.
691 5332 785 5389 sed
812 5332 878 5386 de
906 5331 1036 5385 vitio
1065 5329 1130 5383 ad
1157 5328 1437 5393 virtutem,
1459 5324 1524 5377 de
1550 5321 1800 5392 passione

210 5429 277 5485 ad
308 5429 769 5485 emendationem.
790 5424 921 5480 Nam
946 5423 989 5478 si
1004 5436 1124 5476 eum
1146 5420 1321 5474 taliter
1336 5417 1801 5487 fugias,sequetur

211 5529 287 5575 te.
344 5518 593 5573 Emenda
628 5528 699 5583 te,
733 5526 785 5573 et
831 5515 998 5585 fugiet
1023 5528 1052 5567 a
1084 5521 1158 5576 te,
1186 5511 1327 5565 sicut
1364 5510 1437 5562 ait
1465 5506 1799 5577 Apostolus:

212 5608 464 5663 Rcsistite
494 5608 717 5676 diabolo,
745 5616 792 5661 et
816 5607 974 5679 fugiet
994 5620 1027 5657 a
1053 5602 1193 5657 vobis
1225 5602 1438 5673 (Jacob.
1462 5614 1541 5665 tv,
1573 5596 1650 5667 7).
1684 5597 1801 5651 an

213 5703 637 5757 obedireautcm
668 5710 724 5757 et
750 5700 884 5754 velle
906 5695 1208 5764 discedere,
1241 5695 1342 5749 hoc
1384 5701 1488 5757 est,
1518 5690 1805 5761 dupliciter

214 5796 425 5851 diaboli
459 5796 787 5851 voluntatem
816 5793 994 5849 facere
1029 5789 1171 5845 :hoc
1223 5800 1325 5861 cst,
1360 5786 1663 5842 voluntarie
1702 5782 1803 5837 sibi

1894 3307 2077 3361 rabula
2109 3306 2340 3359 maxime
2385 3303 2451 3357 ad
2502 3302 2882 3357 inobedientes
2926 3300 3174 3369 respicit.
3209 3298 3300 3354 Sic
3326 3300 3471 3353 enim

1897 3398 2123 3467 legimus
2154 3416 2165 3450 :
2204 3396 2385 3449 Omnis
2412 3396 2501 3465 qui
2521 3394 2669 3447 audit
2699 3392 2848 3446 verba
2874 3391 3004 3453 hwc,
3032 3400 3078 3444 et
3106 3407 3207 3443 non
3237 3391 3365 3461 facit
3390 3406 3470 3453 ea,

1892 3490 2202 3543 similabitur
2254 3488 2581 3550 viro-stulto,
2618 3486 2705 3555 qui
2747 3484 3021 3551 adiﬁcavit
3071 3484 3279 3537 domum
3325 3499 3475 3537 suam

1892 3597 2052 3647 supra
2095 3596 2305 3632 arenam
2336 3586 2620 3630 :venertmt
2651 3577 2891 3645 ﬂumina,
2923 3581 2979 3627 et
3006 3572 3219 3641 reliqua
3248 3570 3472 3641 (Ibid.);

1896 3670 1946 3722 id
1989 3679 2089 3733 est,
2127 3683 2248 3722 cum
2297 3665 2614 3721 inﬂuxerint
2665 3661 2944 3717 stillicidia
2987 3664 3320 3730 passionum,
3347 3675 3472 3715 cum

1897 3758 2217 3812 advenerint
2243 3756 2463 3809 ﬂumina
2499 3752 2751 3807 torrentis
2782 3760 2942 3819 atque
2984 3752 3218 3820 impetus
3246 3751 3475 3805 tribula-

1902 3851 2128 3910 tionum,
2160 3861 2225 3902 ex
2266 3844 2609 3898 multitudine
2640 3842 3112 3912 negligentiarum,
3145 3855 3267 3895 cum
3304 3840 3476 3895 flave-

1893 3940 2001 3995 rint
2027 3939 2194 4003 venti,
2221 3936 2299 3990 illi
2327 3936 2512 4004 utique
2541 3934 2632 4004 qui
2663 3933 2716 3986 in
2740 3946 2862 3986 aere
2889 3932 2994 3985 isto
3022 3930 3266 3996 volitant,
3298 3930 3468 3998 parati

1894 4031 1959 4085 ad
1988 4029 2186 4086 Christi
2222 4042 2404 4082 aream
2439 4024 2825 4089 ventilandam,
2854 4023 3024 4077 sicubi
3070 4023 3348 4077 inveniant
3379 4035 3474 4091 pa-

1892 4122 2027 4187 leas,
2051 4134 2185 4190 quas
2211 4119 2275 4173 ad
2307 4116 2605 4173 ludibrium
2638 4130 2792 4171 suum
2831 4114 3044 4185 rapiant
3074 4120 3233 4182 atque
3264 4111 3477 4181 disper-

1893 4222 2043 4283 gant,
2072 4222 2200 4265 tunc
2228 4210 2433 4265 irrueut
2464 4207 2517 4261 in
2559 4206 2778 4261 domum
2828 4206 2998 4270 illam,
3030 4218 3151 4273 qua:
3186 4200 3303 4256 sine
3347 4202 3481 4255 obe-

1894 4301 2113 4358 dientia:
2138 4299 2489 4354 fundamento
2517 4296 2778 4351 aedificata
2810 4302 2915 4361 est,
2945 4301 2999 4347 et
3024 4292 3118 4347 ﬁet
3143 4292 3299 4346 ruina
3330 4290 3473 4346 illius

1896 4410 2108 4464 magna.
2137 4392 2245 4448 Sed
2277 4390 2509 4445 forsitan
2546 4388 2690 4442 dicat
2721 4384 2913 4454 aliquis
2944 4400 2957 4436 :
2989 4382 3261 4452 Numquid
3290 4384 3475 4437 statim

1896 4488 1964 4540 de
2020 4486 2124 4538 hoc
2174 4482 2296 4537 loco
2348 4478 2653 4543 discedere,
2696 4476 2851 4530 ruina
2904 4473 3135 4528 dicenda
3177 4472 3294 4527 est?
3325 4472 3477 4538 Dico,

1820 4554 1875 4615 D
1898 4574 2229 4638 charissimi,
2262 4586 2367 4625 non
2410 4567 2629 4638 grandis
2674 4580 2800 4636 spes
2827 4573 2932 4629 est,
2964 4564 3008 4618 si
3046 4562 3099 4617 in
3133 4563 3251 4617 navi
3287 4571 3371 4617 est
3422 4563 3478 4617 in

1898 4667 2148 4723 ﬂuctibus
2205 4664 2523 4726 constituta,
2550 4659 2677 4713 licet
2723 4659 2838 4727 ipsa
2886 4669 2993 4710 non
3044 4662 3249 4725 pereat,
3300 4661 3480 4708 tamen

1896 4761 2162 4831 iacturam
2194 4756 2485 4810 maximam
2531 4752 2600 4808 de
2636 4766 2801 4806 onere
2830 4765 2893 4805 ac
2931 4748 2999 4804 de
3044 4747 3316 4803 mercibus
3365 4746 3482 4801 suis

1902 4854 2080 4917 faciat,
2114 4858 2169 4906 et
2194 4851 2311 4920 ipsa
2342 4848 2411 4902 ad
2444 4856 2659 4916 portum
2688 4858 2856 4898 vacua
2893 4852 3055 4910 atque
3087 4839 3261 4895 inanis
3288 4852 3484 4908 perve-

1904 4948 2047 5010 niat;
2073 4945 2151 4998 sic
2190 4958 2297 4997 non
2320 4938 2524 5011 grande
2554 4936 2808 5007 gaudium
2854 4943 2957 5001 est,
2990 4934 3036 4988 si
3074 4932 3260 4987 saeculi
3289 4928 3481 4997 aliquis

1903 5038 1972 5092 ad
2018 5036 2213 5091 ﬂuctus
2250 5040 2528 5088 revertens
2560 5043 2757 5084 nomen
2796 5034 2959 5094 atque
3003 5024 3245 5078 habitum
3278 5018 3483 5090 profes-

1906 5130 2076 5185 sionis
2107 5142 2219 5182 sure
2245 5123 2525 5180 custodire
2554 5120 2826 5185 videatur,
2859 5116 3036 5171 anima
3075 5127 3206 5169 vero
3239 5110 3359 5181 ejus
3388 5124 3487 5165 ne-

1905 5220 2179 5291 gligentiis
2206 5217 2447 5273 tabescat
2478 5228 2541 5268 ac
2569 5210 2767 5267 deﬂuat
2794 5225 2810 5274 ;
2844 5220 2900 5263 et
2923 5205 3048 5275 quid
3086 5202 3303 5274 gravius
3324 5216 3481 5272 qnam

1907 5324 1969 5369 ut
2018 5312 2197 5368 subito
2259 5319 2531 5379 tamquam
2575 5305 2691 5359 ales
2732 5302 3046 5371 repentinus
3081 5296 3369 5352 eradiccris
3418 5295 3485 5349 de

1907 5502 2137 5571 primum
2164 5472 2584 5553 illuminaverat,
2616 5488 2669 5541 in
2702 5498 2860 5555 quem
2895 5491 2946 5536 te
2972 5487 3096 5550 post
3126 5475 3270 5531 mala
3297 5472 3482 5529 saeculi

1908 5564 2061 5660 quasi
2106 5586 2173 5641 ad
2215 5592 2431 5655 portum
2475 5581 2541 5635 de
2585 5578 2733 5650 gravi
2788 5580 3110 5643 tempestate
3158 5564 3485 5623 induxerat?

1909 5655 2164 5739 ὁὶ)ιίνίεεὶ
2199 5678 2378 5735 subito
2417 5668 2790 5735 fraternitatis,
2826 5664 3107 5721 societatis
3147 5668 3203 5717 et
3240 5655 3486 5713 consola-

1912 5779 2104 5845 tionis;
2132 5774 2377 5832 oblivisci
2411 5770 2515 5826 loci
2547 5766 2685 5823 illius
2717 5765 2771 5821 in
2800 5777 2905 5834 quo
2935 5760 3166 5832 primum
3198 5753 3484 5827 prlstinum
