3932 6170
523 332 625 391 839

1500 310 1556 366 S.
1597 303 1917 365 κυριιειιιι
1961 291 2439 361 LUGDUNENzlS
2478 289 2803 348 EPIS‘COPI.

3628 288 3708 345 8ιο

524 438 767 499 habitum
801 446 856 493 et
883 434 1080 491 nomen
1107 428 1365 485 satcularc
1394 420 1664 480 exueras?
1694 419 1835 475 Aves
1864 417 1994 486 ipsa:
2029 411 2105 467 di-
2134 412 2180 471 Α
2212 408 2405 462 iterum
2434 422 2451 461 :
2494 404 2617 461 Non
2665 401 2886 458 verearis
2931 415 3086 470 usque
3131 400 3199 453 ad
3249 406 3448 454 mortem
3485 399 3716 473 justiﬁccti

524 535 691 604 ligant
714 528 871 586 nidos
901 539 1054 591 suos,
1078 529 1261 577 amant
1283 518 1410 573 fera:
1433 516 1551 569 loca
1581 511 1634 567 in
1658 508 1853 581 quibus
1887 503 2106 560 nutritae

523 592 671 688 sunt,
694 627 875 674 amant
895 613 1099 671 cubilia
1125 620 1180 666 et
1207 622 1440 681 pascua;
1471 614 1525 661 et
1552 600 1847 673 quamlibet
1876 592 2108 652 naturali

522 686 776 770 libertate
822 707 1053 778 passivis
1116 715 1372 774 perversa
1425 694 1709 766 rapiantur
1776 686 2105 750 incursibus,

520 804 718 875 smpius
745 774 922 855 tamen
949 797 1016 852 ad
1038 798 1203 850 cltara
1223 791 1324 846 sibi
1358 791 1476 843 loca
1498 787 1727 856 quodam
1761 779 1868 834 cibi
1895 774 2110 832 deside-

521 869 1011 956 rio—revertuntur;
1062 896 1118 941 et
1158 895 1211 939 ιιι
1259 883 1536 938 intellectu
1585 875 1864 947 prmditus,
1898 869 2110 926 ratione

522 988 781 1053 munitus,
811 985 883 1040 ita
908 982 1180 1038 interdum
1205 992 1366 1032 sensu
1394 974 1601 1029 alienus
1624 968 1875 1031 efﬁceris,
1893 973 1951 1018 ιιι
1975 976 2112 1030 [πως

521 1079 665 1134 feras
697 1079 794 1133 Dei
826 1073 1103 1131 beneﬁciis
1139 1070 1447 1125 voluntates
1491 1064 1573 1119 vel
1604 1059 1937 1117 intentiones
1966 1066 2106 1119 tuas,

523 1179 581 1225 et
608 1168 856 1239 sequaris
879 1164 1129 1236 proprias
1157 1160 1542 1230 cogitationes,
1575 1167 1697 1223 quae
1720 1148 2018 1220 quamlibet
2042 1144 2108 1198 ad

525 1261 690 1316 duros
719 1259 953 1319 labores,
980 1252 1276 1324 quamlibet
1303 1249 1367 1302 ad
1401 1246 1596 1303 salutis
1626 1240 1906 1309 naufragia
1948 1245 2111 1306 atque

525 1353 720 1409 animm
747 1350 1078 1405 detrimenta
1106 1355 1158 1401 te
1196 1344 1426 1413 rapiant,
1454 1348 1625 1394 totum
1657 1344 1839 1390 tamen
1872 1332 1973 1385 hoc
2003 1343 2112 1398 pra:

526 1443 689 1497 nimia
716 1440 903 1496 cordis
932 1438 1247 1507 indignitate
1278 1448 1385 1488 non
1434 1430 1629 1485 sentis.
1660 1428 1771 1481 [loc
1812 1425 1887 1478 ait
1928 1435 2112 1476 sermo

525 1532 772 1588 divinus:
803 1529 1072 1598 Tempore
1098 1525 1240 1581 enim
1264 1520 1620 1579 discessionis
1651 1518 1816 1573 multa
1847 1511 2111 1583 promittit

524 1627 814 1689 inimicus;
847 1622 1139 1694 persuadet
1186 1617 1290 1671 sibi
1326 1631 1387 1671 se
1440 1615 1552 1668 illic
1593 1627 1698 1681 quo
1742 1608 1914 1665 tendit
1942 1605 2112 1676 majo-

524 1731 638 1773 rem
679 1714 1013 1785 profectum,
1049 1710 1270 1764 multam
1317 1705 1542 1777 gratiam
1581 1714 1744 1773 atque
1774 1715 1954 1755 rerum
1990 1711 2110 1751 om-

2212 497 2386 573 (Eccl.
2414 511 2566 563 xvttt,
2595 496 2714 564 22).
2746 495 2812 549 Et
2855 492 3050 547 iterum
3076 511 3089 545 :
3119 491 3379 562 Sapientia
3416 493 3464 545 in
3504 493 3621 547 exitu
3651 505 3716 544 ca-

2211 589 2566 664 netur(Prcv.
2602 603 2643 652 t,
2674 584 2791 657 20).
2838 584 3050 652 Quanto
3096 597 3227 653 ergo
3276 583 3388 652 plus
3442 581 3714 653 proﬁcimus,

2212 698 2364 743 tanto
2397 686 2514 756 plus
2562 683 2929 743 ltumiliemur,
2968 679 3091 747 quia
3131 686 3331 749 quanto
3368 677 3476 745 plus
3503 677 3717 734 humiliati

2213 776 2499 839 fuerimus,
2530 781 2681 827 tanto
2720 771 2835 839 plus
2863 768 3228 841 proficiemus.
3255 765 3435 820 Nullus
3456 767 3554 821 illic
3577 767 3719 822 senior

2214 879 2321 923 tam
2354 867 2546 921 doctus
2575 873 2861 937 appareat,
2881 872 2940 917 ut
2970 869 3121 933 putet
3148 860 3287 930 quod
3318 876 3431 914 eum
3452 876 3544 914 non
3571 860 3719 915 deceat

2213 957 2545 1026 obedientia,
2576 972 2694 1027 qua:
2719 956 2888 1012 Deum
2921 953 3122 1011 decuit.
3155 951 3429 1008 Ilumilitas
3449 953 3570 1006 enim
3594 962 3718 1023 atque

2213 1050 2524 1107 obedientia
2584 1051 2637 1105 in
2676 1049 2983 1120 junioribus
3025 1047 3205 1103 adhuc
3245 1046 3542 1111 necessitas,
3587 1046 3630 1099 in
3656 1061 3720 1099 se.

2216 1144 2457 1198 nioribus
2487 1156 2619 1197 vero
2649 1140 2920 1211 dignitas;
2953 1139 3045 1194 ille
3080 1140 3222 1193 enim
3254 1139 3390 1193 bene
3423 1136 3626 1206 proﬁcit,
3652 1137 3721 1193 ille

2215 1237 2352 1291 bene
2380 1240 2694 1295 consumat,
2716 1232 2807 1302 qui
2839 1229 3080 1301 quotidie
3110 1228 3189 1283 sic
3232 1230 3337 1298 agit
3374 1225 3516 1298 quasi
3552 1240 3724 1295 semptr

2215 1325 2453 1395 incipiat.
2484 1323 2847 1392 Quamobrem
2887 1326 3174 1391 augmenta
3231 1320 3526 1374 meritorum
3565 1318 3719 1373 inci'a-

2215 1426 2395 1471 menta
2431 1414 2628 1468 debent
2655 1427 2777 1467 esse
2811 1412 3169 1481 profectuum.
3198 1409 3469 1480 Scriptura
3496 1425 3607 1464 vero
3628 1424 3723 1479 pro-

2216 1507 2473 1562 nuntians
2504 1505 2571 1560 de
2600 1505 2684 1559 bis
2729 1504 2825 1573 qui
2873 1503 2998 1558 dum
3031 1504 3235 1574 primas
3274 1501 3597 1572 negligentias
3615 1515 3723 1569 prte-

2217 1599 2541 1663 termittunt,
2576 1598 2627 1651 itt
2659 1595 2789 1650 alias
2837 1607 2999 1665 atque
3039 1596 3177 1651 alias
3227 1609 3438 1664 semper
3478 1594 3722 1654 incurrunt,

2216 1692 2288 1745 ita
2313 1689 2414 1743 ait:
2448 1687 2698 1743 Peccalor
2725 1687 2932 1760 adjiciat
2954 1688 3024 1741 ad
3045 1689 3356 1756 peccandum
3380 1685 3535 1755 (Eccl.
3552 1701 3617 1747 tu,
3634 1683 3707 1753 29)
3806 1728 3809 1735 .

525 1776 1094 1864 nium-abundantiam
1120 1776 1487 1870 reperturum,
1518 1810 1581 1850 ac
1606 1809 1666 1849 se
1698 1802 1972 1861 tamquam
2007 1806 2107 1844 an-
2140 1780 2186 1840 Β
2217 1783 2289 1837 De
2317 1781 2560 1853 profectu
2589 1796 2718 1835 vero
2747 1780 2945 1834 dicitur
2980 1799 2991 1833 :
3024 1778 3093 1832 Et
3118 1791 3325 1834 sanctus
3351 1779 3508 1832 adhuc
3533 1776 3719 1845 sanctiﬁ-

522 1899 706 1969 gclum
747 1893 1174 1964 suscipiendum.
1219 1892 1283 1946 Et
1326 1897 1448 1961 post
1486 1886 1604 1941 haec
1654 1883 1869 1956 quando
1925 1883 2113 1937 anxie-

526 1977 638 2047 tate
678 1990 942 2060 repletus,
976 1997 1031 2041 et
1081 1988 1212 2055 pace
1264 1983 1518 2048 nudatus,
1574 1993 1783 2034 memor
1838 1975 2110 2046 quomodo

525 2081 805 2153 profectus
845 2080 928 2134 sui
969 2077 1225 2143 studium,
1253 2086 1306 2130 et
1352 2087 1566 2128 sacrum
1606 2070 1750 2125 ovile
1804 2067 2108 2137 reliquerit,

525 2181 654 2228 tunc
676 2170 1078 2234 animadvertit,
1110 2177 1164 2224 et
1193 2166 1345 2237 quasi
1367 2163 1551 2219 sedata
1579 2161 1842 2231 temporis
1869 2159 1953 2214 sui
1979 2169 2109 2213 tem-

524 2272 759 2336 pestate,
794 2273 920 2318 tunc
950 2261 1098 2316 videt
1125 2259 1253 2330 quid
1291 2257 1417 2312 mali
1464 2256 1533 2311 de
1580 2269 1642 2311 se
1690 2253 1943 2324 gesserit,
1985 2260 2114 2306 tunc

524 2355 863 2426 recognoscit
892 2353 1022 2424 quid
1074 2350 1299 2421 periculi
1345 2346 1596 2415 incurrit,
1630 2360 1753 2401 cum
1793 2343 1862 2399 de
1894 2343 2014 2397 loco
2043 2340 2112 2396 ad

525 2463 689 2519 quem
728 2462 851 2503 cum
885 2444 1082 2515 gaudio
1118 2450 1364 2505 venerat,
1395 2444 1511 2496 sine
1552 2453 1683 2510 pace
1717 2445 1771 2492 et
1799 2451 1920 2491 cum
1950 2450 2113 2490 scan-

528 2538 656 2594 dalo
684 2536 960 2592 discessit.
988 2534 1143 2589 Tunc
1164 2547 1224 2588 se
1252 2546 1370 2586 sera
1395 2530 1713 2600 paenitentia
1738 2542 1905 2599 super
1931 2525 2114 2581 ruinas

529 2643 656 2683 suas
687 2626 910 2697 paenitet
934 2639 997 2679 ac
1036 2622 1219 2678 deﬂet.
1245 2621 1397 2675 Sicut
1430 2618 1675 2690 quaedam
1701 2632 1827 2672 aves
1852 2628 2118 2697 quaeprze

534 2696 727 2772 dolore
755 2731 916 2784 super
946 2728 1042 2769 eos
1068 2726 1205 2783 quos
1234 2710 1530 2767 occiderint
1579 2709 1710 2765 flere
1745 2696 2039 2772 dicuntur;
2062 2712 2119 2761 et

530 2809 649 2866 haec
671 2806 851 2862 omnia
882 2806 1078 2860 anima:
1108 2803 1431 2859 detrimenta
1462 2818 1528 2857 ex
1562 2799 1948 2856 inobedientiae
1975 2799 2116 2853 malo

529 2900 785 2957 eveniunt
819 2915 833 2951 :
862 2896 1181 2952 obedientes
1202 2904 1383 2950 autem
1416 2904 1470 2949 et
1497 2893 1729 2948 ltumiles
1756 2892 1950 2945 anima:
1980 2890 2120 2945 mul-

532 3001 615 3047 tas
648 2988 1047 3055 tribulationes,
1076 2996 1240 3059 atque
1278 3000 1470 3042 omnes
1499 2985 1714 3040 labores
1742 2989 2115 3052 prosternunt,

530 3093 692 3153 atque
727 3081 783 3136 in
818 3079 1194 3149 compendium
1242 3078 1485 3133 mittunt.
1522 3077 1814 3133 Sciendum
1846 3086 1929 3131 est
1972 3075 2115 3129 enim

2213 1885 2357 1929 cctur
2379 1873 2563 1948 (Apoc.
2594 1888 2728 1938 XXII,
2757 1873 2866 1943 ll).
2900 1871 3191 1926 Videamus
3234 1870 3452 1939 primum
3499 1867 3606 1938 quid
3644 1876 3721 1931 est,

2213 1979 2449 2040 peccator
2471 1964 2683 2036 adjiciat
2706 1964 2773 2018 ad
2791 1963 3148 2037 peccandum?
3175 1980 3228 2017 v.
3245 1977 3322 2033 g.,
3352 1961 3469 2015 mali
3492 1958 3724 2030 cujuslibet

2213 2068 2306 2113 aut
2334 2055 2746 2114 obtrectationis
2797 2055 2975 2124 passio
3026 2056 3344 2125 impugnare
3389 2068 3467 2107 me
3506 2049 3723 2120 ςωρίιςεί

2215 2166 2319 2205 non
2348 2149 2529 2205 statim
2562 2163 2648 2204 me
2677 2146 2952 2215 [MBltiiUdO
2978 2146 3105 2200 vita:
3136 2146 3293 2216 liujus
3323 2141 3604 2207 momordit,
3631 2150 3723 2195 cras

2214 2250 2362 2299 tutta
2394 2240 2525 2294 milii
2553 2239 2715 2309 bujus
2738 2237 2854 2293 vitii
2886 2232 3119 2293 facilitas
3137 2237 3335 2304 veniet,
3359 2246 3409 2292 et
3436 2233 3645 2303 qumdam
3666 2230 3725 2301 (ut

2192 2334 2295 2389 ‘sic
2322 2330 2578 2403 dixerim)
2606 2331 2865 2397 suavitas,
2891 2337 2952 2384 ut
2978 2344 3241 2384 revocare
3264 2342 3345 2383 nte
3370 2326 3431 2380 ab
3458 2325 3542 2379 illo
3566 2334 3610 2378 et
3628 2335 3726 2376 coa-

2216 2428 2394 2483 tinere
2436 2441 2542 2481 non
2597 2425 2820 2494 possim.
2853 2422 2930 2478 Ita
2979 2422 3131 2478 enim
3164 2420 3359 2486 evenit,
3389 2432 3443 2474 ut
3480 2417 3557 2486 qui
3593 2415 3724 2484 primo

2216 2527 2461 2589 tempore
2486 2516 2775 2571 emendare
2803 2513 3057 2576 noluerit,
3090 2512 3315 2584 incipiat
3346 2511 3397 2566 in
3420 2507 3630 2580 sequenti
3651 2516 3727 2560 nec

2220 2611 2361 2666 velle
2397 2624 2496 2664 nec
2520 2621 2701 2678 posse.
2725 2605 2892 2661 Verbi
2921 2605 3122 2675 gratia,
3157 2603 3418 2673 superbia:
3447 2600 3725 2672 acquiescere

2217 2703 2383 2772 coepi,
2411 2701 2649 2771 regulam
2679 2698 2900 2763 violavi,
2937 2697 3217 2752 seniorem
3249 2693 3380 2759 laesi,
3409 2690 3640 2763 juniorem
3658 2684 3726 2740 de-

2218 2794 2408 2852 struxi.
2442 2794 2497 2849 Si
2526 2808 2633 2847 non
2664 2790 2847 2846 statim
2880 2804 2967 2843 me
2990 2788 3249 2858 pmnituit
3274 2796 3379 2841 tam
3401 2783 3609 2854 graviter
3629 2778 3727 2832 fuis-

2217 2903 2278 2942 se
2309 2896 2667 2956 prmrentum,
2696 2885 2765 2937 ita
2799 2882 2866 2936 de
2907 2880 2994 2937 die
3024 2881 3077 2933 itt
3116 2880 3265 2936 diem
3313 2874 3627 2933 libentissime
3666 2881 3728 2923 me

2218 2978 2391 3045 rapiet
2421 2975 2534 3045 ipsa
2565 2972 2823 3028 violentia
2866 2970 3299 3036 consuetudinis,
3325 2978 3380 3023 et
3409 2968 3615 3036 impetus
3641 2975 3730 3031 pas-

2220 3068 2411 3135 sionis,
2446 3078 2503 3121 ut
2546 3065 2659 3135 jam
2703 3079 2801 3119 nec
2845 3063 3172 3133 delinquere
3222 3077 3307 3116 me
3340 3058 3622 3126 intelligam,
3658 3062 3731 3105 nec

532 3174 677 3245 quod
706 3180 908 3241 quanto
938 3170 1260 3224 humiliores
1307 3179 1361 3224 et
1404 3169 1806 3224 obedientiorcs
1833 3167 2113 3233 fuerimus,
2143 3138 2189 3201 (ἶ
2222 3174 2448 3231 peccare
2480 3160 2567 3213 me
2588 3158 2835 3212 sentiam.
2859 3154 3129 3210 Obscurat
3163 3153 3306 3209 enim
3337 3160 3486 3219 atque
3507 3145 3650 3201 obruit
3671 3142 3730 3194 in-

538 3272 688 3318 tanto
711 3277 872 3332 super
900 3274 1000 3315 nos
1027 3260 1205 3314 levius
1234 3274 1296 3314 ac
1323 3259 1530 3313 dulcius
1547 3260 1734 3329 jugum
1760 3259 1971 3313 Domini
1996 3274 2121 3313 sen-

536 3353 759 3417 tiemus;
788 3359 990 3421 quanto
1018 3348 1421 3405 obedientiores
1449 3349 1711 3404 fuerimus
1740 3350 2044 3419 prrcpositis
2067 3357 2122 3404 et

536 3444 780 3513 patribus
805 3441 1027 3505 nostris,
1059 3440 1112 3494 in
1141 3447 1349 3494 tantum
1371 3438 1586 3495 oltcdict
1617 3441 1758 3495 Deus
1786 3439 2120 3495 orationibus

535 3534 761 3590 nostris.
794 3531 1086 3587 Videamus
1125 3546 1287 3601 quam
1330 3532 1684 3601 acceptabilia
1721 3541 1848 3587 sunt
1894 3533 2120 3588 Domino

534 3640 698 3696 opera
725 3633 779 3680 et
807 3620 942 3697 [vel]
968 3622 1172 3693 jejuuia
1215 3636 1402 3677 eorum
1449 3623 1538 3692 qui
1583 3624 1694 3676 suis
1738 3625 1916 3690 potius
1960 3639 2118 3692 quam

534 3716 812 3773 seniorum
863 3715 1229 3770 voluntatibus
1275 3713 1668 3781 obsequuntur.
1712 3712 1956 3770 Clamant
1998 3716 2117 3770 illi:

540 3809 715 3876 Quare
735 3808 1115 3880 jejunavimus,
1146 3814 1193 3861 et
1220 3806 1460 3860 nescisti?
1488 3804 1877 3860 humiliavimus
1920 3808 2121 3860 animus

538 3910 762 3963 nostras,
789 3911 837 3954 et
891 3915 994 3953 non
1043 3897 1327 3969 aspexisti?
1368 3898 1436 3952 Et
1480 3896 1571 3953 ille
1615 3898 1910 3968 respondet
1946 3918 1960 3952 :
1990 3897 2121 3953 Ideo

535 3991 661 4063 quia
698 3992 755 4045 in
796 3989 975 4044 diebus
1006 3989 1330 4060 jejuniorum
1364 4000 1647 4043 vestrorum
1687 3990 2013 4044 inveniuntur
2032 4005 2124 4043 tto-

539 4084 762 4138 itmtates
794 4092 972 4136 uestra
998 4078 1152 4150 (Isai.
1180 4095 1325 4143 Lvttt,
1354 4078 1433 4150 5).
1483 4080 1741 4136 Videmus
1791 4096 1886 4149 per
1934 4081 2123 4137 inobe-

540 4173 798 4229 dientiam
841 4171 1144 4225 animarum
1173 4184 1338 4238 opera
1382 4185 1491 4223 non
1521 4172 1744 4240 respici,
1772 4170 1979 4241 jejunia
2011 4186 2121 4228 non

540 4262 893 4327 audiri,vo:a
924 4275 1032 4315 non
1079 4259 1303 4330 suscipi.
1352 4259 1506 4316 Unde
1552 4275 1656 4315 nos
1704 4263 1938 4329 amplius
1977 4263 2124 4319 illius

543 4352 794 4411 mandata
844 4361 1133 4418 sectemur,
1167 4352 1256 4422 qui
1288 4351 1355 4407 ad
1405 4351 1508 4405 hoc
1537 4351 1603 4406 ad
1634 4367 1733 4407 nos
1783 4366 1814 4407 e
1851 4352 1991 4407 caelo
2023 4353 2121 4411 de-

540 4443 770 4512 scendit,
798 4453 856 4498 ut
886 4457 995 4498 non
1027 4443 1201 4497 solum
1237 4456 1336 4497 nos
1375 4442 1670 4499 redimeret
1701 4443 1891 4498 mortis
1922 4445 2120 4513 pretio,

542 4536 639 4592 sed
682 4536 847 4591 etiam
890 4543 947 4589 ut
974 4533 1096 4588 vita:
1135 4520 1439 4589 aedificaret.
1464 4534 1743 4603 exemplo;
1776 4544 1831 4590 et
1859 4550 1984 4591 cum
2030 4537 2124 4594 illo

541 4630 821 4686 dicamus:
854 4627 969 4698 Ego
996 4643 1098 4682 non
1122 4627 1235 4681 veni
1263 4627 1435 4696 facere
1467 4629 1780 4682 voluntatem
1822 4645 2002 4695 meam,
2030 4633 2122 4686 sed

543 4720 857 4773 voluntatem
883 4718 1028 4772 illius
1057 4717 1145 4785 qui
1178 4717 1317 4771 misit
1340 4732 1441 4786 me,
1476 4716 1652 4772 Patris
1680 4716 1862 4790 (Joau.
1895 4735 1970 4785 vr,
2004 4720 2119 4793 58).

544 4806 629 4864 Ire
655 4817 833 4863 autem
865 4815 989 4877 post
1010 4808 1316 4861 voluntates
1347 4809 1594 4878 proprias
1616 4817 1724 4863 tam
1756 4811 2119 4879 perniciosum

542 4907 652 4968 est,
694 4906 750 4955 ut
795 4898 898 4955 hoc
947 4898 1209 4953 Dominus
1249 4899 1363 4969 jam
1421 4900 1760 4969 postmodum
1803 4903 1973 4957 iratus
2024 4918 2122 4971 pro

543 4989 895 5046 damnatione
942 4990 1150 5059 peccati
1180 4988 1405 5060 irroget,
1434 4988 1626 5045 dicens
1658 5006 1672 5044 :
1705 4990 1773 5044 Et
1803 4992 1975 5047 dimisi
2003 4992 2125 5049 illos

541 5084 823 5140 secundum
869 5082 1124 5137 desideria
1176 5082 1350 5137 cordis
1396 5098 1574 5137 eorum
1615 5081 1734 5155 (Ps.
1789 5099 1951 5150 Lux,
2006 5086 2121 5158 15).

543 5172 905 5239 Quamobrem
937 5171 1026 5242 qui
1055 5171 1166 5224 vult
1191 5178 1306 5225 tuta
1326 5186 1446 5227 esse
1471 5186 1632 5241 opera
1663 5188 1760 5228 sua
1786 5173 1872 5229 vel
1899 5185 2041 5230 recta
2071 5178 2123 5232 in

542 5269 835 5332 conspectu
863 5259 982 5330 Dei,
1013 5258 1148 5314 nihil
1196 5259 1519 5317 obedientia:
1559 5262 1832 5331 praeferat,
1865 5266 2002 5321 nihil
2032 5283 2125 5337 pe-

544 5353 689 5409 nitus
730 5361 1044 5424 anteponat,
1074 5354 1188 5408 sive
1228 5353 1431 5421 scnior,
1462 5354 1578 5410 sive
1611 5356 1796 5426 junior
1835 5358 1928 5413 sit.
1961 5359 2123 5430 Magis

543 5457 745 5516 quanto
769 5446 951 5501 senior
977 5454 1082 5510 est,
1117 5455 1265 5501 tanto
1303 5447 1423 5515 plus
1449 5448 1611 5504 debet
1636 5451 1859 5507 studere
1884 5452 2122 5508 adifica-

545 5535 674 5591 tioni
713 5546 770 5592 et
807 5535 1150 5607 perfectioni.
1181 5537 1396 5593 Nullum
1438 5540 1540 5595 sibi
1573 5542 1734 5598 tinem
1767 5541 1933 5600 faciat
1962 5546 2128 5616 profl-

540 5624 741 5692 ciendi,
767 5628 1082 5699 nullumque
1122 5632 1412 5687 terminum
1453 5634 1748 5690 constituat
1789 5634 2121 5708 acquirendi,

540 5729 663 5773 cum
693 5715 799 5772 sibi
849 5718 955 5775 dici
1003 5719 1228 5777 audiat:
1264 5721 1406 5776 Para
1445 5724 1497 5777 in
1535 5726 1679 5780 exitu
1720 5744 1878 5799 opera
1905 5738 2028 5797 tua;
2071 5739 2127 5786 et

2222 3252 2500 3309 tellectum
2557 3265 2695 3304 onus
2744 3248 2963 3312 delicti,
2996 3245 3290 3301 ass'duitas
3333 3237 3733 3312 delinquendum.

2222 3347 2365 3401 enim
2394 3344 2465 3399 ita
2494 3359 2591 3399 cor
2613 3341 2952 3412 negligentiis
2981 3339 3310 3407 obduratur,
3341 3344 3394 3390 ut
3421 3336 3515 3391 hoc
3540 3332 3679 3401 ipsum
3699 3325 3732 3379 si

2223 3452 2283 3491 se
2313 3452 2417 3489 non
2452 3434 2716 3500 ltumilict,
2751 3433 2794 3487 si
2825 3447 2931 3486 non
2954 3430 3258 3485 satisfaciat
3288 3428 3547 3499 proposito
3571 3418 3732 3495 [Fami

2225 3524 2539 3597 przrposito]
2557 3542 2677 3590 suo,
2711 3537 2909 3578 nocere
2936 3537 2996 3577 se
3025 3523 3239 3588 credat,
3265 3522 3474 3590 in~uper
3500 3515 3678 3571 insultet
3697 3515 3736 3562 et

2223 3620 2364 3673 dicat
2393 3635 2406 3669 :
2446 3617 2614 3684 Quam
2642 3623 2958 3670 constanter
2986 3614 3063 3667 illi
3106 3615 3312 3678 restiti,
3336 3626 3484 3681 qutm
3518 3608 3631 3661 bene
3655 3613 3734 3655 non

2223 3709 2488 3780 acquievi,
2524 3716 2726 3779 quanta
2756 3705 3073 3761 auctoritate
3102 3704 3391 3777 reSpondi?
3418 3699 3612 3756 Putabat
3630 3689 3737 3757 quod

2225 3817 2311 3857 me
2342 3816 2556 3868 semper
2587 3799 2662 3852 illi
2706 3798 2993 3852 ltumiliare
3022 3796 3310 3853 deberem.
3341 3792 3484 3863 Quod
3516 3789 3592 3859 qui
3621 3786 3732 3844 facit.

2224 3894 2437 3948 diabolo
2464 3908 2523 3948 se
2555 3891 2839 3946 tradidisse
2866 3891 3139 3959 captivum
3176 3898 3405 3954 constat,
3429 3886 3509 3956 qui
3528 3883 3586 3938 de
3607 3875 3740 3933 homi-

2226 4002 2354 4039 num
2382 3984 2525 4039 vitiis
2553 3992 2605 4038 et
2637 3981 2984 4052 passionibus
3033 3996 3096 4035 ac
3143 3980 3443 4051 perditione
3485 3973 3741 4031 ltetatur,et

2224 4073 2495 4147 ejusmodi
2520 4073 2713 4128 animm
2740 4073 2953 4129 eveniet
2981 4072 3069 4126 illa
3101 4069 3368 4126 sententii
3397 4086 3409 4122 :
3441 4067 3657 4122 Peccator
3672 4055 3744 4111 ad-

2215 4174 2363 4244 jiciat
2380 4170 2447 4225 ad
2471 4168 2966 4242 peccandum(Eccl.
2993 4184 3072 4232 ιιι,
3098 4166 3218 4240 29).
3248 4169 3414 4237 Quam
3444 4178 3555 4228 nos,
3582 4155 3743 4214 charis-

2226 4262 2373 4328 simi,
2402 4262 2755 4331 refugientes,
2784 4259 2929 4314 illaut
2965 4258 3145 4328 potius
3175 4269 3451 4315 teneamus
3478 4268 3585 4325 quae
3605 4250 3743 4305 dicit:

2227 4353 2296 4408 Et
2325 4364 2532 4409 sanctus
2561 4351 2729 4406 adhuc
2759 4350 3108 4421 sattctiﬁcetur
3134 4350 3320 4420 (Apoc.
3350 4362 3478 4409 mi,
3515 4342 3619 4409 ll);
3643 4349 3746 4407 quo-

2229 4445 2360 4501 tidie
2389 4444 2649 4500 addamus
2689 4443 2756 4498 ad
2788 4443 3002 4511 merita,
3032 4457 3132 4497 nec
3163 4444 3233 4498 de
3272 4441 3423 4497 nobis
3447 4435 3623 4507 aliquid
3645 4444 3746 4502 prae.

2229 4551 2526 4598 sumamus.
2551 4535 2678 4606 quia
2704 4535 2798 4590 Βυὶ
2827 4544 2909 4591 est
2934 4548 3094 4589 omne
3120 4532 3269 4603 quod
3294 4541 3593 4601 possumus:
3617 4524 3747 4577 εἱωιε

2240 4633 2422 4702 itaque
2475 4630 2667 4685 fratres
2722 4627 2775 4683 in
2827 4642 2992 4700 opere
3046 4627 3140 4681 Dei
3180 4624 3747 4689 ntleficientes,propl¢r

2229 4734 2487 4780 :Pternam
2521 4721 2956 4787 retributionem,
2986 4727 3042 4773 et
3066 4718 3308 4790 quotidie
3337 4717 3400 4771 ad
3432 4713 3631 4768 meliora
3654 4715 3745 4759 ten-

2229 4817 2441 4871 damus.
2500 4814 2619 4884 lpsa
2676 4813 2819 4867 enim
2877 4809 3319 4882 apprcltendendi
3373 4805 3620 4867 aviditas,
3659 4796 3747 4865 ipsa

2230 4905 2562 4962 consuetudo
2594 4903 2906 4974 proficiendi
2936 4918 3150 4973 semper
3180 4916 3278 4956 nos
3304 4900 3369 4954 ad
3388 4896 3576 4967 majora
3595 4899 3749 4961 provo-

2230 5000 2373 5056 cabit
2392 5016 2404 5052 :
2423 5007 2479 5053 et
2498 4995 2587 5051 tibi
2614 4995 2802 5050 viderit
2819 4996 2959 5050 Deus
2978 4994 3319 5050 devotionem
3345 4988 3504 5046 animi
3525 4976 3749 5039 ardentio-

2230 5105 2366 5157 rem,
2401 5086 2695 5141 insinuabit
2723 5082 3002 5150 allectum;
3032 5093 3087 5139 et
3118 5089 3375 5153 quantum
3405 5094 3501 5134 nos
3527 5068 3748 5130 addideri-

2230 5166 2430 5237 mus’ad
2458 5179 2716 5244 studium,
2736 5185 2939 5232 tantum
2966 5178 3056 5233 ille
3084 5185 3323 5248 apponet
3345 5174 3410 5229 ad
3439 5166 3741 5242 adjutorium;

2229 5282 2483 5345 quantum
2513 5287 2613 5327 nos
2651 5271 3065 5343 apposuerimus
3097 5272 3161 5326 a-l
3211 5267 3555 5339 diligentiam,
3580 5265 3743 5315 tantum

2229 5365 2324 5422 ille
2359 5364 2520 5420 addet
2561 5364 2627 5417 ad
2672 5363 2924 5433 glutiam.
2959 5362 3061 5430 Qui
3085 5362 3258 5427 habet,
3288 5360 3487 5414 dabitur
3509 5352 3599 5416 illi,
3617 5355 3658 5402 et
3678 5355 3745 5396 tt?

2231 5454 2601 5527 pcrabundabit
2631 5455 2845 5527 (Matth.
2891 5469 3009 5521 xm,
3067 5458 3187 5527 η),
3221 5461 3280 5507 et
3312 5451 3419 5505 alio
3461 5449 3568 5501 loco
3597 5435 3743 5527 dicit:

2229 5547 2392 5603 Posui
2426 5520 2746 5620 adjutorittm
2786 5565 2940 5618 super
2969 5520 3220 5620 potentem
3250 5545 3370 5619 (Ps.
3400 5548 3631 5598 Lxxn'm.
3654 5520 3742 5620 30i-

2228 5639 2412 5697 Gl'alia
2440 5656 2571 5711 ergo
2603 5641 2671 5697 dc
2700 5641 2870 5711 gratia
2896 5642 3153 5709 nascitur,
3176 5650 3229 5694 et
3254 5612 3519 5708 profectus
3547 5612 3742 5697 βιοτεείί·

2229 5730 2330 5787 bus
2360 5729 2628 5799 serviunt;
2664 5731 2814 5786 lucra
2848 5731 3031 5799 lucris,
3061 5742 3115 5788 et
3146 5729 3328 5788 merita
3357 5720 3550 5781 meritis
3575 5717 3741 5770 lucrum

2147 4498 2203 4561 Ι)

3876 214 3882 329 Ι
