3932 6170
239 302 328 354 il“

1716 283 2045 365 llOMlLM‘I.

3390 282 3499 341 8H

240 414 439 489 ll’orte,
472 410 667 482 locum]
700 410 894 463 faciunt
919 425 935 473 ;
965 417 1021 461 ιιι
1041 416 1249 478 quanto
1278 408 1399 477 quis
1430 407 1549 475 plus
1577 408 1818 475 nequire»
1852 407 1899 461 Δ
1929 413 2129 456 metum
2161 402 2211 454 in
2237 401 2390 454 nobis
2413 400 2674 465 humanus
2715 398 2901 467 oculus
2926 414 3082 467 quam
3107 398 3321 454 divinus
3340 399 3499 465 vidit;

242 523 296 560 re
316 505 564 571 cmperit,
582 511 731 555 tanto
755 501 873 567 plus
899 510 1126 553 conetur
1138 508 1189 553 et
1215 498 1513 552 delectetur
1528 499 1821 567 inquirere,

242 608 296 649 ut
325 593 703 662 acquisitionis
720 591 929 644 lucrum
952 591 1265 659 acquirendi
1286 590 1485 643 nutriat
1505 588 1822 658 appetitum.

245 689 311 743 Et
338 697 541 756 quanto
570 687 689 751 quis
718 682 933 737 avidius
962 682 1034 735 de
1063 681 1349 751 sapientiai
1378 682 1534 735 bonis
1565 682 1824 746 hauserit,

244 788 393 831 tanto
438 776 560 843 plus
608 774 827 827 haurire
864 772 1169 835 desideret,
1203 774 1343 826 sicut
1375 773 1487 838 ipsa
1537 772 1605 825 de
1640 786 1701 824 se
1731 777 1827 826 ba-

248 867 443 938 picntia
476 867 711 933 loquitur
739 882 757 918 ;
792 862 894 926 Qui
922 862 1026 915 edit
1056 879 1157 925 me,
1191 861 1361 915 adhuc
1397 863 1603 915 esuriat.
1627 862 1829 930 Urgen-

248 973 370 1012 mus
401 960 605 1024 itaque,
632 955 963 1019 charissimi,
994 969 1209 1009 cursum
1244 963 1509 1016 nostrum,
1541 964 1598 1005 ut
1622 962 1831 1006 crescat

247 1055 305 1105 in
348 1050 642 1107 novissimo
674 1047 781 1099 vita
804 1054 1012 1099 nostra.
1036 1044 1349 1111 Qureramus
1372 1059 1541 1112 usque
1561 1044 1614 1097 in
1646 1043 1825 1108 linem,

252 1139 397 1195 unde
435 1138 551 1193 sine
600 1137 709 1191 fine
756 1136 993 1205 gaudere
1042 1150 1368 1205 mereamur:
1399 1134 1503 1189 Sed
1551 1144 1693 1201 esto,
1725 1147 1831 1187 non

254 1247 541 1299 possumus
594 1242 854 1284 exercere
910 1228 1156 1295 corporis
1200 1228 1437 1293 labores,
1492 1228 1834 1280 conferamus

253 1337 357 1377 nos
410 1322 477 1374 ad
527 1320 847 1388 spiritalium
890 1319 1154 1374 bonorum
1209 1320 1557 1385 desiderium,
1590 1320 1654 1371 ad
1684 1333 1833 1372 com-

258 1414 573 1483 punctionis
619 1423 674 1466 et
716 1412 996 1465 charitatis
1023 1425 1389 1480 augmentum.
1423 1411 1483 1466 Si
1514 1410 1753 1479 quotidie
1784 1411 1835 1463 in

254 1505 511 1560 cordibus
533 1504 734 1558 nostris
757 1502 1110 1572 disponamus
1133 1517 1409 1565 ascensus,
1438 1503 1582 1556 nulla
1609 1501 1839 1556 inﬁrmi-

257 1607 393 1654 tate.
415 1595 555 1649 nulla
584 1604 742 1647 aetate
774 1594 961 1648 lassari
992 1603 1375 1662 possumus,ut
1399 1594 1482 1647 his
1512 1593 1840 1661 spiritalibus

257 1686 587 1754 quibusdam
630 1685 901 1753 gradibus
928 1686 1222 1739 ascendere
1258 1699 1561 1740 mereamur
1601 1686 1667 1739 ad
1720 1699 1841 1755 pro-

256 1777 424 1830 missa
458 1776 666 1837 Domini
697 1774 824 1831 Jesu
851 1776 1071 1830 Christi.

853 1909 1131 1971 HOMILIA
1174 1909 1261 1964 IV.

840 2026 920 2076 Ad
967 2025 1262 2077 monachos.

344 2139 491 2193 Sicut
516 2153 543 2190 a
576 2138 728 2193 nobis
758 2137 1012 2199 Dominus
1043 2153 1139 2206 pro
1160 2147 1405 2206 suscepta
1431 2136 1593 2191 ofﬁcii
1624 2134 1853 2191 necessl.

268 2241 384 2286 tate
401 2232 649 2296 loquendi
666 2231 908 2300 deposcit
931 2230 1190 2293 officium,
1208 2232 1277 2284 ita
1296 2246 1324 2283 a
1339 2230 1509 2293 vobis,
1526 2228 1848 2291 charissimi,

266 2323 525 2378 audiendi
561 2324 787 2392 requirit
828 2322 1102 2378 all'ectum.
1158 2322 1267 2387 lta,
1316 2322 1563 2392 inquam,
1600 2319 1850 2376 charitati

270 2425 472 2471 vestra:
508 2415 723 2484 expedit
767 2414 854 2469 his
890 2430 1011 2484 quae
1046 2430 1142 2483 pro
1184 2416 1357 2470 salute
1405 2424 1578 2471 vestra
1625 2414 1853 2469 dicimus

270 2511 520 2570 obedire.
546 2510 684 2565 sicut
712 2509 870 2571 nobis
898 2509 1138 2563 imminet
1159 2524 1265 2564 non
1295 2519 1494 2563 tacere.
1533 2507 1665 2563 Nam
1690 2509 1733 2563 si
1759 2522 1855 2561 nos

272 2601 538 2659 offensam
584 2600 891 2655 metuimus
918 2599 987 2655 de
1035 2599 1273 2663 silentio,
1327 2608 1531 2669 quanto
1557 2599 1727 2667 magis
1761 2611 1857 2651 vos

273 2692 531 2748 eamdem
561 2692 771 2751 debetis
792 2706 1153 2759 expavescere
1176 2690 1243 2745 de
1284 2690 1633 2758 contemptu?
1664 2690 1745 2757 Si,
1773 2689 1857 2743 in-

277 2784 638 2855 ίιιιιιιιι,ιιοι›ἰδ
657 2782 1173 2852 grandeperieulunt
1195 2791 1276 2835 est
1294 2781 1467 2835 aliena
1490 2796 1593 2834 non
1612 2790 1857 2848 arguere,

256 2888 487 2947 quanto
528 2874 885 2945 perieulo~ius
928 2886 1008 2928 est
1039 2873 1254 2942 propria
1300 2886 1409 2924 non
1440 2869 1745 2938 corrigere?
1777 2868 1865 2921 Ait

280 2966 518 3036 qundam
570 2966 690 3019 loco
742 2964 932 3017 beatus
962 2961 1251 3030 Apostolus
1285 2978 1298 3013 :
1339 2959 1513 3013 Videte
1554 2958 1865 3012 vocationem

282 3069 504 3111 restrain
527 3098 540 3120 ,
570 3057 758 3126 fratres
807 3055 851 3121 (Ι
884 3054 1002 3109 Cur.
1035 3068 1074 3116 ι,
1104 3053 1599 3123 26);qnapropter,
1629 3050 1868 3105 dilectis-

1930 492 2145 563 quando
2175 508 2271 545 nos
2315 492 2389 544 illi
2423 491 2719 544 laudabiles
2754 490 3015 549 eretnitae,
3051 489 3138 557 qui
3166 498 3315 543 extra
3351 505 3502 543 tnui:-

1929 566 2054 637 dnm
2100 562 2219 637 esse
2251 598 2347 657 nos
2373 582 2661 646 credimus,
2699 594 2795 649 per
2822 579 3154 634 diversarum
3196 580 3500 652 passionum

1931 677 2056 730 vitia
2090 675 2344 729 mundum
2374 674 2509 727 intra
2536 688 2631 726 nos
2662 672 2922 725 inclusum
2949 681 3213 735 tenemus,
3243 671 3311 724 ita
3337 680 3394 725 ut
3414 672 3502 740 qtti

1932 768 2255 836 putabamus
2311 779 2407 818 nos
2455 764 2701 831 precibus
2753 764 2952 818 nostris
2976 763 3172 817 smculo
3218 763 3319 832 ipsi
3348 778 3507 832 potse

1932 862 2277 921 Succurrere,
2318 872 2452 925 pene
2486 856 2556 907 sit
2587 866 2643 907 ut
2676 856 2951 908 videamus
2990 840 3086 911 nos
3120 858 3287 927 magis
3322 858 3505 911 szeculi

1933 948 2415 1003 intercessionibus
2461 947 2732 1013 indigere?
2777 946 3001 1017 Dubium
3052 948 3247 1017 quippe
3288 964 3393 1002 non
3426 961 3504 1004 est

1933 1038 2073 1107 quod
2100 1038 2185 1091 ilia
2207 1040 2380 1090 anima
2406 1054 2523 1105 quin
2543 1053 2637 1104 per
2658 1037 3145 1105 concupiscentiam
3170 1038 3505 1111 smculariutn

1935 1128 2263 1198 voluptatum
2301 1122 2572 1199 po~sessio
2621 1112 2852 1181 efliritur
2893 1128 3177 1184 mundanae
3220 1125 3509 1185 conversa-

1935 1223 2125 1287 tionis,
2151 1236 2253 1275 non
2279 1230 2453 1291 potest
2485 1218 2625 1275 effici
2661 1235 2880 1289 regnum
2904 1220 3225 1275 Divinitatis.
3250 1221 3510 1295 Ideoque,

1936 1315 2154 1378 fratres,
2178 1314 2357 1369 videte
2385 1302 2717 1367 vocationem
2753 1325 3005 1367 vestram.
3058 1313 3251 1371 Venire
3297 1316 3510 1385 quidem

1939 1408 2005 1462 ad
2035 1422 2295 1470 eremum,
2327 1421 2532 1459 summa
2566 1406 2820 1473 perfectio
2866 1414 2947 1459 est
2977 1423 2987 1457 :
3021 1405 3111 1459 sed
3144 1422 3248 1471 non
3278 1408 3513 1474 perfecte

1942 1500 1992 1553 iu
2022 1514 2206 1552 eremo
2228 1500 2431 1563 vivere,
2462 1512 2666 1549 summa
2693 1497 2959 1549 damnatio
2982 1506 3077 1547 est
3108 1496 3240 1563 Quid
3274 1478 3512 1568 prodest,

1943 1590 1986 1644 si
2012 1590 2160 1645 locus
2185 1590 2377 1657 quietis
2408 1596 2612 1641 tantum
2657 1590 3004 1651 Corporaliter
3043 1596 3319 1654 teneatur,
3364 1600 3415 1643 ct
3440 1590 3509 1641 iu-

1944 1680 2196 1749 quie'udo
2220 1681 2269 1732 iu
2297 1678 2460 1733 corde
2492 1678 2773 1732 versetur?
2795 1679 2963 1745 Quid,
2991 1678 3239 1749 inquam,
3274 1680 3515 1749 prodest,

1871 1772 1917 1830 B
1945 1773 1987 1826 si
2022 1772 2073 1825 in
2121 1770 2447 1826 habitatione
2492 1772 2766 1826 silentium
2810 1772 2899 1836 sit,
2942 1781 2995 1825 et
3044 1772 3096 1824 iu
3131 1772 3517 1833 habitatoribus

1948 1865 2198 1917 vitiorum
2261 1865 2521 1917 tumultus
2585 1875 2634 1919 et
2689 1865 2998 1918 colluctatio
3060 1863 3405 1933 passionum?
3474 1865 3519 1919 si

1948 1957 2213 2009 exteriora
2266 1967 2445 2009 nostra
2477 1957 2741 2010 serenitas
2786 1967 2990 2023 teneat,
3017 1966 3069 2010 et
3100 1957 3354 2019 interiora
3386 1966 3521 2021 tetu-

1951 2050 2163 2118 pestasl
2193 2051 2305 2104 Non
2336 2051 2479 2104 enim
2509 2051 2627 2102 ideo
2656 2052 2720 2102 ad
2753 2054 2908 2103 istum
2940 2050 3291 2123 convenimus
3321 2051 3521 2107 locum.

1952 2151 2008 2193 ut
2056 2141 2217 2194 nobis
2264 2140 2491 2195 mundus
2549 2141 2918 2217 fatnttlarclttr,
2970 2150 3029 2197 ut
3074 2142 3237 2199 rebus
3279 2143 3526 2197 omnibus

1953 2234 2288 2287 abundantes
2336 2235 2483 2288 omni
2524 2234 2703 2302 quiete
2748 2235 3077 2297 fruerentur:
3112 2251 3218 2295 non
3252 2238 3432 2309 utique
3460 2237 3527 2299 ad

1955 2324 2218 2393 requiem,
2254 2337 2358 2376 non
2406 2322 2471 2376 ad
2501 2323 2872 2389 securitatem,
2920 2326 3013 2378 sed
3042 2324 3107 2380 ad
3163 2341 3394 2396 pugnant
3430 2327 3531 2380 huc

1954 2415 2331 2479 c0uveuimus,
2362 2412 2428 2468 ad
2457 2430 2680 2484 agonem
2707 2415 3088 2484 processimus,
3136 2418 3201 2477 ad
3232 2418 3529 2481 exercenda

1956 2519 2078 2559 cum
2130 2505 2275 2560 vitiis
2322 2504 2463 2559 bella
2502 2504 2913 2575 properavimus
2951 2522 2964 2558 :
2998 2516 3055 2559 ut
3090 2505 3285 2575 lingua:
3331 2506 3549 2577 gladios

1960 2598 2332 2659 retundamus,
2382 2612 2489 2650 non
2521 2596 2694 2649 solum
2727 2596 2955 2659 invicem
2990 2611 3095 2649 non
3141 2582 3432 2665 inferamus
3460 2599 3538 2651 itt-

1957 2689 2145 2759 jurias,
2175 2686 2268 2743 sed
2303 2701 2401 2741 nec
2431 2686 2726 2741 sentiamus
2755 2687 2954 2741 illatas.
3004 2685 3330 2751 Peculiarius
3361 2700 3538 2761 autem

1964 2770 2193 2835 ismdad
2223 2778 2611 2849 professionem
2645 2792 2883 2833 nostram
2916 2780 3170 2849 pertinet,
3204 2781 3335 2836 nihil
3369 2782 3419 2835 in
3442 2782 3541 2843 hac

1969 2874 2071 2926 vita
2103 2872 2488 2927 consolationis
2518 2873 2814 2943 requirere,
2847 2872 2975 2926 nihil
3022 2854 3244 2943 quietis.
3274 2873 3382 2930 Nec
3411 2875 3543 2931 reci-

1972 2980 2098 3033 pere
2138 2963 2275 3019 velle
2310 2964 2448 3018 b0ua
2497 2964 2548 3017 in
2574 2964 2679 3019 vita
2710 2980 2827 3029 sua,
2859 2965 2951 3018 sed
3000 2954 3237 3021 honores
3275 2966 3543 3038 refugere,

1973 3055 2309 3124 sulijectione
2352 3066 2511 3125 atque
2536 3040 2839 3126 ahjrctione
2866 3055 3105 3127 gaudete
3127 3096 3142 3125 ,
3179 3066 3544 3128 paupertatem

283 3150 449 3215 simi,
488 3160 541 3202 et
588 3163 688 3207 nos
735 3146 1011 3202 videamus
1055 3148 1388 3199 vocationem
1442 3152 1700 3197 nostram.
1754 3140 1868 3196 Non
1898 3134 1944 3197 C
1976 3150 2153 3202 studio
2182 3163 2446 3218 quaeri-re,
2480 3158 2532 3202 et
2564 3163 2668 3202 non
2700 3147 2874 3201 solum
2909 3147 3226 3213 facultates,
3261 3149 3355 3204 sed
3386 3149 3547 3221 etiam

285 3242 439 3295 enim
471 3242 605 3295 satis
631 3238 843 3308 prodest
877 3239 1017 3307 quod
1043 3238 1199 3289 istum
1230 3234 1402 3290 locum
1426 3233 1800 3303 expetit-imus,
1823 3233 1867 3285 si

291 3334 390 3387 hic
428 3334 563 3387 tales
607 3345 794 3386 sumus
829 3329 1016 3399 quales
1046 3328 1097 3381 ιιι
1117 3326 1315 3381 εωοιιιο
1335 3322 1469 3381 esse'
1488 3325 1782 3395 potuimus.
1814 3321 1871 3378 Si

291 3423 443 3478 enim
466 3423 602 3477 bene
625 3421 1001 3490 perspicimus,
1036 3433 1142 3472 non
1169 3418 1346 3472 solum
1380 3416 1479 3481 ista
1518 3414 1751 3471 solitudo
1776 3428 1874 3468 nos

294 3514 367 3569 ad
394 3514 737 3582 perfectionis
769 3510 1145 3568 necessitatem
1163 3549 1179 3573 ,
1207 3507 1305 3563 sed
1324 3508 1489 3563 etiam
1518 3508 1631 3576 ipsa
1654 3520 1878 3575 congre—

293 3607 531 3675 gationis
562 3603 845 3669 multitudo
868 3617 969 3661 nos
993 3600 1335 3668 constringit.
1352 3599 1484 3653 Nam
1511 3598 1650 3653 sicut
1673 3596 1877 3667 pretio-

297 3712 423 3749 sum
443 3706 599 3763 atque
639 3695 973 3764 praecipuum
1006 3701 1088 3747 est
1124 3693 1178 3745 in
1215 3690 1393 3744 medio
1432 3690 1719 3743 multorum
1746 3690 1881 3743 bene

300 3800 496 3849 agere,
534 3785 795 3853 plurimos
822 3783 890 3837 ad
933 3780 1232 3852 profectum
1266 3781 1514 3850 exemplo
1541 3779 1669 3833 boni
1700 3777 1883 3848 operis

304 3877 577 3941 excitare;
603 3876 676 3931 ita
704 3875 1064 3943 periculosum
1087 3883 1250 3942 atque
1276 3870 1635 3941 perniciosum
1681 3878 1767 3933 est
1790 3884 1883 3925 ne-

306 3969 604 4039 gI-gemius
648 3984 709 4021 ac
740 3967 974 4036 tepidius
995 3967 1204 4037 agendo
1242 3968 1527 4021 multorum
1554 3966 1713 4021 Iidem
1742 3964 1888 4019 fran-

306 4078 470 4131 gere,
516 4063 921 4129 multarumque
953 4060 1159 4129 animas
1205 4058 1521 4127 depravare.
1567 4057 1757 4125 Sicut,
1806 4055 1888 4111 in-

308 4168 475 4219 quam
506 4192 522 4213 .
566 4152 898 4225 fructuosum
942 4161 1024 4206 est
1057 4151 1109 4205 in
1140 4151 1319 4205 medio
1346 4158 1614 4203 tantorum
1654 4147 1888 4217 positum

313 4242 666 4313 probabiliter
700 4243 919 4307 vivere;
942 4241 1012 4295 ita
1035 4240 1395 4309 periculosum
1424 4247 1508 4295 est
1536 4238 1735 4308 aliquid
1762 4237 1887 4293 des-

315 4336 601 4407 tructionis
625 4338 820 4403 egi~se.
842 4334 957 4390 Hoc
981 4344 1162 4389 autem
1191 4348 1357 4403 quare
1376 4332 1533 4387 dico?
1577 4332 1696 4402 quia
1729 4332 1891 4402 (quod

1977 3239 2120 3303 ipsas
2170 3238 2492 3307 cupiditates
2530 3254 2560 3292 e
2607 3238 2862 3309 eordibus‘
2892 3238 3199 3306 eradicate,
3254 3237 3551 3313 nihlenim

1978 3330 2176 3385 habere
2197 3322 2465 3384 interdu'm
2495 3344 2578 3384 res
2609 3329 2947 3401 necessitatis
2972 3339 3054 3385 est
3084 3312 3105 3382 ι
3140 3332 3268 3397 nihil
3304 3347 3433 3386 vero
3460 3346 3551 3387 cu-

1979 3439 2125 3494 pere,
2170 3438 2258 3477 res
2287 3422 2522 3478 virtutis:
2556 3430 2611 3477 et
2650 3421 2773 3477 ideo
2804 3422 2873 3477 hu
2914 3438 2944 3480 c
2971 3423 3071 3479 sibi
3103 3423 3409 3493 specialiter
3437 3440 3555 3480 mo-

1980 3514 2106 3569 dum
2156 3512 2437 3583 religiosus
2467 3512 2629 3567 debet
2677 3513 2983 3580 impenere.
3030 3526 3082 3567 ut
3115 3522 3321 3587 tainttun
3363 3513 3533 3585 habet:

1983 3614 2236 3675 quantum
2288 3603 2584 3657 necessitas
2631 3604 2822 3669 poscit,
2858 3618 2964 3656 non
3003 3614 3259 3672 quantum
3295 3603 3559 3681 cupiditas

1984 3696 2339 3767 conerpiscit.
2387 3692 2627 3771 [labendi
2668 3694 2810 3748 enim
2845 3709 3019 3757 amor.
3065 3694 3165 3771 nisi
3197 3697 3262 3771 ad
3294 3697 3554 3767 integrum

1984 3799 2284 3849 resecetur,
2313 3768 2589 3837 ardentior
2605 3792 2687 3838 est
2709 3783 2762 3838 in
2794 3784 2994 3856 parvis,
3026 3793 3077 3837 et
3102 3768 3233 3859 plus:
3249 3795 3561 3856 torquentur

1988 3880 2041 3932 in
2088 3874 2366 3931 minimis:
2396 3884 2451 3929 et
2490 3872 2592 3927 nisi
2633 3890 2697 3929 ex
2735 3874 2897 3941 corde
2935 3868 3095 3947 atque
3128 3875 3321 3937 atii-ctu
3360 3893 3561 3951 pauper

1989 3969 2086 4035 sis,
2118 3976 2403 4038 paupertas
2431 3966 2544 4038 ipsa
2568 3981 2674 4041 non
2696 3967 2886 4034 virtus,
2922 3968 3014 4035 sed
3042 3967 3563 4051 miseriatjudieauda

1990 4066 2095 4115 est.
2126 4058 2449 4115 Noverimus
2497 4058 2700 4133 itaque,
2760 4058 2982 4139 fratres,
3033 4060 3162 4115 nihil
3214 4061 3491 4137 prodesse,
3522 4065 3566 4117 si

1992 4165 2210 4206 carnem
2254 4158 2492 4205 nostram
2544 4142 2767 4220 jejuniis
2814 4165 2879 4206 ac
2934 4151 3126 4225 vigiliis
3168 4152 3484 4223 alﬂigamus,
3516 4163 3570 4211 et

1994 4252 2233 4298 mentem
2265 4251 2502 4298 nostram
2528 4256 2633 4297 non
2658 4241 3027 4317 emendemus,
3057 4228 3280 4327 autﬂttze
3304 4226 3568 4317 interiora

1996 4342 2121 4389 sunt
2144 4349 2249 4411 non
2276 4348 2549 4399 curemus.
2573 4331 2710 4401 Quid
2737 4331 2878 4401 enim
2904 4320 3365 4417 prodestaigictio
3382 4351 3572 4408 corpo-

316 4426 475 4498 pejus
515 4428 618 4498 est)
666 4425 875 4487 facilius
902 4424 1209 4479 invenimus
1243 4423 1333 4492 qui
1365 4436 1426 4477 ea
1469 4436 1589 4491 qua:
1623 4420 1894 4476 deteriora
1997 4428 2162 4495 ralis,
2208 4426 2253 4481 si
2285 4427 2519 4497 linguam
2560 4425 2897 4497 nequitiiset
2944 4427 3425 4501 obtrectationibus
3460 4432 3575 4500 pul-

316 4531 473 4584 sum,
497 4534 658 4588 quam
674 4517 1050 4589 quiemeliora,
1073 4525 1380 4581 sectentur;
1405 4520 1624 4583 pronior
1645 4515 1788 4568 enim
1814 4523 1898 4568 est
1925 4502 1977 4563 D
2004 4516 2246 4571 luamus?
2292 4516 2481 4572 Nonne
2523 4530 2712 4575 omnes
2756 4516 2973 4595 labores
3022 4502 3189 4585 nostri
3247 4500 3311 4578 in~
3346 4521 3575 4599 nihilum

315 4614 389 4669 ad
419 4612 769 4675 imitationem
804 4610 931 4666 mali
974 4609 1205 4667 humana
1251 4608 1530 4679 fragilitas.
1560 4606 1899 4677 Quapropter

319 4721 431 4759 non
470 4706 624 4765 nobis
652 4702 904 4763 sufﬁcere
947 4700 1271 4766 credamus,
1325 4698 1466 4768 quod
1515 4712 1615 4752 nos
1659 4698 1713 4751 in
1762 4698 1901 4749 hanc

316 4796 563 4855 scholam
593 4796 868 4857 cernimus
896 4803 1246 4863 congregatos
1268 4831 1284 4855 ,
1311 4790 1413 4844 nisi
1442 4788 1582 4858 quod
1610 4789 1895 4843 vehemen-

320 4893 434 4945 tius
456 4888 507 4942 in
537 4887 695 4942 nobis
722 4884 1074 4957 negligentias
1100 4894 1313 4937 nostras
1341 4880 1578 4951 professa
1620 4879 1898 4950 perfectio,

317 4996 485 5050 quam
540 4995 640 5043 nec
692 4987 966 5049 assumpta
1024 4976 1367 5033 condemnat.
1421 4974 1552 5041 Quia
1607 4972 1899 5027 secundum

318 5073 616 5140 Scriptura
652 5068 844 5134 ﬁdem,
891 5067 983 5139 qtti
1025 5068 1251 5131 multum
1296 5068 1647 5136 promittunt,
1680 5064 1904 5119 multum

322 5175 550 5216 necesse
579 5169 662 5216 est
696 5172 753 5214 ut
774 5168 1061 5228 repetatur.
1100 5161 1167 5212 ah
1192 5159 1291 5213 eis.
1318 5155 1363 5212 0
1408 5157 1623 5225 quantis
1646 5153 1905 5222 proderit,

319 5264 376 5307 et
401 5254 617 5321 quantis
638 5266 670 5307 ο
695 5250 968 5306 contrario
993 5250 1166 5305 oberit
1192 5249 1292 5303 loci
1321 5248 1481 5315 huius
1508 5249 1880 5317 opportunitas
1899 5286 1916 5313 ,

319 5352 377 5397 et
407 5356 658 5412 congrue
699 5339 1049 5396 habitationis
1072 5384 1075 5389 λ
1095 5341 1336 5396 occasio!
1367 5339 1499 5394 Non
1548 5341 1693 5395 enim
1726 5343 1779 5395 in
1807 5341 1911 5397 hoc

322 5437 446 5489 loco
476 5435 694 5495 vixisse.
718 5433 816 5495 sed
845 5437 896 5487 in
921 5434 1023 5487 hoc
1045 5433 1161 5486 loco
1186 5432 1322 5487 bene
1349 5431 1552 5503 egi~se,
1580 5432 1901 5488 laudandum

320 5538 427 5586 est.
471 5529 605 5595 Nam
656 5528 785 5600 quid
824 5529 980 5589 bonis
1024 5526 1369 5582 habitationis
1417 5525 1576 5595 hujus
1633 5536 1903 5581 secretum

322 5620 567 5693 prodest,
603 5620 818 5692 quando
866 5618 1151 5693 tyrannica
1180 5618 1457 5677 dominatu
1489 5618 1692 5672 malitia
1726 5618 1777 5672 in
1810 5633 1906 5673 no-

324 5711 408 5767 bis
436 5723 643 5782 regnat,
664 5712 879 5781 quando
900 5712 977 5766 ira
999 5711 1388 5781 superequitat,
1411 5709 1622 5777 quando
1644 5709 1903 5770 maiorem

695 5806 958 5860 PnaoL.
1011 5802 1078 5859 l..

2002 4607 2352 4678 rediguntur?
2380 4607 2567 4689 t‘ionne
2592 4622 2730 4675 opus
2757 4618 2996 4679 nostrum
3033 4611 3384 4691 velutfutuus
3416 4624 3579 4686 atque

2002 4705 2191 4754 umbra
2233 4698 2525 4766 evanescit,
2572 4708 2626 4754 et
2648 4697 2790 4754 velut
2832 4708 3036 4770 stuppa:
3063 4700 3320 4769 favillavin
3343 4704 3577 4769 nihilum
3622 4694 3625 4697 λ

2005 4789 2298 4861 redigitur?
2325 4786 2371 4845 0
2400 4788 2584 4870 quanti
2612 4800 2664 4845 et
2686 4805 2855 4873 quam
2884 4774 3120 4871 diuturni
3166 4772 3578 4873 labores,subito

2007 4883 2272 4957 pereunt!
2302 4866 2508 4951 Quanta
2554 4866 2693 4939 bona
2726 4866 3034 4953 frequenter
3070 4891 3180 4953 jam
3225 4866 3581 4961 acquisita-ac

2010 4978 2241 5047 reposita
2266 4975 2332 5030 de
2363 4990 2521 5029 manu
2556 4974 2858 5057 rapiuntur,
2887 4974 3014 5031 dum
3046 4973 3096 5030 id
3120 4977 3268 5046 quod
3300 4976 3582 5049 acquirere

2010 5071 2308 5155 studemus.
2326 5066 2615 5153 custodire
2655 5066 3005 5155 negligimus!
3051 5067 3583 5147 Quaproptergraus

2013 5148 2167 5219 nobis
2196 5142 2261 5217 de
2310 5148 2470 5219 cruce
2513 5142 3158 5239 et.corporis‘afﬂictionc
3183 5148 3506 5231 blandintur,
3539 5164 3583 5217 si

2012 5252 2251 5310 exterior
2296 5261 2480 5331 noster
2527 5250 2729 5307 sanctis
2780 5249 3050 5333 laboribus
3092 5260 3584 5331 esercetur,etda

2014 5330 2359 5417 pasdonibus
2378 5360 2483 5398 non
2514 5351 2733 5419 curatur
2764 5330 2992 5411 interior
3025 5360 3039 5397 :
3077 5330 3159 5399 sic
3202 5354 3286 5419 est
3312 5347 3587 5418 quomodo

2013 5437 2060 5492 si
2100 5435 2289 5509 aliquis
2334 5422 2561 5488 statuam
2586 5510 2587 5513 η
2610 5432 2769 5517 faciat
2805 5422 3006 5511 altoris
3042 5448 3299 5517 auream,
3340 5436 3408 5499 ab
3444 5437 3586 5495 intus
3647 5472 3658 5483 α

2015 5528 2244 5592 luteam;
2278 5526 2361 5589 vel
2396 5516 2734 5597 quomodosi
2758 5524 2956 5601 domus
2995 5525 3285 5597 magniﬁca
3312 5537 3428 5584 arte
3452 5545 3581 5586 coo-

2012 5627 2219 5675 structa
2242 5631 2271 5671 a
2306 5614 2436 5670 foris
2466 5614 2840 5684 pulcherrimis
2869 5614 3138 5671 coloribus
3163 5616 3371 5688 depicta
3405 5620 3585 5676 videa-

2012 5721 2135 5775 tur,
2174 5709 2323 5763 etab
2355 5707 2495 5761 intus
2536 5705 2874 5776 serpentibus
2917 5714 2970 5761 et
3018 5706 3392 5771 scorpionibus
3434 5711 3586 5781 plena

3117 5798 3185 5858 ‘27
