3932 6170
442 339 544 390 διδ
1424 326 1479 378 s.
1526 321 1847 377 EUuIlEltll
1890 316 2370 375 LUGDUNENSIS
2412 316 2713 371 El’lSCUl‘l
3544 328 3622 380 sit

446 458 531 503 sit.
562 451 696 517 Quid
732 449 941 519 prodest
974 444 1111 513 quod
1141 441 1334 509 affligis
1366 456 1563 508 eorpus
1597 449 1779 505 tuum,
1802 437 2015 506 quando
2046 442 2089 496 Α

449 542 576 596 nihil
610 543 814 608 proiicit
840 554 937 591 cor
961 533 1148 588 tuum?
1185 532 1343 585 Valde
1367 532 1497 584 dura
1526 539 1579 583 et
1606 530 1762 583 nimis
1793 528 2021 582 dolenda

448 632 685 687 venditio
706 640 808 697 est,
835 627 981 681 omni
1007 625 1303 679 intentione
1332 623 1564 677 studium
1597 621 1792 675 laboris
1818 620 2025 686 impen-

447 731 571 779 clere
595 762 611 790 ,
665 732 718 776 et
750 723 975 775 fructum
1020 734 1121 774 non
1163 718 1403 786 recipere
1436 724 1554 783 post
1585 714 1855 777 laborem;
1885 712 2026 779 jeju-

450 832 577 870 nare
624 826 671 867 et
720 814 961 883 vigilare,
1011 819 1066 864 et
1113 824 1290 864 mures
1330 823 1431 861 non
1482 806 1793 874 corrigere:
1824 804 1901 858 sic
1944 812 2029 856 est

449 905 720 971 qttnttimio
759 902 801 955 si
843 901 1034 971 aliquis
1073 910 1225 955 extra
1275 900 1483 950 vineam
1515 904 1607 948 ant
1641 896 1783 953 circa
1818 897 2026 947 vineam

414 1056 415 1059 η
453 998 717 1065 i-xSIirpet
744 1003 798 1047 et
823 994 986 1056 colat,
1013 991 1221 1043 vincam
1255 988 1423 1057 ipsam
1459 986 1725 1040 desertam
1763 994 1922 1052 atque
1947 983 2030 1036 in-

459 1089 658 1139 cultam
709 1085 1042 1149 derelinquat
1062 1124 1074 1143 ,
1105 1091 1164 1134 ut
1192 1080 1373 1148 spinas
1395 1093 1456 1132 ac
1484 1076 1711 1131 tribulos
1734 1075 2027 1144 germinet,

458 1196 598 1246 qum,
627 1178 907 1230 ὶιιπὶειριιιμ
929 1176 1154 1239 cultore,
1184 1171 1608 1240 jucundissintos
1637 1186 1705 1225 cx
1738 1184 1797 1224 se
1826 1168 2031 1223 fruetus

462 1269 702 1339 proferre
750 1266 1029 1334 potuisset.
1080 1264 1371 1332 Agnoscite
1418 1263 1633 1328 itaque,
1684 1258 2030 1321 cbarissimi,

462 1358 600 1426 quod
654 1357 719 1410 ad
768 1357 991 1409 salutem
1042 1362 1347 1423 perpetuam
1397 1351 1815 1420 conquirendum
1863 1350 2034 1403 absti-

467 1449 641 1503 nentia
687 1463 830 1515 corp:
856 1445 986 1498 ralis
1029 1446 1142 1497 ευιίι
1186 1459 1289 1496 non
1337 1442 1563 1504 suffit-it,
1610 1441 1706 1495 nisi
1744 1452 1798 1495 et
1842 1443 2035 1495 animus

466 1555 676 1609 quoque
714 1539 973 1607 jeguninm
1022 1550 1117 1604 per
1162 1533 1541 1586 abstinentiam
1589 1534 1833 1585 \‘iliul'ttttt
1877 1532 2039 1585 fuerit

468 1632 713 1682 satiatum
764 1624 945 1701 [Forte
994 1622 1299 1695 sociatum].
1345 1624 1481 1692 Quid
1524 1624 1859 1691 cnimjuwt,
1902 1622 2039 1677 sisit

465 1721 727 1790 quispiam
770 1732 999 1787 ent-pore
1041 1725 1244 1777 castus,
1275 1728 1325 1768 et
1358 1726 1537 1768 tuente
1569 1714 1837 1781 pollutus?
1868 1715 2035 1778 Qui-nt

2718 431 2998 485 ιιυιιιιιιι.
3048 432 3109 485 ν.

2717 528 2795 581 Ad
2824 529 3118 581 monachos.

2196 623 2411 677 Scimus
2434 618 2649 688 quidem
2689 618 2917 684 spiritali
2948 616 3153 671 militia:
3176 616 3259 671 cui
3291 632 3380 673 nos
3413 620 3631 690 mancipat.

2126 713 2321 775 vitnus,
2354 725 2605 780 magnam
2636 723 2757 762 esse
2785 708 2838 761 in
2871 707 3108 761 futurum
3139 708 3409 778 repositam
3436 727 3635 767 remune-

2128 805 2406 859 rationem.
2445 801 2550 856 Sed
2574 802 2617 855 si
2646 802 2783 854 bene
2808 799 3158 867 respiciamus
3182 800 3231 853 in
3262 799 3359 855 hoc
3382 800 3483 869 ipso
3506 818 3636 872 opere

2128 897 2270 966 quod
2303 911 2523 963 agamus
2546 891 2733 965 [Forte
2763 890 3017 962 agimus],
3047 890 3421 960 quodammodo
3442 895 3573 949 etiam
3596 896 3635 948 iu

2133 989 2544 1059 przcsentiarnm
2595 994 2801 1053 partem
2840 984 3045 1053 prmmii
3080 982 3425 1052 possidemus;
3449 986 3640 1055 etplane

2134 1097 2358 1150 magnus
2404 1081 2530 1133 vitae
2581 1079 2788 1132 fructus
2828 1086 2933 1141 est,
2982 1076 3235 1129 sarculum
3261 1079 3476 1147 potuisse
3498 1076 3640 1147 despi-

2132 1186 2277 1236 cere,
2308 1180 2363 1225 et
2390 1170 2500 1224 Deo
2527 1172 2730 1223 servire
2747 1168 3011 1236 crepisse;
3038 1169 3272 1221 evasisse
3293 1169 3512 1222 vitiorum
3536 1169 3642 1221 inle-

2136 1264 2451 1319 licissimmn
2502 1262 2863 1327 dominatum,
2902 1268 2958 1315 et
2982 1259 3179 1328 fugisse
3207 1260 3335 1329 gula:
3360 1269 3498 1326 atque
3522 1260 3643 1312 luxu-

2136 1357 2233 1411 τίω
2272 1355 2622 1410 fmdissimam
2644 1355 2989 1408 servitutem.
3020 1352 3156 1418 Quid
3184 1351 3338 1418 ergo?
3381 1350 3543 1405 Nonne
3562 1350 3644 1418 jam

2138 1463 2329 1518 magna
2359 1461 2485 1517 pars
2534 1444 2737 1514 pr.emii
2767 1454 2849 1498 est
2886 1444 3021 1497 nihil
3051 1444 3244 1497 habere
3278 1457 3530 1497 commune
3553 1456 3645 1495 cum

2139 1539 2357 1601 tnundo,
2392 1552 2647 1591 vanarum
2675 1552 2856 1589 rerum
2879 1533 3368 1603 cupidtatibusnon
3385 1533 3645 1593 excruciari,

2140 1629 2440 1685 sceleribus
2489 1644 2597 1682 non
2646 1626 2973 1690 admisceri,
3024 1637 3078 1680 ct
3124 1626 3176 1680 in
3235 1625 3510 1680 innocentia
3540 1624 3646 1677 diem

2142 1723 2461 1793 transigere,
2510 1722 2678 1775 beata:
2725 1720 2954 1774 castitati
3000 1734 3219 1787 operam
3266 1718 3419 1784 dare,
3455 1717 3648 1787 gloriosae

466 1814 663 1866 malitia
692 1812 970 1877 depravat,
1002 1824 1160 1877 quem
1189 1807 1333 1860 furor
1357 1805 1646 1859 iracundia:
1679 1805 1882 1859 lacibus
1912 1820 2036 1857 exa-

2157 1815 2472 1885 iaupertatis
2504 1812 2885 1868 sufﬁcientiam
2914 1826 3038 1865 cum
3073 1811 3263 1864 timore
3308 1810 3496 1863 Domini
3523 1809 3631 1875 possi

467 1906 624 1972 gitat.
652 1918 805 1968 quem
840 1900 1085 1969 superbia
1115 1900 1256 1951 omni
1294 1898 1463 1966 gratia
1504 1898 1592 1950 Dei
1624 1898 1846 1963 spoliat,
1880 1912 2037 1962 qui-tn

468 1992 761 2047 mendaciis
790 1992 872 2044 vel
906 1989 1205 2043 maledictis
1236 1991 1409 2057 lingua
1439 1990 1826 2053 continuenlat,
1862 2005 2041 2043 nunne

468 2089 578 2154 ipse
604 2100 665 2139 se
688 2082 848 2146 fallit,
882 2096 1060 2135 nenne
1084 2081 1195 2150 ipse
1224 2095 1281 2134 se
1310 2080 1499 2132 irridet
1526 2094 1588 2133 ac
1612 2078 1833 2146 decipit,
1858 2079 1901 2131 si
1925 2095 2041 2133 cre-

466 2178 554 2229 dat
569 2176 696 2228 solis
711 2173 927 2243 jt‘juniis
944 2187 1006 2225 ac
1022 2173 1217 2241 vigiliis
1241 2170 1710 2225 sanetilicandum?
1732 2171 1795 2225 Et
1816 2169 2038 2231 ideirco,

467 2270 822 2332 dilectissimi,
859 2267 929 2320 ita
949 2280 1143 2332 corpus
1171 2278 1516 2318 exerceamus
1542 2263 1780 2331 ieiuniis,
1809 2272 1864 2316 ut
1896 2279 2045 2316 men-

471 2372 575 2414 tem
626 2371 911 2427 purgemus
953 2371 981 2408 a
1015 2356 1176 2408 vitiis.
1211 2355 1519 2426 Cogitemus
1552 2354 1694 2408 illius
1717 2353 1915 2423 judicis
1960 2355 2043 2407 in-

471 2460 745 2505 cessanter
790 2450 1096 2506 adventum.
1129 2446 1219 2516 qui
1251 2448 1455 2499 utinam
1483 2445 1562 2499 sic
1592 2460 1690 2498 nos
1715 2458 1929 2513 paratos
1959 2444 2043 2498 in-

472 2543 673 2605 veniat,
705 2539 972 2609 quomodo
1001 2552 1159 2591 nemo
1192 2545 1367 2605 potest
1390 2536 1638 2589 dubitare
1668 2534 1811 2603 quod
1849 2535 2044 2590 veniat.

472 2633 624 2701 Quod
672 2633 716 2686 si
750 2630 991 2699 requiras
1024 2627 1293 2698 quomodo
1333 2628 1550 2681 veniat?
1590 2627 1680 2680 illo
1717 2628 1900 2693 utique
1929 2640 2049 2679 cor-

474 2742 605 2796 pore
634 2724 772 2794 quod
798 2738 893 2794 pro
939 2734 1117 2776 nostra
1144 2720 1319 2775 salute
1346 2730 1680 2787 susceptum,
1715 2734 1812 2788 pro
1844 2718 2044 2773 nostris

473 2816 787 2871 criminibus
813 2813 1106 2876 addictum,
1130 2828 1226 2880 pro
1256 2823 1437 2864 nostra
1466 2811 1800 2864 absolutione
1831 2809 2049 2863 damna-

473 2921 583 2961 tum
632 2920 683 2962 et
714 2924 810 2977 pro
859 2915 1167 2960 nostrorum
1220 2905 1500 2958 vulnerum
1547 2902 1811 2958 medicina
1866 2903 2050 2957 lancea

474 3002 745 3069 clavisque
786 2998 1053 3052 conlisum
1085 3009 1186 3051 est.
1218 2996 1395 3051 Prima
1439 2998 1583 3051 enim
1614 2998 1717 3051 erit
1743 2996 1796 3050 in
1821 3010 1943 3049 reos
1972 2996 2054 3049 in-

478 3093 757 3146 toleranda
783 3092 1048 3146 sententia
1079 3091 1498 3144 reverendarnm
1528 3090 1811 3158 praesentia
1839 3087 2053 3143 cicatri-

2141 1908 2312 1962 dere?
2344 1906 2411 1961 de
2452 1922 2554 1974 qua
2594 1906 2828 1973 loquitur
2858 1902 3131 1973 Sapientia
3159 1918 3173 1954 :
3202 1899 3381 1955 Melior
3413 1910 3477 1954 est
3510 1900 3651 1966 exigua

2143 2000 2307 2069 portio
2332 2013 2446 2050 cum
2473 1997 2650 2049 timore
2681 1994 2906 2056 Domini,
2939 2009 3093 2063 quam
3138 1991 3359 2046 thesauri
3393 1990 3545 2060 magni
3566 1989 3649 2041 sine

2141 2092 2341 2144 timore.
2385 2087 2745 2156 Intelligamus
2774 2088 2951 2154 itaque
2978 2095 3238 2154 quantum
3270 2080 3411 2135 nobis
3441 2080 3648 2133 Dominus

2147 2180 2229 2248 pia
2275 2180 2558 2234 vocatione
2586 2176 2898 2243 contulerit,
2945 2187 3318 2232 numeremus.
3346 2173 3386 2226 si
3408 2181 3653 2240 possumus,

2144 2287 2211 2327 ex
2262 2271 2352 2325 illo
2406 2280 2647 2337 tempore
2689 2282 2756 2322 ex
2813 2281 2919 2334 quo
2962 2265 3049 2320 hic
3092 2262 3397 2319 conservari
3434 2260 3655 2314 videmur.

2144 2371 2345 2429 quanta
2393 2359 2816 2416 lucrifecerimns
2864 2373 2877 2410 ;
2933 2356 3002 2411 de
3047 2357 3265 2426 quantis
3307 2350 3577 2412 fraudibus,
3610 2346 3659 2399 ds

2146 2456 2362 2525 quantis
2382 2451 2684 2518 adulteriis,
2713 2449 2937 2519 rapinis,
2962 2448 3249 2517 periuriis,
3277 2442 3542 2511 saerilegiis
3561 2440 3658 2493 libe-

2148 2547 2250 2602 rati
2293 2544 2499 2599 simus:
2533 2552 2589 2597 et
2638 2554 2767 2597 tunc
2808 2540 3109 2595 videbimus
3154 2548 3397 2608 quantum
3443 2534 3576 2590 etiam
3612 2531 3661 2583 de

2152 2634 2505 2703 prresentibns
2527 2631 2804 2687 beneficiis
2830 2631 3059 2684 Domino
3085 2629 3393 2684 debemus.
3417 2627 3467 2682 Si
3494 2638 3606 2677 nunc
3622 2620 3659 2674 in

2150 2727 2353 2783 szeeulo
2378 2740 2645 2792 essu-mus,
2671 2724 2799 2795 quid
2828 2724 2973 2778 aliud
3002 2738 3285 2793 ageremus
3304 2737 3450 2792 quam
3472 2718 3663 2774 volvere-

2152 2836 2271 2874 mur
2300 2818 2353 2874 in
2386 2818 2539 2873 malis
2570 2818 2793 2883 nostris,
2824 2829 2880 2871 et
2922 2815 3135 2869 animas
3164 2823 3369 2868 nostras
3394 2808 3659 2881 quotidianis

2153 2911 2485 2964 violaremus
2524 2906 2783 2973 maculis,
2828 2905 3160 2974 quotidianis
3187 2903 3562 2959 confoderemur
3582 2899 3665 2951 vul-

2156 3000 2413 3057 neribus?
2452 3009 2509 3056 et
2539 3001 2634 3062 ita.
2681 3009 2740 3053 ut
2783 3014 2883 3053 nec
2908 2999 3253 3054 sentiremus.
3279 2996 3438 3052 liabet
3454 2994 3573 3049 enim
3592 2990 3667 3043 hoc

2156 3091 2341 3146 infelix
2386 3088 2729 3145 consuetudo
2788 3088 3074 3158 peccandi,
3111 3098 3171 3143 nt
3212 3096 3452 3159 quantum
3493 3080 3669 3150 amplius

479 3198 620 3237 cum.
653 3182 790 3249 Quid
822 3182 978 3250 igitur
1010 3182 1101 3234 illo
1132 3193 1370 3248 tempore
1394 3180 1584 3234 facturi
1606 3196 1812 3245 stunus,
1841 3179 2053 3248 quando
2083 3184 2129 3245 C
2160 3186 2384 3253 quisque
2433 3182 2757 3252 peccaverit,
2783 3191 2932 3235 tanto
2960 3182 3139 3235 minus
3189 3190 3398 3252 peccata
3428 3178 3526 3246 ipsa
3552 3174 3668 3228 intclo

481 3284 667 3327 contra
716 3272 837 3324 illos
890 3269 1134 3324 crucifixi
1167 3270 1370 3323 flumini
1401 3271 1596 3322 livores
1634 3280 1773 3322 noue
1815 3280 2061 3336 peccato—

481 3379 600 3417 rum
637 3370 940 3415 nostrornm
982 3375 1043 3413 ae
1092 3360 1316 3414 tnaeulze
1361 3359 1640 3413 libidinum
1674 3359 2058 3428 proferemuri

486 3459 591 3507 Ant
620 3468 727 3522 quo
759 3462 912 3520 putas
942 3451 1089 3504 vultu
1119 3449 1372 3518 respiciet
1403 3449 1702 3520 redemptio
1736 3460 1914 3504 nostra
1942 3466 2059 3519 per-

484 3546 741 3601 ditionem
770 3544 1034 3599 nostram?
1059 3541 1231 3599 Tanto
1257 3542 1503 3613 graviora
1530 3555 1688 3598 erunt
1718 3543 1945 3598 humana
1970 3545 2063 3598 de-

460 3640 630 3703 ’licta,
660 3648 859 3709 quanto
879 3637 1079 3706 majora
1098 3652 1157 3691 se
1183 3637 1536 3691 ostenderunt
1563 3636 1741 3690 divina
1773 3636 2056 3690 beneficia.

487 3731 792 3786 Verendnm
830 3739 909 3784 est
938 3740 1113 3785 autem
1162 3744 1229 3784 ne
1257 3729 1399 3783 illam
1432 3744 1616 3785 vocem
1649 3728 2064 3784 resurrectionis

489 3825 719 3891 pretiosa
745 3823 917 3877 crucis
942 3822 1163 3891 vestigia
1187 3831 1569 3891 protestantem
1591 3864 1605 3888 ,
1653 3822 1813 3876 etiam
1848 3822 1897 3873 in
1923 3819 2066 3890 judi-

490 3932 575 3968 cio
605 3931 702 3969 suo
728 3914 793 3969 ad
826 3929 948 3968 vasa
974 3913 1267 3983 iniquitatis
1297 3916 1605 3983 prolaturns
1636 3921 1796 3984 atque
1825 3913 2066 3966 dicturus

489 4010 559 4064 sit
582 4024 597 4063 :
618 4007 775 4077 'fnfcr
818 4007 1035 4079 digitum
1074 4016 1219 4059 tuum
1248 4004 1370 4073 huc,
1415 4015 1461 4061 et
1490 4006 1602 4059 vide
1633 4023 1813 4060 manus
1832 4021 1988 4070 meas,
2020 4021 2068 4059 ι.

491 4099 621 4165 nﬁ'er
652 4115 860 4152 manum
889 4107 1053 4164 tuam,
1092 4107 1141 4151 et
1170 4097 1309 4151 mitte
1333 4098 1384 4150 in
1406 4096 1545 4151 latus
1570 4114 1733 4151 meum
1766 4095 1948 4168 (Jama.
1968 4112 2065 4161 xx,

491 4191 608 4256 Ἦ),
636 4198 688 4242 et
716 4198 947 4257 agnosce
973 4202 1088 4255 qum
1108 4202 1211 4258 pro
1235 4198 1285 4240 te
1307 4195 1360 4239 et
1386 4202 1413 4237 a
1446 4196 1518 4253 te,
1544 4184 1790 4255 impietas
1812 4187 2066 4253 humana,

492 4277 828 4347 pertulerim.
861 4276 953 4332 llla
985 4278 1165 4347 utique
1194 4278 1468 4331 clarorum
1509 4277 1657 4345 signa
1683 4276 1837 4330 benis
1869 4276 2066 4330 saluta-

494 4371 597 4435 ria,
627 4369 779 4425 malis
801 4368 1083 4433 terribilia,
1113 4385 1232 4439 qum
1264 4385 1432 4438 usque
1458 4367 1526 4422 ad
1579 4367 1723 4425 diem
1756 4368 1934 4437 iudicii
1965 4382 2070 4421 non

490 4454 748 4518 delentur
768 4505 783 4530 ,
812 4464 928 4518 sine
967 4462 1131 4516 dubio
1158 4461 1460 4530 objicienda
1509 4471 1830 4528 servantur;
1862 4472 1915 4517 et
1946 4461 2073 4529 quid

2162 3276 2314 3344 ligat,
2337 3283 2395 3330 et
2415 3278 2563 3329 tanto
2593 3274 2710 3343 plus
2738 3289 2859 3328 eum
2889 3290 3120 3345 peccare
3147 3275 3372 3331 delectet
3398 3291 3411 3328 :
3440 3280 3490 3325 ut
3506 3267 3671 3324 eveniat

2164 3366 2320 3433 illud,
2359 3366 2503 3436 quod
2543 3366 2806 3437 propheta
2853 3367 3233 3436 peccatoribus
3258 3367 3473 3421 clamat:
3504 3360 3601 3415 Non
3619 3366 3672 3409 at

2165 3459 2307 3515 Deus
2348 3458 2533 3530 [Forte
2560 3456 2834 3530 Dominus]
2869 3459 2922 3512 in
2970 3469 3246 3531 conspectu
3272 3461 3397 3531 ejus,
3432 3453 3673 3524 auferuntur

2156 3551 2462 3623 judiciatua
2485 3550 2667 3614 afocie
2682 3550 2842 3617 ipsius
2870 3547 2987 3619 (Ps.
3011 3564 3089 3616 ts,
3114 3550 3246 3620 23);
3279 3550 3463 3603 etenim
3508 3540 3675 3613 quando

2165 3643 2407 3712 subrepit
2459 3640 2716 3709 peccandi
2756 3640 3045 3695 delectatio
3071 3682 3086 3705 ,
3139 3644 3315 3695 statim
3356 3637 3500 3693 futuri
3535 3629 3677 3703 iudicii

2164 3732 2306 3788 diem
2346 3733 2626 3788 abscondit
2679 3732 2902 3787 oblivio.
2948 3731 3271 3787 Eetvntrario
3327 3742 3491 3784 autem
3524 3730 3678 3792 quanto

2166 3825 2393 3894 quisque
2415 3823 2696 3880 sollicitior
2722 3824 2863 3880 circa
2887 3838 2949 3878 se
2976 3823 3165 3890 fuerit,
3198 3832 3345 3878 tanto
3384 3821 3490 3891 plus
3515 3812 3677 3875 metuit.

2167 3919 2307 3974 sicut
2350 3918 2425 3973 ait
2455 3917 2773 3987 Scriptura:
2797 3916 3019 3985 Sapiens
3048 3917 3275 3971 timendo
3305 3915 3509 3969 declinat
3532 3926 3559 3962 a
3581 3904 3681 3958 malo

2161 4012 2344 4085 (Prov.
2364 4029 2476 4074 xiv.
2496 4011 2605 4082 16).
2621 4009 3218 4081 Sapiensergosemper
3256 4007 3307 4062 in
3335 3998 3683 4073 compunction‘t

2167 4110 2223 4157 et
2243 4116 2458 4171 semper
2497 4101 2549 4155 in
2577 4108 2724 4156 metu
2762 4108 2845 4156 est
2870 4117 2885 4151 :
2910 4110 2983 4166 et,
3007 4110 3063 4154 nt
3094 4102 3162 4156 de
3193 4099 3465 4170 praeteritis
3500 4088 3685 4157 suspirat

2171 4197 2345 4255 malis,
2383 4197 2453 4248 ita
2482 4194 2549 4247 de
2594 4194 2784 4248 futuris
2824 4194 3078 4263 periculis
3123 4190 3362 4263 pervigili
3392 4182 3686 4243 sollicitudine

2173 4288 2564 4345 contrenuscit.
2587 4286 2675 4353 qui
2698 4287 2766 4339 de
2795 4286 3085 4354 praeteritis
3115 4288 3304 4339 anxius
3332 4292 3429 4346 est,
3475 4279 3522 4333 id
3548 4286 3687 4329 secum

2172 4378 2370 4445 cogitat
2392 4391 2457 4430 ac
2478 4377 2729 4439 revolvit,
2755 4392 2821 4431 ne
2853 4375 2991 4429 forte
3023 4391 3213 4442 parum
3250 4368 3514 4429 dt-fleverit
3541 4373 3688 4433 prato.

2176 4468 2310 4532 rita;
2345 4483 2411 4521 ne
2440 4466 2576 4520 forte
2599 4467 2832 4519 nondum
2860 4468 3185 4522 satisfecerit
3215 4480 3310 4535 pro
3338 4458 3601 4518 innumeris
3624 4452 3691 4505 de-

468 4582 471 4587 λ
496 4566 619 4628 post
642 4558 758 4612 hinc
778 4556 1042 4628 sequitur,
1070 4555 1171 4610 nisi
1200 4555 1328 4609 illud
1357 4555 1732 4622 interpositum
1763 4555 1901 4609 inter
1923 4556 2072 4608 vivos
2107 4562 2151 4620 ι)
2180 4558 2303 4611 bitis
2332 4559 2472 4622 suis;
2506 4573 2574 4611 ne
2595 4558 2731 4611 forte
2756 4560 2926 4626 magis
2952 4559 3017 4612 ad
3042 4568 3255 4613 veteres
3280 4555 3564 4625 iniquitates
3588 4556 3689 4597 nova

495 4664 560 4701 ac
610 4658 853 4703 mortuos
892 4646 1361 4718 expavescendum
1404 4647 1592 4712 chaos,
1623 4654 1935 4717 vastumque
1962 4646 2072 4701 dis-

497 4738 703 4795 erimen
742 4739 976 4794 exclusae
1025 4753 1055 4791 a
1102 4749 1288 4791 natura
1328 4738 1616 4792 viventium
1660 4738 1897 4793 tenebrae
1925 4747 2075 4794 este~

501 4831 694 4894 riores,
746 4828 878 4883 dura
905 4830 1171 4899 separatio
1202 4844 1231 4883 a
1254 4826 1399 4883 dulci
1443 4818 1635 4884 intuitu
1660 4840 1989 4894 sanctorum,
2019 4839 2076 4885 et

488 4934 534 4975 ‘a
568 4919 831 4975 societate
861 4918 1092 4974 fidelium
1138 4915 1321 4993 [Forte
1354 4917 1610 4992 felicium]
1642 4935 1658 4975 :
1687 4930 1741 4975 et
1773 4919 2079 4976 econtrario

503 5018 644 5069 inter
682 5012 1055 5085 lacrymabiles
1095 5011 1326 5080 gemitus
1371 5009 1721 5080 planctusque
1757 5011 2073 5081 lugentium,

500 5104 790 5174 collegium
836 5102 993 5157 triste
1022 5102 1360 5168 miserorum,
1400 5109 1456 5155 et
1483 5094 1510 5156 a
1537 5103 1688 5156 beata
1719 5102 1891 5171 patria
1916 5112 2076 5156 mter-

499 5209 626 5248 num
658 5195 948 5248 teterrima:
980 5193 1153 5247 noctis
1187 5190 1439 5247 exsilium
1463 5191 1486 5244 ‘i
1509 5191 1680 5259 Quam
1722 5178 1946 5260 lugubre
1979 5191 2083 5246 erit

502 5288 701 5343 homini
754 5287 919 5341 Deum
949 5284 1153 5351 videre,
1187 5298 1240 5337 et
1282 5284 1529 5354 perdere,
1578 5296 1632 5340 et
1658 5295 1782 5340 ante
1822 5286 1975 5356 pretii
2000 5284 2082 5339 sui

501 5381 677 5445 perire
720 5376 1101 5446 conspectum!
1149 5377 1212 5429 Et
1244 5374 1387 5443 ideo,
1409 5374 1716 5430 charissimi
1742 5419 1758 5442 ,
1795 5375 1919 5441 ista,
1953 5375 2079 5430 dum

482 5480 720 5542 -tenipus
745 5477 851 5535 est,
876 5458 1628 5539 'c'ogltant'es,‘ita‘indefcsso
1656 5468 1833 5521 studio
1862 5466 2076 5523 labore-

477 5556 623 5610 "tuns
653 5599 662 5615 .
691 5562 751 5611 ut
798 5558 936 5626 quod
967 5558 1122 5612 nobis
1150 5558 1377 5614 contulit
1403 5558 1698 5629 judicatus,
1732 5560 1996 5628 integrum
2026 5559 2080 5615 in

511 5647 662 5704 nobis
682 5649 915 5705 Iitvcniat
937 5650 1294 5719 judicaturus.

2172 4649 2581 4717 superposita-it
2609 4648 2828 4703 vulnera
2851 4663 2867 4713 ;
2900 4663 2968 4703 ne
2996 4660 3165 4718 super
3202 4648 3441 4717 antiquas
3466 4636 3693 4697 conscien-

2175 4740 2264 4794 tiae
2303 4740 2540 4793 maculas
2583 4740 2820 4793 recentia
2857 4739 3032 4794 adhuc
3071 4740 3298 4793 crimina
3328 4728 3693 4804 impresserit.“

2173 4832 2608 4886 conversationis
2630 4846 2829 4886 nomen
2854 4832 2922 4885 ad
2948 4831 3432 4900 hocassumpserit,
3456 4816 3694 4892 ingratius

2176 4922 2279 4976 sub
2314 4936 2467 4976 sacra
2516 4921 2851 4991 professione
2888 4921 3249 4991 delinqueret.
3301 4914 3553 4986 Aliquanti
3585 4904 3692 4961 sufli~

2177 5028 2302 5068 cere
2348 5012 2503 5068 nobis
2557 5022 2821 5080 putamus,
2874 5014 3014 5082 quod
3043 5012 3107 5065 ad
3152 5000 3577 5066 secretnmistnd
3600 5011 3693 5053 cou-

2181 5104 2515 5165 scendimns,
2563 5103 2706 5171 quod
2761 5105 2941 5156 locum
2987 5103 3337 5170 habitumque
3387 5094 3695 5152 mutavimus.

2148 5256 2149 5263 κ
2179 5195 2323 5266 quod
2361 5196 2447 5251 hic
2478 5195 2865 5264 aliquantulum
2891 5197 3146 5261 temporis
3178 5197 3429 5251 viximus.
3454 5199 3586 5259 spem
3611 5192 3695 5233 0m-

2185 5302 2307 5341 nem
2339 5287 2392 5339 in
2435 5301 2697 5340 annorum
2729 5300 2956 5341 numero
2980 5287 3331 5341 collocantes.
3361 5284 3435 5337 Ac
3462 5281 3531 5332 sic
3557 5268 3697 5343 perni-

2185 5378 2333 5432 ciosa
2361 5378 2719 5444 nosmetipsos
2734 5378 3080 5447 persuasione
3097 5376 3369 5438 fallentes,
3401 5372 3699 5443 pntzimusnos

2187 5471 2255 5525 de
2281 5470 2530 5529 omnibus
2559 5469 2758 5524 debitis
2786 5472 3130 5538 transegisse,
3165 5477 3412 5537 putamus
3449 5458 3572 5531 quod
3596 5449 3701 5509 mala

2186 5572 2372 5617 nostra
2399 5562 2575 5629 spatio
2618 5563 2879 5632 temporis
2917 5560 3232 5617 evanuerint
3260 5569 3353 5616 :et
3403 5552 3515 5627 quia
3537 5548 3608 5603 illa
3630 5551 3702 5594 nos

2188 5655 2337 5709 obliti
2369 5668 2578 5720 sumus,
2605 5654 2876 5711 credimus
2896 5654 3036 5724 quod
3064 5652 3130 5707 de
3171 5650 3427 5706 memoria
3452 5643 3621 5698 divina‘

2194 5750 2433 5804 veritatis
2483 5750 2660 5814 elapsa
2717 5751 2842 5804 sint.
2894 5748 2998 5802 Sed
3040 5761 3143 5802 non
3193 5746 3263 5799 ita
3294 5732 3581 5797 est.0nuti:t
3601 5721 3702 5788 ινα(
