3932 6170
348 278 453 333 M5

1819 268 2144 326 llOMileE.

3520 278 3623 335 856

345 393 493 444 illum
538 390 785 451 collecta.
843 387 1020 443 omnia
1053 387 1192 456 apud
1229 387 1378 442 illum
1398 386 1634 456 reposita
1658 395 1820 456 atque
1846 384 1923 438 si-
1952 393 1996 444 Α
2026 382 2249 437 timebat
2294 381 2551 447 incurrit?
2580 382 2669 439 Sic
2700 397 2796 438 nos
2841 383 3050 440 etiamsi
3099 400 3287 458 magna
3335 403 3458 460 pars
3496 393 3613 448 vita:

343 492 500 551 gnata
526 491 670 534 sunt.
720 480 1015 535 Audiamus
1065 480 1189 549 quid
1218 480 1347 533 dicit
1385 478 1477 532 ille
1519 479 1608 547 qui
1659 493 1780 531 cum
1812 479 1929 544 ipso

344 574 557 626 diabolo
602 588 761 625 manu
793 572 858 625 ad
906 587 1120 624 manum
1153 571 1407 640 singulari
1441 570 1737 625 certamine
1768 569 1926 623 dimi-

343 664 518 728 c.tbat,
569 663 755 715 beatus
784 662 887 714 .Iolt
918 679 929 715 :
959 661 1194 733 Signasti
1233 660 1382 731 quasi
1414 661 1467 713 in
1497 660 1701 712 sacrulo
1723 668 1929 730 peccata

343 772 454 807 mea
511 752 632 825 (Job
684 770 794 819 xiv,
831 752 919 822 17)
945 769 959 815 ;
990 744 1066 806 'et
1104 734 1298 806 iterum
1342 753 1456 818 ipse
1504 750 1764 805 Dominus
1804 750 1923 802 ait:

346 847 535 902 Nonne
555 849 663 901 lure
690 848 905 900 tellecta
950 855 1090 911 sunt,
1133 854 1181 898 et
1204 845 1407 913 signata
1436 843 1489 896 in
1520 841 1773 895 thesauris
1804 842 1927 893 meis

342 937 528 1007 (Deut.
580 953 757 1002 χχιιι,
809 935 938 1006 3i)?
982 937 1097 990 Non
1133 944 1378 1002 putemus
1410 943 1514 986 tam
1544 932 1700 987 facile
1727 930 1926 986 remitti

343 1044 507 1098 posse
538 1030 713 1083 inusta
743 1029 907 1083 semel
938 1028 1189 1092 crimina,
1241 1035 1291 1082 et
1325 1024 1589 1095 profundo
1621 1025 1839 1079 vulnere
1874 1024 1925 1075 in

343 1121 540 1175 anima:
577 1120 746 1188 ipsius
776 1121 1037 1191 impressa
1092 1118 1413 1173 visceribus.
1466 1116 1631 1170 Multo
1661 1130 1796 1182 opus
1844 1123 1928 1168 est

344 1214 497 1272 ﬁetu.
532 1214 701 1267 multo
731 1213 965 1281 gemitu.
1016 1212 1184 1265 multo
1211 1211 1400 1265 dolore
1427 1209 1603 1264 cordis
1631 1208 1697 1263 ad
1733 1222 1927 1263 sanat:-

345 1305 445 1355 dos
500 1303 667 1368 ipsius
717 1300 898 1354 cordis
938 1299 1174 1355 dolores.
1223 1301 1355 1353 Tota
1390 1299 1805 1353 inctttnbendum
1846 1307 1926 1352 est

342 1393 571 1460 spiritus
608 1390 952 1453 contritione,
1007 1398 1067 1443 ut
1112 1402 1316 1442 vetusut
1370 1388 1507 1441 mula
1540 1399 1811 1455 tamquam
1842 1401 1924 1440 sa-

342 1483 493 1549 gitta!
522 1482 767 1551 quaedam
797 1484 865 1537 de
890 1482 1217 1536 conscientia
1250 1480 1607 1535 debellentur.
1635 1478 1748 1532 Non
1781 1478 1924 1532 snrli-

342 1575 421 1627 cit
466 1575 691 1627 summis
741 1573 893 1629 labiis
920 1574 1139 1629 dicere:
1173 1572 1391 1627 Peccavi
1419 1615 1433 1639 ,
1479 1586 1655 1642 parce,
1686 1570 1922 1625 remitte.

347 1666 416 1719 Et
439 1666 564 1721 Saul
593 1666 827 1729 dicebat,
853 1666 1054 1732 peccavi
1080 1664 1121 1739 (l
1162 1666 1288 1735 Reg.
1321 1680 1469 1727 xxvt,
1516 1663 1608 1734 ‘21)
1651 1680 1665 1717 :
1693 1663 1789 1717 sed
1818 1679 1922 1716 non

2035 475 2192 529 iStius
2235 489 2490 543 prospere
2519 475 2765 530 videatur
2803 476 2965 532 fillSac
3004 487 3290 546 transacta,
3340 498 3444 537 non
3492 483 3619 541 ideo

2034 565 2279 620 ﬁduciam
2322 580 2733 636 prazsumamus,
2762 581 2885 622 cum
2917 568 3093 643 adhuc
3136 571 3437 638 periculum
3488 589 3617 643 pars

2030 666 2273 713 extrema
2311 659 2565 713 minetur.
2599 660 2729 728 Quis
2768 660 2820 714 in
2869 661 2984 716 acie
3024 660 3253 730 positus,
3290 674 3415 718 ante
3456 665 3615 721 ﬁnem

2029 750 2361 817 certaminis,
2395 759 2486 804 aut
2531 761 2655 806 ante
2686 751 2927 807 victoria:
2957 755 3302 811 securitatem
3339 771 3489 813 arma
3520 759 3608 815 de-

2033 842 2229 911 ponat?
2259 843 2430 897 Nemo
2477 859 2607 913 ergo
2637 860 2885 900 securum
2928 846 3126 903 debere
3154 864 3277 905 esse
3304 866 3364 906 se
3386 851 3612 922 jndicet.

2030 943 2318 1002 antequam
2357 934 2423 987 ad
2459 934 2620 990 ﬁnem
2652 935 2792 991 felici
2821 941 3283 996 consummatione
3314 945 3613 1013 perveniat.

2030 1022 2139 1077 Nec
2165 1025 2264 1077 ltoc
2288 1025 2440 1078 nobis
2464 1026 2717 1082 sufﬁcere
2746 1038 2993 1096 putemus
3013 1031 3079 1084 ad
3112 1032 3330 1101 plenam
3358 1037 3612 1096 salutem.

2031 1116 2172 1184 quod
2208 1117 2348 1172 inter
2374 1133 2562 1173 servos
2594 1120 2688 1175 Dei
2719 1121 2805 1175 vel
2830 1120 3161 1181 habitatione
3185 1140 3495 1196 censemur,
3531 1130 3614 1183 ιρι

2031 1208 2250 1262 nomine
2278 1219 2686 1278 computamur:
2730 1211 2873 1281 quod
2907 1214 2959 1267 itt
3006 1214 3181 1271 insula
3207 1215 3408 1285 vivere,
3455 1231 3617 1289 atque

2031 1297 2171 1351 inter
2192 1298 2487 1354 monachos
2519 1301 2719 1369 pollere
2741 1303 3039 1358 videamur.
3065 1305 3273 1360 Clamat
3295 1308 3438 1363 enim
3463 1313 3616 1364 nobis

2032 1388 2177 1442 Deus
2209 1399 2392 1444 noster
2421 1407 2436 1445 :
2470 1391 2593 1445 Non
2633 1410 2803 1447 omnes
2845 1396 2933 1463 qui
2971 1396 3147 1450 dicunt
3178 1397 3301 1451 mihi
3322 1415 3341 1454 ,ο
3373 1398 3613 1467 υιρηιίηρ,

2032 1479 2270 1548 Domine,
2291 1482 2549 1536 intrabunt
2578 1484 2628 1537 in
2648 1499 2861 1556 regnum
2886 1488 3127 1541 calorum
3156 1488 3370 1557 (Matth.
3392 1493 3610 1565 ωλι).

2031 1568 2141 1622 lloc
2170 1572 2367 1639 quare?
2399 1571 2533 1637 Quia
2574 1590 2675 1626 non
2706 1578 2967 1630 auditores
3004 1576 3130 1648 legis
3149 1580 3286 1648 juSIi
3319 1594 3435 1635 sunt
3478 1588 3615 1652 apud

2036 1662 2214 1726 Deum,
2245 1662 2336 1715 sed
2365 1663 2583 1733 factores
2615 1663 2741 1735 legis
2772 1668 3194 1735 justi/imitantur
3216 1668 3422 1739 (Jacob.
3448 1688 3486 1737 ι,
3513 1675 3611 1739 2‘2;

344 1755 582 1810 obtinuit
615 1757 759 1810 illam
808 1758 1015 1810 veniam
1056 1770 1213 1825 quam
1262 1755 1427 1809 David
1458 1771 1557 1810 una
1593 1754 1923 1824 pmnitentim
1962 1764 1999 1819 Β
2034 1751 2183 1805 Rom.
2215 1767 2273 1820 ιι,
2310 1754 2420 1825 15).
2455 1753 2606 1811 Unde
2646 1759 2804 1812 etiam
2846 1759 2889 1813 si
2928 1759 3065 1814 bene
3098 1761 3347 1829 viximus,
3400 1777 3613 1819 cursum

346 1862 480 1900 voce
510 1848 824 1916 promeruit.
880 1848 939 1902 Et
970 1848 1069 1901 boc
1094 1847 1303 1916 quare?
1350 1848 1482 1913 Quia
1532 1846 1924 1907 confessionem

346 1939 493 1992 illam
526 1939 661 1993 nuda
693 1940 862 2008 magis
888 1938 1050 1993 verba
1079 1955 1234 2008 quam
1258 1938 1366 1993 veri
1398 1939 1630 2008 gemitus
1660 1954 1925 2005 exprime-

345 2028 495 2081 bant.
527 2027 659 2095 Quia
681 2045 786 2082 non
814 2030 1195 2099 eompeusabat
1225 2029 1644 2099 magnitudinem
1680 2028 1926 2085 criminis

346 2120 468 2172 lmta
523 2120 821 2175 ltumiliatio
847 2120 1222 2192 supplicantis.
1256 2122 1369 2176 Non
1403 2123 1503 2176 levi
1551 2123 1817 2192 agendum
1846 2133 1929 2176 est

342 2213 702 2278 coittritione,
746 2225 802 2268 ut
838 2215 1015 2269 debita
1053 2214 1139 2268 illi
1174 2214 1507 2268 redimantur
1545 2216 1740 2284 quibus
1782 2228 1926 2269 mors

342 2312 545 2356 aeterna
571 2304 936 2369 debetur;nee
968 2305 1271 2359 Iran~iloria
1299 2322 1433 2374 opus
1456 2305 1924 2360 tists;itisl‘actione

345 2408 447 2461 pro
466 2394 733 2448 malisillis
759 2405 978 2463 propter
998 2410 1119 2465 qua:
1154 2405 1370 2463 paratus
1399 2408 1477 2448 est
1512 2395 1650 2465 ignis
1666 2405 1923 2450 aeternus.

343 2486 404 2536 Si
437 2486 675 2539 volumus
701 2485 1001 2554 intelligere
1028 2502 1185 2556 quam
1201 2502 1394 2556 graves
1424 2489 1561 2558 apud
1576 2502 1635 2542 se
1660 2487 1822 2542 faciat
1839 2488 1925 2558 ju-

343 2578 451 2633 tlcx
484 2588 666 2633 noster
697 2578 974 2634 hominum
1003 2581 1212 2649 culpas,
1243 2579 1596 2647 respiciamus
1618 2579 1682 2634 ad
1718 2595 1924 2650 patrias.

342 2670 614 2735 Quantum
638 2654 785 2724 enim
811 2687 949 2727 nunc
972 2672 1181 2741 patiens
1210 2681 1295 2727 est
1316 2671 1457 2727 Deus
1488 2682 1673 2726 uoster
1709 2672 1761 2725 itt
1804 2686 1922 2725 sns-

345 2763 582 2818 tinendis
612 2763 820 2818 delictis
838 2766 1058 2828 nostris,
1087 2775 1192 2818 tam
1209 2779 1427 2820 severus
1441 2766 1538 2820 erit
1557 2766 1608 2820 in
1631 2764 1926 2819 discutien-

341 2854 461 2919 tlis;
480 2864 533 2908 et
552 2855 681 2909 sicut
717 2856 848 2911 ivta-s
876 2856 1147 2910 intabiletn
1168 2856 1374 2926 paravit
1396 2856 1559 2925 jttSilS
1578 2856 1825 2923 gloriam,
1856 2855 1923 2908 ita

344 2946 775 3000 inmstintv'bilem
796 2948 1001 3014 paravit
1018 2947 1273 3011 improbis
1290 2961 1523 3014 pinnam.
1557 2945 1702 3015 Ergo
1724 2945 1928 3015 suppli-

344 3040 554 3093 t-iortttn
583 3040 821 3093 acerbita
849 3055 932 3094 em
968 3042 1274 3094 econtrario
1304 3040 1371 3094 de
1412 3042 1752 3111 pratmiornm
1782 3039 1927 3110 ipso-

346 3146 469 3184 rum
498 3131 856 3201 tnagnitniline
885 3132 1217 3201 colligamus.
1243 3132 1376 3198 Quia
1402 3130 1492 3203 qui
1517 3131 1657 3186 novit
1678 3146 1926 3186 remutte-

346 3237 472 3285 rare
503 3222 712 3295 merita,
744 3222 888 3276 novit
919 3226 1109 3293 punire
1137 3222 1351 3278 delicta.
1391 3223 1754 3278 saluberrima
1794 3239 1925 3293 ergo

344 3325 453 3379 cst,
484 3329 546 3368 ac
576 3314 803 3371 multum
844 3318 1149 3369 necessaria
1194 3315 1357 3373 futuri
1383 3315 1568 3384 judicii
1601 3319 1926 3384 recordatio,

348 3406 753 3472 prattct'itorum
776 3407 1240 3473 commemoratio,
1270 3406 1351 3460 vel
1383 3405 1683 3475 deploratio
1703 3406 1929 3461 delicto-

350 3513 495 3551 rum.
528 3496 679 3564 Quod
710 3497 755 3551 si
787 3496 907 3568 quis
942 3506 1026 3552 est
1054 3498 1144 3567 qui
1176 3497 1275 3551 sibi
1317 3499 1383 3552 de
1429 3500 1715 3569 prteteritis
1747 3500 1927 3555 illmszc

349 3589 477 3641 vita:
528 3589 732 3644 meritis
776 3589 1102 3654 blandiatur,
1152 3598 1206 3643 et
1253 3588 1431 3644 adhuc
1484 3591 1822 3646 innocentem
1869 3606 1929 3647 se

349 3681 613 3735 transisse
643 3690 786 3750 putet
816 3681 881 3737 ad
909 3682 1124 3738 Damini
1143 3684 1483 3750 servitutem,
1507 3695 1564 3739 et
1591 3684 1713 3741 ideo
1733 3700 1792 3741 se
1809 3700 1929 3740 cre-

346 3772 491 3825 didit
532 3772 730 3827 debere
765 3789 884 3828 esse
914 3788 1183 3842 securum,
1218 3775 1315 3829 iste
1344 3774 1460 3829 talis
1484 3776 1736 3846 respiciat
1762 3766 1928 3848 quam

350 3864 541 3918 incerti
570 3875 621 3919 et
642 3880 801 3936 quam
826 3865 1014 3922 lubrici
1043 3866 1153 3921 sint
1182 3866 1357 3922 exi‘us
1383 3870 1527 3932 vitm,
1560 3867 1628 3922 de
1657 3883 1762 3938 qua
1798 3869 1924 3924 dici-

352 3966 475 4010 tur:
503 3955 583 4010 Ne
602 3956 889 4011 laudaveris
919 3957 1170 4011 hominem
1195 3958 1245 4010 in
1269 3959 1371 4011 vita
1391 3975 1485 4011 sua
1509 3956 1700 4031 (Eccli.
1722 3974 1794 4024 xl,
1814 3961 1927 4029 '50),

354 4064 414 4104 et
440 4065 558 4103 cum
590 4049 692 4106 ltnc
715 4051 984 4121 prospexit
1009 4048 1190 4123 [Forte
1212 4048 1594 4123 prospexerit],
1628 4051 1836 4108 etiamsi
1863 4053 1931 4108 de

351 4141 633 4209 prmterito
655 4148 805 4209 putat
825 4154 882 4195 se
905 4156 1009 4197 non
1033 4139 1233 4195 habere
1260 4140 1400 4211 quod
1430 4140 1630 4212 lugeat,
1656 4141 1723 4197 de
1754 4141 1931 4197 futuro

353 4232 594 4285 inveniet
624 4231 821 4307 habere
851 4234 993 4300 quod
1042 4234 1247 4287 timeat.
1277 4231 1445 4287 Nemo
1475 4248 1602 4303 ergo
1643 4234 1710 4288 de
1743 4244 1930 4302 przete-

355 4323 479 4377 ritis
500 4338 720 4378 securus
742 4324 836 4378 sit.
859 4323 1013 4379 Tanti
1042 4324 1215 4395 laquei
1239 4325 1437 4393 objecti
1460 4332 1586 4380 sunt
1614 4335 1737 4379 ante
1767 4327 1884 4396 pedi
1905 4341 1932 4381 s

350 4413 549 4468 anima:
595 4423 815 4481 uestra),
861 4424 966 4470 tam
1014 4415 1281 4485 innumeri
1318 4417 1499 4470 hostes
1543 4415 1835 4473 observant
1878 4429 1933 4476 et

2032 1855 2273 1899 nostrum
2298 1846 2592 1901 stabilitate
2614 1860 2661 1901 et
2684 1851 3091 1917 perseverantia
3118 1853 3501 1910 commendare
3521 1856 3613 1912 de-

2032 1937 2240 1999 bemus.
2265 1938 2317 1992 in
2342 1939 2460 1993 loco
2488 1941 2788 1996 vocationis
2812 1954 3010 1998 nostra:
3041 1944 3379 2013 persi-tendo
3407 1957 3461 2003 et
3492 1963 3614 2016 pro-

2032 2029 2280 2084 ﬁciendo.
2324 2030 2457 2085 Vere
2503 2032 2646 2095 dico,
2680 2035 2888 2089 etiamsi
2940 2037 3026 2090 ltic
3056 2036 3241 2105 viginti
3274 2046 3367 2095 aut
3398 2039 3611 2111 triginta

2029 2135 2200 2174 annos
2225 2121 2450 2175 Domino
2482 2123 2955 2192 impendisscmns,
2989 2125 3077 2180 cui
3107 2126 3292 2196 utique
3318 2137 3490 2184 totum
3520 2146 3614 2184 no-

2029 2210 2229 2266 scimus
2261 2210 2367 2286 [ΑΙ.
2404 2229 2500 2267 nos
2529 2213 2772 2285 scimus],
2807 2214 3006 2270 debere
3034 2217 3176 2286 quod
3211 2218 3455 2284 vivimus,
3480 2228 3534 2275 et
3558 2229 3614 2276 ut

2029 2304 2160 2359 satis
2189 2320 2386 2359 annum
2425 2322 2586 2359 nnttm
2625 2321 2905 2375 ag-‘retntts
2940 2308 2991 2361 itt
3041 2309 3262 2376 sa'culo,
3317 2308 3609 2366 inaestima-

2031 2394 2139 2450 bile
2168 2408 2333 2459 esset,
2363 2407 2618 2466 qnantnm
2641 2412 2737 2450 nos
2764 2395 2831 2452 de
2850 2405 3065 2452 mternze
3091 2400 3214 2454 vitae
3235 2399 3448 2470 gaudiis
3472 2399 3617 2475 [rau-

2029 2485 2302 2542 daremus.
2330 2487 2461 2555 Quia
2487 2503 2610 2558 spes
2634 2497 2833 2543 nostra:
2856 2505 3045 2545 omnes
3065 2490 3115 2545 in
3145 2493 3615 2547 consummationis

2028 2588 2190 2649 atque
2243 2582 2295 2633 in
2348 2580 2451 2636 ﬁne
2498 2579 2820 2636 CODSialUﬂL
2869 2580 3006 2649 Quid
3057 2580 3185 2637 mihi
3231 2594 3455 2654 prosunt
3506 2585 3613 2657 [ΑΙ.

2029 2669 2315 2743 proderit],
2365 2672 2407 2725 si
2460 2671 2588 2726 mibi
2641 2682 2755 2726 sata
2810 2671 3091 2727 viridantia
3141 2674 3194 2728 in
3234 2673 3416 2729 ltcrbis
3465 2691 3614 2745 spent

2030 2765 2221 2816 meSsis
2249 2762 2557 2827 Oall’lidanl,
2590 2772 2642 2819 ct
2673 2777 2759 2818 me
2786 2763 2885 2817 sub
2912 2763 3026 2832 ipso
3057 2763 3210 2822 falcis
3239 2774 3480 2835 tempore
3527 2782 3614 2820 su-

2031 2852 2135 2905 bita
2160 2852 2246 2907 vel
2273 2854 2414 2908 aeris
2446 2852 2789 2922 intemperie,
2814 2856 2898 2909 vel
2932 2854 3232 2923 pluviarum
3264 2854 3615 2913 inundatione

2029 2942 2340 3013 decipiant?
2362 2944 2497 3010 Quid
2531 2944 2659 2999 mibi
2692 2944 2954 3015 proderit,
2976 2944 3021 3001 si
3044 2947 3195 3002 vinea
3227 2963 3376 3018 spem
3402 2965 3615 3004 omnem

2029 3034 2081 3090 in
2125 3035 2257 3091 ﬂore
2288 3036 2583 3107 promittat,
2616 3046 2671 3092 et
2712 3036 2797 3092 vel
2826 3036 3061 3094 ferarum
3103 3038 3357 3107 incursio,
3398 3040 3485 3095 vel
3524 3058 3614 3095 va-

1953 3139 2000 3204 ς
2031 3128 2184 3183 stitas
2226 3128 2503 3198 grandinis
2547 3143 2696 3205 spem
2726 3143 2940 3207 omnem
2983 3129 3035 3183 in
3092 3133 3612 3187 consummationem

2031 3219 2328 3274 subducat?
2352 3219 2585 3291 Ideoque
2614 3219 2789 3276 omnis
2823 3220 3174 3291 prosperitas,
3209 3237 3295 3273 om
3310 3222 3502 3293 nisque
3538 3224 3613 3277 la-

2030 3313 2219 3368 borum
2264 3311 2316 3366 in
2354 3311 2459 3367 ﬁne
2486 3313 2754 3391 consistit.
2795 3308 2928 3367 Cum
2961 3322 3139 3368 autem
3187 3312 3291 3367 illis
3321 3311 3611 3369 doleudnnt

2029 3407 2104 3460 sit
2150 3404 2241 3477 qui
2292 3404 2418 3460 hinc
2465 3417 2586 3475 post
2636 3407 2802 3460 multa
2854 3405 3096 3460 laborum
3145 3406 3437 3474 stipendia,
3491 3421 3614 3477 post

2030 3496 2359 3568 aliquantum
2388 3512 2652 3551 annorum
2685 3496 3007 3567 profectum,
3037 3497 3304 3568 aliquibus
3331 3497 3616 3554 desideriis

2028 3589 2437 3654 abstraltuntur,
2467 3587 2591 3657 quid
2622 3587 2689 3642 de
2720 3586 2828 3642 illis
2868 3589 2975 3643 erit
3008 3588 3099 3659 qui
3133 3588 3219 3644 bic
3248 3600 3479 3660 quatuor
3519 3606 3613 3647 aut

2030 3681 2265 3752 quinque
2292 3695 2459 3735 annos
2488 3679 2858 3749 longissimum
2904 3688 3115 3749 tempus
3143 3682 3394 3748 credunt,
3425 3692 3479 3739 et
3499 3698 3616 3739 om-

2032 3786 2153 3826 nem
2183 3772 2403 3842 reliquae
2435 3771 2561 3826 vitae
2592 3778 2820 3826 tractum
2849 3771 2900 3825 itt
2933 3771 3115 3826 saeculi
3146 3773 3385 3828 vanitate
3412 3787 3611 3829 consu-

2033 3862 2219 3916 munt?
2258 3861 2394 3916 Dum
2436 3861 2597 3917 etiam
2635 3875 2810 3916 annus
2841 3861 3020 3917 sarculi
3053 3862 3270 3919 labores
3297 3873 3513 3920 nostros
3560 3866 3612 3919 in

2031 3970 2218 4012 eremo
2262 3954 2557 4025 acquisitos
2608 3954 2678 4011 ita
2713 3955 2883 4026 possit
2931 3955 3235 4024 absumere,
3276 3959 3546 4028 quomodo
3568 3961 3614 4014 si

2033 4062 2183 4102 mare
2228 4062 2477 4117 magnum
2523 4048 2899 4118 parvissimum
2938 4048 3073 4102 intra
3114 4062 3173 4103 se
3196 4048 3427 4104 rivulum
3476 4051 3616 4105 ret-i-

2035 4137 2139 4209 piat
2170 4146 2226 4194 et
2252 4137 2561 4207 absorbeat,
2584 4149 2743 4210 atque
2771 4138 2819 4194 ei
2849 4154 2948 4195 nec
2972 4153 3169 4195 nomen
3200 4140 3486 4211 relinquat.
3512 4140 3616 4197 Ne-

2034 4231 2149 4286 scio
2176 4229 2240 4284 ad
2263 4246 2380 4300 qtre
2402 4230 2547 4286 lucra
2578 4233 2807 4285 velimus
2835 4230 2885 4284 in
2916 4231 3007 4286 illo
3035 4232 3232 4288 saeculo
3254 4233 3456 4289 vivere.
3484 4233 3613 4289 Nam

2031 4335 2155 4377 cum
2181 4321 2267 4377 hic
2289 4322 2491 4392 grande
2512 4331 2727 4391 putetur
2752 4322 3006 4376 damnum
3026 4336 3129 4378 non
3151 4322 3390 4394 quotidie
3415 4324 3613 4397 aliquid

2037 4411 2377 4482 acqtnrt,tllic
2405 4410 2626 4482 grandis
2663 4422 2899 4482 questus
2937 4425 3059 4467 esse
3090 4412 3359 4482 putandus
3393 4425 3498 4482 est,
3529 4418 3617 4472 vel

350 4507 665 4561 custodiunt
693 4508 796 4563 iter
839 4517 1104 4573 nostrum,
1151 4517 1310 4563 tanta:
1332 4508 1503 4563 fovea:
1538 4516 1593 4564 et
1623 4516 1768 4563 tanta
1802 4525 1936 4579 pra-
1959 4516 2015 4580 Ι)
2040 4502 2297 4572 acquisita
2349 4519 2454 4557 non
2512 4502 2773 4571 perdere:
2816 4502 2927 4571 ubi,
2964 4503 3198 4574 inquam,
3245 4518 3411 4577 grave
3452 4507 3620 4564 detri-

348 4607 534 4668 rupta,
566 4608 726 4653 tintac
754 4615 929 4653 rerum
953 4598 1295 4654 difﬁcultates
1323 4598 1643 4670 interjaceut
1672 4602 1811 4657 inter
1835 4616 1933 4657 nos

350 4702 406 4745 et
452 4691 608 4745 ﬁnem
640 4701 919 4756 no-trum;
953 4693 1037 4746 via
1070 4692 1201 4758 ipsa,
1230 4706 1347 4762 qua:
1372 4707 1467 4762 per
1507 4707 1565 4747 se
1595 4701 1741 4747 arcta
1772 4701 1935 4765 atque

347 4781 522 4835 ardua
553 4790 655 4851 est,
691 4783 853 4837 tantis
889 4782 1205 4853 spiritalium
1240 4781 1507 4836 latronum
1554 4782 1763 4838 insidiis
1792 4784 1935 4839 obsi-

348 4874 535 4938 detur,
568 4883 745 4931 tantos
774 4891 869 4931 nos
900 4876 1149 4947 scopulos
1182 4883 1463 4946 tantosque
1490 4875 1681 4932 ﬂuctus
1705 4879 1936 4935 transire

349 4980 581 5021 necesse
607 4976 690 5021 est
714 4976 767 5021 et
795 4965 999 5036 videre,
1033 4978 1315 5037 antequam
1342 4966 1632 5023 anchoram
1663 4979 1849 5039 aptato
1882 4962 1933 5024 iu

349 5059 537 5113 littore
563 5057 908 5124 collocemus,
941 5064 997 5113 et
1028 5066 1274 5127 putamus
1306 5072 1403 5113 nos
1433 5057 1500 5111 de
1531 5060 1817 5126 praeteritis
1839 5059 1934 5114 de-

349 5150 487 5204 bere
509 5165 627 5205 esse
655 5164 898 5216 securos,
929 5158 984 5204 et
1001 5148 1117 5204 siue
1144 5148 1451 5219 quotidiana
1477 5161 1626 5214 cura,
1659 5149 1774 5204 sine
1801 5164 1933 5221 quo-

349 5239 561 5294 tidiano
605 5240 797 5296 timore
844 5247 899 5295 et
928 5247 1161 5295 tremore
1190 5240 1330 5295 diem
1364 5250 1603 5293 nosnum
1638 5241 1936 5310 transigere

354 5330 592 5388 debere!
620 5330 749 5398 Quis
780 5330 1049 5385 transiens
1086 5346 1249 5400 super
1275 5329 1499 5399 alicujus
1527 5331 1788 5400 profunda
1838 5330 1936 5385 ﬁtt-

353 5421 515 5475 tninis
544 5437 637 5492 per
676 5421 957 5477 arctissitni
987 5421 1162 5491 pomis
1192 5423 1487 5492 angustias,
1522 5422 1737 5476 etiamsi
1766 5421 1935 5491 majo-

349 5529 468 5567 rem
493 5523 699 5583 partem
728 5513 991 5570 inoffenso
1023 5513 1373 5569 transmiserit
1397 5513 1551 5581 pede,
1580 5514 1689 5583 jam
1721 5514 1930 5584 pericu—

351 5603 462 5657 lum
484 5606 720 5660 evasisse
753 5620 813 5659 se
840 5605 1042 5669 credat,
1076 5618 1196 5659 cum
1236 5604 1287 5656 in
1320 5602 1493 5658 ultinti
1525 5606 1700 5673 pontis
1727 5605 1921 5675 spatio,

349 5692 397 5745 si
419 5695 695 5767 paululum
727 5695 1033 5751 titubaverit
1056 5708 1236 5749 casum
1273 5709 1432 5764 quem
1462 5694 1512 5748 itt
1544 5692 1720 5750 medio
1755 5699 1928 5764 Spali't

2038 4603 2274 4648 mentum
2316 4593 2573 4661 creditur,
2615 4604 2719 4648 non
2751 4593 2988 4665 quotidie
3034 4596 3314 4665 proiicere,
3370 4597 3441 4653 lbi
3491 4615 3619 4656 vero

2037 4698 2248 4739 summa
2281 4685 2347 4741 vit
2364 4692 2449 4740 tus
2478 4694 2558 4740 est
2591 4701 2696 4740 non
2742 4688 2938 4756 perire.
2974 4685 3203 4758 Ideoque
3246 4688 3291 4744 si
3334 4687 3509 4746 adhuc
3540 4697 3619 4746 te-

2040 4791 2173 4830 nucs
2200 4791 2260 4831 ac
2295 4790 2556 4846 pauperes
2599 4791 2807 4842 sumus,
2840 4775 2926 4831 hic
2956 4777 3156 4848 aliquid
3182 4781 3441 4851 consequi
3474 4781 3621 4836 labo-

2040 4882 2237 4922 remus.
2280 4867 2340 4924 Si
2373 4882 2501 4923 vero
2541 4867 2743 4939 aliquid
2794 4870 3067 4925 consecuti
3111 4884 3319 4939 sumus,
3350 4871 3438 4929 hic
3486 4874 3617 4929 illttd

2038 4972 2257 5016 set-vare
2286 4975 2555 5016 curemus.
2593 4960 2701 5014 lloc
2733 4961 2907 5016 solum
2940 4963 3094 5017 nobis
3135 4962 3191 5017 in
3235 4963 3619 5034 compendium

2040 5055 2143 5107 erit
2173 5062 2228 5108 et
2252 5052 2528 5123 gaudium,
2556 5052 2700 5123 quod
2733 5052 2820 5108 ltic
2867 5053 3093 5108 Domino
3122 5054 3437 5110 vixerimus.
3469 5054 3622 5112 Ideo-

2038 5158 2144 5212 que
2188 5143 2440 5212 quamdiu
2472 5140 2561 5197 ltic
2603 5144 2969 5211 consistimus,
3015 5145 3067 5199 in
3105 5144 3334 5199 arbitrio
3362 5154 3462 5213 est,
3493 5160 3619 5203 cum

2039 5232 2171 5288 v.-lis
2212 5233 2277 5287 ad
2307 5233 2561 5289 sacculum
2590 5234 2885 5291 declinare.
2912 5232 3045 5289 Cum
3083 5250 3210 5292 vero
3238 5234 3618 5307 declinaveris,

2036 5322 2147 5397 jam
2175 5322 2395 5381 difﬁcile
2416 5340 2479 5381 ac
2502 5338 2639 5397 pene
2669 5325 2997 5396 impossibile
3023 5326 3124 5383 erit
3158 5325 3224 5383 ad
3250 5326 3425 5384 locum
3460 5326 3620 5386 istum

2042 5417 2128 5473 vel
2160 5417 2486 5489 cogitatione
2525 5417 2817 5488 respicere.
2842 5416 2994 5483 Quod
3025 5418 3071 5473 si
3098 5417 3295 5490 aliquis
3319 5419 3442 5476 ideo
3464 5434 3621 5477 secu-

2042 5528 2159 5567 rum
2192 5524 2251 5566 se
2282 5514 2431 5582 putat
2455 5511 2522 5566 de
2550 5509 2654 5567 hoc
2684 5510 2803 5567 loco
2826 5510 3115 5582 aliquando
3141 5527 3299 5583 posse
3318 5512 3621 5582 discedere,

2039 5605 2291 5675 quoniam
2321 5604 2408 5659 Itic
2436 5603 2574 5658 bene
2613 5603 2930 5664 cucurrerit,
2972 5602 3114 5673 quod
3164 5604 3251 5661 hic
3290 5606 3514 5662 multum
3547 5606 3622 5662 la-

2039 5697 2347 5762 boraverit,
2404 5694 2489 5751 hic
2538 5694 2660 5750 talis
2710 5693 2815 5749 boc
2846 5693 2995 5765 agit,
3038 5695 3311 5767 quomodo
3339 5697 3386 5754 si
3422 5696 3623 5764 aliquis
