3932 6170
405 287 507 341 8ι7

1401 282 1457 335 s.
1503 247 1822 338 nuntiauit
1865 278 2344 337 woouuexms
2383 279 2682 335 EPISCOPI
3526 295 3607 349 tiu

402 408 684 454 oneratum
712 391 979 449 mercibus
1010 405 1197 444 navem
1227 390 1295 444 de
1343 402 1496 458 portu
1530 391 1725 448 solvat.
1769 400 1819 445 et
1853 402 1989 443 tem—
2023 391 2063 449 Α
2097 389 2302 444 Iissimo
2332 391 2450 445 sinu
2487 390 2782 459 quamlibet
2811 391 3105 461 negligens,
3147 396 3415 462 quamlibet
3436 403 3612 469 tepidus

406 480 700 562 pestutibus
733 486 932 549 trudat,
963 494 1016 538 ct
1062 485 1127 536 ad
1159 485 1408 552 scopttl»s
1436 493 1596 554 atque
1623 484 1687 538 ad
1725 500 1851 537 saxa
1893 485 1958 537 de

404 589 670 652 torqueat.
724 580 934 644 Quanto
984 577 1155 645 magis
1213 575 1391 645 itaque
1442 576 1787 637 laboramus,
1837 583 1989 627 tanto

401 672 673 726 eauti'ores
714 676 833 722 e5se
880 667 1158 719 debemus.
1197 665 1613 719 Proﬁcientibus
1660 667 1802 719 enim
1857 666 1987 718 insi-

400 764 576 818 diatur
604 760 875 823 inimicus,
907 768 956 809 et
994 756 1080 809 ubi
1115 756 1262 810 videt
1288 757 1519 824 aliquam
1549 771 1723 825 spem,
1756 755 1985 825 aliquam

399 855 644 921 gratiam,
678 854 750 907 ibi
784 864 1055 920 tamquam
1104 851 1186 903 leo
1229 834 1445 920 rugiens
1471 859 1529 904 et
1556 850 1880 903 circumiens
1919 848 1984 901 ad

398 947 765 1000 invadendum
789 945 1022 1015 pra-dam
1054 954 1199 997 totus
1225 941 1515 1007 incumbit;
1536 948 1590 994 et
1614 941 1733 994 ideo
1761 944 1881 1008 quia
1902 939 1988 993 hic

398 1038 587 1109 positis
618 1051 815 1090 nocere
844 1052 946 1087 non
974 1034 1250 1101 pravalet,
1282 1034 1397 1085 vult
1424 1033 1632 1102 aliquos
1658 1033 1834 1085 minus
1861 1046 1987 1085 cau—

398 1144 479 1183 tos
524 1142 623 1197 per
651 1128 1007 1193 cogitationes
1052 1139 1113 1177 ac
1146 1141 1239 1194 per
1279 1125 1523 1177 diversas
1557 1122 1882 1178 tentatioues
1920 1138 1983 1175 ex

399 1223 499 1277 hoc.
523 1223 641 1275 loco
664 1217 1083 1287 qntnla‘mmot'lo,
1114 1216 1263 1286 quasi
1286 1228 1437 1270 cura
1457 1225 1635 1269 castra
1666 1215 1981 1283 producere,

396 1326 448 1367 ct
478 1313 628 1383 quasi
663 1314 727 1364 de
760 1308 1116 1363 munitissima
1151 1322 1275 1361 arce
1320 1308 1613 1375 deponere,
1662 1317 1709 1359 et
1741 1321 1859 1358 cum
1892 1306 1986 1360 de-

400 1404 673 1474 puSllCl‘il,
721 1403 864 1457 velut
911 1401 977 1455 de
1020 1401 1138 1453 lﬂCt’)
1185 1402 1464 1467 superiore
1516 1395 1805 1466 confligere
1857 1417 1870 1454 :
1929 1406 1987 1451 ut

396 1499 604 1552 etiamsi
648 1510 835 1550 navem
873 1508 978 1547 non
1019 1492 1164 1545 valet
1209 1505 1471 1559 mergere,
1506 1490 1694 1544 saltem
1726 1506 1787 1543 ex
1822 1490 1984 1543 detri-

398 1592 590 1644 mentis
639 1600 689 1642 et
724 1588 955 1651 damnis,
990 1600 1108 1655 quae
1138 1583 1417 1639 abundant
1464 1584 1511 1635 in
1542 1584 1761 1647 sarculo,
1792 1580 1983 1649 jucun-

394 1686 670 1736 tlis‘simam
710 1679 944 1749 praedam
989 1676 1211 1731 referat.
1245 1674 1502 1728 [inmittet
1546 1674 1775 1744 primum
1810 1674 1985 1727 inten-

394 1778 566 1831 tiones
608 1775 868 1834 diversas,
915 1771 1282 1839 indignitates,
1316 1769 1725 1821 animositates:
1772 1777 1827 1819 ut
1856 1764 1981 1818 dum
2020 1764 2060 1821 Β
2091 1766 2215 1823 dum
2270 1782 2323 1823 et
2374 1769 2605 1823 bberum
2657 1771 2724 1821 ab
2767 1770 2882 1823 istis
2930 1771 3173 1826 minutiis
3203 1772 3621 1842 negligentiarnm:

394 1871 556 1922 homo
582 1866 724 1937 quod
757 1864 924 1917 semel
954 1862 1260 1922 destinavit,
1295 1871 1455 1925 atque
1486 1858 1536 1911 in
1580 1858 1762 1911 furore
1793 1857 1985 1911 delini-

394 1961 496 2023 vit,
528 1956 751 2026 implere
779 1951 1087 2016 contendit,
1138 1969 1167 2003 ιι
1198 1967 1242 2004 ιιι
1276 1953 1475 2019 cogitet
1502 1950 1757 2003 damnum
1801 1965 1981 2014 suum,

395 2067 497 2104 non
522 2049 773 2120 re~piciat
803 2046 866 2098 ad
899 2048 1139 2107 ruinam;
1174 2054 1226 2097 et
1256 2058 1377 2097 cum
1409 2043 1558 2096 illum
1591 2039 1703 2112 [ΑΙ.
1742 2039 1857 2112 ἰΙΙο]
1891 2041 1987 2094 de-

396 2144 659 2214 posuerit,
694 2154 817 2194 tunc
848 2142 897 2193 iu
933 2140 1101 2192 nihilo
1139 2140 1246 2205 jam
1281 2140 1455 2191 futura
1493 2138 1768 2204 pmnitudo
1801 2151 1986 2189 succe-

394 2237 492 2291 dit.
518 2230 623 2290 illic
651 2248 856 2297 sumus,
887 2242 939 2285 et
978 2232 1073 2286 toti
1109 2245 1213 2285 llOlI
1242 2245 1447 2284 sumus.
1497 2232 1603 2285 Aut
1630 2230 1771 2283 enim
1804 2229 1986 2283 cordis

394 2326 811 2395 cogitationibus
849 2322 1011 2376 variis
1060 2331 1111 2376 et
1164 2322 1426 2390 improbis
1471 2332 1635 2391 atque
1686 2321 1986 2375 inhonesﬁs

396 2420 685 2487 agitantur,
719 2428 805 2468 aut
851 2415 1130 2469 vent-natis
1162 2412 1357 2483 linguae
1399 2412 1589 2482 gladiis
1620 2413 1985 2479 vulneramur,

398 2526 493 2576 pro
522 2507 760 2563 minimis
788 2518 840 2561 et
870 2505 1204 2576 parvissimis
1232 2504 1391 2558 rebus
1421 2504 1871 2568 scandalizantes,
1906 2503 1985 2557 in-

397 2602 602 2656 terdum
634 2603 793 2654 etiam
827 2598 989 2668 (quod
1016 2594 1337 2651 monachum
1369 2612 1473 2649 non
1498 2596 1677 2665 decet)
1710 2596 1761 2650 itt
1788 2596 1912 2649 lites
1934 2606 1988 2649 et

393 2694 561 2764 iurgia
581 2690 1015 2763 prorumpentes,
1035 2689 1305 2743 interdum
1330 2687 1718 2757 professionem
1745 2697 1984 2742 no~tratn

396 2784 593 2855 regulae
625 2782 1057 2853 transgressione
1081 2781 1365 2845 violemus,
1398 2780 1597 2833 furtum
1627 2780 1824 2834 inferre
1852 2793 1988 2849 prte-

397 2877 607 2945 positis.
634 2876 798 2930 immo
830 2874 1114 2929 animabus
1147 2875 1344 2927 nostris
1371 2876 1470 2926 sub
1513 2872 1605 2927 Dei
1639 2872 1810 2927 oculis
1838 2888 1987 2927 com-

400 2969 615 3023 mittere
663 2984 767 3022 non
823 2967 1073 3020 timentes
1123 2983 1135 3018 :
1178 2965 1318 3033 quod
1368 2980 1529 3033 agere
1569 2964 1669 3019 sub
1700 2963 1986 3034 praesentia

396 3058 805 3131 prmpnsitorutu
850 3072 1119 3117 veremur,
1168 3057 1269 3110 sub
1316 3056 1411 3111 Dei
1441 3056 1615 3111 oculis
1644 3057 1986 3112 committere

396 3168 500 3203 non
535 3149 821 3213 timemus;
876 3165 979 3201 non
1012 3139 1249 3201 Contenti
1279 3164 1463 3202 sumus
1506 3152 1847 3215 necessariis,
1887 3151 1981 3204 sed
2009 3139 2054 3200 C

402 3256 619 3295 rursum
664 3255 757 3309 per
796 3239 973 3293 cordis
1014 3247 1253 3305 teporem
1279 3238 1700 3308 abundantiam,
1745 3258 1902 3310 quam
1936 3244 1986 3297 iu

397 3333 595 3387 sarculo
636 3333 1011 3402 relinquimus,
1056 3330 1449 3385 desideramus.
1502 3330 1658 3387 Unde
1706 3352 1809 3388 nou
1859 3338 1988 3389 satis

400 3428 621 3501 prodest
640 3429 779 3499 quod
802 3447 827 3480 ει
855 3427 1010 3482 nobis
1041 3428 1470 3498 qualescumque
1494 3426 1776 3485 facultates
1804 3431 1990 3486 exelu-

397 3523 590 3589 simus,
624 3522 839 3591 quando
864 3521 996 3591 ipsre
1022 3522 1071 3575 in
1107 3521 1263 3575 nobis
1293 3520 1611 3576 resederunt
1641 3523 1983 3589 cupiditates.

395 3616 522 3671 lude
554 3624 637 3671 est
663 3616 802 3685 quod
828 3616 1095 3669 interdum
1135 3613 1202 3668 de
1227 3614 1387 3668 rebus
1417 3615 1749 3683 parvissimis
1780 3614 1985 3671 excita-

396 3727 536 3778 mur,
565 3718 620 3765 et
659 3725 756 3781 pro
783 3710 968 3763 vilium
1011 3724 1191 3762 rerum
1224 3708 1467 3777 appetitu
1499 3708 1783 3763 vilissimas
1814 3708 1990 3764 inten-

398 3808 567 3859 tiones
601 3817 901 3857 movemus.
959 3802 1069 3854 lloc
1113 3799 1323 3869 quare?
1354 3799 1485 3863 Quia
1535 3799 1661 3853 licet
1704 3799 1987 3871 reliqueri-

396 3910 513 3949 mus
544 3896 596 3948 in
644 3895 803 3948 rebus
833 3893 1104 3947 exteriora
1138 3890 1301 3955 bona,
1342 3891 1517 3945 adhuc
1551 3898 1727 3944 tamen
1774 3890 1828 3944 in
1872 3906 1988 3945 cor-

399 3988 557 4041 dibus
595 3986 733 4040 mala
777 3985 1032 4039 interiora
1066 3983 1390 4047 retinemus;
1440 3990 1494 4035 et
1525 3981 1667 4035 inter
1700 3980 1819 4035 haec
1848 3997 1984 4051 quo-

396 4079 559 4137 modo
587 4078 821 4133 exsultat
848 4075 1194 4131 adversarius
1221 4084 1425 4138 uoster,
1458 4072 1673 4142 quando
1706 4090 1803 4128 nos
1839 4074 1988 4129 videt

398 4175 461 4227 ad
505 4174 608 4226 hoc
640 4173 867 4223 maxima
900 4168 1314 4235 contempsisse,
1357 4177 1416 4220 ut
1462 4163 1513 4218 in
1546 4163 1781 4220 minimis
1807 4165 1989 4221 defor-

396 4270 536 4321 mius
568 4264 942 4320 vinceremur?
966 4262 1194 4331 Ideoque
1223 4276 1285 4315 ea
1317 4274 1436 4331 qua:
1461 4256 1592 4314 l'oris
1621 4258 1799 4329 posita
1830 4268 1987 4313 erant

394 4360 660 4430 abjeeisse
698 4360 770 4413 nil
806 4344 1050 4426 prodi-st,
1081 4354 1184 4409 nisi
1215 4356 1377 4410 etiam
1402 4369 1489 4422 ea,
1511 4369 1631 4424 qua:
1654 4352 1798 4407 intus
1822 4352 1990 4422 ipsius

397 4468 590 4507 annua:
623 4450 918 4504 visceribus
965 4449 1334 4513 adhaeserunt,
1375 4446 1634 4501 radicitus
1662 4445 1985 4501 evelluntur.

398 4544 552 4599 Unde
583 4554 637 4597 et
678 4544 965 4612 Apostolus
1009 4556 1111 4592 non
1156 4539 1313 4605 dixit,
1357 4554 1544 4592 aurum
1574 4536 1657 4592 vel
1704 4506 2067 4607 argentum”

396 4636 550 4687 rudia:
576 4645 648 4688 est
676 4635 901 4685 muniunt
931 4631 1327 4697 malorum,‘sed
1367 4630 1537 4699 magis
1566 4629 1823 4683 ruoiditas
1854 4628 1988 4682 divi-

396 4741 583 4780 narum
610 4725 653 4795 (ι
696 4723 826 4776 Tim.
861 4739 933 4788 vt,
980 4723 1096 4794 10);
1137 4731 1189 4778 et
1222 4736 1326 4776 non
1352 4722 1528 4777 solum
1559 4722 1775 4787 divites,
1814 4724 1906 4777 sed
1937 4733 1990 4779 et

394 4822 479 4892 qui
511 4816 684 4897 volunt
712 4819 891 4871 divites
914 4816 1047 4885 ﬁeri,
1075 4816 1302 4869 incidere
1331 4818 1381 4868 in
1406 4814 1647 4883 laqueum
1673 4825 1722 4871 et
1744 4816 1987 4869 tentatio-

393 4933 507 4970 nem
540 4912 581 4986 (I
616 4894 760 4968 “Tim.
797 4926 868 4976 vt,
901 4908 977 4981 9).
1018 4909 1155 4981 Ergo
1192 4908 1487 4978 Apostolus
1529 4925 1637 4964 non
1668 4909 1841 4964 solum
1889 4908 1986 4965 ha-

397 5004 737 5073 bentes,‘setl
766 5004 937 5073 ipsam
986 5002 1217 5057 habendi
1251 5003 1594 5072 persequitur
1622 5002 1983 5056 voluntatem.

396 5082 630 5171 Ideoque
660 5099 791 5153 nihil
823 5096 1035 5166 proiicit
1075 5096 1235 5149 homo
1263 5094 1616 5165 relinquendo
1655 5093 1799 5164 quod
1835 5104 1987 5149 extra

398 5210 457 5247 se
483 5204 573 5248 est.
592 5191 699 5267 [ΔΙ.
725 5189 935 5262 habet],
964 5192 1053 5258 qui
1082 5189 1209 5243 vitia
1242 5190 1381 5243 intra
1412 5204 1471 5244 se
1498 5196 1666 5243 tenet.
1695 5188 1878 5258 Itaque
1910 5187 1991 5259 (ut

394 5286 551 5357 dixi),
597 5288 818 5351 fratres,
861 5284 948 5340 hic
978 5298 1185 5351 smnus,
1218 5293 1272 5337 et
1306 5284 1399 5337 toti
1430 5298 1536 5338 nou
1565 5297 1783 5349 sumus;
1818 5292 1873 5337 et
1897 5283 1986 5353 qui

396 5378 535 5434 intra
558 5395 745 5434 muros
774 5378 931 5449 positi
960 5378 1046 5433 vix
1077 5377 1407 5442 resistimus,
1435 5376 1489 5430 in
1515 5376 1719 5431 saeculo
1743 5376 1981 5444 eitpositi

396 5473 533 5542 quid.
553 5474 841 5541 iaciemus?
869 5472 1116 5542 Qualiter
1143 5478 1575 5540 starepotcruot
1597 5471 1649 5525 in
1683 5470 1869 5535 ﬂuctu,
1901 5476 1983 5523 at-

397 5578 505 5632 que
538 5562 590 5627 in
622 5566 757 5634 ipso
780 5563 1185 5618 colluctantium
1219 5570 1596 5632 tempestatum
1640 5562 1861 5632 impetu,
1892 5560 1980 5631 qui

398 5664 506 5709 tant
555 5657 791 5723 graviter
847 5655 1218 5723 periclitantur
1283 5654 1337 5709 in
1395 5653 1586 5724 portui
1640 5653 1871 5724 Ideoque
1929 5655 1982 5707 in

397 5754 652 5814 quantum
681 5760 986 5815 possumus,
1028 5746 1251 5801 stabiles
1283 5746 1470 5815 simus,
1506 5746 1558 5801 in
1594 5745 1695 5800 hoc
1724 5746 1985 5817 tranquil-

2095 497 2200 534 nou
2234 483 2283 535 in
2319 499 2542 537 vacuum
2571 486 2830 544 cucurrit,
2860 486 2950 554 qui
2978 484 3040 538 ad
3072 487 3292 555 palmam
3323 506 3610 549 congruum.

2095 575 2259 630 tinnis
2284 576 2688 644 perseverando
2721 578 3046 643 pervenerit.

2686 709 2968 766 llOlllLH
3014 710 3076 767 Vl

2688 825 2769 878 Ad
2794 826 3089 879 monac/tos.

2161 940 2239 994 'Ad
2282 941 2389 993 hoc
2431 941 2495 993 ad
2531 942 2692 994 istum
2742 926 2917 993 locum
2950 939 3313 1006 conventionis,
3357 944 3542 1010 fratres,
3572 959 3615 1003 ut

2091 1030 2317 1085 Domino
2360 1049 2429 1087 uo
2450 1044 2544 1083 .tro
2572 1044 2762 1085 vacare
2791 1032 3077 1099 possimus,
3110 1050 3216 1086 non
3244 1034 3323 1089 his
3349 1038 3489 1092 rebus
3519 1041 3614 1109 qui-

2092 1125 2188 1179 bus
2239 1134 2425 1179 nostcr
2470 1126 2767 1179 delectatur
2815 1125 3084 1179 inimicus.
3137 1127 3346 1181 Certum
3390 1132 3616 1199 estquod

2088 1219 2301 1288 quando
2329 1235 2388 1272 ca
2421 1235 2537 1289 qua:
2561 1219 2624 1271 ad
2657 1220 2912 1272 sn-eulum
2945 1219 3210 1287 pertinent
3240 1220 3517 1290 loquimur,
3544 1234 3617 1276 aut

2088 1312 2267 1365 nimiis
2295 1311 2810 1364 murtmtrationibus
2832 1320 2885 1365 et
2913 1310 3379 1365 obtrectationibus
3398 1326 3484 1366 nos
3503 1327 3619 1367 utor-

2088 1402 2299 1468 tleutus,
2337 1404 2425 1456 ille
2457 1401 2615 1456 horas
2639 1412 2855 1455 no~tras
2883 1402 2994 1455 Deo
3021 1401 3282 1467 subtrahi,
3321 1416 3367 1456 et
3398 1404 3487 1458 sibi
3514 1418 3542 1473 ς
3571 1419 3620 1457 tl-

2086 1495 2178 1546 det
2209 1495 2442 1564 atqniri.
2478 1495 2615 1561 Quid
2653 1496 2868 1563 prodest
2900 1494 3040 1564 quod
3072 1510 3169 1549 nas
3199 1496 3434 1564 pretiosis
3458 1490 3623 1565 v'giliis

2089 1584 2468 1652 laboribu~que
2518 1585 2856 1650 confit-imus,
2909 1595 2962 1641 et
3005 1603 3066 1639 ea
3117 1603 3232 1654 qua:
3259 1588 3475 1643 maxime
3506 1588 3625 1641 Deos

2088 1689 2271 1731 noster
2310 1678 2583 1731 desiderat
2628 1692 2733 1732 non
2783 1677 3078 1733 habemus?
3111 1680 3212 1734 hoc
3251 1690 3349 1745 est,
3389 1694 3475 1734 eor
3501 1696 3625 1733 unin-

2089 1874 2225 1928 quos
2251 1858 2338 1929 qui
2374 1876 2475 1912 non
2505 1859 2757 1914 observat
2786 1860 3040 1930 paulatim
3066 1861 3271 1927 deﬂuit,
3303 1873 3348 1915 et
3373 1862 3431 1913 ad
3461 1860 3625 1931 majora

2090 1952 2407 2020 prolabitur.
2444 1951 2574 2005 lllnd
2611 1967 2741 2021 (3th
2796 1954 3060 2024 imprimis
3104 1954 3305 2008 habere
3342 1954 3624 2013 Studeamus,

2089 2043 2230 2114 quod
2259 2044 2311 2097 in
2346 2043 2498 2099 nobis
2524 2045 2565 2097 D
2590 2036 2781 2097 nuituis
2808 2054 2993 2098 noster
3018 2054 3315 2110 exspectat,
3347 2044 3394 2097 id
3415 2051 3509 2107 est,
3531 2056 3629 2095 sua-

2091 2152 2207 2190 vem
2242 2137 2636 2203 benignumque
2660 2154 2988 2203 sermonem,
3025 2150 3263 2193 mentem
3296 2138 3361 2193 ab
3388 2137 3517 2191 omni
3543 2151 3631 2189 ma-

2090 2229 2308 2293 leiieto,
2339 2228 2408 2281 ab
2434 2230 2580 2282 omni
2606 2229 2807 2282 malitia
2840 2230 3086 2295 liberam,
3116 2240 3169 2284 et
3190 2218 3429 2289 tlevitatis
3450 2227 3524 2281 bis
3546 2226 3631 2293 qui-

2092 2324 2191 2377 bus
2220 2324 2451 2393 Spiritus
2490 2334 2709 2376 sauctus
2757 2323 3076 2387 oﬂcuditur,
3130 2322 3441 2385 ltumilitati,
3472 2318 3630 2388 quieti,

2090 2414 2341 2470 eharitati
2373 2430 2590 2485 operam
2616 2416 2803 2470 dantes
2826 2412 2933 2486 [ΑΙ.
2951 2414 3225 2487 dantem]:
3255 2416 3366 2468 inec
3387 2421 3499 2466 sunt
3524 2424 3634 2481 prte-

2090 2509 2243 2576 cipua
2296 2506 2583 2574 sacriﬁcia,
2638 2505 2753 2560 hmc
2804 2507 3016 2575 pinguia
3069 2505 3400 2569 holocausta,
3448 2516 3553 2571 qua:
3593 2498 3635 2552 in

2089 2607 2382 2668 conSpectu
2433 2598 2642 2651 Domini
2684 2598 2735 2651 in
2766 2598 2987 2651 odorem
3037 2598 3321 2652 suavitatis
3357 2591 3632 2653 ascendunt,

2092 2690 2195 2745 hoc
2220 2691 2382 2746 etiam
2425 2691 2659 2744 maxime
2697 2689 3030 2753 Studeamus,
3066 2700 3126 2742 ut
3164 2690 3252 2744 illa
3279 2698 3393 2758 qute
3423 2688 3470 2739 in
3496 2685 3637 2737 bono-

2091 2801 2205 2841 rem
2232 2785 2443 2839 Domini
2467 2785 2634 2838 nostri
2660 2786 2891 2851 agimus,
2913 2797 3035 2836 eum
3062 2784 3217 2837 claro
3237 2794 3451 2851 agamus
3471 2776 3633 2832 animo.

2093 2897 2214 2936 cum
2249 2877 2367 2933 lidei
2401 2878 2618 2947 gaudio,
2654 2887 2707 2932 et
2737 2892 2858 2931 cum
2890 2877 3032 2930 bono
3064 2892 3130 2931 ac
3160 2876 3365 2931 devote
3393 2866 3639 2926 Voluntatis

2091 2975 2306 3029 atl'ectu.
2327 2971 2597 3041 Quidquid
2622 2986 2751 3025 vero
2774 2969 2924 3023 inviti
2952 2979 3118 3038 atque
3140 2966 3402 3036 compulsi
3431 2960 3638 3019 iacimus,

2090 3066 2406 3121 noverimus
2438 3079 2537 3118 nos
2567 3078 2631 3117 ex
2663 3078 2728 3117 eo
2758 3078 2865 3115 non
2895 3060 3070 3116 solum
3109 3059 3314 3115 nullum
3347 3055 3532 3111 habere
3556 3048 3642 3105 ira-

2087 3168 2255 3222 ctutu,
2287 3157 2380 3213 sed
2412 3157 2703 3210 maximum
2738 3155 3014 3209 incurrere
3054 3154 3441 3208 detrimentum
3467 3164 3480 3200 :
3510 3142 3645 3199 facia-

2092 3269 2209 3305 mus
2238 3248 2469 3319 aliquem
2498 3246 2602 3320 [ΑΙ.
2632 3244 2821 3317 alicui]
2851 3248 2964 3299 viro
2996 3244 3211 3310 potenti
3240 3240 3545 3309 obsequium
3559 3232 3645 3287 sol-

2088 3361 2236 3412 vere,
2278 3343 2421 3414 quod
2476 3343 2657 3411 utique
2696 3339 3009 3407 superiores
3049 3351 3302 3408 persona:
3340 3349 3368 3389 a
3399 3327 3646 3386 clientibus

2088 3437 2197 3491 suis
2246 3445 2560 3504 exspectare
2587 3440 2988 3487 consueverunt
3014 3447 3026 3483 ε
3079 3444 3263 3485 nonne
3292 3428 3335 3481 si
3368 3439 3461 3479 nos
3489 3414 3649 3474 viderit

2090 3528 2252 3583 homo
2282 3526 2373 3582 ille
2401 3524 2645 3580 debitum
2675 3523 2779 3577 sibi
2808 3520 3046 3576 omcium
3096 3522 3270 3575 invito
3298 3526 3453 3586 atque
3476 3517 3652 3566 extorto

2089 3622 2291 3687 animo,
2324 3620 2485 3675 etiam
2511 3634 2633 3673 cum
2662 3616 2893 3686 quodam
2940 3614 3213 3670 exhibere
3242 3609 3475 3672 fastidio,
3505 3613 3656 3658 nonne

2089 3716 2260 3783 magis
2288 3713 2389 3767 sibi
2423 3712 2618 3767 factam
2661 3708 2928 3781 judicaret
2953 3707 3061 3781 [AL
3091 3703 3389 3777 iudicaret]
3420 3697 3655 3770 iujuriami

2088 3820 2139 3863 et
2180 3806 2507 3862 exhonorari
2542 3820 2602 3859 se
2630 3803 2972 3874 potiusquam
3004 3801 3188 3855 excoli
3224 3796 3659 3870 ρτοιιυιιῐῑπεοιςεί

2088 3898 2353 3967 eiusmodi
2384 3898 2675 3967 negligenti
2705 3906 2867 3965 atque
2908 3894 3175 3948 iudevoto
3221 3886 3483 3946 o‘ll‘ensam
3508 3882 3660 3955 petitis

2088 3991 2336 4048 crederet
2382 4003 2503 4043 esse
2546 3986 2888 4041 referendam
2924 3999 3084 4055 quam
3140 3981 3411 4055 gratiam?
3457 3975 3508 4033 Si
3554 3982 3660 4041 ergo

2089 4083 2269 4137 cultus
2301 4091 2458 4146 atque
2483 4079 2655 4133 honor
2683 4075 2917 4131 hominis
2946 4076 3330 4153 devotionem,
3358 4072 3531 4133 fidem,
3553 4066 3666 4120 hila-

2091 4174 2303 4229 ritatem
2339 4174 2584 4242 requirit,
2616 4171 2687 4226 ibi
2729 4170 2912 4241 utique
2939 4169 3218 4225 interdum
3272 4167 3462 4223 melior
3491 4171 3565 4219 est
3592 4159 3664 4213 ille

2091 4282 2120 4320 a
2164 4283 2271 4336 quo
2312 4266 2489 4321 cultus
2535 4266 2652 4337 ipse
2691 4263 3000 4331 exhibetur,
3024 4278 3191 4335 quam
3224 4264 3318 4319 ille
3347 4262 3438 4332 qui
3477 4255 3665 4315 colitur,

2092 4359 2185 4414 ubi
2216 4359 2419 4413 nullum
2450 4357 2679 4411 fructum
2704 4355 3019 4411 ofﬁciositas
3041 4356 3159 4425 ipsa
3189 4355 3560 4423 consequitur,
3588 4342 3665 4400 sed

2093 4449 2195 4505 hoc
2222 4451 2396 4505 solum
2429 4448 2637 4504 [ructus
2659 4455 2762 4514 est,
2794 4447 2837 4501 si
2871 4457 3148 4501 mereatur
3176 4455 3470 4515 susceptura
3492 4437 3667 4495 vocari.

2092 4544 2303 4612 Quanto
2328 4543 2497 4614 magis
2520 4558 2619 4597 nos
2647 4544 2699 4596 in
2728 4541 2937 4596 honore
2964 4541 3051 4596 Dei
3083 4540 3267 4595 noswi
3288 4540 3579 4594 observare
3598 4530 3666 4582 de-

2092 4641 2303 4704 bemus,
2330 4654 2396 4695 ue
2423 4637 2491 4691 ad
2515 4635 2772 4706 obsequia
2804 4635 2923 4704 ejus
2953 4633 3196 4689 indevoti
3224 4644 3393 4705 atque
3410 4621 3671 4696 compulsi.

2092 4732 2387 4799 netristes,
2410 4744 2477 4784 ne
2507 4728 2700 4798 ingrati
2733 4727 2991 4796 invitique
3019 4727 3335 4788 veniamus,
3392 4733 3449 4778 et
3472 4736 3570 4774 non
3600 4730 3671 4768 re-

2091 4825 2283 4891 Spicial
2313 4825 2451 4878 Deus
2474 4822 2538 4876 ad
2572 4835 2793 4876 munera
2823 4834 2944 4890 qua:
2974 4817 3278 4890 negligenti
3310 4832 3375 4872 ac
3404 4814 3491 4870 vili
3520 4810 3677 4866 animo

2091 4914 2432 4972 olferuntur‘l
2471 4910 2587 4969 Non
2631 4912 2775 4968 enim
2811 4911 3035 4977 homini,
3084 4910 3185 4964 sed
3220 4908 3300 4964 illi
3351 4910 3526 4979 potius
3561 4898 3675 4955 ﬁdes

2090 5016 2273 5062 nostra
2305 5005 2629 5063 servituram
2660 5019 2717 5058 se
2752 5018 2872 5058 esse
2913 5002 3189 5073 promisit,
3220 5002 3315 5057 cui
3360 4999 3429 5054 ad
3470 5004 3681 5052 mortem

2088 5116 2261 5173 usque
2284 5100 2515 5167 servire,
2546 5100 2630 5154 vel
2653 5100 2824 5168 ipsam
2850 5096 3183 5167 impendisse
3207 5095 3479 5154 animam,
3508 5099 3672 5157 parum

2090 5192 2253 5248 debet
2274 5190 2469 5256 videri;
2491 5188 2646 5259 cujus
2664 5203 2723 5244 se
2749 5186 3023 5258 obsequiis
3046 5197 3214 5257 atque
3232 5182 3519 5243 beneﬁciis
3535 5178 3676 5236 etiam

2091 5284 2190 5354 ipsi
2221 5284 2396 5353 angeli
2428 5281 2665 5352 impares
2697 5281 3045 5336 confitentur.
3067 5279 3162 5333 Cui
3201 5289 3543 5348 postremum
3572 5280 3674 5323 cum

2093 5385 2265 5431 totum
2295 5374 2581 5443 debeatur,
2624 5371 2755 5426 nihil
2788 5382 2965 5427 tamen
2997 5369 3165 5440 gratis
3193 5368 3459 5435 solvitur,
3487 5362 3574 5420 sed
3604 5374 3676 5414 τε·

2092 5469 2521 5524 muneratiouem
2546 5464 2697 5537 quasi
2716 5464 2832 5535 ipse
2854 5463 3090 5520 vicisSim
3133 5460 3363 5517 debitor
3386 5459 3555 5514 faetus
3576 5449 3677 5505 red-

2089 5560 2189 5625 dit,
2218 5575 2316 5631 pro
2345 5558 2685 5614 exsolutioue
2716 5555 3049 5620 debitorum,
3099 5562 3153 5607 et
3207 5567 3312 5623 pro
3343 5548 3555 5619 exiguis
3588 5545 3674 5597 ita-

2092 5650 2274 5706 meuSa
2306 5650 2574 5705 restituet.
2600 5648 2705 5703 Pro
2726 5647 2825 5703 hac
2854 5649 2995 5704 enim
3020 5646 3221 5700 misera
3252 5644 3391 5713 vita,
3419 5652 3475 5698 et
3503 5633 3676 5695 labori-

2094 5745 2192 5799 bus
2218 5753 2272 5798 et
2311 5742 2584 5796 doloribus
2618 5741 2794 5810 pleni,
2829 5741 2878 5794 iu
2912 5755 3014 5810 qua
3049 5747 3102 5793 et
3124 5750 3263 5793 usus
3299 5730 3485 5793 brevis
3509 5738 3605 5794 est,
3629 5731 3676 5778 ει
