3932 6170
375 287 470 343 851

1375 277 1431 331 S.
1476 273 1797 329 EUClIL‘llll
1840 272 2309 329 LCGDLNENSIS
2350 273 2643 329 El’ISCUPl
3500 279 3586 334 852

374 402 568 467 giinur,
600 405 855 467 quantum
888 392 1067 455 video,
1103 389 1406 443 inimicitias
1434 400 1623 441 contra
1663 396 1951 453 utruntque
1982 393 2027 446 Λ
2056 386 2186 441 dere
2217 403 2322 440 non
2357 390 2649 443 valeamus.
2683 390 2726 442 0
2756 404 2915 457 quam
2946 389 3251 461 frequenter
3278 394 3584 463 juilicationig

376 489 715 558 suscipimus.
746 486 975 539 Tantum
1006 483 1160 536 nobis
1190 482 1389 534 laboris
1416 480 1699 532 indicimus
1723 488 1949 545 propter

374 581 700 641 auiutam,et
722 576 851 629 nihil
879 574 1237 642 impendimus
1275 568 1437 624 studii
1469 572 1610 623 circa
1640 568 1810 638 ipsam
1836 568 1953 620 ani-

376 686 537 724 mant.
563 666 940 722 luterdiximus
965 664 1122 719 nobis
1143 664 1384 717 diversas
1410 662 1594 715 sseculi
1624 660 1946 728 voluptates,

376 761 547 815 varios
586 757 898 812 deliciarum
951 770 1206 823 sapores,
1255 756 1308 808 in
1347 754 1544 823 quibus
1587 764 1707 807 erat
1748 752 1951 821 aliquid

378 849 716 920 iucunditatis
744 858 905 917 atque
936 846 1273 910 dulcedinis;
1304 855 1355 898 et
1381 858 1521 898 nunc
1548 841 1820 897 abstinere
1842 858 1950 896 non

375 957 657 1010 possumus
682 955 712 994 a
738 940 1012 1009 superbia,
1050 940 1118 992 ab
1154 938 1228 992 ira
1255 979 1270 1004 ,
1312 938 1379 990 ab
1422 935 1636 990 invidia:
1675 937 1953 989 venenatis

375 1034 738 1101 passiouihus,
773 1032 823 1086 in
848 1030 1044 1102 quibus
1073 1031 1205 1084 nihil
1248 1041 1352 1093 est,
1377 1029 1478 1083 nisi
1509 1028 1763 1098 quidquid
1802 1044 1954 1082 ama-

376 1125 625 1179 ritudinis
652 1133 812 1188 atque
833 1122 1077 1177 rancoris
1101 1132 1204 1176 est.
1233 1122 1459 1190 Propter
1478 1134 1715 1174 amorem
1740 1118 1954 1172 Domini

377 1218 545 1272 nostri
575 1218 641 1270 ad
674 1216 1059 1285 relinquendos
1099 1217 1286 1268 dulces
1331 1213 1554 1267 affectus
1582 1222 1636 1267 et
1664 1212 1828 1265 chara
1877 1212 1956 1280 pi-

377 1323 547 1379 gnora
583 1307 862 1361 fortissimi
895 1307 1093 1361 fuimus
1112 1348 1127 1371 ,
1154 1305 1568 1373 iucundissimos
1591 1304 1954 1373 piissir..orum

382 1401 557 1455 vultus
582 1406 867 1469 parentum
898 1400 1047 1467 quasi
1084 1399 1385 1451 odissemus
1406 1439 1420 1463 ,
1453 1398 1521 1450 ita
1550 1398 1802 1466 fugimus.
1833 1396 1957 1450 Bel-

380 1492 488 1545 lum
518 1490 913 1562 quodainmodo
941 1492 1121 1560 pietati
1154 1491 1251 1559 ipsi
1286 1491 1594 1555 indiximus,
1637 1499 1693 1545 et
1725 1504 1865 1544 nunc
1887 1490 1957 1544 ad

380 1582 725 1637 declinandas
767 1581 1139 1652 negligentias,
1173 1580 1239 1635 ad
1278 1581 1633 1650 expugnanda
1685 1581 1954 1635 levissima

379 1675 502 1747 [ΑΙ.
544 1671 845 1744 lenissima]
872 1673 999 1727 vitia
1040 1671 1235 1727 infirmi
1279 1687 1343 1727 ac
1388 1672 1604 1726 desides
1645 1685 1855 1725 sumus.
1899 1672 1953 1726 ln

2056 478 2274 542 iii-ilum,
2325 480 2576 533 vanitatis
2613 480 2993 548 acsjactantia:
3041 484 3305 548 morbum,
3346 486 3461 541 dum
3497 509 3584 546 non

2053 569 2337 632 sentimus,
2370 570 2689 625 incurrimus
2713 574 2727 624 ε
2756 573 2927 637 Quam
2950 572 3255 643 frequenter
3281 577 3479 633 invidiae
3497 585 3586 647 spi-

2055 658 2159 710 ritu
2186 658 2485 721 adurimur,
2525 659 2607 714 vel
2636 660 2933 718 inhonestis
2961 673 3122 731 atque
3147 666 3392 722 obscenis
3412 672 3588 738 cogita~

2054 746 2289 801 tionilius
2319 748 2373 801 itt
2407 749 2524 817 ipso
2552 764 2674 803 esse
2701 751 3102 820 confundimur,
3131 765 3185 809 et
3228 758 3586 823 perceptionem

2055 837 2293 892 vulneris
2322 840 2503 894 nullus
2528 841 2775 909 sequitur
2819 857 3012 902 sensus
3053 845 3275 908 doloris.
3306 849 3442 903 nulla
3482 865 3590 904 cou-

2055 928 2202 983 tritio
2241 932 2702 999 compunctionis!
2732 933 2836 988 Sed
2876 936 3004 1004 quid
3034 952 3135 1005 ego
3167 939 3233 993 de
3276 938 3357 992 his
3395 943 3589 998 occultis

2057 1017 2267 1087 loquor,
2297 1035 2418 1091 qua
2442 1023 2753 1093 serpentino
2784 1028 3013 1094 quodam
3048 1028 3195 1095 lapsu
3221 1030 3285 1083 ad
3316 1032 3472 1099 ipsam
3499 1037 3591 1087 ani-

2056 1126 2196 1166 mam
2222 1124 2587 1181 penetrantes,
2624 1128 2895 1173 venenato
2917 1120 3130 1175 nescios
3156 1132 3209 1177 et
3231 1123 3433 1193 ignaros
3455 1126 3591 1182 dente

2056 1204 2395 1274 percutiunt?
2434 1207 2635 1275 apertis
2681 1209 2947 1263 interdum
2976 1226 3006 1265 a
3034 1212 3318 1278 nobisipsis
3350 1218 3591 1272 scandite-

2056 1312 2173 1352 rutn
2223 1298 2379 1352 bellis
2420 1299 2753 1364 collidimur,
2801 1301 3287 1357 obtrectationibus
3315 1319 3375 1358 ac
3403 1308 3592 1359 tnaielo-

2056 1392 2197 1461 quiis
2226 1391 2419 1461 lingua:
2445 1401 2667 1454 nostra-,
2701 1392 2848 1447 velut
2872 1395 3088 1462 preprio
3112 1412 3364 1450 mucrone
3387 1398 3592 1451 eoi-lodi-

2058 1500 2200 1548 mur.
2223 1500 2343 1541 cum
2377 1485 2523 1541 vitiis
2554 1486 2824 1541 interdum
2858 1487 3099 1541 etiamin
3130 1490 3434 1559 praepositos
3459 1491 3593 1543 illatis

2058 1576 2341 1640 violamur,
2372 1585 2428 1631 et
2456 1578 2507 1631 in
2554 1592 2741 1632 eorum
2773 1578 2984 1647 injuriis
3026 1578 3205 1648 ipsunt
3232 1581 3592 1648 quodammodo

2056 1666 2328 1720 Christum
2360 1667 2644 1721 Dominum
2663 1669 3087 1738 colaphizatnus,
3108 1671 3200 1740 qui
3224 1670 3356 1725 dixit
3380 1690 3392 1723 :
3418 1672 3506 1738 Qui
3526 1691 3595 1726 ros

377 1766 670 1821 abdicauda
705 1767 889 1821 seaculi
932 1767 1272 1835 jucunditate
1306 1776 1411 1819 tam
1458 1780 1649 1834 magna
1692 1766 1954 1835 prtemi~io

2059 1759 2273 1829 spernit,
2300 1775 2377 1812 nte
2400 1761 2595 1827 spernit
2626 1759 2645 1829 (
2662 1759 2788 1816 an.
2820 1775 2873 1826 x,
2908 1760 2975 1816 16
2994 1760 3047 1831 );
3076 1771 3131 1815 ct
3157 1762 3339 1817 nullus
3359 1761 3597 1823 conscien-

379 1874 519 1921 nms.
551 1870 604 1915 et
629 1873 767 1913 nunc
792 1859 1137 1924 maledicere,
1166 1859 1490 1923 obtrectare,
1524 1858 1726 1911 mereri
1768 1867 1955 1913 contra

378 1951 526 2017 vilia,
559 1950 781 2017 insurer
802 1958 857 2004 et
886 1950 937 2003 in
971 1951 1241 2003 hominem
1270 1950 1453 2017 irasci,
1498 1958 1553 2005 et
1582 1950 1955 2016 scandalizari,

381 2045 497 2096 tunc
537 2042 754 2097 vincere
785 2041 1136 2109 impossibile,
1167 2054 1230 2094 ac
1271 2054 1429 2109 supra
1476 2041 1763 2094 humanam
1797 2050 1953 2110 puta-

380 2150 500 2189 mus
522 2150 641 2190 esse
668 2135 947 2190 virtutem.
977 2134 1081 2191 Sed
1112 2134 1254 2204 quod
1282 2148 1423 2188 nunc
1451 2134 1506 2190 in
1544 2134 1843 2189 minoribus
1867 2150 1959 2190 ce-

379 2230 576 2297 dimus,
618 2243 713 2297 per
752 2229 876 2282 vitia
907 2236 1086 2281 nostra
1135 2226 1234 2295 ipsi
1274 2242 1381 2280 non
1411 2241 1748 2281 accusamus.
1781 2226 1955 2282 Doce-

386 2334 505 2372 mus
535 2319 677 2374 enim
708 2318 850 2386 quod
882 2316 1139 2385 quidquid
1177 2331 1318 2371 nunc
1347 2318 1574 2385 agimus,
1623 2332 1726 2371 non
1758 2318 1959 2387 impos-

382 2412 657 2465 sibilitatis
700 2419 803 2466 est.
838 2410 933 2464 sed
967 2411 1188 2479 teporis.
1224 2409 1478 2479 Ideoque.
1527 2409 1743 2473 fratres,
1786 2409 1960 2478 respi-

383 2504 588 2556 ciamus
618 2501 684 2554 ad
725 2500 880 2555 fidem
912 2501 1053 2555 illam
1106 2501 1479 2570 lervoremque
1520 2515 1627 2570 quo
1663 2502 1955 2565 coepimus.

385 2603 440 2647 et
466 2593 532 2648 ad
563 2591 861 2647 ornandum
891 2592 1318 2647 conversatiOnis
1357 2604 1554 2645 nostra!
1583 2606 1737 2644 usum
1768 2594 1957 2645 saltem

382 2686 451 2740 de
480 2685 790 2755 primordiis
820 2685 1016 2738 nostris
1051 2698 1324 2738 sumamus
1350 2682 1658 2752 exemplum
1685 2700 1698 2734 :
1722 2684 1767 2737 si
1811 2684 1952 2752 peri-

383 2777 624 2831 cnlos'tm
654 2785 738 2832 est
767 2791 869 2831 non
901 2775 1141 2845 quotidie
1178 2776 1380 2845 aliquid
1428 2775 1727 2838 addidisse,
1760 2786 1960 2846 quanto

386 2870 738 2939 periculosius
760 2879 841 2924 est
864 2869 1025 2924 etiam
1055 2869 1121 2921 ab
1145 2867 1311 2922 initiis
1337 2868 1665 2922 recessisse?
1695 2868 1841 2934 ()pns
1878 2876 1961 2922 est

382 2973 598 3034 ergout
640 2962 975 3033 corporalem
1027 2961 1264 3016 laborem
1310 2959 1569 3029 spiritalis
1624 2961 1850 3022 fructus,
1907 2960 1956 3013 id

2060 1849 2147 1902 tia:
2177 1851 2480 1919 scrupulus,
2513 1851 2657 1904 nulla
2685 1854 3114 1916 compunctionis
3139 1855 3400 1910 medicina
3435 1858 3596 1911 subse-

2055 1941 2255 2012 quitur.
2306 1943 2411 1999 Sed
2453 1944 2579 2013 quid
2626 1944 2677 1998 in
2721 1946 2878 2000 nobis
2922 1947 3247 2002 medicinam
3304 1950 3597 2017 paenitentia!

2055 2050 2240 2104 quaero
2265 2035 2383 2107 [ΔΙ.
2411 2037 2741 2105 poenitentiae
2768 2041 2999 2108 gemitus
3026 2039 3283 2114 quem]?
3320 2045 3504 2097 utinam
3538 2045 3598 2098 in.

2060 2125 2268 2180 terdnm
2295 2136 2419 2197 post
2459 2138 2729 2197 speratam
2754 2132 2969 2187 veniam
2996 2148 3103 2188 non
3133 2134 3473 2203 pmniteaturl
3514 2140 3599 2190 uti-

2059 2230 2180 2270 nam
2198 2232 2304 2271 non
2329 2218 2616 2286 paeniteret
2642 2221 2933 2284 humiliari.
2962 2240 3097 2293 quos
3121 2242 3233 2281 non
3256 2229 3465 2295 penitet
3484 2245 3597 2297 pra:-

2057 2307 2259 2363 veniri!
2293 2307 2636 2379 Respondeat
2676 2314 2804 2369 mihi
2848 2315 2933 2368 illa
2965 2316 3140 2371 anima
3186 2335 3305 2389 qum
3358 2333 3596 2390 peccatum

2059 2414 2213 2454 suum
2259 2402 2572 2458 confusione
2601 2406 2872 2460 mortifera
2904 2409 2953 2459 iu
2982 2420 3277 2478 conspectu
3302 2410 3505 2466 fratrmtt
3533 2415 3596 2465 s‘c

2060 2506 2354 2561 agnoscere
2383 2497 2615 2561 erubuit,
2651 2501 2917 2566 quomodo
2964 2500 3132 2555 vitare
3178 2502 3466 2566 debuisset,
3490 2506 3596 2571 quid

2061 2582 2225 2639 faciet
2263 2600 2385 2639 cum
2416 2596 2542 2642 ante
2568 2590 2800 2643 tribunal
2831 2590 3093 2656 divinum,
3124 2609 3251 2648 cum
3278 2609 3399 2649 ante
3427 2596 3527 2667 [ΑΙ.
3558 2608 3602 2649 (ιι

2058 2674 2216 2748 ante]
2245 2677 2486 2733 caelestis
2512 2678 2717 2734 militia:
2747 2682 2901 2736 fuerit
2934 2696 3258 2752 prmsentata
3296 2689 3600 2740 consessum?

2061 2766 2197 2822 Cum
2228 2769 2354 2823 hinc
2378 2780 2541 2838 atque
2573 2772 2696 2826 inde
2726 2772 2875 2841 quasi
2906 2774 3229 2842 quibusdam
3282 2777 3599 2832 veltemen'is-

2060 2856 2213 2912 simis
2259 2860 2486 2914 testibus
2520 2863 2694 2931 urgeri
2736 2866 2983 2931 eruperit,
3012 2866 3286 2923 veteribus
3310 2868 3598 2922 circumdata

2064 2950 2239 3015 malis,
2284 2966 2403 3019 quae
2436 2967 2529 3021 per
2562 2953 2872 3007 humilitatis
2899 2965 2951 3008 et
2992 2958 3419 3024 compunctionis
3458 2974 3600 3011 reme-

381 3064 486 3121 est,
508 3069 718 3110 morum
741 3054 1047 3111 emendatio
1067 3050 1602 3120 subsequatur.Vilia
1624 3066 1742 3120 quae
1763 3059 1964 3105 ntrum-
2063 3039 2208 3094 dium
2251 3057 2443 3096 curare
2488 3043 2680 3109 noluit,
2721 3044 2845 3097 dum
2898 3047 3115 3110 licebat,
3168 3064 3292 3119 quin
3341 3050 3599 3118 prtepositis

383 3162 487 3215 que
512 3146 669 3200 homi'
696 3161 780 3198 em
826 3145 1114 3214 impetunt,
1147 3143 1567 3212 uniuscujusque
1614 3143 1800 3196 labore
1842 3144 1958 3196 vin-
1982 3126 2028 3187 C
2060 3133 2427 3188 subtrahendo
2450 3147 2608 3204 atque
2633 3137 2861 3191 celando
2883 3146 3087 3193 aeterno
3118 3142 3355 3194 exanimi
3384 3154 3526 3209 atque
3550 3160 3601 3193 :e-

384 3238 551 3289 ceuda
583 3246 707 3289 sunt
747 3249 908 3304 sique
947 3234 1327 3303 expugnanda.
1360 3232 1553 3287 Parum
1600 3233 1817 3301 prodest
1843 3248 1962 3287 car-

385 3329 469 3381 nis
508 3325 783 3388 contritio,
815 3326 859 3379 si
892 3340 996 3378 non
1030 3324 1289 3379 habeatur
1329 3324 1507 3377 cordis
1550 3324 1857 3378 Sollicitudo
1906 3335 1962 3381 et

386 3420 579 3471 mentis
605 3416 849 3470 intentio.
873 3415 1023 3482 Quod
1047 3416 1089 3468 si
1114 3415 1289 3468 solum
1317 3413 1522 3468 laboret
1539 3429 1753 3482 corpus,
1779 3425 1833 3468 et
1855 3415 1957 3484 spi-

384 3522 518 3564 ritus
548 3516 734 3562 noster
764 3516 1045 3577 repugnet,
1071 3507 1199 3576 quid
1234 3506 1453 3575 prodest
1477 3508 1755 3575 passiones
1784 3507 1959 3575 impu-

382 3604 531 3669 gnari
558 3617 586 3655 a
618 3601 833 3664 famula,
864 3616 983 3667 qua:
1014 3615 1201 3669 pacem
1231 3601 1577 3653 inveniuntur
1604 3600 1806 3655 habere
1831 3615 1955 3655 cum

383 3693 634 3749 domina?
667 3693 799 3748 Nam
827 3692 996 3747 levius
1025 3699 1130 3757 est,
1161 3691 1204 3744 si
1238 3691 1506 3744 interdum
1544 3705 1672 3744 caro
1717 3691 1830 3744 sola
1860 3691 1955 3745 im-

384 3783 794 3854 pugnationibus
818 3782 1244 3851 quibuscumque
1274 3791 1523 3845 vexetur,
1570 3781 1717 3836 verbi
1747 3783 1916 3851 gratia
1938 3821 1954 3847 ,

379 3879 422 3931 ii
452 3875 879 3944 concupiscentia
922 3875 1062 3944 gulae
1102 3873 1419 3928 acluxuriae
1459 3872 1663 3929 aculeis
1694 3873 1958 3942 inquiete-

382 3980 481 4024 tur.
521 3967 662 4023 Fieri
694 3968 837 4023 enim
885 3975 1063 4035 potest
1100 3974 1161 4019 ut
1189 3965 1257 4020 ad
1285 3980 1448 4020 omne
1476 3963 1596 4037 [ΔΙ.
1632 3964 1699 4020 ad
1730 3962 1955 4035 animae]

382 4077 485 4115 non
530 4061 810 4129 perveniat
845 4059 1162 4129 periculum,
1194 4058 1242 4112 si
1271 4073 1423 4112 mens
1452 4067 1674 4128 respuat
1710 4058 1957 4129 volupta-

381 4164 509 4206 tem.
556 4151 709 4218 Quod
740 4152 786 4205 si
814 4150 1250 4218 concupiscentia
1296 4151 1499 4219 peccati
1530 4166 1710 4206 arcem
1760 4155 1956 4206 mentis

382 4243 644 4309 obtineat,
685 4241 812 4311 quid
856 4241 986 4295 mihi
1019 4240 1258 4310 prodest,
1287 4240 1333 4294 si
1371 4240 1607 4295 nondum
1656 4243 1956 4297 maculatus

386 4334 627 4389 videatur
664 4332 901 4389 exterior
928 4332 947 4405 [
970 4331 1168 4406 homo]
1193 4332 1420 4390 meliore
1445 4334 1527 4388 sui
1560 4344 1710 4403 parte
1735 4333 1956 4388 vitiata?

380 4426 432 4477 si
461 4425 601 4481 enim
628 4424 855 4480 interior
877 4427 1051 4479 victus
1070 4434 1178 4492 est,
1196 4424 1306 4495 jam
1332 4435 1555 4495 uterque
1582 4425 1826 4495 captivus
1848 4435 1947 4481 est.

376 4516 513 4585 Quid
545 4516 784 4587 prodest,
815 4517 861 4571 si
884 4526 1035 4571 extra
1060 4516 1335 4571 civitatem
1365 4532 1619 4587 geramus
1646 4517 1869 4582 bellum,
1900 4527 1954 4572 et

377 4618 519 4664 intus
550 4608 815 4677 patiamur
856 4608 1161 4664 excidium?
1202 4608 1435 4679 Ideoque
1467 4609 1512 4663 si
1542 4625 1629 4665 me
1658 4609 1728 4664 de
1760 4610 1956 4679 vigiliis

376 4710 731 4755 revertentem
759 4698 1137 4755 inobedientla:
1162 4701 1361 4768 passio,
1384 4699 1429 4754 si
1460 4701 1681 4769 spiritus
1712 4700 1952 4767 invidiae,

374 4794 419 4847 si
449 4792 786 4848 consuetudo
826 4792 1237 4845 obtrectationis
1272 4792 1537 4859 excipiat,
1582 4794 1625 4845 si
1672 4792 1739 4846 ad
1781 4801 1956 4848 trans-

371 4883 703 4953 gressionem
731 4883 927 4952 regulae
959 4884 1306 4950 praesumptio
1338 4881 1537 4937 furtiva
1575 4883 1859 4946 sollicitet,
1896 4893 1953 4939 et

372 4980 413 5030 si
455 4976 661 5032 tinnis
693 4976 883 5030 tritico
902 4973 1113 5038 miscui,
1154 4973 1298 5043 quod
1328 4974 1549 5029 videbar
1587 4990 1949 5045 congregasse

370 5070 619 5141 dispersi,
647 5084 799 5138 spem
828 5067 1021 5123 messis
1044 5067 1232 5121 avibus
1260 5067 1489 5135 terisque
1519 5066 1737 5121 donavi.
1766 5066 1844 5121 Ac
1871 5067 1952 5123 sic

372 5177 480 5214 nio
535 5171 809 5215 momento
862 5158 1101 5213 laborem
1167 5157 1336 5211 totius
1411 5158 1586 5211 noctis
1636 5156 1841 5222 effudi,
1899 5168 1954 5212 et

375 5253 515 5321 quod
567 5252 718 5325 pejus
757 5263 863 5315 est.
915 5267 1013 5306 nec
1053 5251 1306 5306 effudisse
1354 5266 1441 5305 me
1493 5252 1660 5307 sensi.
1703 5252 1826 5306 llaec
1869 5263 1953 5306 est

374 5346 516 5398 enim
548 5346 905 5413 spiritualium
954 5345 1220 5399 bonorum
1253 5341 1425 5406 ratio,
1472 5351 1530 5396 ιιι
1569 5358 1690 5396 cum
1724 5344 1850 5417 [AL
1899 5353 1955 5397 et

375 5435 535 5511 cum]
563 5454 624 5495 ea
664 5454 881 5496 summo
918 5439 1103 5493 labore
1144 5446 1357 5492 constet
1384 5439 1608 5505 acquiri,
1650 5448 1756 5492 tam
1796 5436 1954 5492 facile

375 5541 617 5599 pereant,
644 5540 705 5587 ut
728 5532 816 5588 vix
848 5533 1017 5601 possit
1043 5531 1265 5601 intelligi
1296 5540 1390 5584 :et
1423 5530 1545 5584 imle
1570 5539 1655 5584 est
1683 5530 1823 5597 quod
1855 5544 1953 5584 nos

374 5624 641 5679 interdum
666 5635 883 5681 sanctos
924 5635 1198 5694 putamus,
1231 5623 1353 5693 quia
1388 5624 1533 5677 lucra
1572 5623 1639 5677 de
1676 5623 1952 5678 laboribus

374 5719 702 5773 a-stiniamus
734 5770 737 5771 ν
771 5728 823 5773 et
849 5716 1166 5772 detrimenta
1217 5716 1601 5788 subsequentia
1645 5717 1946 5787 deprehen-

2065 3236 2221 3279 terno
2268 3227 2432 3294 judici
2493 3229 2696 3297 integra
2763 3232 3055 3285 reservavit
3104 3230 3227 3303 [ΑΙ.
3283 3235 3602 3297 reservabit].

2064 3317 2294 3387 Ideoque
2319 3319 2414 3389 qui
2434 3320 2619 3389 culpas
2648 3331 2701 3375 et
2721 3321 3094 3390 negligentias,
3124 3325 3291 3378 etiam
3314 3342 3426 3393 qua:
3456 3341 3602 3391 pariat

2058 3411 2435 3477 aestimantur,
2483 3414 2732 3481 pra-senti
2771 3413 2935 3468 deflet
2985 3424 3149 3484 atque
3198 3416 3413 3485 exponit
3454 3428 3599 3475 reatu.

2062 3504 2270 3556 noverit
2300 3518 2359 3557 se
2386 3504 2453 3557 de
2482 3504 2748 3572 supplicio
2777 3515 2986 3560 aeterno
3014 3507 3164 3560 brevi
3198 3508 3464 3563 transiisse
3488 3523 3602 3560 con:-

2061 3592 2472 3661 pendithaque
2489 3598 2534 3649 si
2559 3595 2806 3664 cupimus
2834 3606 2891 3649 ut
2918 3611 3012 3651 nos
3033 3615 3372 3668 nequaquam
3396 3600 3523 3652 fallat
3542 3604 3602 3649 at-

2059 3702 2164 3756 que
2188 3685 2418 3755 decipiat
2444 3687 2827 3743 sollicitissima
2858 3691 3036 3745 carnis
3065 3692 3303 3755 vanitas,
3333 3703 3384 3747 et
3413 3702 3603 3746 secrete

2061 3780 2466 3848 inhonestieque
2487 3781 2829 3849 cogitationis
2859 3781 3192 3847 obscenitas,
3222 3784 3395 3836 tacita:
3436 3780 3603 3835 mentis

2060 3872 2327 3941 voluptas,
2352 3872 2553 3927 incauti
2581 3873 2759 3927 cordis
2791 3873 3079 3940 impietas;
3113 3875 3267 3942 prius
3289 3890 3349 3928 ea
3380 3890 3487 3941 qua:
3512 3887 3604 3923 nia-

2060 3965 2248 4020 nifesta
2270 3976 2413 4030 sunt,
2448 3966 2497 4020 id
2524 3976 2626 4030 est,
2660 3968 2798 4035 gula:
2826 3966 3117 4036 appetitus,
3169 3968 3271 4023 ira:
3314 3977 3497 4030 metus,
3526 3979 3599 4016 su-

2060 4060 2259 4127 perbia:
2288 4060 2540 4128 impetus,
2569 4060 3028 4114 contradictiones
3065 4061 3319 4122 tumidas,
3364 4061 3605 4111 obtrecta-

2060 4151 2233 4205 tiones
2261 4153 2530 4221 improbas
2556 4168 2586 4205 a
2618 4153 2858 4206 morilms
2902 4154 3098 4208 nostris
3138 4154 3386 4208 excidere
3415 4152 3603 4205 festine-

2058 4258 2197 4297 mus.
2228 4244 2507 4311 Quomodo
2529 4244 2673 4299 enim
2701 4245 2996 4313 praevidere
3025 4246 3322 4313 poterimus
3350 4249 3397 4297 in
3424 4251 3603 4297 secreto

2060 4334 2291 4401 boatem,
2314 4335 2360 4391 si
2390 4336 2476 4390 hic
2502 4338 2670 4390 vit-ire
2698 4335 2818 4406 [ΑΙ.
2848 4337 2895 4389 si
2918 4335 3153 4407 evitare]
3187 4354 3290 4392 non
3316 4336 3605 4389 valuerimus

2057 4438 2241 4494 aperta
2262 4427 2643 4495 congressione
2661 4427 3016 4496 pugnantemt
3039 4427 3291 4498 Ideoque,
3310 4421 3602 4480 CIIJI'iSSillIi.

2061 4517 2249 4571 militia
2281 4526 2460 4571 nostra
2491 4518 2591 4572 hoc
2616 4534 2644 4570 a
2683 4518 2841 4571 nobis
2879 4518 3136 4587 requirit,
3192 4529 3248 4572 ιιι
3300 4534 3401 4571 non
3440 4525 3604 4569 contra

2059 4609 2217 4676 alios,
2251 4610 2346 4664 sed
2392 4622 2576 4664 contra
2621 4612 2981 4679 nosmetipsos
3025 4610 3267 4679 quotidie
3296 4610 3602 4665 dimicemns.

2058 4712 2111 4753 et
2142 4700 2427 4754 universos
2457 4700 2642 4755 hostes
2671 4710 2887 4755 nostros
2914 4700 2967 4754 in
2997 4700 3398 4768 nobismetipsis
3431 4698 3605 4765 jugitcr

2064 4801 2467 4861 persequentes,
2501 4793 2736 4861 palmam
2767 4792 3028 4860 spiritalis
3057 4792 3318 4862 triumphi
3348 4809 3373 4843 a
3406 4788 3605 4843 Domino

2054 4897 2449 4951 consequamur
2480 4893 2571 4938 :et
2596 4884 2818 4953 quidem
2840 4885 3101 4955 quamdiu
3123 4886 3190 4939 ad
3224 4884 3471 4941 mundum
3500 4896 3603 4947 pcr-

2058 4976 2393 5042 tincbamns,
2446 4977 2554 5031 illis
2600 4977 2808 5031 actibus
2848 4993 2911 5033 ac
2958 4978 3190 5047 negotiis
3237 4976 3519 5037 militante.
3562 4971 3603 5019 ίη

2055 5073 2247 5142 quibus
2299 5086 2439 5125 nunc
2488 5072 2882 5138 erubescimus,
2926 5080 3053 5125 tunc
3092 5069 3248 5125 nobis
3289 5066 3604 5122 adversarius

2058 5181 2161 5216 non
2185 5163 2451 5227 obstabat,
2486 5162 2651 5216 immo
2676 5164 2841 5217 etiam
2887 5162 3281 5225 coascutiebat,
3324 5160 3440 5228 quia
3480 5156 3602 5209 circa

2058 5256 2417 5310 miserabilem
2443 5265 2499 5310 et
2522 5255 2777 5324 perditam
2803 5255 2965 5309 vitam
2997 5268 3234 5311 nostrain
3261 5270 3364 5307 non
3395 5248 3605 5305 invenie-

2057 5348 2148 5401 bat
2179 5349 2231 5401 iu
2261 5362 2370 5418 quo
2395 5364 2547 5403 suam
2575 5359 2849 5403 exerceret
2880 5348 3156 5403 invidiam.
3188 5346 3519 5401 Delectabaut
3548 5338 3600 5390 il-

2059 5440 2165 5493 lum
2200 5448 2379 5494 nostra
2410 5454 2599 5509 opera,
2633 5440 2971 5496 sufﬁciebant
3001 5441 3078 5494 illi
3110 5455 3201 5510 per
3231 5454 3290 5493 se
3318 5446 3489 5490 nostra
3514 5429 3603 5484 cria

2058 5533 2222 5587 mina.
2268 5533 2398 5599 Quis
2441 5533 2585 5586 enim
2614 5532 2869 5602 suscipiat
2916 5532 3117 5588 bellum
3147 5546 3266 5586 eum
3298 5528 3459 5583 utilite
3482 5517 3603 5574 suo?

2057 5625 2189 5690 Quis
2220 5626 2348 5679 velit
2393 5625 2707 5694 impugnare
2740 5624 3039 5693 subjectum
3088 5622 3272 5680 suum?
3304 5624 3464 5687 Supra
3503 5627 3601 5666 otn«

2061 5732 2182 5771 nem
2227 5717 2595 5773 infel.citatem
2641 5728 2756 5775 erat
2806 5718 2911 5775 vita
2957 5719 3105 5775 illius
3152 5716 3231 5773 cui
3286 5726 3472 5770 nocere
3508 5721 3600 5763 non
