3932 6170
306 260 415 317 853

1778 273 2104 332 llOMllJ/E.

3480 294 3582 347 851

303 375 627 474 dignabatur
653 376 1150 437 inimicusAtvero
1172 398 1314 439 nunc
1339 392 1621 456 postquam
1648 388 1885 458 Volnpla-
1921 400 1963 452 Α
1995 391 2234 448 dicentes
2269 396 2399 450 illud
2431 416 2443 449 :
2476 396 2749 452 Pcrratum
2780 415 2941 454 meum
2976 418 3065 469 egi;
3098 421 3343 474 agnosco,
3385 417 3430 458 et
3461 409 3585 459 dcti-

304 467 451 531 tilins
497 467 641 523 illius
682 473 1130 540 renuntiavimus,
1178 474 1323 530 videt
1363 479 1603 534 cultores
1651 496 1780 534 suos
1827 482 1893 535 ad

308 558 544 615 auctoris
580 562 795 630 pristini
837 564 1041 620 redisse
1088 565 1426 633 famulatum,
1467 570 1610 625 videt
1653 572 1704 625 in
1737 572 1894 627 nobis

300 652 704 722 quodammodo
734 656 875 710 idola
918 674 1012 713 sua
1042 658 1092 713 in
1129 660 1221 715 Dei
1260 664 1458 733 templa
1502 666 1721 732 mutari,
1754 667 1895 720 fren~

302 747 461 809 dens,
490 754 545 800 et
568 754 838 816 tamquam
865 748 948 802 leo
975 750 1211 819 rugiens,
1237 766 1430 807 Omnes
1462 756 1687 810 nocendi
1717 756 1894 811 aditus

305 836 531 908 pervigil
556 838 838 894 insidiator
864 840 1109 907 explorat
1140 841 1193 913 (ι
1229 841 1365 897 Patr.
1390 846 1477 914 v),
1502 844 1682 917 dirigit
1705 858 1891 904 contra

303 946 404 983 uae
431 930 696 986 visionum
724 934 896 995 acies,
927 933 1194 991 exhibens
1223 950 1406 991 secum
1438 946 1645 1009 septem
1673 940 1900 1011 spiritus

303 1024 592 1088 nequiores
621 1038 701 1091 se,
729 1022 775 1078 si
808 1021 948 1077 forte
973 1024 1192 1080 domum
1239 1036 1479 1083 nostrain
1523 1030 1893 1100 spiritualibus

304 1116 463 1169 bonis
506 1117 743 1171 inveniat
774 1132 994 1172 vacuam
1027 1133 1091 1174 ac
1131 1130 1431 1187 vacantem,
1473 1134 1526 1177 et
1568 1139 1693 1179 cum
1726 1125 1893 1181 turbis

298 1208 417 1260 suis
442 1222 563 1261 eam
590 1210 766 1264 valeat
794 1226 1087 1278 occupare;
1124 1221 1181 1267 ut
1207 1213 1309 1268 sibi
1342 1213 1462 1288 [ΑΙ.
1490 1232 1555 1271 ac
1580 1213 1717 1291 sibi]
1742 1216 1795 1272 in
1829 1234 1891 1271 ea

301 1300 597 1365 prirmissis
630 1301 778 1355 vitiis
813 1306 967 1372 quasi
997 1304 1322 1373 quibusdam
1362 1308 1714 1362 metaturibus
1758 1325 1890 1379 prte-

302 1400 452 1454 parrt
502 1391 859 1448 mansionem.
912 1397 1085 1462 Atque
1136 1397 1291 1467 ideo,
1342 1398 1682 1469 charissimi,
1741 1404 1889 1457 mille

297 1492 488 1535 contra
522 1498 622 1537 nos
650 1486 881 1540 nocendi
908 1497 1088 1543 versat
1117 1489 1352 1559 ingenia.
1376 1490 1633 1547 iuniores
1652 1511 1893 1565 quosque

297 1572 393 1644 [At
446 1574 678 1648 quoque]
703 1588 756 1632 et
774 1576 1111 1648 insipientes,
1133 1582 1215 1636 vel
1252 1583 1520 1638 indecoris
1541 1585 1647 1658 [ΔΙ.
1675 1587 1893 1643 indede-

296 1665 541 1739 corosis]
567 1670 705 1737 gnte
737 1670 1119 1728 blandimentis
1162 1684 1411 1741 attentat,
1444 1679 1527 1731 vel
1552 1679 1752 1734 aculeis
1783 1696 1890 1734 non

1998 491 2135 535 clum
2162 502 2327 539 meum
2350 498 2530 543 contra
2558 507 2635 545 me
2660 501 2734 544 est
2766 507 2961 561 semper
2988 500 3003 558 (
3034 494 3117 547 Ps.
3153 498 3234 563 ι).
3267 496 3456 551 Scelus
3483 510 3585 558 est.

1997 577 2137 640 quod
2174 578 2444 633 interdum
2477 581 2633 635 nobis
2667 582 2801 636 levia
2831 600 2893 637 ac
2938 585 3057 637 vilia
3091 585 3214 639 iacit
3247 602 3461 654 peccata
3492 608 3586 643 tto-

1996 680 2107 725 stra
2142 671 2253 738 ipsa
2287 672 2622 726 consuetudo
2658 675 2938 739 pereundi,
2972 693 3091 729 cum
3138 689 3345 732 Certum
3387 682 3454 734 sit
3489 664 3613 734 nos.

1996 765 2133 819 sicut
2162 764 2230 819 d‘e
2264 767 2499 818 minimis
2529 765 2687 821 bonis
2715 769 2929 838 augeri,
2958 762 3025 822 ita
3052 770 3117 823 de
3143 770 3379 826 minimis
3411 776 3579 842 negli-

1994 857 2190 924 gentiis
2231 856 2428 909 debere
2469 858 2782 927 compnngi.
2834 859 2945 913 Non
2990 872 3074 916 est
3105 863 3246 918 enim
3295 867 3575 921 minimmu

1996 948 2121 1001 vitia
2164 948 2215 1000 in
2265 947 2373 1002 vita
2426 948 2702 1003 hominum
2738 950 2852 1022 [Αι.
2904 951 3043 1006 intra
3085 952 3210 1008 vitia
3262 955 3575 1028 hominum]

1997 1039 2269 1110 negligere
2301 1041 2544 1094 minima.
2581 1041 2774 1097 Nescio
2790 1042 2858 1098 de
2884 1045 3081 1112 quibus
3106 1045 3314 1101 delictis
3343 1049 3573 1104 debeant

1994 1147 2115 1187 esse
2143 1132 2343 1199 securi,
2366 1134 2527 1187 etiam
2554 1132 2621 1188 de
2652 1135 2885 1201 peccatis
2913 1136 3231 1206 ignorantia:
3273 1138 3572 1208 judicaudi,

1994 1240 2058 1279 ac
2093 1225 2361 1280 rationem
2395 1226 2462 1281 de
2492 1226 2683 1281 otiosis
2714 1229 3058 1283 sermonibus
3096 1245 3158 1284 ac
3186 1231 3252 1286 de
3290 1231 3571 1302 cogitatio-

1997 1316 2156 1372 nibus
2173 1316 2451 1371 reddituri.
2474 1315 2668 1371 Nescio
2684 1333 2804 1387 qua:
2825 1317 3056 1374 ticitezint
3073 1320 3262 1375 delicta
3283 1322 3571 1393 negligere,

1996 1407 2061 1460 de
2092 1408 2286 1478 quibus
2313 1419 2366 1461 et
2393 1408 2506 1476 ipse
2542 1407 2804 1463 Dominus
2848 1424 2967 1463 cum
3002 1410 3230 1478 quadam
3263 1412 3313 1465 d.
3334 1413 3575 1469 ﬁnitione

1995 1500 2231 1554 det-larat
2257 1516 2270 1551 :
2301 1498 2461 1553 Amm
2502 1501 2616 1552 dico
2655 1500 2814 1566 vobis,
2841 1502 2884 1554 si
2914 1501 3028 1571 quis
3058 1501 3244 1556 dimetit
3285 1504 3435 1573 fratri
3458 1522 3571 1571 sua,

1997 1590 2184 1660 Fatur,
2214 1608 2328 1645 reus
2355 1593 2450 1645 rrit
2479 1592 2609 1662 ignis
2638 1592 2864 1658 (Matth.
2897 1610 2947 1659 v,
2979 1593 3100 1664 22).
3135 1595 3264 1660 Quis
3292 1596 3433 1653 inter
3462 1599 3573 1655 ha‘c

1994 1685 2156 1738 ullam
2189 1699 2412 1753 sperare
2458 1684 2842 1753 indulgentiam
2883 1688 3099 1755 posset"
3129 1687 3229 1741 nisi
3262 1704 3418 1758 quam
3453 1708 3572 1758 pro-

297 1759 554 1815 edomita:
583 1764 761 1818 carnis
788 1764 1086 1836 impugnat.
1113 1768 1156 1823 si
1181 1772 1558 1838 pessimorum
1584 1786 1776 1829 sensus
1805 1776 1885 1829 vel
1923 1778 1964 1835 Β
1993 1775 2147 1830 clivis
2172 1788 2253 1829 est
2285 1776 2443 1829 homo
2475 1777 2538 1829 ad
2574 1777 3015 1845 delinquetnlntn,
3063 1790 3168 1832 tam
3199 1781 3568 1837 nii~cricordia

300 1851 563 1906 hunesms
596 1856 951 1925 cogitationes
1008 1860 1273 1929 polluere,
1322 1871 1377 1916 ct
1419 1864 1707 1933 ignobilem
1760 1865 1887 1938 [ΑΙ.

298 1942 921 2016 nobilemjtriutnphnm
950 1948 1019 2005 de
1041 1952 1305 2007 castitatis
1334 1954 1555 2008 voluere
1588 1969 1885 2025 reportare.

294 2035 553 2089 lleliorcs
588 2052 717 2092 vero
748 2054 989 2109 quosque
1018 2056 1082 2097 ac
1108 2043 1374 2108 seniores,
1404 2060 1499 2112 per
1528 2045 1777 2101 elationis
1825 2062 1889 2100 ac

289 2128 570 2197 iactantia:
614 2132 839 2199 malmn,
894 2133 1137 2203 profectu
1170 2137 1286 2205 ipso
1312 2152 1377 2191 ac
1409 2139 1615 2194 meritis
1658 2139 1886 2208 propriis

292 2237 607 2292 expugnare
626 2233 882 2285 conatur;
912 2237 969 2279 ut
989 2225 1114 2281 dum
1141 2236 1406 2295 tempora,
1428 2228 1557 2284 dum
1588 2232 1776 2284 merita
1806 2232 1885 2285 in-

290 2314 455 2380 gerit,
490 2329 584 2380 per
615 2314 1098 2372 immundissimam
1146 2319 1458 2387 vanitatem,
1511 2323 1878 2378 lmmilitatem

290 2406 476 2459 cordis
498 2406 743 2473 excidat;
774 2417 849 2472 et,
882 2409 1025 2479 quod
1052 2410 1415 2489 periculosum
1438 2425 1542 2480 eSt,
1576 2414 1628 2467 in
1654 2429 1881 2484 conspe-

293 2508 385 2554 ctn
417 2499 508 2554 Dei
542 2501 641 2554 sibi
685 2503 955 2556 hominem
988 2502 1201 2571 placere
1232 2505 1550 2573 persuadeat
1584 2506 1703 2579 [ΑΙ.
1756 2524 1878 2578 per-

293 2590 549 2662 suadct].
573 2592 691 2648 .lam
724 2610 852 2649 vero
876 2594 1007 2649 illud
1037 2610 1330 2653 commune
1368 2614 1430 2652 ac
1470 2601 1731 2655 familiare
1762 2616 1878 2655 ma-

292 2684 404 2737 lum
430 2695 535 2748 cst,
572 2685 716 2754 quod
745 2695 920 2741 armat
955 2700 1141 2742 contra
1176 2704 1275 2744 nos
1298 2689 1492 2760 linguae
1523 2701 1723 2747 nostra:
1768 2692 1882 2760 gla-

290 2774 456 2840 dios,
502 2776 645 2844 quod
697 2777 895 2831 irarum
930 2776 1229 2834 inflammat
1270 2781 1534 2835 stimulos.
1584 2780 1760 2852 Atque
1807 2784 1876 2837 ita

290 2868 525 2922 diversis
556 2871 897 2937 passionilms
927 2871 1158 2927 inebriat
1182 2885 1439 2943 mentem,
1468 2886 1520 2928 ttt
1547 2876 1761 2946 quando
1786 2886 1883 2932 aut

290 2963 596 3028 irascimur,
628 2976 718 3020 aut
760 2966 1122 3021 obtrectatnus
1143 3008 1158 3033 ,
1192 2974 1287 3021 aut
1315 2967 1706 3036 maledicimus,
1756 2969 1876 3023 aliis

292 3074 491 3115 nocere
516 3058 822 3114 credamus.
855 3061 958 3115 Sed
992 3076 1094 3115 non
1128 3060 1200 3114 ita
1236 3069 1343 3125 est,
1375 3060 1710 3127 charissimi;
1748 3078 1870 3116 nam

1996 1868 2202 1923 Domini
2244 1869 2415 1924 nostri
2444 1867 2597 1925 dives
2626 1879 2771 1924 esset
2798 1870 2865 1923 ad
2913 1872 3338 1926 remittendum?
3388 1874 3571 1942 lteSpi-

1990 1961 2194 2014 ciamus
2223 1976 2374 2030 ergo,
2409 1962 2620 2027 fratres,
2654 1961 2989 2016 vocationem
3038 1976 3300 2026 noSIram,
3330 1963 3571 2020 ambule—

1992 2069 2114 2109 mus
2142 2054 2193 2109 itt
2228 2054 2547 2122 humilitate,
2580 2055 2635 2109 in
2663 2056 2809 2108 otnni
2841 2056 3126 2124 patientia,
3160 2058 3209 2109 in
3246 2060 3391 2111 omni
3423 2076 3567 2113 inau-

1988 2144 2295 2199 snetudine.
2346 2145 2613 2199 Ponamns
2658 2146 2737 2197 ori
2790 2156 2974 2199 nostro
3026 2147 3360 2215 custodiam;
3411 2151 3569 2204 timor

1989 2235 2148 2290 futuri
2187 2234 2373 2303 jndicii
2421 2236 2629 2305 mitiget
2675 2236 3035 2303 iracundiam;
3092 2239 3347 2307 Cogitatio
3396 2240 3564 2294 ultimi

1985 2330 2089 2384 dici
2124 2328 2333 2400 frangat
2376 2329 2707 2398 superbiam.
2759 2330 3068 2400 Cogiti-mus
3103 2331 3195 2399 qui
3242 2332 3415 2387 luctus
3463 2335 3564 2388 erit

1987 2423 2275 2491 negligenti
2323 2423 2519 2476 anima:
2564 2438 2627 2477 ex
2661 2422 2761 2476 hoc
2802 2438 3030 2491 Corpore
3077 2424 3399 2489 discedenti,
3446 2442 3563 2490 qua:

1984 2512 2265 2581 angu~ti.~e,
2294 2526 2414 2580 quae
2440 2511 2635 2581 caligo,
2663 2529 2781 2580 qua:
2810 2512 3072 2578 tenebrae,
3096 2528 3217 2565 cum
3251 2529 3316 2566 ex
3351 2514 3439 2567 illo
3466 2514 3560 2568 ad-

1984 2604 2346 2657 versariorum
2391 2617 2616 2656 numero
2649 2602 2815 2671 pritna
2858 2617 3143 2657 occurrere
3186 2608 3403 2669 (inperii
3437 2622 3565 2657 con-

1982 2692 2205 2749 scientia
2246 2694 2474 2749 diversis
2518 2696 2865 2763 cireumjccta
2897 2696 3238 2751 criminibus.
3275 2698 3389 2765 Ipsa
3421 2699 3561 2752 enim

1983 2789 2204 2844 remotis
2234 2788 2478 2843 omnibus
2512 2789 2940 2858 probationibus,
2975 2790 3087 2856 ipsa
3121 2791 3406 2861 ingerenda
3436 2808 3561 2848 Otu-

1980 2878 2046 2932 iis
2079 2877 2298 2943 nostris,
2336 2887 2395 2933 ιιι
2439 2894 2536 2932 nos
2563 2890 2611 2932 et
2643 2879 2923 2931 convincat
2957 2880 3222 2949 probatio,
3254 2892 3307 2935 et
3336 2883 3561 2937 confun-

1977 2967 2071 3021 dat
2095 2968 2314 3037 agnitio.
2348 2967 2464 3021 Non
2513 2967 2607 3021 ulli
2632 2965 2748 3039 [ΑΙ.
2788 2984 2891 3021 ιιίιιι
2928 2966 3030 3037 ibi]
3064 2968 3242 3022 lict-hit
3274 2971 3355 3024 vel
3386 2973 3562 3026 cci-ire

1976 3058 2199 3128 aliquid,
2225 3060 2308 3114 vel
2334 3074 2553 3129 negare,
2586 3059 2674 3113 ubi
2708 3074 2813 3113 non
2840 3058 2905 3114 de
2934 3059 3091 3130 longe
3113 3060 3347 3128 aliunde,
3378 3064 3469 3117 scd
3497 3065 3562 3118 de

292 3149 714 3217 uniuscujusque
742 3150 854 3205 vitii
886 3152 1085 3205 tnalum
1117 3152 1169 3206 in
1192 3166 1349 3206 suum
1390 3150 1658 3207 redundat
1687 3165 1871 3207 aneto-
1902 3148 1948 3212 C
1980 3153 2121 3206 intus
2145 3166 2497 3221 prOccssurus
2519 3161 2602 3206 est
2622 3160 2909 3207 accusator
2930 3163 2983 3207 et
3007 3153 3176 3207 testis.
3201 3153 3559 3222 Quamobrem

291 3258 423 3295 rem.
459 3241 624 3297 Suam
656 3242 891 3313 linguam
925 3244 1250 3312 maliloquus
1290 3244 1543 3312 maculat,
1586 3257 1742 3298 Suum
1783 3259 1877 3300 cur

288 3336 623 3390 obtrectator
658 3336 962 3401 exulcerat,
998 3350 1110 3389 sua:
1140 3337 1337 3390 mentis
1369 3335 1549 3391 lumen
1588 3336 1876 3392 iracundus

285 3427 547 3489 obca'cut,
570 3442 721 3481 suam
744 3428 978 3481 animam
1005 3425 1216 3480 invidus
1240 3439 1453 3482 veneno
1480 3424 1667 3481 livoris
1690 3442 1875 3495 asper-

287 3520 380 3586 git.
422 3519 477 3574 in
506 3534 611 3587 quo
642 3519 775 3571 illud
815 3533 1025 3587 quoque
1067 3516 1371 3572 Salomonis
1417 3517 1667 3585 impletur
1695 3534 1713 3571 :
1741 3516 1870 3585 Fili,

283 3612 329 3663 si
350 3612 519 3665 malus
547 3611 729 3681 fueris,
758 3611 896 3664 solus
921 3612 1125 3664 haurias
1150 3610 1567 3679 utula(Prov.tx,
1600 3611 1718 3680 η).
1746 3611 1873 3667 Inde

283 3720 415 3774 ergo
440 3707 639 3769 evenit,
668 3704 1029 3771 dilectissimi,
1061 3705 1201 3759 sicut
1233 3705 1372 3769 dixi,
1404 3705 1543 3774 quod
1578 3719 1672 3758 nos
1705 3707 1868 3759 inter-

283 3800 411 3851 dum
435 3796 733 3852 deteriores
756 3813 877 3852 esse
901 3798 1160 3852 sentimus
1182 3813 1339 3868 quam
1363 3796 1412 3851 iu
1429 3797 1630 3851 sa-culo
1650 3794 1868 3862 fuimus,

282 3888 407 3953 quia
450 3886 516 3940 ad
558 3889 754 3941 malum
788 3888 839 3942 in
872 3888 1254 3943 collucmtionc
1305 3889 1612 3943 incentores
1659 3903 1867 3955 sumes,

281 3980 406 4047 quia
450 3978 614 4044 hosu,
645 3994 805 4049 quem
839 3980 950 4050 ipsa
997 3979 1414 4035 conversatione
1462 3982 1870 4048 procuravimus

287 4073 413 4142 [ΔΙ.
444 4072 916 4143 provocavimus],
950 4074 1001 4127 itt
1027 4072 1204 4129 medio
1233 4074 1526 4128 certamine
1557 4088 1745 4127 manus
1774 4073 1868 4127 da-

282 4181 427 4220 mus.
472 4166 582 4222 Nec
625 4167 677 4221 in
711 4169 919 4221 fervore
950 4182 1055 4237 quo
1102 4167 1368 4235 coepimus
1414 4182 1863 4233 perseveramus,

278 4258 376 4313 sed
409 4258 714 4314 debellante
746 4267 934 4325 tepore
953 4258 1376 4314 succumbimus.
1400 4256 1629 4327 ideoque
1660 4260 1867 4327 magnis

277 4350 488 4404 viribus
513 4349 904 4405 defendendum
928 4359 1012 4406 est
1038 4365 1245 4420 magna:
1268 4366 1464 4405 nomen
1490 4349 1860 4421 professionis.

279 4443 504 4497 Multum
532 4452 615 4496 est
640 4442 779 4512 quod
820 4444 885 4497 ad
916 4459 1158 4499 erctnutn
1206 4443 1470 4499 veniendo
1515 4444 1862 4510 promisimus

1982 3254 2037 3299 ut
2068 3245 2302 3299 futuram
2349 3244 2496 3300 illam
2525 3244 2900 3298 confusionem
2928 3259 2990 3298 cx
3024 3250 3294 3314 praesenti,
3324 3264 3441 3317 quzc
3481 3249 3560 3302 in-

1981 3348 2061 3392 ter
2110 3338 2358 3393 homines
2400 3339 2624 3393 evenire
2654 3339 2813 3403 sulci,
2859 3336 3175 3393 confusione
3210 3341 3559 3409 conjiciantus

1978 3428 2095 3501 [ΑΙ.
2125 3426 2544 3501 conjiciamur].
2574 3430 2873 3500 cogitemus
2899 3430 2943 3483 si
2972 3430 3131 3485 alicui
3157 3443 3395 3486 nostrum
3423 3435 3559 3497 inter

1980 3537 2075 3575 nos
2105 3522 2469 3590 objicctcntur
2500 3523 2697 3578 delicta
2726 3532 2781 3575 et
2811 3522 3024 3576 occulta
3052 3538 3168 3585 sua,
3215 3526 3557 3593 qut'lttt-tiltto-

1976 3611 2102 3665 dum
2133 3620 2186 3665 et
2212 3613 2361 3667 cordi
2391 3612 2718 3667 intrinsecus
2745 3624 2868 3665 uota
2897 3622 3041 3678 sunt,
3072 3629 3198 3666 vere
3227 3615 3370 3677 dico,
3406 3632 3549 3668 (ξυιυ-

1977 3718 2165 3757 munes
2195 3708 2433 3757 omnium
2466 3704 2551 3756 vul
2582 3720 2645 3756 us
2683 3703 2822 3757 ferre
2866 3718 2971 3756 non
3005 3714 3215 3772 pos.~et;
3245 3715 3295 3758 et
3328 3705 3449 3773 quid
3485 3707 3553 3759 fa-

1975 3794 2078 3848 ciet
2114 3793 2293 3848 infelix
2323 3796 2499 3847 anima
2534 3794 2747 3863 quando
2779 3808 2898 3846 cum
2932 3794 3234 3862 opprobriis
3262 3806 3314 3848 et
3344 3795 3552 3848 [ωιίἱιιι-

1975 3890 2115 3943 tibus
2140 3891 2251 3944 suis
2275 3889 2584 3959 angelorum
2613 3888 2769 3943 fuerit
2795 3889 3174 3957 conSpectibns
3204 3891 3552 3959 pra-sentan

1974 3984 2041 4038 At
2064 4000 2189 4038 vero
2223 3980 2308 4036 illa
2338 3982 2513 4035 anima
2536 3998 2652 4051 qna-
2680 3982 2815 4035 beue
2835 3998 3050 4036 cursum
3077 3997 3230 4035 suum
3262 3981 3517 4037 direxerit
3536 4026 3549 4042 ,

1970 4091 2089 4145 qua:
2117 4073 2332 4130 Christo
2364 4073 2415 4127 in
2444 4072 2747 4128 senioribus
2789 4074 2900 4127 suis
2930 4072 3402 4141 obtemperaverit,
3432 4089 3550 4141 qua:

1972 4165 2360 4235 professionem
2386 4181 2536 4219 suam
2568 4183 2661 4234 per
2687 4166 2865 4219 omnia
2894 4164 3225 4227 custodierit,
3259 4182 3364 4219 non
3398 4167 3549 4219 time-

1971 4259 2049 4313 bit
2074 4260 2271 4312 ultimzc
2302 4258 2444 4314 illius
2477 4260 2623 4314 hora:
2657 4259 3071 4320 necessitatem;
3118 4275 3267 4311 rxtre
3296 4259 3361 4310 de
3394 4258 3548 4325 hujus

1967 4352 2212 4421 corporis
2263 4351 2570 4407 liabitucolo
2620 4351 2689 4404 ita
2745 4349 2845 4404 sibi
2892 4350 3188 4414 videbitur,
3237 4352 3385 4419 quasi
3429 4363 3545 4417 post

1969 4442 2157 4512 longas
2186 4444 2421 4497 carceris
2444 4442 2695 4496 tenebras
2726 4441 3049 4510 producatur
3074 4441 3138 4493 ad
3170 4443 3361 4505 lucem,
3393 4446 3542 4507 quasi

279 4534 411 4597 Deo,
460 4536 747 4603 quamlibet
783 4536 948 4589 multa
996 4540 1104 4590 sint
1151 4552 1270 4607 quae
1321 4551 1604 4603 speramus
1647 4552 1675 4589 a
1729 4537 1857 4590 Deo.
1895 4530 1939 4586 ῐ)
1966 4538 2033 4591 de
2063 4537 2239 4606 aliquo
2265 4532 2650 4587 obscuris~into
2675 4547 2836 4599 specu
2870 4532 2918 4583 in
2942 4531 3115 4585 aulam
3142 4533 3339 4600 regiam
3373 4533 3545 4587 intro-

277 4622 511 4694 ldeoque
538 4625 884 4681 discutiamus
910 4640 1126 4681 omnem
1158 4627 1426 4689 inertiam,
1457 4643 1672 4682 omnem
1700 4628 1857 4682 la~si-

276 4717 517 4771 tudinem
546 4718 761 4779 mentis,
795 4731 848 4771 et
878 4720 1164 4786 pretiosam
1197 4719 1441 4773 militiam
1470 4719 1704 4786 pretioso
1730 4736 1858 4789 aga-

274 4824 395 4864 mus
435 4808 650 4864 aﬂ‘ectu.
692 4808 807 4863 Non
850 4820 1227 4879 exspectemus
1253 4810 1320 4864 ad
1350 4812 1610 4880 obsequia
1647 4811 1855 4866 Domini

276 4904 446 4954 nostri
496 4902 958 4955 mercenariorntn
987 4916 1051 4955 ac
1076 4917 1354 4955 servorum
1389 4919 1540 4956 more
1564 4903 1815 4971 cotnpclli
1839 4944 1856 4966 ,

274 5010 451 5060 neque
477 4994 719 5049 contenti
763 4995 933 5049 simus
966 5004 1023 5049 ut
1056 4993 1194 5048 alius
1224 5009 1254 5049 ι
1283 4995 1441 5049 nobis
1470 4994 1649 5064 exigat
1696 4994 1855 5064 quid-

274 5086 403 5153 quid
432 5087 498 5140 ad
522 5088 750 5140 salutem
773 5098 825 5141 et
849 5085 1071 5157 gloriam
1096 5096 1335 5173 nostram
1365 5085 1637 5157 pertinere
1661 5101 1860 5157 cogno-

274 5183 499 5235 scimus.
537 5179 677 5235 Ante
707 5183 888 5235 omnia
938 5194 1228 5235 caveamus
1255 5190 1314 5235 ut
1338 5179 1480 5246 quod
1512 5180 1669 5235 nobis
1699 5194 1857 5249 agere

274 5289 500 5328 necesse
529 5283 632 5347 est,
665 5290 768 5329 non
807 5288 1029 5343 agamus
1060 5274 1236 5328 inviti.
1271 5273 1379 5328 Nec
1409 5282 1536 5328 ante
1562 5289 1698 5343 opus
1726 5288 1857 5328 con-

275 5346 624 5428 tradicamus,
655 5378 752 5418 nec
774 5366 824 5418 in
848 5379 1011 5433 opere
1039 5379 1454 5429 murmuretnus,
1490 5379 1588 5418 nec
1610 5365 1763 5419 nobis
1788 5365 1856 5420 de

272 5466 645 5512 consummato
674 5472 836 5524 opere
885 5456 1210 5525 placeamus,
1246 5456 1386 5511 male
1430 5455 1742 5510 blandiente
1765 5457 1845 5524 ja-

272 5550 493 5603 eaantia.
524 5548 665 5603 Ante
689 5550 895 5617 onniia,
950 5548 1163 5609 fratres,
1211 5548 1444 5603 sollicito
1482 5548 1664 5604 cordis
1700 5549 1855 5604 oculo

273 5641 621 5710 negligentias
651 5652 862 5694 nostras
886 5642 1126 5709 quotidie
1149 5640 1525 5705 discutiamus,
1541 5657 1737 5710 easque
1756 5657 1852 5694 no-

275 5732 357 5789 bis
379 5732 624 5790 discusso
647 5743 848 5805 tcp-n‘ts
869 5733 1051 5789 nubilo
1082 5744 1206 5789 ante
1231 5734 1411 5790 oculos
1438 5735 1847 5802 constituamus,

1962 4628 2208 4692 duratur,
2241 4624 2391 4695 quasi
2432 4625 2496 4675 de
2526 4624 2641 4676 Iaca
2670 4621 2899 4676 inperia:
2926 4631 2981 4676 et
3008 4622 3074 4675 de
3106 4621 3218 4677 luto
3246 4622 3393 4677 fa-cis
3421 4625 3543 4677 abs-

1962 4727 2158 4783 tracta,
2212 4714 2470 4787 speciosis
2528 4732 2587 4769 ar
2645 4714 2940 4780 splendidis
2977 4715 3214 4769 vestibus
3257 4716 3540 4783 induatur,

1960 4819 2119 4878 atque
2169 4809 2306 4861 inter
2348 4808 2540 4861 ﬂorum
2582 4817 2634 4859 cl
2675 4818 2975 4863 aromatum
3024 4807 3342 4860 suavitatem
3392 4808 3539 4861 mitis

1960 4900 2251 4955 reﬁcienda
2297 4900 2552 4955 odoribus
2598 4898 2919 4953 collocetur.
2971 4899 3338 4955 Rectit‘dt'ltlltl’
3380 4918 3537 4968 quani

1956 4992 2192 5062 jucunda
2220 4994 2290 5047 sit
2315 4993 2488 5063 quies,
2519 5010 2676 5061 quam
2703 4992 3035 5048 delectabilis
3061 4997 3385 5063 rep:itts;itin,
3420 5010 3539 5064 post

1961 5101 2021 5143 se
2042 5088 2340 5156 depositum
2366 5086 2591 5155 alicujus
2607 5086 2905 5156 gravissimi
2923 5087 3102 5141 oneris
3124 5086 3342 5141 fascem.
3366 5088 3533 5153 Quam

1962 5179 2117 5234 dulce
2144 5179 2220 5232 sit
2261 5189 2380 5245 post
2408 5178 2580 5247 longa:
2608 5176 2937 5242 captivitatis
2974 5188 3192 5230 catenas
3222 5177 3285 5228 ad
3314 5178 3533 5230 t-ltaram

1964 5271 2188 5339 patriam
2218 5280 2531 5338 recuperata
2553 5268 2802 5324 libertate
2833 5283 3122 5323 remeasse.
3150 5268 3315 5336 Quam
3347 5270 3518 5336 pretio

1962 5378 2081 5417 sum
2114 5363 2206 5428 sit,
2240 5373 2361 5431 post
2397 5363 2578 5415 multa:
2608 5359 2963 5428 navigationis
3012 5359 3250 5427 pericula
3293 5360 3356 5412 ad
3387 5368 3536 5427 opta-

1964 5469 2069 5510 tztm
2103 5468 2324 5523 terram,
2358 5465 2517 5522 atque
2546 5454 2611 5508 ad
2647 5468 2855 5523 portum
2901 5451 3308 5506 desiderabilem
3344 5468 3527 5520 pervc-

1962 5548 2126 5601 nisse.
2157 5546 2327 5616 Atque
2352 5564 2412 5600 ev
2444 5545 2527 5600 his
2551 5545 2864 5613 colligamus
2893 5556 2942 5599 et
2967 5560 3352 5613 cognoscamus
3376 5560 3531 5613 quon

1954 5640 2250 5711 jucundum
2284 5639 2383 5693 etit
2432 5639 2630 5692 comite
2671 5634 2812 5692 bina
2854 5637 3183 5691 conscientia
3213 5636 3277 5688 ad
3312 5650 3434 5689 vera
3483 5643 3535 5709 ct

1960 5732 2129 5787 solida
2161 5731 2374 5803 gaudia,
2408 5741 2565 5800 atque
2608 5729 2669 5783 ad
2703 5711 3014 5799 augt-lorum
3048 5727 3278 5785 transire
3308 5740 3530 5781 consor-
