3910 6168
362 303 473 357 853

1364 297 1423 353 S.
1467 294 1793 352 EUlll'lElill
1836 290 2315 350 LUGDL’NENSIS
2355 291 2661 348 EPISCOPI
3502 299 3586 353 856

374 420 473 481 tia',
506 410 561 470 et
594 412 661 470 ad
686 415 829 495 illam
867 414 1031 468 vitam
1073 412 1443 468 conscendere
1490 413 1576 467 ubi
1623 413 1756 466 nulli
1802 420 1958 465 erunt
1990 420 2035 473 Α
2067 400 2269 479 (Prov.
2300 428 2375 477 ιι,
2411 400 2542 481 i2);
2578 414 2733 466 suam
2778 396 3019 482 litigu’a'm‘
3045 412 3347 483 maliloquus
3374 416 3587 484 maculat,

373 502 603 571 labores,
621 494 748 563 nulli
768 507 1005 570 dolores,
1022 502 1163 560 nulla
1182 494 1394 571 damna',
1425 507 1567 560 nulla
1587 504 1951 568 incommoda,

368 596 419 655 et
444 586 591 671 quod
629 594 787 668 supra
819 614 979 653 omne
1008 600 1205 652 bonum
1234 598 1337 661 est,
1366 580 1507 652 nulla
1561 607 1816 668 peccata;
1858 596 1952 651 Βυά

370 696 575 747 :etern'a
637 690 979 758 innocentia,
1026 690 1275 745 inviolata
1336 690 1576 759 justitia,
1632 684 1953 745 inconcussa

371 766 634 838 sectiriias
663 798 725 838 ac
756 778 1082 851 Sempiterna
1114 778 1363 837 felicitas.

954 914 1234 971 llOMllJA
1280 913 1367 969 IX.

970 1029 1049 1083 Ad
1079 1029 1376 1083 monachos.

450 1134 632 1201 Videte
678 1136 991 1217 iocationem
1033 1134 1281 1210 vestram,
1329 1140 1518 1215 fratres
1558 1140 1858 1201 citatissimi
1894 1145 1959 1217 (l

374 1236 496 1292 Cor.
530 1244 568 1301 t,
596 1224 665 1292 ’ὶῢ
686 1240 723 1300 ).
753 1212 946 1289 ἦεξιιὶγο
965 1238 1029 1289 ad
1060 1248 1299 1291 eremnnt
1328 1212 1535 1290 summa
1561 1239 1818 1307 perfectio
1841 1212 1916 1292 esi
1942 1253 1957 1302 ;

377 1317 483 1385 nori
517 1317 753 1399 perfecte
776 1329 828 1382 in
861 1343 1045 1381 eremo
1081 1326 1281 1393 vivere,
1315 1336 1523 1382 summa
1553 1330 1826 1385 damnatio
1849 1340 1953 1385 est.

376 1420 515 1489 Quid
544 1421 783 1491 prodest,
807 1420 849 1474 si
875 1422 925 1474 in
950 1420 1069 1474 loco
1096 1420 1246 1487 quies
1277 1408 1545 1484 teneatur,
1572 1428 1625 1477 et
1648 1423 1962 1493 inquietudo

378 1516 430 1569 in
463 1502 625 1570 corde
655 1512 936 1569 versetur?
963 1514 1016 1571 Si
1045 1515 1095 1568 in
1127 1515 1459 1573 habitatione
1486 1514 1761 1571 silentium
1791 1515 1882 1580 sit,
1909 1528 1962 1571 et

381 1611 432 1661 in’
484 1590 874 1662 habitaiorihus
923 1607 1175 1661 vitiorum
1221 1596 1501 1672 titiintltné,
1551 1617 1605 1663 et
1651 1608 1963 1664 colluctatio

380 1700 723 1769 passioiiunt?
751 1694 808 1754 Si
854 1700 1120 1753 exteriora
1155 1706 1337 1753 tto-ira
1378 1700 1646 1753 serenitas
1677 1704 1873 1765 teneat,
1908 1696 1962 1756 et

2058 502 2215 558 suum
2242 500 2339 559 cor
2366 502 2703 559 obtrectator
2742 500 3043 567 einlccrat,
3086 516 3193 558 sum
3230 506 3409 558 mentis
3441 507 3589 561 lumen

2056 592 2345 652 iracundus
2372 590 2638 662 Obezccat,
2668 600 2821 649 Suam
2853 594 3068 650 invidus
3088 597 3313 650 animam
3336 600 3467 652 velut
3485 615 3591 668 qua-

2058 687 2180 741 da‘m
2232 687 2477 754 rubigine
2521 678 2784 756 pestifero
2834 689 3005 744 livore
3051 688 3367 759 cerrutnpit,
3406 686 3453 745 et
3484 692 3596 747 sicut

2058 782 2385 837 exulceratis
2420 782 2733 851 parentibus
2779 790 3075 837 nascuntur
3115 781 3326 848 viperae,
3365 784 3505 845 sicut.
3530 787 3596 839 in-

2058 876 2243 945 quam,
2263 876 2410 929 nasci
2436 876 2636 943 viperei
2670 873 2809 929 fetus
2832 874 3090 942 disrttptis
3112 882 3330 928 matrum
3346 876 3595 929 visceribus

2060 958 2412 1029 aSsetuntur;
2462 966 2531 1019 ita
2583 962 2814 1020 humana
2877 965 3179 1035 praecordia
3221 965 3349 1035 ipSis
3390 966 3597 1034 primitus

2060 1056 2194 1127 quas
2224 1057 2576 1125 conceperint
2610 1057 2950 1127 passionihus'
2995 1054 3371 1111 dilacerantur.
3411 1040 3515 1120 Illa,
3537 1058 3601 1111 in-

2060 1148 2243 1219 q'tta'm,
2270 1149 2589 1220 prmcordia,
2616 1151 2682 1203 de
2716 1151 2914 1220 quibus
2936 1152 3186 1204 vitiorum
3215 1152 3471 1220 generatio
3504 1166 3599 1205 scr-

2063 1240 2279 1309 pentina
2313 1240 2601 1310 profertur,
2644 1243 2757 1311 ipsa
2790 1242 3035 1311 primitus
3083 1242 3409 1295 monetruosa
3438 1250 3597 1309 partus

2064 1332 2181 1405 [ΑΙ.
2207 1347 2237 1387 a
2262 1331 2449 1405 partu]
2475 1332 2803 1407 fecunditate
2826 1332 3116 1388 violentur.
3142 1332 3219 1387 De
3238 1333 3324 1387 tali
3344 1342 3481 1402 partu
3498 1334 3524 1386 d
3545 1336 3603 1387 cit

2064 1439 2245 1480 sermo
2266 1426 2479 1481 divinus
2509 1446 2521 1480 :
2551 1426 2685 1481 Ecce
2705 1428 2927 1497 parturit
2950 1426 3278 1497 iniustitiam,
3304 1429 3506 1497 concepit
3526 1428 3599 1480 do-

2065 1518 2245 1582 lorem,
2278 1526 2323 1571 et
2366 1518 2559 1585 peperit
2590 1518 2934 1589 iniquitatem.
2964 1517 3292 1573 Convertetur
3336 1514 3471 1571 dolor
3507 1521 3599 1590 ejus

2065 1610 2117 1663 in
2161 1620 2315 1678 caput
2355 1612 2490 1680 ejus,
2524 1618 2571 1663 et
2599 1608 2654 1664 in
2682 1608 2920 1665 verticem
2949 1610 3110 1678 ipsius
3136 1611 3375 1681 iniquitas
3414 1612 3510 1682 ejus
3534 1609 3606 1660 dr-

2066 1700 2273 1754 scend'et
2312 1698 2445 1771 (Ps.
2478 1698 2612 1772 vn,).
2637 1699 2732 1756 llis
2759 1703 2938 1772 itaque
2966 1702 3185 1764 auditis,
3212 1704 3401 1755 nostra
3417 1709 3606 1770 ntopor-

379 1784 647 1871 interiora,
665 1791 993 1859 tempestas?
1018 1788 1057 1847 S
1078 1791 1264 1845 demus
1289 1803 1461 1844 annos
1486 1801 1721 1856 nostros,
1752 1792 1806 1846 et
1829 1801 1964 1845 tem-
1999 1801 2043 1861 Β
2072 1800 2145 1848 t’et
2170 1793 2310 1848 circa
2337 1808 2435 1849 vos
2472 1791 2735 1849 ferventis
2762 1796 3043 1850 cliaritatis
3073 1796 3284 1849 animus
3316 1808 3406 1865 pro
3429 1796 3603 1862 aliquo-

381 1888 572 1949 purum
626 1878 825 1951 Spatia,
879 1881 1077 1952 Quibus
1130 1876 1271 1935 nunc
1331 1878 1588 1946 vivimus,
1647 1880 1963 1952 supputare.

381 1967 497 2027 Non
532 1980 584 2030 te
612 1972 787 2039 fallat,
826 1976 1155 2044 quicumque
1188 1973 1279 2027 ille
1324 1986 1416 2039 es,
1454 1976 1712 2029 numerus
1758 1975 1965 2029 dierum

377 2070 515 2137 quos
551 2067 637 2122 hic
668 2062 857 2121 relicto
901 2066 1259 2135 Corporaiiter
1303 2067 1504 2123 siculo
1549 2069 1956 2137 consumpsisti.

381 2150 534 2215 llltiin
558 2166 763 2215 tantum
792 2156 933 2215 diem
966 2161 1167 2215 vix‘isse
1194 2170 1243 2215 te
1264 2171 1540 2231 computa,
1572 2163 1624 2216 in
1651 2178 1756 2233 quo
1780 2164 1966 2219 volun-

382 2252 517 2307 tates
546 2252 794 2322 proprias
820 2246 1122 2322 abnegasti,
1155 2252 1207 2306 in
1232 2269 1339 2322 quo
1373 2255 1527 2307 malis
1556 2255 1844 2309 desideriis
1876 2273 1966 2311 re-

378 2328 584 2398 stilisti.
611 2342 778 2408 Quem
812 2340 930 2399 sine
967 2342 1068 2397 ulla
1100 2348 1298 2413 regule
1332 2348 1761 2415 transgressione
1810 2328 1967 2402 duxi-

380 2436 469 2500 sti,
500 2436 651 2489 illuni
685 2436 826 2490 diem
860 2436 1060 2492 vixiSse
1090 2450 1142 2493 te
1171 2450 1447 2508 computa;
1479 2457 1638 2511 quem
1673 2456 1779 2497 non
1814 2445 1969 2498 mali-

384 2516 478 2595 tia,
506 2532 613 2580 non
649 2526 873 2595 invidia,
906 2542 1009 2582 n0n
1040 2529 1290 2596 sutierhia
1326 2532 1772 2599 commaculavit;
1806 2551 1964 2603 quem

385 2632 489 2670 non
516 2616 805 2680 mendacii,
842 2616 945 2672 non
980 2620 1200 2688 pcrjurii
1229 2622 1385 2692 culpa
1417 2625 1702 2691 respersit;
1726 2627 1814 2696 qui
1847 2642 1970 2695 pec-

383 2722 504 2766 rato
535 2700 639 2767 non
669 2712 854 2779 cessit,
891 2716 978 2783 qui
1009 2715 1223 2769 diabolo
1262 2718 1597 2788 repugnavit.
1640 2714 1791 2774 illum
1825 2720 1966 2775 diem

389 2790 587 2858 \‘i’xissc
622 2800 673 2860 te
708 2818 984 2874 computa,
1009 2808 1099 2876 qui
1132 2806 1379 2877 puritatis
1408 2816 1463 2863 ct
1489 2816 1691 2865 sancta:
1736 2811 1964 2866 medita-

385 2888 549 2949 tionis
572 2884 757 2949 habtiit
780 2895 974 2963 lucem,
999 2912 1156 2968 quem
1183 2896 1288 2954 non
1311 2902 1656 2956 conversatio
1683 2894 1969 2959 tenebrosa

386 2989 617 3042 mutavit
646 2974 697 3042 in
734 3001 966 3045 nectent.
994 2988 1172 3059 Illum,
1205 2991 1445 3060 inquam,
1482 2984 1625 3049 diem
1659 2994 1870 3065 appliea
1902 2995 1969 3051 ad

381 3082 549 3136 vitam
582 3072 750 3147 ttiain,
782 3084 936 3152 cujus
983 3082 1111 3137 usus
1145 3080 1387 3154 pervenit
1421 3080 1487 3139 ad
1525 3086 1760 3141 animam
1803 3095 1969 3142 tuam.

2074 1898 2190 1939 rum
2220 1886 2555 1955 negligentiis
2582 1886 2740 1955 longe
2763 1876 3105 1942 cruciabatur
3125 1876 3331 1939 dolore.
3354 1882 3476 1957 [Sed
3499 1899 3607 1953 pra:-

2072 1972 2237 2031 misso
2266 1974 2490 2047 affectu]
2514 1987 2567 2032 et
2603 1978 2871 2048 aliquibus
2902 1972 3187 2032 exonerati
3233 1977 3447 2047 pectoris
3485 1977 3604 2030 asti-

2074 2071 2171 2124 bus
2204 2071 2573 2141 praicipimus,
2605 2071 2981 2137 admonemus,
3012 2076 3178 2140 atque
3224 2071 3378 2126 etiam
3424 2086 3505 2123 vos
3533 2086 3607 2138 pro

2072 2163 2225 2217 vobis
2255 2164 2337 2232 (si
2383 2168 2563 2218 tamen
2611 2162 2861 2218 affectum
2912 2156 3280 2231 prwcipietitis
3319 2162 3486 2215 audire
3526 2176 3609 2213 non

2072 2251 2473 2324 dedignemini)
2497 2254 2866 2319 obsecramus,
2903 2260 2957 2309 ut
2995 2253 3064 2309 de
3092 2254 3300 2323 reliquo
3327 2253 3610 2320 Corrigamtis

2074 2364 2272 2414 mores,
2302 2348 2652 2420 negligentias
2678 2344 3054 2414 emendemus',
3088 2365 3161 2404 ne
3182 2348 3288 2404 huc
3316 2347 3608 2419 postmodum

2074 2454 2181 2495 non
2209 2456 2329 2496 cum
2356 2440 2548 2511 lingua:
2573 2454 2634 2494 ac
2660 2440 2925 2494 sermonis
2958 2441 3128 2508 virga,
3166 2441 3258 2495 sctl
3282 2456 3395 2493 cum
3426 2439 3499 2491 his
3519 2454 3612 2489 vcr-

2074 2530 2294 2587 bcribus
2344 2547 2464 2601 qua:
2520 2530 2780 2586 obdurata
2826 2527 2953 2604 [ΑΙ.
3012 2522 3310 2603 obturata]
3358 2531 3613 2599 depascunt

2077 2622 2262 2688 corda,
2291 2623 2591 2678 veniamus.
2628 2622 2913 2677 Elaborate
2940 2624 3118 2694 potius
3151 2622 3400 2691 deinceps
3426 2633 3474 2676 ut
3501 2624 3613 2675 inter

2074 2712 2171 2771 ius
2203 2711 2322 2789 [Αἰ.
2354 2710 2483 2787 ιιος]
2524 2714 2873 2769 cententione
2906 2710 3162 2770 laudabili
3193 2716 3253 2769 ac
3284 2715 3490 2770 meliore
3520 2725 3613 2766 tan-

2075 2798 2197 2863 dem
2240 2809 2584 2863 (emutatiOne
2628 2808 2871 2862 certetis.
2900 2802 2981 2861 Sit
3018 2809 3386 2878 unuSqnisqite
3416 2816 3614 2860 vestrum

2077 2898 2193 2974 [ΑΙ.
2241 2898 2329 2972 qui
2368 2896 2638 2971 vestrum]
2666 2899 2717 2953 itt
2750 2912 2914 2970 opere
2963 2894 3060 2954 Dei
3104 2899 3423 2970 promptior,
3452 2899 3497 2951 in
3522 2913 3613 2948 ura-

2076 2993 2224 3049 tione
2257 2980 2374 3067 [Αι.
2415 2992 2534 3063 quis
2565 2992 2617 3047 in
2647 2987 2924 3063 oratione]
2964 2988 3281 3058 ferventior,
3330 2994 3379 3045 lu
3426 2988 3616 3045 lectione

2077 3085 2379 3152 Sollicitior,
2412 3084 2464 3139 in
2500 3084 2747 3141 castitate
2783 3086 2854 3139 sit
2884 3084 3092 3153 purior,
3122 3086 3179 3138 in
3219 3084 3496 3138 sobrietate
3523 3095 3617 3149 par-

384 3166 423 3226 S
446 3170 635 3227 demus
666 3174 831 3229 etiam
866 3166 1021 3230 nobis
1049 3172 1117 3230 de
1147 3177 1510 3247 corporalium
1556 3172 1881 3247 jejuniorum
1909 3195 1970 3234 ac
2000 3181 2045 3244 C
2076 3177 2210 3244 cior,
2246 3174 2299 3232 in
2330 3174 2687 3250 lacrymarum
2729 3174 2977 3244 largitate
3020 3175 3319 3244 profusior,
3355 3176 3403 3229 in
3430 3184 3620 3241 corpore

386 3258 676 3320 visibilium
725 3262 1029 3335 vigiliarum
1078 3262 1394 3323 assiduitate
1444 3268 1696 3335 blandiri,
1733 3271 1819 3337 qui
1854 3281 1972 3340 pnsl

386 3352 594 3424 vigilias
619 3372 682 3412 ac
710 3357 776 3411 de
806 3350 937 3427 ipsis
969 3352 1105 3411 forte
1154 3356 1350 3428 vigiliis
1399 3360 1466 3414 ad
1514 3359 1969 3430 obtrectationis,

387 3451 451 3503 :ul
474 3450 839 3515 verbositatis,
864 3448 931 3505 ad
954 3442 1393 3507 murmurationis
1418 3453 1617 3506 malum
1642 3444 1969 3522 egredimur.

388 3528 591 3615 [Nam]
615 3542 704 3611 qui
733 3558 793 3595 se
818 3541 887 3597 de
912 3539 1078 3596 choro
1108 3540 1226 3615 [ΑΙ.
1254 3540 1322 3597 dc
1350 3540 1509 3616 cura]
1540 3544 1881 3613 psallentium
1906 3548 1969 3603 ad

386 3635 868 3691 rommessationcs
905 3632 1246 3703 inhoneStas,
1297 3632 1695 3709 bibitioncsque
1722 3637 1969 3710 furtivas,

391 3746 495 3783 non
526 3730 700 3783 solum
730 3724 1017 3783 damnabili
1061 3729 1511 3800 transgressione,
1560 3732 1655 3785 sed
1689 3732 1847 3786 etiam
1879 3735 1972 3787 ah-

389 3821 666 3875 uminabili
693 3818 897 3876 vilitate
927 3820 1201 3886 subducit,
1222 3821 1389 3876 multo
1418 3829 1565 3877 esset
1596 3822 1785 3888 levius,
1812 3825 1854 3878 si
1883 3840 1974 3878 so-

391 3912 616 3966 brietate
638 3912 953 3968 domimnte
980 3913 1261 3967 dormiret.
1288 3912 1389 3981 Qui
1415 3914 1669 3983 jejunans
1691 3931 1972 3972 oneratum

388 4018 443 4061 et
491 4020 875 4076 prmgravatum
908 4000 1091 4074 pectus
1138 4007 1449 4072 iracundiae,
1487 4017 1541 4063 et
1591 4009 1973 4081 indignationis

389 4102 717 4153 distentione
764 4096 1105 4165 circumfert;
1154 4101 1242 4169 qui
1281 4114 1310 4153 a
1348 4100 1473 4154 vino
1522 4100 1779 4167 abstinet,
1827 4112 1882 4157 et
1922 4104 1973 4157 in

390 4191 643 4245 Sensibus
683 4191 797 4246 suis
841 4205 1026 4244 amara
1078 4178 1364 4245 discordia:
1401 4189 1663 4246 ebrietate
1694 4194 1965 4259 turbatur;

388 4287 501 4353 qui,
538 4285 777 4356 inquam,
812 4284 863 4339 in
894 4284 1166 4339 exteriore
1197 4283 1479 4339 salutifera
1508 4284 1820 4355 poculorum
1856 4302 1977 4355 par-

387 4388 549 4432 l'll-llc
579 4393 639 4433 se
689 4386 945 4443 macerat,
978 4386 1033 4431 et
1062 4377 1287 4430 interior
1332 4390 1428 4431 cor
1473 4376 1590 4446 ejus
1638 4376 1972 4431 mortiferum

391 4472 407 4544 [η
426 4472 505 4524 .41.
532 4480 585 4524 et
617 4469 839 4524 interior
873 4466 1249 4541 mortiferum]
1277 4468 1425 4523 virus
1474 4467 1718 4523 odiorum
1752 4467 1976 4524 visceri-

2085 3271 2391 3340 honcstior,
2423 3272 2475 3324 in
2504 3269 2668 3325 corde
2698 3271 2996 3335 sincerior;
3027 3264 3152 3343 [ΑΙ.
3190 3269 3340 3341 quis]
3364 3270 3413 3323 in
3454 3269 3519 3322 ira
3543 3266 3621 3319 mi-

2078 3365 2205 3434 tior,
2238 3364 2291 3419 itt
2324 3358 2737 3419 mansuetudine
2766 3364 3114 3430 moderatior,
3148 3365 3204 3420 in
3237 3368 3342 3419 risu
3369 3364 3543 3425 rarior,
3579 3360 3619 3411 in

2076 3456 2497 3525 compunctione
2531 3455 2847 3521 ferventior,
2879 3456 2927 3507 in
2959 3456 3227 3525 gravitate
3275 3455 3545 3513 fundatior,
3579 3450 3620 3502 in

2075 3547 2340 3602 eharitate
2368 3546 2679 3615 jucundior.
2727 3545 2789 3600 Et
2828 3548 2947 3601 ideo
2971 3547 3071 3616 ipsi
3112 3548 3466 3616 nosmetipsos
3491 3545 3622 3596 casti-

2077 3644 2284 3713 geinus,
2317 3640 2557 3711 quotidie
2606 3639 2706 3709 ipsi
2749 3639 3026 3693 nobiscum
3070 3640 3338 3694 rationem
3384 3638 3446 3691 de
3478 3634 3625 3704 (ιιισῑί-

2078 3733 2235 3788 diana
2264 3732 2677 3787 conversatiOne
2719 3729 2998 3786 faciamus.
3046 3729 3369 3802 Alloquatur
3404 3742 3460 3784 se
3488 3728 3531 3781 in
3558 3740 3625 3778 se-

2078 3823 2243 3878 cretis
2282 3821 2461 3877 cordis
2489 3834 2824 3891 unaqua‘que
2859 3819 3038 3875 anima
3071 3831 3125 3875 et
3154 3822 3339 3876 dicat:
3375 3819 3624 3871 Videamus

2079 3914 2122 3967 si
2157 3914 2298 3969 hunc
2326 3912 2465 3965 diem
2497 3909 2614 3965 sine
2647 3919 2891 3981 peccato,
2922 3912 3037 3965 sine
3071 3912 3307 3975 invidia,
3339 3911 3451 3965 sine
3478 3909 3627 3961 obtre-

2079 4004 2312 4061 Ctatione
2335 4022 2396 4060 ac
2431 4008 2859 4061 murmuratione
2888 4006 3148 4074 transegi.
3182 4002 3462 4061 Videamus
3486 4002 3523 4055 si
3551 4002 3628 4049 ho-

2080 4098 2163 4153 die
2195 4097 2393 4169 aliquid
2423 4100 2564 4169 quod
2595 4098 2660 4153 ad
2695 4094 2993 4168 profectum
3028 4111 3234 4165 meum,
3263 4094 3399 4166 quod
3430 4092 3489 4147 ad
3524 4089 3629 4143 zrtli-

2080 4191 2385 4245 ficationem
2427 4192 2657 4245 aliorum
2697 4189 3013 4259 pertineret,
3054 4198 3312 4257 operatus
3346 4201 3477 4240 sum.
3520 4182 3629 4235 Puto

2079 4281 2221 4349 quod
2246 4280 2407 4336 hodie
2431 4281 2581 4335 illum
2609 4279 2955 4350 incipientem
2973 4278 3219 4334 destrnxi
3243 4294 3258 4345 ;
3286 4276 3441 4332 hodie
3462 4272 3629 4330 seniori

2082 4386 2201 4429 meo
2249 4371 2565 4429 inobedieus
2609 4370 2712 4438 fui,
2766 4372 3025 4427 mentitus
3067 4385 3224 4439 sum,
3275 4362 3626 4439 pejuraviiiil.

2081 4464 2343 4535 periuravi
2362 4463 2381 4536 ]
2402 4506 2415 4528 ,
2443 4465 2522 4519 ira
2543 4465 2627 4519 vel
2657 4462 2778 4535 gula
2806 4463 2979 4519 virtus
2998 4464 3117 4517 sum
3139 4480 3154 4529 ;
3190 4463 3310 4534 plus
3338 4458 3487 4516 hodie
3512 4456 3624 4518 risi;

390 4568 487 4617 bus
518 4561 727 4617 infecti~
762 4561 772 4632 [
804 4562 887 4615 ΑΙ.
923 4562 1125 4615 viscera
1154 4560 1411 4634 infectus]
1440 4569 1668 4625 eructat,
1704 4576 1884 4617 nonne
1915 4562 1968 4617 in
2000 4568 2046 4626 D
2079 4557 2196 4625 plus
2234 4556 2353 4611 cibo
2384 4571 2446 4611 ac
2487 4555 2656 4626 potui,
2692 4555 2806 4625 plus
2837 4555 2950 4610 0tio
2991 4570 3053 4609 ac
3083 4570 3281 4610 somno
3312 4567 3461 4623 quam
3488 4563 3623 4619 quem

385 4670 445 4707 se
484 4653 826 4723 propheticas
856 4666 1015 4707 voces
1058 4650 1217 4722 dirigi
1262 4649 1373 4721 jam
1412 4654 1576 4706 etiam
1620 4652 1672 4707 in
1714 4654 1972 4722 praesenti

390 4752 493 4802 vita
521 4744 920 4817 praedamnatos
963 4742 1212 4812 intelligit
1235 4759 1247 4794 :
1278 4740 1397 4796 Non
1419 4744 1520 4797 tale
1536 4743 1799 4815 jejunium
1822 4746 1972 4816 elegi,

387 4826 511 4892 dicit
565 4836 812 4890 Dominus
857 4828 1018 4906 (lsa’i.
1071 4849 1217 4897 Lvnt,
1257 4826 1354 4905 5);
1388 4834 1471 4889 vel
1503 4833 1781 4890 illud:Ex
1831 4837 1975 4891 vinea

388 4935 520 4985 enim
552 4916 843 4986 Sodomoru
867 4946 916 4995 tt,
948 4916 1090 4982 uinea
1115 4944 1307 4991 eorum,
1354 4938 1399 4982 et
1434 4928 1553 4983 vites
1582 4946 1758 4982 eorum
1786 4948 1850 4985 ex
1870 4928 1976 4985 Go-

391 5026 617 5079 morrlta.
653 5024 760 5078 Uva
792 5014 985 5088 eorum,
1020 5014 1112 5074 nea
1143 5022 1307 5090 fellis,
1337 5031 1383 5074 et
1407 5020 1580 5075 botrus
1608 5022 1975 5086 amaritudinis

388 5136 437 5169 ιη
471 5118 594 5190 ipsis
621 5112 796 5185 (Deut.
817 5106 1393 5197 usti,59)?[taautem
1426 5112 1694 5167 interdum
1727 5112 1974 5167 diabolus

389 5224 510 5262 cum
539 5207 832 5262 adverterit
863 5204 1093 5258 animam
1124 5202 1226 5258 fide
1266 5220 1512 5268 vacuam,
1546 5220 1599 5259 et
1631 5204 1727 5259 Dei
1779 5206 1975 5259 timore

394 5298 667 5359 nudatam,
696 5298 769 5352 ita
799 5295 1029 5351 diversis
1056 5294 1398 5366 passionibus
1430 5294 1659 5350 inebriat
1688 5298 1923 5351 mentem
1955 5341 1970 5364 ,

392 5405 440 5442 ut
475 5388 687 5459 quando
716 5399 809 5444 aut
837 5387 1209 5443 maledicimus
1233 5429 1247 5452 ,
1281 5395 1374 5441 aut
1420 5386 1724 5454 irascimur,
1760 5397 1849 5442 aut
1879 5388 1975 5442 ub-

392 5482 700 5546 trectamus,
725 5477 940 5550 quando
964 5479 1079 5533 haec
1105 5478 1331 5547 agimus,
1364 5477 1483 5531 aliis
1506 5494 1603 5532 nos
1629 5484 1827 5533 nocere
1857 5494 1976 5532 ere-

391 5575 595 5624 damus.
649 5570 753 5626 Sed
790 5586 893 5625 non
941 5571 1011 5624 ita
1061 5579 1160 5625 est.
1199 5554 1331 5625 Nam
1385 5569 1804 5641 uniuSCujusque
1860 5571 1971 5625 vitii

391 5660 591 5716 malum
619 5664 669 5713 in
698 5656 850 5716 suum
879 5664 1111 5717 recurrit
1138 5670 1438 5728 auctorem,
1467 5663 1608 5716 sicut
1630 5662 1757 5718 dicit
1791 5681 1971 5718 sermo

387 5746 805 5823 divinuszfili,
854 5758 894 5809 si
947 5756 1109 5808 malus
1155 5757 1345 5826 fueris,
1402 5758 1537 5810 solus
1586 5757 1785 5811 hauriet
1836 5760 1970 5811 mala

2077 4647 2304 4704 decebat
2349 4647 2576 4713 indulsi;
2612 4650 2790 4702 minus
2831 4646 2957 4718 legi,
2989 4648 3167 4703 minus
3210 4649 3359 4703 oravi
3384 4659 3529 4715 quam
3556 4640 3629 4694 dc.-

2077 4742 2189 4797 bui.
2236 4740 2367 4810 Quis
2396 4740 2526 4795 mihi
2558 4741 2747 4797 reddet
2778 4738 2922 4796 hunc
2966 4741 3132 4804 diem.
3168 4759 3325 4813 quem
3373 4737 3549 4795 fabulis
3586 4732 3628 4786 in

2078 4834 2230 4888 vanis
2262 4833 2469 4903 perdidi
2491 4834 2516 4886 ἲ
2546 4833 2623 4889 Ac
2649 4834 2745 4899 sic,
2778 4832 2994 4900 fratres,
3021 4833 3089 4888 de
3112 4834 3362 4889 omnibus
3385 4829 3631 4900 negligen-

2078 4925 2170 4979 tiis
2218 4916 2418 4980 nostris
2450 4939 2873 4995 compnngamur
2903 4927 2956 4981 in
2986 4926 3257 4981 cubilibus
3288 4924 3413 4998 (Ps.
3457 4920 3552 4989 tv),
3586 4916 3629 4969 id

2080 5014 2182 5082 εει,
2213 5016 2267 5073 in
2298 5017 2551 5071 cordibus
2580 5019 2779 5071 nostris
2810 5034 2823 5072 :
2850 5019 2893 5072 si
2923 5018 2994 5073 ita
3024 5020 3266 5089 egeritis,
3316 5032 3412 5071 nos
3440 5013 3628 5084 quidem

2084 5109 2151 5165 de
2194 5106 2439 5179 proiectu
2489 5121 2668 5163 vestro
2715 5109 3159 5183 ιεηιειδῑιηοτμι.
3195 5098 3624 5170 la-tiﬁcabimnr].

2084 5202 2176 5258 sed
2211 5204 2305 5256 vos
2328 5202 2394 5258 de
2422 5203 2678 5272 aequisita
2702 5203 2874 5257 Salute
2900 5205 3225 5273 gaudebitis,
3258 5218 3356 5259 nos
3384 5199 3525 5254 vobis
3552 5206 3629 5262 pro

2084 5293 2273 5349 saluti's
2306 5300 2501 5348 vostrae
2541 5294 2897 5363 acquisitione
2942 5295 3202 5350 subdetis.
3264 5292 3431 5350 Donet
3478 5300 3629 5343 autem

2083 5388 2226 5442 illius
2257 5390 2445 5458 pictas,
2476 5399 2535 5443 nt
2564 5390 2633 5442 ita
2664 5387 2729 5443 de
2757 5400 3010 5443 sermone
3041 5399 3224 5443 nostro
3256 5383 3556 5454 proﬁciatis,
3586 5387 3631 5431 ut

2084 5496 2182 5534 nos
2210 5484 2446 5535 viciSSfm
2482 5484 2674 5535 vestris
2712 5483 2917 5537 meritis
2962 5483 3243 5552 a‘tljttvctis,
3299 5482 3545 5547 nobisque
3588 5474 3629 5524 in

2084 5574 2335 5645 prtcs'enti
2368 5573 2542 5648 [vita]
2575 5584 2950 5631 ornamentum
2985 5578 3123 5646 sitis,
3156 5587 3203 5631 ct
3252 5579 3303 5632 in
3337 5574 3501 5630 intum
3531 5565 3626 5639 [Ai-

2082 5670 2135 5723 in
2165 5667 2382 5739 futuro]
2416 5668 2743 5739 prtesidnnn.
