3910 6168
235 317 341 371 857

840 430 1120 487 HOMILIA
1154 430 1219 487 Χ.

819 525 898 577 Ad
939 522 1233 577 monachos.

313 616 403 668 Ait
425 613 655 683 quodam
678 612 799 669 loco
828 630 1011 671 sermo
1037 616 1289 671 divinus:
1349 612 1413 669 In
1441 615 1618 669 diebus
1639 614 1825 668 solent-

237 710 461 761 nitatum
500 716 786 763 vestrarum
824 708 1027 779 aﬂiigite
1062 710 1260 762 animus
1289 712 1479 761 vestras
1522 706 1667 775 (Leu.
1701 721 1784 759 xvt
1806 746 1822 771 ,

236 800 345 865 9.9;
370 814 522 863 mn,
553 797 671 868 27).
700 799 878 866 Quare
904 801 1004 854 hoc
1032 799 1202 853 dixit?
1226 798 1357 867 Quia
1385 797 1584 866 jejunia
1616 807 1669 851 et
1691 798 1826 867 vigi-

237 889 333 942 lia-
378 897 434 943 et
464 898 663 943 sancta:
707 878 1026 944 ailitctiones
1078 888 1301 943 humilia
1348 886 1475 961 [AL
1526 885 1825 958 buntitiata]

238 994 471 1047 corpora
520 988 837 1045 macerant,
883 979 978 1034 sed
1020 979 1282 1033 maculata
1325 978 1485 1033 corda
1522 978 1823 1048 purlileant.

242 1070 501 1126 Membris
529 1070 854 1125 subtrahunt
903 1066 1287 1138 fortitudinem,
1337 1069 1430 1125 sed
1481 1069 1827 1124 conscientiis

239 1165 447 1219 addunt
470 1164 736 1229 nitorem;
765 1163 1116 1219 nihilominus
1139 1164 1282 1220 enim
1306 1163 1374 1219 de
1400 1161 1722 1218 contritione
1744 1166 1826 1215 tc-

240 1259 523 1312 dimttutur
552 1257 778 1312 crimina
804 1257 1155 1329 voluptatum.
1186 1256 1288 1312 Per
1308 1255 1455 1310 dura:
1476 1257 1653 1309 crucis
1675 1269 1832 1309 exerd

240 1348 372 1403 citia
403 1348 642 1418 decepta:
663 1348 863 1403 dudum
888 1352 1068 1404 carnis
1091 1349 1281 1420 gaudia
1313 1348 1622 1417 puniuntur.
1652 1347 1729 1401 Ac
1750 1348 1827 1400 sic

244 1441 661 1496 mortiﬁcatione
690 1443 939 1511 praesenti
970 1441 1159 1497 {omne
1185 1440 1371 1495 mortis
1399 1440 1663 1495 sententia
1694 1456 1827 1507 pra:-

244 1535 492 1597 venitur;
521 1542 572 1588 et
595 1532 723 1586 dum
754 1533 926 1604 culpa:
953 1543 1138 1587 auctor
1168 1533 1497 1599 humiliatur,
1516 1531 1669 1601 culpa
1699 1547 1827 1584 cou-

240 1624 509 1678 sumitur:
556 1624 790 1693 dumque
841 1623 1078 1678 exterior
1122 1623 1233 1695 [ΑΙ.
1271 1620 1561 1694 exteriori]
1606 1621 1747 1675 afflic
1774 1616 1826 1673 io

244 1714 565 1767 voluntaria:
618 1712 973 1769 districtionis
1025 1716 1273 1777 infertur,
1334 1713 1595 1787 tremendi
1639 1712 1824 1782 judirii
1866 1718 1871 1721 ⁷

1695 316 2020 373 Hostium;

1849 438 1893 494 Α
1927 432 2071 486 venit
2092 444 2254 501 super
2280 435 2490 491 unicam
2519 452 2670 493 suam
2703 480 2717 505 ,
2747 442 2843 495 sed
2870 457 2993 498 cum
3027 461 3123 515 spe
3149 451 3507 519 reparatiouis

3399 340 3504 395 853

1928 520 2109 595 afﬂigi.
2147 527 2221 582 De
2241 544 2344 597 qua
2375 530 2533 585 unica
2560 547 2742 588 sermo
2766 536 3109 606 prOpbeticus
3134 542 3266 598 dicit
3307 562 3320 597 :
3355 546 3507 617 Eripe

1926 635 1958 670 α
1999 620 2193 686 [ναηιεα
2238 624 2464 676 animam
2512 641 2709 690 meant,
2749 637 2798 683 et
2847 632 2910 684 de
2936 647 3091 687 manu
3122 639 3264 691 canis
3305 641 3504 693 unicam

1928 722 2088 762 meum
2117 709 2231 783 (Ps.
2268 726 2357 767 nl
2378 755 2391 775 ,
2422 712 2538 784 21).
2571 718 2749 782 Quare
2788 721 2993 773 unicam
3021 724 3193 778 dixit?
3228 726 3353 782 Sive
3381 732 3503 799 quia

1929 804 2196 868 tamquam
2218 803 2372 877 unica
2388 804 2655 876 diligenda
2676 810 2898 873 rst,sive
2913 818 3034 881 quia
3055 816 3163 883 ipsa
3185 819 3296 871 Sola
3318 830 3371 873 et
3389 822 3469 875 sin
3486 853 3499 861 -

1925 894 2046 962 gula
2065 905 2189 949 ante
2214 898 2442 951 trilmnal
2467 900 2689 954 caeleste
2712 902 2994 972 rationem,
3012 910 3233 962 remotis
3252 914 3503 967 omnibus

1926 985 2156 1050 Solatiis,
2183 987 2452 1044 redditura
2479 1001 2589 1057 est;
2615 994 2708 1059 ita,
2726 994 2777 1047 in
2800 1011 2966 1060 piam,
2994 1015 3213 1055 necesse
3240 1012 3321 1057 est
3344 1023 3505 1075 super

1929 1075 2069 1131 hanc
2100 1079 2307 1133 unicam
2350 1084 2635 1137 criminum
2670 1101 2931 1142 mucrone
2958 1092 3258 1147 C(ilIrUSSunl
3287 1140 3300 1161 ,
3338 1107 3501 1151 totum

1930 1169 2139 1236 pondus
2175 1170 2377 1226 doloris
2404 1172 2646 1240 effundi,
2686 1178 2731 1230 si
2771 1178 2909 1234 forte
2946 1182 3117 1249 possit
3150 1185 3502 1256 Iacrytuatttm

1930 1256 2190 1314 vivificata
2216 1260 2450 1317 l‘untibus
2470 1264 2650 1321 calore
2678 1264 2800 1322 fidei
2834 1271 3101 1325 suscitari.
3151 1272 3505 1331 Acoendcnda

1930 1360 2013 1405 est
2038 1356 2401 1420 compunctio,
2425 1357 2841 1414 corroborandae
2868 1372 2993 1417 sunt
3015 1376 3200 1431 preces
3226 1366 3385 1422 futuri
3419 1386 3502 1424 re-

1928 1442 2241 1499 cordatione
2269 1444 2478 1514 judicii,
2520 1450 3008 1508 misericordiarttm
3058 1458 3309 1525 operibus
3352 1462 3506 1531 adjtt~

1929 1532 2136 1587 νςιιιάςει.
2158 1536 2433 1593 Audienda
2452 1548 2531 1593 est
2554 1541 2833 1609 propheta:
2848 1546 3232 1613 sententia,sed
3247 1551 3507 1608 audienda

1929 1625 2251 1681 obedientize
2278 1643 2434 1690 aure,
2461 1629 2691 1685 dicentis
2718 1649 2731 1685 :
2758 1632 2961 1703 Accipe,
2992 1636 3183 1705 inquit,
3208 1658 3237 1692 ο
3258 1656 3523 1701 remeant

1930 1717 2101 1769 silium
2131 1734 2319 1788 meum,
2340 1729 2388 1774 et
2412 1731 2619 1792 peccata
2645 1732 2731 1776 tua
2767 1725 3099 1796 cfeemosynis
3126 1731 3317 1786 redime
3346 1734 3505 1801 (Dan.

240 1804 448 1859 tdl‘ensa
481 1805 738 1870 sedatur;
770 1815 824 1860 et
864 1804 1097 1874 ingentia
1124 1803 1303 1858 debita
1331 1803 1482 1857 labor
1523 1805 1681 1857 solvit
1709 1803 1826 1857 exi-
1856 1798 1904 1863 B
1932 1822 2007 1873 Iv,
2034 1806 2147 1879 25).
2191 1806 2513 1881 Exemplum
2536 1813 2696 1870 etiam
2724 1816 2866 1869 illius
2891 1820 3185 1887 evangelici
3208 1822 3306 1877 viri
3333 1798 3398 1877 ita
3429 1837 3508 1883 est

237 1911 380 1963 guns
406 1936 422 1960 ,
472 1912 591 1965 quae
637 1898 725 1952 vix
768 1907 1184 1966 consumpturus
1220 1896 1334 1950 erat
1381 1896 1542 1949 ardor
1567 1900 1841 1977 aeternusa

238 1989 561 2043 'l‘ractautes
582 2004 709 2057 ergo
738 2002 955 2043 causam
984 1984 1173 2044 salutis
1206 1998 1432 2051 nostrze,
1469 1986 1722 2039 facianms
1752 1986 1827 2040 in-

239 2093 321 2134 tra
355 2097 454 2137 nos
475 2080 615 2151 quod
643 2080 785 2135 circa
810 2098 907 2136 nos
934 2079 1127 2135 medici
1149 2078 1348 2135 Solent.
1366 2080 1418 2135 Si
1438 2078 1625 2133 laesura
1650 2077 1822 2146 aliqua

236 2173 324 2226 vel
354 2174 571 2242 querela
603 2172 656 2227 in
685 2174 856 2243 prima
886 2175 1127 2242 corporis
1166 2182 1287 2226 cute
1316 2172 1547 2226 sentitur
1571 2212 1587 2237 ,
1618 2174 1824 2225 curatio

238 2264 619 2319 medicamenti
646 2262 937 2319 blandioris
966 2262 1271 2333 apponitur.
1298 2260 1356 2318 Si
1383 2278 1510 2318 vero
1533 2264 1582 2316 iu
1611 2261 1823 2318 ossibus

236 2357 435 2410 vulnus
466 2356 841 2412 abrconditum
865 2398 882 2423 ,
915 2366 1009 2410 aut
1057 2356 1111 2410 in
1144 2356 1404 2410 viscerum
1439 2350 1699 2425 profunda
1730 2348 1826 2409 de-

234 2462 475 2501 mersum
503 2455 587 2502 est
615 2487 630 2512 ,
661 2447 1017 2502 austeriorem
1046 2461 1110 2500 ac
1141 2445 1514 2500 violentiorem
1545 2447 1717 2515 poscit
1742 2446 1823 2500 vis

233 2540 449 2595 occulta
494 2540 814 2596 medicinam
842 2585 859 2605 ,
908 2550 966 2595 ut
1009 2540 1207 2596 ulceris
1237 2540 1544 2610 magnitudo
1574 2550 1663 2595 aut
1691 2557 1826 2595 exu-

235 2632 414 2687 stione
445 2641 845 2700 supercuretur,
871 2645 925 2688 et
954 2628 1108 2688 dolor
1129 2628 1315 2686 dolore
1339 2631 1587 2702 pellatur.
1619 2631 1822 2687 Similis

233 2729 376 2782 ratio
394 2730 447 2781 itt
476 2726 803 2796 a’gritudiue
829 2726 1096 2780 interioris
1125 2716 1357 2779 hominis
1378 2724 1676 2778 adhibenda
1699 2731 1779 2777 est
1806 2740 1818 2777 :

232 2820 277 2873 si
304 2820 443 2873 levia
474 2806 841 2876 suntfortasse
869 2818 1249 2883 delicta,verbi
1274 2818 1463 2889 gratia,
1484 2817 1527 2872 si
1555 2816 1713 2872 homo
1739 2819 1821 2875 vel

234 2912 287 2963 in
316 2925 572 2965 sermone
597 2952 612 2976 ,
651 2910 733 2965 vel
767 2912 817 2965 in
850 2911 1025 2979 aliqua
1057 2909 1469 2979 reprehensibili
1512 2910 1817 2977 voluntate,

230 3005 276 3059 si
308 3004 468 3060 oculo
500 3006 739 3074 peccavit
759 3046 773 3067 ,
801 3014 893 3059 aut
920 3005 1113 3071 corde;
1143 3007 1433 3060 verborum
1461 3016 1511 3059 et
1543 3004 1821 3073 cogitatio-

232 3111 359 3150 num
384 3097 613 3150 macula:
635 3095 945 3165 quotidiana
967 3096 1213 3151 oratione
1242 3095 1513 3162 curandas,
1532 3106 1583 3149 ct
1614 3099 1815 3165 privata

1929 1902 2275 1969 audiendum,
2310 1906 2456 1972 quasi
2489 1920 2613 1960 vere
2639 1922 2733 1976 pro
2760 1918 2943 1963 nostra
2967 1912 3337 1980 redemptione
3378 1932 3505 1969 cou-

1926 1993 2183 2061 scriptum
2211 2012 2225 2048 :
2258 1990 2391 2048 Ecce
2417 1995 2685 2050 dimidium
2713 1997 2961 2052 bonorum
2989 2013 3234 2067 meorum,
3268 2002 3506 2068 Domine,

1928 2087 1995 2139 do
2026 2088 2332 2159 pauperibus
2364 2087 2513 2158 (Luc.
2547 2096 2657 2150 six.
2682 2091 2759 2157 8).
2808 2090 2882 2146 De
2918 2093 3110 2162 quibus
3140 2096 3192 2148 in
3224 2096 3510 2167 Erangelio

1926 2176 2231 2232 audivimus
2255 2176 2536 2232 Dominum
2562 2180 2819 2235 ineffabili
2846 2183 3155 2251 dignatione
3176 2195 3230 2241 et
3250 2188 3510 2243 eltaritate

1925 2262 2192 2322 dicentem
2226 2285 2238 2322 :
2276 2269 2378 2334 Qui
2416 2267 2537 2338 fecit
2575 2273 2665 2323 uni
2699 2282 2762 2325 ea:
2787 2274 3006 2327 minimis
3047 2274 3178 2339 istis,
3221 2278 3348 2330 mihi
3390 2280 3509 2348 [οι-ἥ

1926 2356 2144 2431 (.iiattlt.
2188 2361 2337 2442 afv).
2371 2360 2501 2429 Qua:
2533 2364 2692 2417 verba
2724 2364 3184 2436 eleemosynarum
3210 2370 3362 2423 nobis
3382 2370 3510 2423 effe-

1926 2457 2046 2504 ctus
2061 2450 2267 2505 caelesti
2283 2452 2603 2508 auctoritate
2616 2456 3281 2512 commendzutﬁedstorte
3296 2461 3509 2529 quando

1925 2536 1991 2596 de
2014 2543 2379 2614 eleemosynis
2402 2545 2693 2614 loquimur.
2716 2550 3026 2615 expavescit
3047 2547 3250 2622 [Fortc,
3281 2565 3509 2621 expave-

1926 2632 2061 2703 scat]
2088 2643 2310 2700 angusta
2347 2648 2653 2703 paupertas.
2686 2635 2799 2693 Non
2834 2639 2925 2703 ita,
2954 2640 3254 2695 charissind
3279 2660 3293 2696 :
3318 2644 3508 2698 tuemi-

1926 2726 2066 2781 nerit
2089 2726 2263 2793 potius
2289 2739 2394 2781 :era
2421 2728 2621 2781 minuta
2641 2728 2865 2783 divitum
2895 2729 3161 2785 thesauris
3188 2731 3508 2801 fuisseprte-

1925 2817 2050 2870 lata.
2084 2816 2218 2885 Quia
2252 2816 2393 2872 Deus
2423 2830 2606 2872 noster
2641 2832 2747 2872 non
2783 2820 2957 2873 solum
3000 2820 3155 2889 copia
3202 2822 3462 2891 largitatis
3488 2867 3502 2890 ,

1924 2906 2018 2963 sed
2044 2910 2416 2965 benevolentia
2440 2912 2676 2979 pascitur
2702 2912 2999 2981 largientis.
3022 2913 3131 2983 Ego
3153 2924 3326 2967 autetu
3354 2925 3503 2985 puto,

1922 3001 2246 3068 charissimi,
2280 3002 2419 3072 quod
2449 3003 2519 3056 ita
2548 3003 2804 3057 Dominus
2831 3015 3017 3059 noster
3046 3020 3163 3074 pau,
3184 3018 3305 3060 eres
3329 3009 3380 3060 iu
3406 3010 3504 3063 hoc

1926 3097 2126 3150 mundo
2148 3108 2267 3150 esse
2299 3096 2618 3165 permiserit,
2663 3109 2721 3151 ιιι
2767 3100 2818 3152 in
2848 3100 3167 3168 pauperibus
3191 3101 3410 3155 divitum
3442 3102 3504 3155 fi-

229 3192 649 3261 compunCtione
688 3190 956 3261 tergendae
994 3196 1140 3245 sunt.
1186 3188 1243 3245 Si
1275 3206 1405 3245 vero
1435 3192 1660 3261 quisque
1690 3207 1816 3245 con-
1845 3166 1891 3228 (ἶ
1922 3187 2042 3242 dem
2070 3187 2356 3257 probaret;
2384 3187 2467 3242 vel
2488 3190 2539 3241 in
2561 3203 2851 3257 pauperum
2867 3166 3233 3244 misericordia
3253 3192 3504 3245 divitibus

230 3284 516 3339 scientiam
560 3298 710 3339 suam
755 3286 899 3338 intus
940 3285 1314 3353 interrogans,
1366 3286 1574 3339 facinus
1604 3286 1815 3356 aliquod

230 3376 462 3445 capitale
478 3376 769 3440 commisit,
796 3387 883 3429 aut
907 3375 953 3430 si
981 3376 1134 3430 fidem
1164 3392 1313 3430 suam
1344 3375 1479 3431 [ηιδο
1510 3380 1818 3433 testimonio

228 3468 565 3535 capugnavit
604 3483 667 3521 ac
699 3467 930 3536 prodidit
958 3508 973 3533 ,
1016 3482 1077 3521 ac
1108 3483 1321 3521 sacrum
1354 3468 1592 3523 veritatis
1619 3485 1813 3524 nomen

228 3562 453 3630 perjurii
484 3562 785 3616 temeritate
803 3562 1037 3628 violavit,
1058 3563 1101 3614 si
1131 3562 1304 3615 velum
1334 3563 1585 3631 baptismi
1618 3565 1702 3618 vel
1734 3574 1816 3618 tu-

227 3654 428 3717 nicam,
460 3662 586 3708 tunc
611 3655 771 3707 etiam
831 3652 939 3726 [Αι.
966 3665 1090 3708 tunc
1116 3649 1261 3722 eam]
1307 3664 1360 3706 et
1383 3654 1680 3721 speciosam
1705 3657 1817 3709 vir-

224 3744 468 3809 ginitatis
517 3742 868 3797 holoseiicam
899 3758 1056 3798 emno
1087 3743 1458 3797 comtuaculati
1491 3744 1708 3813 pudoris
1738 3745 1817 3799 in-

225 3834 368 3899 fecit,
404 3834 453 3888 si
484 3835 535 3888 itt
568 3836 861 3905 semetipso
892 3850 1084 3889 novum
1118 3834 1391 3889 hominem
1426 3852 1556 3891 nece
1586 3836 1814 3892 hominis

222 3941 267 3980 ot
288 3928 442 3991 cidit,
475 3928 518 3979 si
555 3942 647 3995 per
674 3942 925 3995 augures,
950 3938 999 3980 et
1025 3927 1237 3980 divinos
1266 3938 1424 3997 atque
1453 3928 1814 3983 incantatores

218 4019 495 4084 captivum
535 4033 593 4073 se
625 4018 840 4073 diabolo
883 4018 1130 4081 tradidit;
1175 4018 1287 4073 haec
1318 4030 1482 4088 atque
1508 4019 1811 4087 hujusmodi

216 4109 508 4164 commissa
556 4110 760 4178 expiari
797 4110 1004 4178 penitus
1034 4114 1299 4163 communi
1326 4122 1380 4165 et
1413 4112 1694 4179 mediocri,
1730 4110 1811 4166 vel

215 4209 433 4256 secreta
465 4201 836 4255 satisfactione
861 4219 964 4254 non
1000 4212 1243 4270 possunt,
1273 4202 1364 4257 sed
1394 4219 1583 4272 graves
1615 4218 1809 4269 caus:t-,

210 4294 495 4360 graviores
543 4302 595 4347 et
636 4293 896 4356 acriores,
942 4303 994 4345 et
1041 4294 1279 4361 publicas
1319 4310 1477 4347 curas
1512 4296 1809 4364 requirunt.

216 4382 282 4438 Ut
300 4385 391 4452 qui
405 4398 525 4437 cum
544 4384 896 4452 plurimorum
920 4384 1153 4437 chtrttcl
1168 4385 1289 4438 ioue
1312 4401 1368 4438 se
1387 4386 1612 4452 perdidit
1628 4386 1808 4449 ,simili

211 4475 379 4527 modo
400 4489 522 4528 cum
549 4476 898 4543 plurimorum
924 4476 1278 4531 :t-difical'rone
1302 4493 1358 4530 se
1383 4478 1810 4533 redimatJlomo

209 4570 359 4621 enim
394 4567 510 4636 ipse
539 4582 598 4621 se
624 4567 844 4637 decipit,
879 4568 923 4622 si
953 4583 1072 4621 cum
1107 4570 1157 4621 in
1187 4568 1432 4623 medullis
1472 4569 1681 4623 fervere
1706 4570 1805 4623 sibi

215 4660 420 4714 sentiat
445 4659 713 4724 morbum,
754 4677 845 4728 per
859 4676 1008 4730 supet
1024 4660 1195 4715 ficiem
1211 4663 1449 4731 corporis
1469 4663 1628 4716 molle
1642 4662 1809 4739 dedu-

208 4755 808 4822 t‘atungueutum.ll;cc
824 4755 1002 4823 itaque
1017 4755 1332 4823 principalia
1353 4755 1489 4809 mala
1509 4756 1707 4825 ingenti
1727 4772 1807 4810 ru-

207 4862 241 4913 κ
270 4858 351 4907 tu,
371 4846 575 4914 gemitu
602 4856 654 4900 et
685 4845 831 4901 fonte
864 4846 1099 4916 indigent
1125 4848 1669 4917 lacrymarum,eique
1692 4854 1807 4912 pust

208 4936 625 5007 lacrymaudum
660 4948 740 4990 est
772 4954 892 4992 cum
924 4940 1183 5005 propheta
1216 4955 1225 4988 :
1262 4936 1536 5007 Iiugicbam
1560 4954 1590 4989 a
1619 4938 1803 5007 gemitu

211 5029 385 5081 cordis
410 5030 507 5081 mei
519 5044 539 5093 ,'
568 5026 746 5081 larabo
763 5045 849 5097 per
870 5029 1095 5097 singulas
1115 5037 1279 5080 uortrs
1302 5028 1485 5081 lectum
1500 5043 1662 5081 meum
1686 5026 1801 5096 (Ps.

212 5123 313 5188 rt).
336 5120 401 5173 Et
423 5122 621 5177 iterum
654 5138 666 5172 :
703 5118 814 5192 Ego
841 5130 1007 5173 autem
1034 5123 1253 5173 cinerem
1284 5120 1413 5171 sicut
1437 5135 1621 5187 panem
1653 5136 1798 5172 nran-

212 5211 492 5274 ducabam,
520 5219 566 5264 et
591 5220 766 5277 potum
793 5228 954 5263 meum
977 5206 1089 5263 cum
1111 5212 1234 5281 ﬂetu
1259 5209 1531 5279 miscebant
1556 5209 1671 5281 (Ps.
1698 5211 1796 5278 ει).

214 5304 384 5359 Nemo
408 5304 673 5372 despiciat
698 5306 835 5358 hanc
868 5303 1245 5358 humilitatem.
1270 5303 1520 5357 Summus
1542 5320 1633 5356 rex
1663 5314 1799 5372 erat,

213 5398 308 5464 qui
336 5397 435 5449 ista
467 5396 716 5462 dicebat;
746 5412 987 5451 summus
1015 5413 1107 5450 rex
1137 5407 1273 5461 erat,
1307 5396 1393 5463 qui
1421 5396 1516 5448 ista
1552 5396 1797 5450 faciebat.

215 5492 443 5556 Oportet
475 5490 653 5557 itaque
682 5491 821 5543 sicut
848 5505 1007 5557 supra
1059 5502 1325 5542 mortuum
1362 5489 1753 5542 conclamatum
1782 5530 1796 5553 ,

218 5581 289 5631 ita
322 5594 542 5648 magnos
566 5594 724 5648 Supra
755 5581 1073 5634 exstitit-tam
1102 5579 1329 5632 animam
1361 5578 1488 5633 dare
1519 5579 1757 5647 planctus
1784 5596 1795 5631 :

216 5682 272 5724 et
295 5672 566 5738 quomodo
598 5674 731 5727 solet
764 5684 935 5727 mater
964 5673 1093 5726 orba
1124 5670 1328 5742 (Forte,
1385 5672 1594 5745 orbata]
1639 5688 1798 5743 super

219 5762 511 5819 amissione
534 5763 680 5820 unici
705 5764 784 5821 ’sui
816 5763 981 5820 fracto
1008 5773 1225 5832 pectore
1246 5758 1553 5833 lamentari,
1576 5764 1649 5821 ita
1676 5779 1793 5821 con-

1921 3279 2276 3336 mi~ereretur
2299 3323 2314 3346 ,
2346 3291 2403 3334 ut
2431 3281 2829 3336 abundantibus
2864 3281 3021 3336 bouis
3059 3284 3316 3351 operibm
3340 3325 3354 3349 ,
3391 3286 3503 3340 luce

1920 3374 2309 3445 redemptionis
2337 3389 2447 3428 suae
2470 3375 2682 3429 occasio
2705 3388 2813 3429 non
2836 3374 3067 3435 deesset.
3100 3385 3158 3429 ut
3185 3377 3501 3432 benevolum

1920 3468 2242 3536 locupletem
2271 3509 2284 3533 ,
2316 3466 2482 3520 etiam
2516 3466 2695 3533 inopia
2726 3466 2899 3520 aliena
2924 3465 3124 3520 ditaret
3148 3506 3163 3528 .
3195 3478 3247 3521 et
3275 3470 3502 3535 opulcn-

1919 3559 2023 3613 tior
2048 3560 2275 3627 quisque
2303 3558 2534 3625 iugentia
2559 3558 2626 3611 de
2645 3558 2996 3624 egentelucra
3011 3559 3273 3627 reciperet
3294 3557 3498 3630 (Forte,

1917 3650 2108 3703 lucrari
2138 3647 2383 3718 coeperit]
2421 3664 2435 3701 :
2466 3658 2518 3701 et
2541 3649 2765 3701 mirifico
2796 3661 3111 3716 summoque
3134 3653 3456 3704 eumutercio
3484 3697 3497 3716 ,

1915 3741 2040 3794 dum
2091 3740 2234 3805 inopi
2262 3739 2626 3793 misericordia
2657 3740 2982 3808 temporaria
3012 3741 3256 3810 largitate
3282 3744 3497 3798 confer-

1918 3842 2002 3886 tur
2030 3816 2179 3894 ,sibi
2210 3822 2442 3886 aeternus
2472 3831 2757 3885 thesaurus
2787 3840 3251 3901 cumpensaietnr.
3287 3834 3493 3905 Dirigu-

1918 3937 2035 3978 mus
2058 3932 2209 3977 actus
2240 3931 2475 3983 nostros,
2497 3932 2551 3977 et
2569 3920 2826 3991 quidquid
2842 3936 3146 3993 possumus,
3162 3937 3214 3979 et
3237 3927 3495 3996 quidquid

1915 4016 2155 4069 valemus
2176 4056 2189 4079 ,
2225 4014 2275 4067 itt
2309 4013 2564 4068 exercitia
2593 4013 2751 4068 home
2781 4016 3071 4068 voluntatis
3094 4058 3106 4077 ,
3130 4018 3181 4068 iu
3213 4016 3385 4070 studia
3411 4019 3496 4085 ju-

1915 4106 2078 4160 stitim
2108 4120 2169 4159 ac
2202 4104 2588 4158 misericordia:
2619 4105 2980 4160 Conferamus.
3031 4106 3326 4160 Curramus
3368 4110 3493 4162 dum

1915 4196 2086 4252 lucem
2120 4197 2377 4251 habemus
2401 4238 2416 4260 ,
2449 4197 2594 4263 prius
2621 4214 2768 4266 quam
2800 4212 2892 4250 nos
2920 4198 3137 4251 tenebrw
3163 4214 3294 4265 com,
3314 4200 3493 4253 rchen-

1914 4291 2038 4343 dnut
2068 4287 2246 4360 (Joau.
2270 4304 2364 4355 xu,
2390 4286 2507 4357 55),
2541 4290 2661 4357 quia
2684 4290 2793 4356 jam
2823 4290 2873 4343 iu
2900 4290 2993 4343 illo
3028 4292 3226 4343 smrulo
3246 4293 3494 4347 emenda-

1916 4384 2044 4437 εἰοειὶ
2078 4397 2139 4436 ac
2170 4383 2524 4449 redemptioni
2575 4381 2888 4450 prostiiccre
2939 4397 3043 4435 non
3094 4383 3292 4437 licebit.
3344 4385 3493 4440 Sicut

1914 4475 2044 4527 dicit
2067 4488 2245 4527 Sermo
2267 4473 2523 4526 divinus:
2564 4473 2818 4536 Quoniam
2867 4488 2966 4525 non
3010 4484 3081 4526 est
3124 4474 3174 4525 in
3202 4486 3361 4527 morte
3402 4480 3491 4545 qui

1915 4580 2106 4620 Memor
2132 4568 2199 4621 sit
2223 4566 2295 4619 lui
2330 4562 2448 4635 (Ps.
2482 4566 2577 4633 γι).
2598 4566 2741 4621 Sicut
2778 4581 2905 4634 ergo
2936 4566 3006 4618 ibi
3035 4566 3144 4634 jam
3176 4568 3319 4619 nulla
3346 4569 3491 4622 time-

1916 4657 2058 4713 bitur
2084 4660 2403 4713 meritorum
2430 4658 2673 4720 amissio,
2697 4657 2764 4710 ita
2799 4657 2937 4710 nulla
2962 4659 3225 4711 tribuetur
3246 4661 3491 4714 rettiissin

1914 4763 2279 4820 peccatorum.
2328 4746 2480 4803 Nulla
2520 4749 2631 4818 jam
2677 4750 2748 4803 ibi
2790 4751 3075 4804 exercendi
3132 4750 3252 4803 boni
3311 4754 3492 4819 operis

1914 4842 2127 4896 licentia
2175 4841 2525 4895 concedetur.
2556 4840 2821 4909 Numquid
2874 4841 2981 4895 illc
3027 4856 3247 4909 pascete
3298 4842 3492 4910 aliquis

1912 4935 2238 4989 esurientem
2272 4935 2467 5002 poterit
2493 4972 2507 4999 ,
2541 4932 2628 4985 ubi
2656 4931 2847 4986 edendi
2877 4940 2930 4985 et
2952 4931 3165 4984 bibendi
3198 4933 3490 4985 necessitas

1911 5042 2027 5097 non
2059 5025 2194 5091 erit,
2227 5024 2315 5078 ubi
2345 5024 2466 5078 cibo
2496 5031 2551 5076 et
2594 5031 2721 5091 potu
2754 5038 2850 5076 uec
2897 5022 3093 5089 impius
3123 5022 3263 5076 inter
3295 5021 3489 5074 inferni

1910 5117 2149 5170 flammas
2171 5158 2184 5180 ,
2232 5130 2327 5169 nec
2357 5116 2472 5182 pius
2500 5114 2639 5167 inter
2670 5114 2896 5182 paradisi
2927 5115 3147 5167 delicias
3187 5113 3487 5180 indigebit?

1910 5205 2174 5276 Numquid
2208 5207 2275 5260 ibi
2308 5208 2570 5271 algentem
2600 5207 2799 5259 vestire
2822 5204 3115 5273 centioget,
3147 5206 3233 5256 tibi
3266 5208 3483 5259 tilllﬂtlzo

1910 5298 2120 5369 trgrndi
2147 5298 2388 5365 corporis
2410 5308 2539 5350 cura
2579 5298 2839 5359 ceSSabit;
2880 5296 2966 5349 ubi
3003 5296 3102 5349 sub
3128 5296 3220 5349 illo
3246 5295 3442 5363 {rigore
3468 5340 3481 5356 .

1906 5390 1973 5443 de.
2000 5405 2105 5459 quo
2133 5389 2390 5459 propheta
2423 5388 2550 5441 dicit
2574 5407 2586 5441 :
2634 5389 2763 5441 Ante
2787 5388 2967 5458 fttrt'em
2998 5389 3203 5457 frigoris
3234 5391 3343 5460 (jus
3370 5391 3481 5451 quis

1901 5482 2169 5537 sustinebit
2202 5480 2311 5553 [ΑΙ.
2340 5481 2578 5534 subsistet
2610 5478 2725 5549 (Ps.
2757 5477 2980 5549 CXLVIIH
3007 5496 3020 5543 ;
3074 5480 3161 5533 ubi
3210 5479 3259 5533 in
3295 5496 3482 5549 perpe~

1902 5586 2053 5632 tuum
2084 5577 2253 5630 nudus
2276 5576 2381 5629 crit
2408 5575 2496 5643 qui
2528 5575 2615 5626 hic
2650 5574 3017 5627 indumentum
3050 5570 3283 5642 nuptiale
3304 5577 3480 5641 pcrdi-

1900 5671 2069 5734 derit;
2120 5670 2206 5721 ubi
2265 5668 2438 5721 malus
2483 5667 2769 5719 tnaculosm
2809 5666 3150 5719 Conscientiae
3202 5667 3433 5718 tenebris
3462 5704 3478 5724 .

1899 5762 2072 5820 bonus
2101 5775 2228 5817 vero
2259 5759 2419 5829 pallio
2451 5756 2871 5814 immortalitatis
2916 5766 2983 5813 et
3011 5757 3356 5815 beatitudinis
3388 5772 3476 5814 ve-
