3910 6168
462 238 567 295 859

1445 244 1482 299 S
1546 243 1864 298 ElTClll'Jill
1905 241 2379 299 LUGDUNENSIS
2421 241 2720 301 EPISCOPI

3529 258 3601 311 860

459 371 678 426 siletur;
720 358 806 415 ubi
836 360 1139 417 indumenta
1167 362 1357 414 merita
1380 366 1558 419 erunt,
1583 358 1717 411 sicut
1742 356 1865 413 dicit
1891 356 2017 425 [Do-
2049 358 2091 413 Α
2128 355 2365 421 Herode,
2408 358 2532 411 dum
2571 359 2843 414 Chrisutzn
2866 363 3217 429 persequitur,
3257 366 3395 419 millia
3429 370 3602 426 felicium

462 455 686 527 minusz‘)
719 456 858 509 Tunc
869 457 999 527 justi
1019 454 1312 524 fulgebunt;
1363 464 1416 508 et
1464 454 1651 507 iterum
1688 454 2027 509 :Sacerdotes

460 551 531 601 tui
557 550 829 603 induantur
852 549 1107 617 justitiam
1136 546 1252 613 (P8.
1277 547 1495 613 CXXXI);
1546 547 1626 600 vel
1660 546 1787 599 illud
1812 563 1826 600 :
1859 546 2029 600 Astitit

460 641 635 699 reqiua
673 656 703 690 a
750 639 940 691 dextris
983 640 1082 691 tuis
1116 640 1165 689 in
1198 640 1377 691 restim
1402 638 1649 689 dmuruto
1678 636 1795 707 (l’s.
1842 637 2030 703 xciv)?

462 727 557 779 llbi
590 742 716 795 ergo
747 742 842 794 pro
867 740 1172 781 sanctorum
1202 744 1486 794 corporum
1531 729 1705 781 tunica
1746 729 1832 781 lux
1864 727 2030 781 reful-

457 816 600 883 gvbit
649 825 869 881 a'terna,
920 819 988 870 ibi
1037 827 1259 871 vestitus
1311 834 1596 887 numquam
1647 818 1769 873 ullis
1817 818 2030 875 smculis

457 907 733 961 exin-udus
775 920 1120 961 cottvertetur
1172 908 1222 960 in
1273 923 1490 975 corpus,
1542 908 1609 961 ibi
1661 907 2027 961 indumentum

461 1001 704 1052 transibit
738 1000 787 1053 in
814 1003 1116 1068 pranniutn,
1142 999 1210 1051 ibi
1237 1002 1475 1067 angelica
1507 999 1591 1051 illa
1624 998 1757 1052 stola
1788 1014 1890 1051 non
1920 998 2026 1067 iam

456 1094 557 1145 erit
585 1092 831 1157 amictus,
859 1110 961 1145 non
982 1092 1091 1160 jam
1112 1094 1212 1147 erit
1237 1093 1468 1159 habitus,
1502 1092 1595 1146 sed
1627 1102 1834 1144 natura.
1865 1090 2031 1145 Num-

456 1186 583 1253 quid
629 1186 698 1239 ibi
725 1187 835 1255 jam
881 1200 1072 1240 avarus
1118 1195 1208 1239 aut
1246 1193 1403 1239 tenax
1445 1186 1512 1239 de
1556 1184 1881 1238 abundantia
1930 1196 2028 1236 sua

461 1278 783 1332 benefacere
828 1279 980 1333 alteri
1015 1282 1230 1347 poterit,
1264 1278 1352 1332 ubi
1383 1295 1448 1331 ne
1480 1278 1578 1330 sibi
1614 1276 1830 1344 quidem
1865 1289 2025 1327 unam

454 1381 655 1437 guttam
683 1371 733 1422 in
766 1368 939 1424 medio
961 1372 1132 1439 stagni
1176 1373 1452 1423 aestuantis
1481 1369 1727 1421 voluntas
1749 1368 1981 1422 inveniet
2005 1367 2028 1420 τ

454 1465 494 1515 Ν
522 1464 592 1515 hil
634 1465 777 1517 enim
817 1477 997 1516 secum
1024 1464 1089 1514 de
1114 1463 1194 1516 his
1220 1476 1339 1530 qum
1368 1461 1579 1529 pr0pria
1606 1460 1805 1513 habere
1833 1474 1890 1513 se
1912 1474 2028 1514 cre-

454 1555 608 1622 dulit,
633 1564 937 1622 portaturus
966 1565 1044 1610 est
1066 1554 1229 1625 (sicut
1258 1554 1386 1608 dixit
1411 1551 1721 1622 propheta):
1752 1551 1874 1605 Non
1893 1553 2026 1604 enim

454 1662 571 1697 cum
615 1647 879 1710 morietur,
911 1647 1125 1713 accipiet
1168 1634 1361 1712 omnia,
1393 1661 1551 1713 neque
1577 1645 1729 1698 simul
1758 1644 2025 1697 descendet

454 1753 566 1788 cum
594 1753 655 1789 eo
675 1736 843 1807 gloria
872 1738 1052 1790 donius
1073 1739 1185 1808 ejus
1214 1734 1329 1805 (Ps.
1366 1751 1552 1801 XLVIII,
1604 1734 1715 1804 l8),
1744 1734 2023 1787 auditurus

456 1829 595 1881 inter
616 1829 825 1883 defessa
859 1828 1115 1896 supplicia
1140 1845 1154 1883 :
1188 1828 1390 1882 Esurivi
1414 1868 1428 1889 ,
1458 1837 1503 1880 ct
1534 1843 1633 1879 non
1659 1826 1871 1879 dedistis
1899 1824 2026 1877 mihi

453 1920 795 1983 manducare;
820 1921 975 1983 sitioi,
1006 1930 1177 1973 etnon
1205 1919 1417 1972 dedistis
1456 1918 1579 1970 milii
1622 1916 1787 1969 bibere
1809 1914 2023 1978 (Matth.

454 2009 609 2080 xxv).
656 2009 1022 2079 In'elligatnus
1060 2010 1185 2079 quid
1231 2009 1590 2064 damnationis
1634 2007 1737 2063 erit
1764 2008 2025 2076 spoliasse

454 2116 738 2169 paupctem
767 2141 782 2165 ,
813 2117 968 2170 quem
1008 2116 1273 2154 summum
1314 2102 1517 2155 crimen
1546 2110 1629 2153 est
1656 2114 1761 2152 non
1792 2098 2022 2165 pavisse.

453 2192 584 2246 Iluie
620 2208 749 2263 ergo
774 2196 862 2263 qui
900 2202 1112 2247 tenuem
1142 2203 1301 2264 atque
1326 2207 1552 2262 egenum
1582 2194 1700 2245 sine
1729 2191 1829 2245 ul'a
1861 2189 2022 2245 futuri

450 2285 632 2353 iudicii
655 2286 1085 2341 consideratione
1112 2300 1253 2340 nunc
1272 2284 1601 2353 comprimit,
1638 2284 1782 2348 huic,
1805 2283 2023 2354 inquam

451 2377 612 2441 (sicut
638 2377 761 2443 quid
780 2394 850 2429 IIII
875 2376 1052 2445 dixit),
1075 2376 1317 2430 Adveniet
1341 2385 1560 2442 tempus,
1580 2390 1697 2429 cum
1718 2374 1969 2442 aptaverit
1990 2389 2023 2426 α

451 2481 500 2518 se
527 2467 684 2533 fuisse
724 2469 971 2520 intactum
994 2483 1282 2539 pauperem,
1331 2476 1378 2519 et
1423 2481 1525 2519 non
1565 2467 1841 2535 spoliatum
1876 2481 2021 2534 quem

451 2557 665 2619 oderat;
696 2568 748 2611 et
769 2573 927 2625 quam
950 2557 1058 2625 jam
1084 2557 1430 2611 intolerabilis
1459 2555 1611 2611 dolor
1639 2557 1740 2609 erit
1761 2595 1778 2620 ,
1823 2557 1867 2609 si
1899 2554 2022 2609 inde

450 2649 731 2716 quisquam
755 2663 944 2702 causas
975 2648 1163 2702 mortis
1194 2647 1435 2702 incurrat
1458 2686 1474 2713 ,
1506 2644 1650 2700 unde
1681 2645 1802 2699 vita:
1831 2642 2021 2714 gaudia

449 2754 763 2807 comparare
787 2738 1087 2806 potuisset?
1120 2737 1242 2791 Noli
1281 2753 1407 2807 ergo
1448 2737 1727 2804 despicere
1769 2738 2016 2804 inopem,

445 2831 531 2899 qui
555 2846 675 2883 cum
698 2831 802 2884 sibi
834 2846 1034 2898 pauper
1054 2832 1147 2895 sit,
1180 2829 1357 2885 facere
1384 2840 1434 2883 te
1454 2830 1670 2884 divitem
1699 2835 1905 2898 potest:
1937 2842 2021 2881 ra-

448 2922 652 2989 piamus
681 2938 808 2991 ergo
828 2922 894 2977 de
920 2922 1171 2991 przesenti
1193 2923 1392 2976 saeculo
1411 2962 1426 2988 ,
1454 2921 1680 2975 ferventi
1708 2920 2014 2986 demitione,

447 3014 587 3079 quod
621 3028 922 3081 postumus.
956 3012 1075 3067 Cito
1120 3023 1404 3068 transeunt
1431 3013 1547 3068 dies
1574 3013 1764 3078 nostri,
1816 3013 2018 3065 utinam

453 3106 590 3160 bene
628 3115 898 3161 transeant
927 3106 942 3160 Ξ
978 3105 1262 3175 Rapiamns
1305 3122 1433 3174 ergo
1470 3105 1610 3175 quod
1643 3119 1925 3173 possttmtts
1956 3104 2022 3158 de

450 3199 552 3252 hoc
581 3199 801 3263 smculo,
849 3202 1047 3267 gratias
1091 3212 1311 3268 agentes
1341 3199 1419 3253 illi
1452 3202 1538 3267 qui
1573 3201 1641 3252 ita
1687 3199 2023 3266 diSpeusavit

390 3328 403 3337 -.
448 3303 730 3356 utramque
761 3292 919 3343 vitam
940 3329 956 3352 ,
986 3300 1042 3343 ut
1063 3290 1298 3344 laborum
1322 3301 1371 3343 et
1401 3307 1630 3359 agonum
1657 3300 1890 3358 tempora
1915 3290 2022 3351 cito

449 3380 750 3443 linirentur,
780 3379 1039 3434 honorum
1085 3396 1212 3434 vero
1243 3391 1294 3434 ct
1326 3382 1661 3449 prmmiorum
1689 3382 1876 3451 gaudia
1906 3381 2021 3435 sine

447 3470 551 3525 tie
579 3471 855 3525 durarent.

1084 3563 1383 3618 llOillLlA.

766 3652 842 3708 De
861 3664 1034 3709 sancta
1060 3652 1319 3708 Blamliua
1348 3653 1697 3723 Lugdunensi.

515 3745 736 3801 Etiamsi
777 3748 1110 3818 martyribus
1149 3749 1388 3818 regionis
1425 3760 1696 3803 extranea:
1739 3748 1821 3818 pia
1863 3756 2018 3804 voto-

442 3855 559 3891 rton
599 3840 783 3894 debita
813 3840 1183 3903 redderemus,
1220 3840 1453 3910 pt‘Opt‘iis
1487 3841 1772 3895 couSoIere
1805 3839 2011 3894 utilita-

444 3932 583 3982 tibus
620 3940 678 3984 et
710 3931 1009 3985 commodis
1057 3931 1433 4000 proharemur,
1483 3942 1701 3987 nostros
1750 3947 1842 3987 eos
1885 3932 2017 3986 lid-ts

442 4026 663 4088 faceret,
696 4036 748 4079 et
787 4027 1013 4080 remotis
1039 4028 1331 4093 quamlibet
1361 4025 1585 4091 ﬁnibus,
1616 4042 1831 4095 Sperata
1860 4027 2017 4082 nobis

442 4118 737 4181 patrocinia
782 4130 1157 4187 corrogarent.
1209 4119 1519 4174 Studiorum
1569 4120 1835 4189 siquidem
1891 4130 2017 4175 sunt

442 4206 745 4276 hujustuodi
783 4207 1072 4277 sutfragia,
1121 4224 1226 4263 non
1266 4210 1505 4263 locorum
1549 4227 1563 4263 :
1606 4212 1830 4279 proinde
1871 4212 2010 4278 apud

440 4300 767 4354 domesticos
808 4300 900 4355 Del
941 4309 1145 4356 tantum
1194 4300 1600 4354 intercessionis
1652 4303 2012 4368 promereris,

436 4399 692 4457 quantum
738 4392 1105 4445 venerationis
1152 4391 1504 4457 itnpenderis.
1554 4393 1781 4459 Oportet
1831 4392 2015 4461 itaque

2133 449 2396 500 exstincta
2440 464 2563 503 esse
2596 465 2905 517 puerorum,
2942 450 3152 506 dicente
3184 459 3409 523 propheta
3432 479 3442 512 :
3465 463 3606 519 Rachel

2130 538 2340 605 plorans
2391 542 2527 607 ﬁlios
2582 558 2740 604 suos,
2801 554 2844 594 et
2902 544 3065 595 noluit
3123 551 3356 601 consolari
3395 555 3492 621 quia
3537 574 3605 608 non

2130 640 2245 681 sunt
2284 629 2420 698 (λι-ν.
2465 648 2611 693 xxxt,
2658 633 2751 696 lii;
2796 632 2981 686 ."tt'llh.
3026 651 3083 701 It,
3135 638 3231 702 l8).
3274 639 3334 693 ita
3370 642 3465 698 hate
3495 645 3607 701 beata

2134 734 2346 785 parens,
2382 734 2432 773 et
2467 724 2872 791 triumphalium
2910 726 3134 781 illustris
3164 731 3317 796 patria
3345 733 3608 808 bellatorum,

2133 816 2397 861 Ltntorutu
2437 812 2593 865 dives
2637 815 2921 881 pignorum
2966 817 3170 870 meritis
3195 858 3208 880 ,
3254 822 3345 874 etsi
3379 824 3432 877 ad
3468 842 3611 881 monu-

2132 908 2369 951 mentum
2411 901 2581 955 oculis
2623 904 3015 972 inSpicietttium
3069 908 3241 962 orbari
3290 915 3386 965 visa
3421 925 3501 980 est,
3544 933 3610 971 ne-

2132 1005 2393 1058 quaquam
2437 1002 2613 1048 tamen
2656 994 2853 1064 indiget
2893 998 3183 1067 Ct-llSUiari,
3224 1017 3313 1057 nec
3350 1005 3492 1073 plorat
3514 1009 3614 1063 lilios

2135 1099 2301 1138 suos:
2336 1087 2457 1153 quia
2502 1087 2552 1141 in
2585 1086 2829 1142 videndis
2870 1092 3102 1145 luctibus
3140 1093 3258 1147 dum
3297 1097 3526 1167 perderet,
3551 1114 3615 1156 ac-

2130 1174 2368 1244 quisrvit.
2401 1175 2751 1233 Fiducialiter
2791 1181 2930 1236 inter
2970 1184 3083 1237 hmc
3124 1193 3316 1251 tecum,
3352 1202 3381 1241 ο
3405 1189 3618 1245 Bethleem

2132 1273 2275 1318 terra
2322 1265 2457 1321 Juda
2507 1268 2663 1337 (qua:
2713 1269 2939 1325 Herodis
2980 1272 3352 1328 immanitatem
3397 1290 3617 1344 puerorum

2130 1356 2491 1412 exstinctione
2541 1374 2797 1427 perpessa
2850 1377 2939 1426 es;
2994 1379 3112 1432 qua:
3165 1364 3259 1419 sub
3307 1384 3401 1419 nuo
3434 1382 3621 1438 tempore

2129 1448 2466 1502 caudidatam
2520 1449 2731 1519 plebem
2782 1450 3014 1506 imbellis
3065 1453 3295 1509 infantia:
3342 1457 3435 1509 Deo
3476 1459 3622 1513 ollerrc

2132 1541 2439 1606 meruisti);
2466 1541 2647 1607 digt-e,
2681 1541 2921 1608 inquom,
2954 1553 2985 1594 tt
3009 1558 3156 1610 cum,
3188 1565 3216 1594 ιι
3241 1545 3623 1617 Bethlcctn,Lug-

2132 1629 2308 1683 duntts
2358 1643 2540 1685 n05ter
2580 1641 2836 1696 certaret,
2873 1643 2927 1687 et
2956 1648 3117 1700 super
3156 1634 3341 1689 divinis
3367 1638 3489 1691 circa
3515 1650 3625 1692 utra-

2056 1720 2103 1781 Β
2130 1742 2231 1793 que
2260 1725 2541 1780 beneficiis
2575 1725 2715 1779 velut
2749 1727 2946 1779 collato
2990 1738 3161 1781 tecuut
3195 1744 3427 1782 Si‘l‘lllt=llc
3452 1742 3622 1783 contru-

2127 1819 2304 1884 deret,
2338 1819 2407 1872 ita
2433 1819 2619 1873 dicens
2645 1837 2657 1872 :
2681 1820 2723 1873 0
2750 1819 3020 1873 Bethleem
3039 1864 3052 1885 ,
3087 1825 3140 1875 in
3169 1832 3437 1893 martyrum
3467 1836 3627 1876 nosno-

2127 1927 2243 1965 rum
2272 1912 2440 1965 titulis
2465 1922 2518 1965 ttt
2549 1929 2774 1967 numero
2804 1914 3029 1968 fortasse
3058 1915 3352 1983 prtecedas;
3375 1931 3461 1986 ego
3485 1916 3627 1970 merito

2129 2003 2181 2056 in
2226 2004 2333 2057 tuis
2374 2004 2679 2059 interfeCIio
2719 2006 2821 2071 fni,
2864 2004 3141 2061 confessio
3178 2023 3279 2061 non
3317 2008 3413 2071 fui;
3453 2007 3498 2061 in
3532 2009 3630 2059 mcis

2128 2093 2439 2148 colluctatio
2480 2096 2768 2163 passionis,
2813 2096 2863 2149 in
2906 2096 3010 2149 tuis
3049 2098 3164 2150 sola
3196 2097 3290 2151 fuit
3319 2099 3628 2167 opportunitas

2124 2192 2179 2238 et
2216 2184 2427 2239 occasio
2459 2184 2767 2252 felicitatis;
2808 2197 2860 2239 te
2886 2186 3061 2241 exitus
3088 2188 3279 2242 ditavit
3308 2188 3630 2252 benedicti-tie,

2126 2291 2214 2332 me
2253 2281 2451 2342 virtus;
2504 2288 2557 2332 tu
2596 2279 2647 2332 in
2673 2280 2931 2348 sanguine
2973 2281 3313 2348 parvulorum
3361 2281 3541 2350 potuisti
3576 2282 3631 2331 vi-

2123 2366 2251 2421 dere
2281 2378 2592 2437 pereuntes,
2625 2386 2729 2422 nou
2779 2370 2999 2438 potuisti
3045 2382 3363 2442 eXSpectare
3393 2382 3633 2432 certante»;

2124 2467 2177 2512 te
2233 2461 2517 2513 comitavit
2583 2463 2883 2514 innocentia
2948 2464 3332 2532 morientium,
3388 2480 3462 2518 tne
3506 2465 3633 2532 gloria

2124 2551 2588 2621 triumphantum;
2657 2555 2729 2610 tui
2780 2556 2829 2609 in
2882 2557 3167 2624 pra'ntium
3220 2559 3360 2628 regni
3407 2561 3506 2610 sine
3539 2572 3637 2609 con-

2121 2642 2345 2698 scientia
2391 2660 2685 2714 pervenere
2733 2647 2996 2719 martyrii,
3039 2649 3149 2703 mei
3177 2659 3345 2704 autem
3374 2647 3633 2703 cruciatibus

2121 2732 2339 2801 afﬂicti,
2383 2736 2664 2804 ευιιριίοἰὶε
2709 2738 2993 2805 explorati,
3028 2740 3189 2794 szevis
3220 2740 3418 2810 ignibus
3444 2736 3637 2794 sacriﬁcii

2122 2842 2273 2882 more
2297 2826 2526 2894 decocti,
2553 2838 2775 2899 quantas
2822 2842 3185 2900 snserperuut
3226 2832 3277 2886 itt
3325 2847 3525 2901 corpore
3558 2845 3637 2897 pm.

2123 2932 2240 2979 nas,
2274 2928 2452 2973 tantas
2482 2918 2533 2971 in
2571 2919 2764 2988 Spiritu
2814 2934 3179 2991 perceperunt
3229 2938 3471 2988 coronas;
3515 2922 3641 2975 acac

2124 3023 2219 3076 per
2273 3015 2665 3064 tormentorum
2728 3010 2908 3079 plagas
2961 3023 3016 3066 et
3082 3014 3444 3083 torquentium
3505 3022 3641 3063 moras

2050 3090 2093 3150 C
2131 3102 2276 3171 prius
2315 3104 2615 3158 consecrati
2656 3113 2779 3157 sunt
2815 3119 2972 3173 quam
3019 3106 3316 3175 perempti;
3364 3115 3416 3159 tu
3456 3100 3643 3156 obtulisti

2125 3195 2281 3250 annis
2321 3196 2595 3265 parvulos,
2645 3211 2746 3266 ego
2793 3197 2954 3250 etiam
3006 3200 3226 3252 meritis
3257 3204 3643 3251 consummatos:

2122 3303 2221 3357 ego
2246 3288 2418 3342 obtuli
2445 3290 2532 3358 qui
2564 3304 2658 3357 per
2704 3298 2968 3342 tormenta
3001 3306 3102 3344 sua
3138 3292 3429 3351 vincerent,
3455 3300 3556 3339 Clllll
3581 3298 3646 3351 pc-

2125 3382 2347 3435 riclitari
2393 3383 2444 3435 in
2478 3382 2582 3436 fide
2615 3383 2941 3451 potuissent;
2991 3391 3053 3436 tu
3080 3384 3321 3436 obtulisti
3354 3382 3433 3449 qui
3464 3382 3644 3431 irttrlnut

2127 3476 2395 3530 moriendi
2432 3476 2629 3532 habere
2660 3486 2902 3545 possent,
2935 3479 3237 3546 periculum
3269 3496 3314 3529 nt
3334 3474 3477 3546 gandi
3505 3472 3649 3526 timere

2123 3584 2226 3624 non
2274 3579 2520 3639 possent;
2570 3580 2623 3623 tu
2671 3570 2910 3623 obtulisti
2959 3569 3241 3623 infirmum
3289 3567 3551 3635 ptlpttiu'tt,
3595 3575 3644 3610 nc

2120 3662 2396 3718 Christum
2437 3665 2729 3732 sactilegus
2760 3664 3026 3718 inveniret
3056 3682 3070 3717 :
3105 3680 3207 3734 ego
3237 3662 3397 3717 obtuli
3426 3661 3649 3713 robustum

2122 3772 2447 3819 numerum,
2500 3758 2651 3826 cujus
2694 3756 2945 3822 exetnplo
2986 3758 3161 3810 etiam
3207 3754 3483 3821 sacrillgos
3509 3752 3550 3801 in
3577 3745 3654 3799 sal-

2122 3850 2312 3903 vandis
2354 3859 2756 3919 persecuturum
2788 3848 3052 3903 ministris
3082 3847 3335 3903 Chrisms
3373 3842 3649 3912 acquirert'l-

2120 3941 2400 3995 Postremo
2450 3940 2602 3995 beata
2655 3941 2740 3994 illa
2790 3950 2965 3995 moue
3010 3956 3120 4011 qua
3179 3938 3414 3994 llerodcs
3459 3934 3657 3987 dumsa-

2118 4048 2268 4086 crum
2314 4046 2538 4102 puerum
2584 4032 2772 4102 qua-rit
2806 4032 3009 4094 solum,
3053 4039 3262 4085 tantum
3298 4041 3480 4098 pueros
3508 4026 3657 4075 immo-

2119 4126 2281 4190 lavit;
2336 4125 2667 4194 trinmphnm
2704 4136 2849 4177 tuum
2879 4139 3052 4178 sexus
3087 4138 3249 4187 unus,
3284 4135 3453 4175 meum
3484 4126 3660 4179 ntemttc

2118 4217 2416 4283 promeruit
2463 4233 2476 4269 :
2526 4232 2639 4269 mea
2674 4231 2845 4283 pugna
2886 4215 3126 4283 palmam
3162 4214 3230 4267 de
3262 4208 3440 4266 mundi
3466 4202 3659 4277 principe

2118 4320 2278 4363 ettam
2322 4309 2373 4362 in
2406 4307 2619 4362 feminis
2651 4309 2962 4376 reportavit.
2995 4309 3219 4361 Chorus
3261 4322 3405 4359 meus
3446 4302 3494 4357 in
3520 4296 3662 4369 pueris

2119 4401 2434 4454 innocentes
2472 4410 2590 4454 tuos
2626 4400 2826 4477 habere
2870 4400 3074 4468 potuit,
3114 4401 3311 4453 chorus
3344 4407 3458 4449 tuus
3489 4388 3659 4447 Blandi-

437 4490 493 4532 ιιι
531 4482 735 4535 alienos
772 4483 952 4551 potiris
992 4484 1150 4537 nobis
1187 4484 1402 4536 devotio
1431 4484 1681 4552 religiosa
1725 4486 2005 4549 conciliet,
2041 4458 2090 4516 Ῑ)
2118 4507 2239 4543 nam
2290 4507 2461 4545 mea...
2510 4492 2707 4545 habere
2742 4468 2860 4545 ‘non
2894 4492 3093 4559 potuit.
3131 4490 3392 4545 Pro-stitit
3433 4489 3558 4540 inter
3588 4484 3661 4531 isll

434 4586 593 4638 quam
634 4571 772 4626 forte
813 4576 1111 4642 propriosa
1152 4574 1308 4626 nobis
1349 4574 1676 4643 negligentia
1718 4576 2005 4644 irreligiosi

436 4664 638 4731 teporis
680 4663 893 4716 alienet.
946 4663 1337 4730 Aguoscautue,
1386 4666 1715 4731 charissimi,
1748 4668 1886 4720 circa
1916 4667 2008 4719 Ee-

432 4754 653 4808 rlesiam
705 4763 944 4806 nostram
991 4754 1293 4807 uberiorem
1356 4754 1668 4808 divinorum
1722 4772 2003 4811 munerum

430 4849 768 4918 largitatem;
821 4848 1089 4901 exsultant
1144 4848 1474 4917 singularum
1532 4852 1742 4903 urbitttu
1799 4852 2004 4919 populi,

429 4940 533 4994 etsi
565 4939 727 4993 unius
751 4938 943 4993 saltem
972 4939 1226 5009 martyris
1250 4940 1488 5009 reliquiis
1521 4943 1860 4996 muniantur:
1886 4958 2015 4999 ecce

429 5048 528 5087 nos
575 5030 805 5101 patulos
847 5041 1140 5102 martyrutn
1175 5031 1533 5099 possidemus.
1583 5032 1823 5088 Gaudeat
1873 5045 2013 5090 terra

430 5134 638 5189 nostra,
666 5126 844 5179 nutrix
884 5125 1188 5180 celestiutu
1233 5126 1483 5190 militum,
1524 5139 1575 5183 et
1616 5139 1882 5181 laniarunt
1916 5118 2012 5198 pia-

431 5232 554 5269 ieus
598 5218 823 5271 fecunda
867 5218 1141 5270 virtutum.
1201 5219 1336 5274 Ecce
1388 5216 1644 5286 profanus
1683 5220 1854 5274 hostis
1906 5236 2006 5276 ne-

427 5324 693 5375 quiquam
734 5311 781 5363 ei
825 5319 1029 5364 tantum
1082 5311 1340 5378 prodesse
1393 5312 1656 5379 patuisset
1704 5312 2005 5381 obsequio,

428 5416 682 5466 quantum
714 5403 918 5473 profuit
941 5403 1134 5471 gladio.
1165 5402 1297 5457 Nam
1327 5406 1469 5457 sicut
1498 5405 1854 5459 sacratissimi
1880 5421 2009 5472 prte-

429 5496 598 5548 seutis
635 5495 741 5548 diei
783 5498 1129 5550 manifestam
1168 5496 1328 5560 fests,
1366 5507 1624 5565 quantum
1662 5506 1847 5552 contra
1888 5514 2004 5552 eam

431 5582 687 5649 iniquitas
723 5585 1055 5651 abundavit,
1104 5596 1313 5641 tantum
1356 5589 1409 5641 in
1449 5604 1508 5642 ea
1548 5590 1733 5657 gratia:
1774 5606 1912 5643 nunc
1952 5601 2006 5644 et

429 5672 817 5733 benedictionis
866 5679 1140 5734 exuberat.
1194 5679 1444 5750 Legimus
1504 5680 1555 5735 in
1614 5680 1886 5737 Bethleem
1940 5682 2004 5738 ab

2116 4583 2294 4637 divina
2349 4582 2731 4651 providentia,
2783 4592 2839 4635 ut
2891 4582 2943 4636 iu
2996 4583 3168 4636 tantis
3214 4584 3398 4647 patrue
3429 4568 3661 4629 sacriﬁciis

2113 4676 2276 4730 etiam
2308 4674 2547 4743 pontifex
2577 4691 2683 4728 non
2708 4674 2945 4729 deesset.
2979 4675 3217 4746 Rapitur
3241 4674 3305 4726 ad
3335 4672 3538 4737 impiam
3558 4678 3663 4733 quae

2113 4767 2344 4821 stionem
2385 4766 2701 4835 grando-vus
2744 4777 2796 4819 et
2840 4767 3041 4835 plenus
3070 4768 3282 4819 dierum
3333 4765 3513 4816 beatus
3542 4756 3664 4809 l'atcr

2114 4857 2841 4913 nosterPothinusEcclesim
2882 4857 3050 4925 hujus
3087 4860 3341 4919 antistes,
3380 4866 3431 4908 et
3461 4866 3547 4920 pro
3566 4860 3665 4900 eru-

2116 4949 2355 5013 ditionis,
2408 4958 2465 5002 ut
2512 4947 2806 5012 credimus,
2858 4951 3064 5002 merito
3117 4948 3271 5017 gregi
3313 4938 3661 5012 suujttﬂgiwri

2113 5056 2176 5097 ac
2204 5052 2322 5111 post
2352 5041 2615 5095 Dominici
2654 5041 2899 5111 corporis
2936 5038 3304 5101 sacrificium,
3352 5036 3568 5103 profanis
3594 5026 3663 5081 tri-

2116 5133 2399 5188 bttoalibus
2449 5148 2640 5185 novant
2692 5132 2759 5185 de
2807 5149 2865 5185 se
2904 5132 3146 5185 hostiam
3182 5132 3398 5184 Christo
3433 5128 3663 5180 oblaturus

2112 5219 2363 5275 infertur.
2417 5222 2615 5274 Seuilis
2663 5221 2946 5274 iolirtnitas
2982 5238 3082 5289 per
3117 5222 3344 5287 injurias
3373 5229 3425 5273 et
3461 5212 3662 5270 afﬂictio-

2114 5329 2208 5368 nes
2240 5315 2526 5367 furentium
2564 5314 2930 5367 ministrorum
2961 5314 3039 5367 ita
3073 5316 3313 5367 celerem
3347 5310 3553 5369 sortitur
3575 5301 3661 5355 ω’

2112 5414 2245 5470 tum,
2279 5416 2335 5458 ιιι
2369 5419 2491 5457 eum
2532 5403 2855 5472 intelligere;
2893 5404 2964 5458 ad
3002 5417 3222 5475 tempus
3257 5405 3386 5460 illttd
3428 5400 3517 5457 soli
3549 5407 3657 5450 mar-

2110 5498 2252 5567 tyrio
2279 5510 2635 5549 reservatum.
2666 5495 2813 5551 Felix
2842 5497 2925 5549 cui
2963 5498 3018 5551 in
3052 5498 3175 5565 ipso
3206 5498 3333 5551 vita:
3364 5495 3534 5551 limine
3558 5500 3659 5540 cur

2111 5590 2319 5653 stituto,
2355 5588 2515 5640 linem
2547 5605 2697 5643 suum
2730 5605 2835 5641 non
2865 5600 2975 5641 tam
3014 5600 3227 5644 "altle
3258 5591 3475 5657 contigit
3502 5579 3659 5639 debere

2111 5696 2268 5755 quam
2317 5681 2527 5752 gloriae.
2558 5680 2993 5737 Cor-roborantur
3046 5683 3138 5738 hic
3191 5684 3295 5752 pia:
3339 5689 3530 5737 tuentes
3559 5668 3658 5727 tanti
