3910 6168
165 303 259 356 861

1595 300 1912 362 HUMILM‘S.

3335 318 3438 371 εδει

164 411 403 480 parentis
433 410 718 479 exemplo,
754 420 807 466 et
847 418 1026 480 parata
1065 410 1328 481 supplicia
1364 425 1469 465 non
1506 420 1614 465 tam
1654 427 1752 466 cx-
1790 417 1834 474 Α
1865 420 2073 485 palmas
2113 431 2504 491 extraneasqne
2544 422 2793 477 victirias
2842 433 2898 478 et
2927 441 3156 481 coronas
3179 439 3442 483 actraus-

163 505 373 575 cipiunt
399 516 561 575 quam
588 502 875 558 invadunt.
903 502 1128 559 Diversa
1157 503 1492 559 multimoda!
1520 504 1751 558 crudeli-

166 600 292 653 tatis
326 598 562 667 ingenia,
607 612 883 668 nevosque
925 598 1194 652 cruciatus
1234 599 1286 653 in
1332 609 1507 653 semet
1544 608 1759 651 sancto-

117 694 123 701 ”
165 707 286 745 rutn
339 700 558 759 pectora
603 690 801 745 invicta
850 700 1205 755 consumunt,
1258 704 1312 746 et
1359 692 1755 746 intolerandum

165 781 383 850 pondus
412 781 673 834 malorum
704 781 1103 836 contemnendo
1124 786 1374 847 vincunt,
1393 792 1449 835 et
1473 783 1758 836 sentiendo

162 873 417 927 obtinent
448 880 506 926 nt
540 872 746 926 sentire
771 888 878 926 non
909 872 1151 942 possint;
1197 872 1555 941 subjiciuntur
1582 873 1755 942 ignes,

165 963 265 1018 sed
308 964 379 1017 ad
421 963 523 1018 hoc
558 971 737 1018 tamen
789 950 968 1017 valere
1012 972 1415 1033 cognoscuntur
1467 975 1524 1017 ut
1567 979 1760 1018 consc-

165 1061 329 1109 crent
365 1072 379 1109 :
421 1054 747 1124 instigantur
778 1053 986 1121 bestiae,
1015 1055 1109 1108 sed
1143 1055 1207 1108 ad
1240 1054 1472 1122 prtedam
1501 1068 1652 1107 suam
1684 1054 1759 1108 fe-

166 1149 303 1200 ritas
339 1147 565 1215 impasta
599 1146 830 1200 miratur
859 1145 979 1219 [ΑΙ.
1010 1142 1302 1216 minatur].
1335 1145 1636 1199 Diiacerata
1664 1160 1757 1197 va-

166 1239 251 1290 rio
284 1244 683 1291 tormentorum
720 1252 923 1307 genere
952 1236 1194 1291 membra
1242 1236 1580 1289 sanctificant
1610 1235 1757 1289 llam-

166 1346 275 1383 ma:
326 1326 455 1383 dum
504 1343 730 1398 pascere
774 1329 1041 1393 nesciunt,
1096 1329 1366 1382 honorant
1397 1327 1584 1381 bestiae
1629 1326 1756 1380 dum

164 1421 371 1475 szevire
416 1436 524 1474 non
569 1430 786 1473 norunt.
820 1419 919 1473 Ubi
948 1428 1073 1473 sunt
1101 1420 1189 1488 qui
1222 1418 1410 1472 dicunt
1453 1416 1761 1472 veneratio-

165 1532 295 1569 nem
330 1514 507 1568 sacris
552 1523 851 1585 martyrum
891 1512 1241 1567 deferendam
1274 1525 1380 1565 non
1410 1526 1533 1565 esse
1566 1526 1761 1579 corpo-

166 1606 360 1659 ribus?
408 1606 547 1660 Ecce
579 1611 820 1661 cruenta:
864 1603 1097 1659 feritatis
1144 1603 1451 1658 immanitas
1484 1617 1604 1671 qnte
1633 1602 1758 1657 reli-

163 1697 351 1766 giuuis
380 1712 486 1751 non
537 1696 732 1765 recipit
758 1710 999 1760 sensum,
1048 1695 1221 1750 defert
1250 1695 1620 1749 venerationis
1662 1693 1760 1747 ob-

164 1788 456 1856 sequium;
512 1798 569 1840 et
597 1802 719 1857 qua:
744 1786 1130 1841 discretionem
1168 1787 1397 1842 rationis
1435 1789 1618 1856 ignara
1651 1801 1756 1838 non

168 1880 392 1948 recipit,
428 1879 494 1934 ad
528 1879 792 1933 malorum
828 1889 1010 1933 tamen
1040 1878 1469 1945 damnttionem,
1505 1876 1631 1947 quid
1663 1877 1763 1931 ho-

166 1974 325 2026 noris
374 1972 579 2025 sanctis
627 1969 892 2025 debeatur
937 1970 1214 2041 agnoscit;
1259 1984 1324 2024 ac
1386 1968 1468 2023 sic
1511 1966 1761 2037 supplicii

166 2064 535 2117 ministerium
581 2062 665 2117 vel
714 2062 1135 2116 instrumentum
1179 2060 1320 2115 miro
1349 2060 1509 2115 modo
1538 2059 1761 2115 merito-

165 2174 288 2212 rum
322 2156 559 2212 efficitur
584 2156 990 2221 testimonium;
1043 2165 1097 2211 et
1126 2155 1253 2210 dum
1284 2155 1472 2225 pietati
1509 2170 1765 2210 reveren-

167 2254 302 2304 tiam
338 2260 581 2319 prmstat,
626 2249 837 2319 ptofert
884 2250 1103 2302 tacitam
1144 2250 1210 2303 de
1237 2250 1517 2318 impietate
1544 2256 1763 2304 senten-

169 2347 328 2397 tiam.
361 2342 495 2397 Cum
541 2356 702 2411 ergo,
748 2341 1079 2407 eharissimi,
1114 2342 1351 2397 Ecclesia
1384 2352 1568 2396 nostra
1603 2341 1764 2395 tantis

167 2434 298 2487 fidei
332 2434 634 2487 adornetur
683 2432 924 2502 tropzris,
957 2432 1008 2486 id
1053 2433 1365 2488 elaborabat
1390 2432 1481 2502 jus
1512 2432 1765 2501 iniquita-

166 2532 261 2595 tis,
295 2542 356 2582 ut
401 2529 632 2598 seipsam
680 2529 946 2583 scelerum
991 2527 1232 2583 novitate
1262 2536 1562 2597 superaret.
1597 2526 1763 2580 Sacra

165 2637 403 2691 corpora
439 2621 642 2674 funeris
675 2624 886 2674 honore
914 2619 1188 2688 privantes
1217 2619 1430 2687 ignibus
1459 2617 1678 2683 dabant,
1708 2625 1765 2671 et

168 2724 293 2781 post
325 2711 602 2765 hominum
636 2720 865 2765 mortem
903 2720 1092 2764 contra
1120 2710 1290 2779 ipsam
1322 2709 1633 2779 pugnabant
1665 2709 1763 2761 hu-

170 2808 515 2861 manitatem.
544 2805 751 2861 Etcum
775 2804 886 2874 jam
911 2819 1068 2858 causa
1095 2804 1332 2874 perisset
1357 2804 1577 2866 furoris,
1599 2803 1760 2856 linem

170 2919 278 2952 non
336 2898 683 2967 imponebant
731 2895 1075 2961 crudelitati;
1138 2896 1233 2950 sed
1292 2906 1509 2961 tamen,
1562 2896 1766 2949 vellent

168 2994 407 3058 nollent,
461 2989 808 3045 beatitudinis
862 3003 1051 3044 eorum
1103 2999 1267 3044 testes
1320 2999 1513 3055 erant,
1567 2988 1764 3059 quibus

166 3088 338 3142 etiam
365 3085 597 3140 mortuis
628 3082 961 3138 invidebant.
992 3082 1273 3149 Quomodo
1313 3096 1530 3150 semper
1558 3081 1759 3134 malitia

1860 510 2097 565 marinos
2130 513 2432 581 triumphos
2462 523 2612 569 tanta
2654 530 2754 570 nos
2793 526 3009 585 Oportet
3036 518 3319 576 sedulitate
3350 537 3441 575 ve—

1861 602 2039 658 nerari
2065 614 2120 657 ut
2156 605 2300 673 quod
2327 605 2563 659 alienum
2594 616 2679 662 est
2719 608 2853 662 locis
2892 617 3137 663 nostrum
3180 610 3439 666 faciamus

1859 696 2073 762 officiis,
2107 708 2162 752 ct
2193 698 2326 752 illud
2383 700 2526 768 quod
2569 714 2676 754 non
2707 700 3003 755 includitur
3028 704 3291 771 sepulcris
3314 746 3330 769 ,
3371 707 3442 759 sit

1859 800 2146 843 commune
2177 789 2481 860 suffragiis;
2513 800 2712 861 quanto
2745 807 2842 848 nos
2866 794 3164 862 impensius
3184 795 3441 850 convenit

1862 878 1911 931 in
1942 893 2131 933 eonttn
2165 880 2484 936 celebritate
2506 883 2713 937 fervere
2738 882 2939 949 studio,
2970 884 3239 940 excubare
3265 886 3439 939 famn-

1862 969 1992 1035 latu,
2021 972 2217 1038 quibus
2246 972 2599 1042 multiplicem
2651 976 2813 1030 debet
2843 976 3032 1045 religio
3066 977 3436 1048 devntioncm,

1863 1064 2104 1119 Ecclesia
2135 1066 2441 1134 honorem;
2472 1070 2641 1137 patria
2672 1072 3028 1127 cliaritatem!
3064 1072 3132 1128 Ut
3161 1077 3302 1127 sicut
3346 1090 3441 1129 eo-

1861 1170 1978 1208 rum
2011 1171 2105 1224 per
2133 1161 2293 1211 unius
2323 1159 2563 1228 parentis
2615 1162 2878 1230 gremium
2904 1163 3026 1232 jure
3054 1166 3310 1220 nascendi
3340 1181 3439 1220 eo-

1860 1247 2005 1314 gnati
2053 1261 2242 1301 sumus
2264 1288 2279 1309 ,
2323 1248 2393 1302 ita
2427 1250 2583 1304 nobis
2630 1266 2760 1320 erga
2792 1267 2888 1306 eos
2935 1254 3146 1320 pietatis
3169 1268 3220 1309 et
3251 1257 3441 1324 gratiae

1863 1336 2198 1406 privilegium
2233 1339 2590 1406 vindiccmus,
2618 1353 2777 1411 atque
2802 1345 2867 1395 ad
2887 1359 2981 1396 eos
3005 1344 3125 1398 fidei
3150 1346 3442 1399 devotione

1864 1429 2013 1496 prius
2041 1428 2386 1493 accedamus,
2422 1440 2480 1483 ut
2507 1447 2733 1500 quormn
2781 1447 2902 1486 esse
2930 1435 3083 1487 cives
3109 1436 3443 1502 gratulamur

1863 1520 1915 1572 in
1965 1519 2148 1582 terris,
2194 1534 2316 1574 cum
2361 1522 2445 1575 his
2491 1524 2876 1591 municipatum
2930 1523 3253 1597 [πολέτιυμα.
3296 1525 3438 1579 Phil.

1862 1623 1941 1673 ttt,
1960 1608 2051 1663 20.
2079 1607 2286 1680 Vulgat.
2308 1612 2796 1684 conversationem]
2825 1614 3024 1670 habere
3049 1632 3359 1670 mercamur
3383 1619 3435 1672 itt

1862 1700 2055 1755 malis:
2086 1698 2320 1771 duplicia
2371 1704 2551 1772 itaque
2593 1704 2883 1775 Ephipodii
2925 1716 2980 1760 et
3008 1709 3303 1763 Alexandri
3334 1721 3443 1764 tro-

1792 1796 1834 1855 B
1866 1806 1977 1860 pa'a
2011 1792 2267 1847 Ecclesia:
2292 1804 2491 1848 nostra:
2519 1795 2653 1850 fides
2676 1797 2957 1867 interjeCIa
2989 1799 3139 1853 bidui
3165 1804 3245 1853 vel
3279 1802 3439 1855 tridui

1862 1882 2213 1938 distinctione
2249 1885 2611 1950 concelebrat,
2643 1902 2748 1940 non
2791 1888 3101 1943 adventitiis
3145 1891 3279 1945 ferta
3315 1893 3441 1944 reli-

1868 1975 2031 2043 quiis,
2064 1975 2162 2029 sed
2194 1976 2527 2030 intemeratis
2559 1978 2714 2046 patrii
2765 1980 2915 2033 sinus
2950 1978 3085 2035 festa
3118 1998 3437 2035 munumen-

1864 2067 1953 2119 tis.
1992 2064 2236 2120 Plurima:
2266 2076 2445 2120 autem
2494 2068 2810 2136 populorum
2862 2070 3117 2125 Ecclesia:
3157 2073 3320 2125 etiam
3354 2074 3441 2126 illa

1862 2159 2291 2214 sanctificatione
2338 2170 2609 2214 contenta:
2653 2170 2800 2225 sunt,
2849 2178 3009 2231 quam
3064 2163 3132 2218 de
3178 2166 3438 2234 angelicis

1864 2252 2120 2305 membris
2166 2253 2307 2306 sacri
2359 2253 2609 2319 amictus,
2651 2255 2734 2309 vel
2764 2253 2888 2308 duri
2928 2265 3241 2310 catenarum
3271 2273 3442 2312 nexus

1863 2344 2230 2414 contingendo
2260 2344 2569 2411 rapuerint;
2603 2356 2660 2398 ut
2698 2346 2839 2413 quod
2876 2345 2973 2401 fuit
3027 2348 3442 2402 instrumentum

1866 2449 2061 2502 pinum,
2101 2435 2172 2488 sit
2197 2435 2381 2505 glorias
2413 2435 2801 2503 testimonium,
2841 2446 2899 2491 et
2940 2437 3186 2493 dolorum
3221 2439 3441 2493 materia

1867 2537 2110 2582 transeat
2137 2529 2203 2582 ad
2245 2528 2457 2599 insigne
2493 2531 2806 2585 meritorum
2836 2548 2850 2594 ;
2882 2547 2980 2586 nos
3006 2548 3135 2587 vero
3163 2533 3440 2587 beatorum

1865 2618 2074 2673 illustre
2100 2635 2297 2675 munus
2326 2629 2495 2674 totum
2519 2630 2677 2690 atque
2699 2622 2965 2691 integrum
2995 2624 3363 2691 possidemus;
3392 2634 3446 2677 et

1863 2711 2008 2782 quod
2040 2714 2294 2767 universo
2341 2713 2543 2767 mundo
2586 2716 2756 2782 possit
2802 2714 3090 2780 Sufficere,
3138 2716 3275 2769 intra
3316 2733 3442 2783 grc-

1865 2804 2030 2858 mium
2054 2802 2288 2858 civitatis
2312 2803 2469 2872 hujus
2490 2803 2803 2873 specialiter
2829 2805 3143 2859 ctntclusum
3168 2815 3405 2860 tcuemu-
3423 2846 3438 2869 ,

1862 2906 1913 2951 et
1944 2896 2185 2965 geminas
2215 2896 2419 2965 palmas
2443 2896 2700 2964 triumphi
2729 2898 2955 2951 aemulas
2984 2899 3284 2965 apostolici,
3308 2898 3436 2950 lli-hi

1861 2987 2184 3052 attollimus,
2228 2997 2391 3055 atque
2421 2987 2685 3042 habentes
2712 2996 2770 3042 et
2802 3004 2899 3041 nos
2928 2988 3142 3043 Petrum
3186 2990 3440 3043 Paulum-

1862 3092 1967 3147 que
2015 3087 2282 3142 uestrum,
2333 3080 2489 3134 binos
2520 3080 2902 3145 snflragatores
2932 3096 3054 3135 cum
3106 3082 3318 3136 sublimi
3356 3083 3443 3135 illa

168 3196 298 3233 cum
349 3176 579 3231 stultitia
622 3177 911 3243 eonjuurta
945 3175 1066 3229 est?
1113 3174 1415 3228 veneranda
1454 3186 1576 3228 ossa
1605 3173 1658 3226 in
1686 3173 1760 3225 ci-
1788 3162 1833 3226 Β
1865 3168 1992 3223 sede
2022 3180 2313 3225 certamus.
2349 3171 2415 3224 Et
2437 3171 2654 3239 quidem
2698 3171 2843 3226 beati
2897 3180 3182 3244 martyres,
3222 3189 3446 3243 quorum

170 3285 340 3324 neres
367 3268 710 3338 redigehant,
734 3267 888 3335 quasi
919 3281 1045 3321 vero
1071 3275 1292 3335 possent
1318 3264 1548 3319 ﬂammis
1574 3267 1762 3319 merita

169 3360 449 3421 consumi,
465 3368 520 3412 et
538 3359 765 3412 virtutes
784 3374 906 3412 cum
920 3356 1197 3411 cineribus
1216 3358 1573 3412 concremari.
1594 3359 1761 3422 Quam

170 3453 400 3506 confusa
444 3448 746 3505 dementia!
799 3449 995 3515 quibus
1023 3450 1222 3502 cmlum
1268 3449 1640 3518 anquirebant,
1682 3448 1765 3502 his

171 3556 378 3600 terram
430 3543 715 3612 negabunt.
753 3542 837 3596 Nil
868 3558 997 3612 ergo
1030 3534 1203 3596 fecisti
1235 3541 1472 3597 inaudita
1514 3543 1717 3596 smvitia
1748 3560 1761 3597 :

172 3638 449 3690 incassum
494 3644 547 3687 te
577 3635 921 3701 exstinguere
948 3647 1136 3686 eorum
1185 3635 1500 3685 memoriam
1530 3634 1765 3686 credidi-

169 3725 239 3780 sti
263 3767 277 3786 ,
330 3738 560 3793 querum
591 3724 818 3792 gloriam
848 3723 1188 3794 proragasti.
1227 3723 1507 3793 Dispcrgis
1551 3737 1766 3777 sancto-

170 3833 291 3870 rum
340 3817 616 3884 pulverem
665 3814 883 3868 fluentis
938 3813 1186 3867 Rhodani
1242 3829 1310 3867 ne
1358 3823 1622 3883 resutgat,
1668 3812 1764 3867 Sed

168 3909 327 3979 aquis
359 3907 691 3962 resurrectio
720 3923 825 3961 non
855 3906 1213 3970 consumitur,
1246 3922 1366 3976 qua:
1404 3923 1497 3975 per
1538 3909 1762 3971 gratiam

171 3999 611 4065 regenerationis
658 3998 819 4051 ctiam
866 4013 1125 4063 aquarum
1176 4012 1399 4050 munere
1439 3999 1761 4049 celebratur.

170 4091 498 4146 A-lorandas
546 4089 805 4159 reliquias
834 4088 1100 4142 Rhodano
1133 4088 1301 4141 tradis
1347 4103 1361 4143 :
1397 4090 1497 4141 hoc
1530 4087 1654 4140 facit
1687 4088 1765 4139 vis

167 4182 415 4237 flnntinis
463 4182 516 4235 in
566 4181 813 4250 corporis
862 4178 1235 4243 resolutione,
1283 4179 1424 4247 quod
1484 4179 1761 4246 temporis.

166 4271 448 4342 Quidquid
478 4273 657 4342 itaque
680 4287 743 4326 ex
771 4272 1003 4325 humana
1032 4273 1333 4326 substantia
1362 4271 1475 4323 avis
1505 4285 1580 4337 rat
1603 4271 1761 4335 ttetit,

168 4368 345 4420 bestia
378 4364 745 4430 devoraverit,
781 4364 922 4416 nuda
968 4364 1272 4425 sorbncrit,
1319 4363 1528 4416 etiamsi
1561 4361 1764 4414 tinnulo

170 4474 280 4511 non
333 4456 631 4522 clauditur,
686 4458 823 4509 intra
879 4455 1065 4508 mundi
1114 4454 1375 4524 gremium
1431 4454 1761 4506 centiuetur.

1871 3264 2142 3328 pretiosus
2183 3261 2357 3329 pulvis
2388 3278 2482 3331 per
2507 3262 2750 3317 diversas
2789 3278 3172 3333 usquequaque
3203 3264 3448 3332 regiones

1868 3352 1919 3407 in
1963 3353 2286 3421 populorum
2338 3353 2727 3407 disseminatur
2757 3355 3013 3420 salutem,
3069 3355 3284 3424 plenum
3318 3372 3450 3423 quo-

1867 3460 2102 3512 cumque
2130 3445 2229 3498 loci
2260 3445 2463 3498 cultum
2506 3446 2574 3499 de
2606 3446 2814 3501 honore
2845 3446 2937 3501 Dei
2973 3449 3211 3513 impensa
3240 3446 3341 3499 sibi
3367 3462 3452 3500 ια-

1870 3537 2067 3607 ligione
2096 3538 2421 3607 Suscipiunt,
2452 3549 2505 3593 et
2536 3549 2735 3608 quanto
2781 3540 3113 3609 celebratum
3144 3541 3301 3594 fuerit
3348 3540 3450 3593 title

1867 3629 2077 3693 ditiori,
2113 3638 2260 3682 tanto
2305 3630 2409 3683 erit
2451 3631 2532 3683 eis
2564 3632 2736 3697 gratia
2769 3630 3100 3685 eeli-britatis
3154 3630 3444 3695 acceptior.

1866 3724 1971 3778 Sed
2000 3726 2202 3791 absque
2223 3722 2387 3775 dubio
2415 3723 2591 3776 multo
2611 3724 2689 3775 eis
2713 3723 2936 3790 gratius,
2966 3724 3135 3775 multo
3163 3722 3450 3789 jucundius

1867 3827 1970 3879 est,
1998 3816 2044 3868 si
2088 3829 2182 3868 eos
2214 3814 2285 3867 ibi
2320 3812 2662 3879 potissimum
2717 3813 2894 3867 fervor
2943 3814 3159 3867 excolat
3214 3813 3449 3880 pictatis,

1869 3905 1960 3959 ubi
1989 3920 2155 3971 super
2184 3918 2281 3958 eos
2310 3904 2461 3957 furor
2513 3903 2751 3956 incubuit
2788 3904 3084 3971 passionis;
3132 3904 3177 3956 si
3226 3904 3332 3958 ill-c
3370 3906 3450 3958 eis

1867 3997 2322 4065 supplicationum
2354 3995 2619 4050 sacrificia
2652 3994 2985 4057 deft-rantur,
3023 3997 3108 4048 ubi
3157 3996 3206 4048 in
3241 3998 3331 4049 Dei
3362 4013 3448 4051 εει-

1866 4091 2131 4143 orificium
2158 4089 2588 4155 procubuerunt;
2620 4087 2663 4140 si
2702 4086 2813 4141 illic
2842 4089 2922 4141 eis
2945 4099 3063 4141 vota
3100 4089 3278 4140 fundat
3315 4104 3441 4155 pra:-

1866 4178 2096 4234 diCanda
2132 4178 2456 4244 posteritas,
2491 4179 2578 4232 ubi
2626 4178 2969 4232 innocentem
3019 4180 3332 4247 sanguinem
3369 4179 3448 4233 fc:—

1867 4273 1995 4325 ralis
2028 4271 2265 4339 profudit
2296 4272 2634 4336 immanitas;
2683 4273 2726 4325 si
2759 4271 2993 4338 denique
3045 4287 3139 4326 eos
3168 4273 3257 4326 ille
3286 4272 3447 4325 Chri-

1866 4364 1964 4416 sia
1992 4362 2281 4418 11111111111118
2316 4364 2560 4417 inimicus
2582 4363 2677 4417 ubi
2698 4364 2927 4419 credidit
2951 4365 3321 4433 interemptus,
3343 4364 3450 4416 illic

1870 4458 2051 4509 videat
2077 4463 2445 4509 consecratos.
2502 4454 2747 4519 Dulcius,
2782 4454 3020 4523 inquam,
3072 4454 3152 4507 eis
3198 4456 3449 4519 prof-ator

167 4551 360 4619 Neque
388 4550 535 4604 enim
566 4549 838 4616 reparatio
868 4547 1102 4601 hominis
1132 4547 1184 4600 in
1218 4545 1429 4599 ratione
1457 4555 1638 4608 terra‘,
1668 4544 1761 4597 sed
1794 4534 1837 4591 υ
1866 4545 2274 4616 obsequium,si
2300 4546 2368 4598 ibi
2394 4559 2489 4598 eos
2511 4543 2725 4597 laudum
2749 4545 3096 4599 concelebret
3120 4544 3448 4611 benedictio,

167 4642 222 4695 in
276 4642 416 4711 legis
452 4649 640 4694 natura
671 4648 725 4693 et
768 4640 819 4692 in
867 4638 1191 4707 reparatoris
1240 4641 1440 4692 virtute
1487 4637 1756 4691 consistit.

168 4736 292 4803 Ipse
318 4735 465 4788 enim
493 4733 733 4788 veridico
758 4747 855 4785 ore
884 4741 1117 4785 testatus
1141 4742 1221 4784 est
1257 4746 1273 4784 :
1310 4729 1420 4801 Ego
1448 4746 1563 4782 sum
1590 4746 1759 4782 resur-

167 4827 328 4879 rectio
351 4835 400 4878 et
433 4824 535 4877 rita
558 4823 738 4890 (Joan.
766 4838 838 4888 xt,
862 4820 954 4894 25)
975 4864 989 4889 ,
1019 4824 1109 4890 qui
1138 4822 1270 4875 vivit
1300 4824 1351 4874 in
1380 4821 1572 4874 stecula
1603 4835 1767 4875 szecu-

165 4918 373 4971 lorum.
412 4918 606 4971 Amen.

820 5003 959 5059 HO.“
979 5003 1135 5058 ILIA.

167 5100 255 5156 De
288 5101 479 5155 sanctis
507 5097 816 5167 martyribus
844 5094 1155 5167 Ephipodt'oi
1182 5092 1524 5167 [Epipltodio,
1569 5094 1697 5147 Mart
1706 5108 1765 5162 y-

536 5166 744 5225 τηιζῖὲ
775 5166 969 5238 Apri|.j
1003 5176 1053 5220 et
1092 5166 1405 5220 Alexandro.

247 5284 502 5354 Magnum
531 5281 748 5352 quidem
780 5289 865 5334 est
904 5279 1134 5349 publicis
1184 5288 1346 5345 atque
1385 5278 1763 5330 communibus

162 5375 309 5428 dare
339 5384 457 5428 vota
482 5371 947 5433 solemnitatibus,
992 5368 1089 5424 sed
1130 5368 1486 5422 excellentior
1514 5367 1760 5435 qna-dam

165 5466 446 5519 festivitas
469 5463 762 5535 iudicanda
790 5474 871 5516 est
894 5461 1129 5516 alumnis
1150 5463 1423 5514 exsultare
1450 5459 1760 5513 virtutibus.

165 5560 241 5613 Et
300 5559 418 5611 ideo
447 5557 818 5626 indigenarum
845 5565 1137 5625 martyrum
1161 5554 1340 5608 cultus
1360 5562 1416 5607 et
1444 5552 1615 5606 lt‘onor
1636 5567 1761 5621 spe-

169 5648 409 5703 cialium
431 5656 784 5717 patronorum
817 5647 957 5699 sicut
987 5645 1258 5712 peculiare
1280 5644 1367 5697 dat
1396 5643 1762 5713 gaudium,ita

161 5739 463 5806 proprium
508 5739 729 5810 requirit
782 5736 1052 5793 affectum.
1102 5737 1310 5793 Etenim
1362 5738 1405 5794 si
1455 5737 1763 5813 peregrinas

1873 4640 1959 4693 ubi
1993 4654 2160 4707 super
2199 4653 2292 4693 eos
2335 4637 2741 4693 trilndatiunnm
2774 4637 3002 4691 deszevit
3034 4638 3371 4705 magnitudo;
3404 4639 3447 4691 si

1874 4729 1997 4784 inde
2038 4730 2358 4784 invocentur
2385 4729 2449 4782 ad
2479 4728 2787 4798 suffragium
2814 4771 2828 4794 ,
2882 4729 3024 4784 unde
3061 4730 3234 4799 primo
3264 4745 3446 4782 resur-

1876 4822 2131 4877 t‘cctionis
2151 4824 2305 4890 signo
2333 4822 2701 4876 evorabttutnr
2736 4821 2799 4873 ad
2836 4824 3134 4890 pra-miunt.
3170 4820 3297 4887 Qum
3326 4836 3446 4875 cum

1876 4916 1946 4966 ita
1979 4912 2106 4973 sint,
2137 4916 2217 4966 ch;
2242 4912 2545 4978 tissimi,ad
2581 4912 2865 4966 tenendam
2898 4912 3079 4974 fidem,
3102 4912 3169 4963 ad
3197 4912 3447 4975 excoli-tt-

1875 5005 1997 5057 dam
2027 5004 2358 5073 religionem,
2397 5021 2501 5058 non
2527 5004 2681 5058 nobis
2711 5004 2890 5073 aliqua
2918 5006 2981 5057 dc
3013 5005 3302 5073 longinquo
3323 5013 3447 5057 Sunt

1871 5094 2251 5159 exstiectanda.
2275 5094 2621 5160 documenta,
2674 5096 2910 5163 paternis
2940 5096 3255 5149 instrttimur
3285 5099 3447 5163 magi-

1870 5187 2073 5249 stcriis,
2120 5202 2183 5239 ac
2236 5187 2544 5241 domesticis
2596 5189 2951 5241 admonemur
2997 5188 3274 5256 exemplis.
3310 5187 3444 5241 Nunt

1870 5276 1977 5348 [ΑΙ.
2011 5275 2228 5348 Nonne]
2272 5277 2430 5332 nobis
2462 5278 2525 5330 ad
2566 5293 2670 5331 cor
2696 5287 2938 5331 nostrum
2996 5277 3190 5331 clamat
3235 5279 3445 5346 cognati

1870 5371 1985 5424 viva
2015 5386 2116 5423 vox
2164 5370 2475 5439 sanguinis?
2509 5370 2727 5435 Discite,
2778 5370 2966 5439 inquit.
2998 5385 3063 5423 es
3106 5372 3257 5421 nobis
3289 5370 3444 5423 fidem

1867 5459 2161 5530 quat-endo
2212 5461 2519 5529 acquirere,
2567 5459 2794 5515 vivendo
2839 5462 3110 5525 excolere,
3163 5461 3446 5514 metiendo

1865 5568 2112 5612 scrvare;
2140 5553 2330 5608 discite
2347 5552 2465 5621 plus
2494 5560 2770 5620 peccatum
2801 5551 2988 5605 timere
3009 5567 3165 5619 quam
3188 5551 3441 5620 gladium,

1866 5646 2057 5699 discite
2087 5655 2303 5714 propter
2346 5644 2511 5698 vitam
2546 5641 2715 5712 magis
2766 5642 3030 5710 justitiam
3061 5659 3245 5697 amare
3285 5660 3443 5713 quam

1869 5739 2052 5806 vitam,
2086 5736 2350 5806 fidemque
2378 5742 2431 5792 et
2457 5736 2703 5791 timorem
2726 5735 2841 5789 Dei.
2868 5736 3036 5801 Quem
3067 5752 3163 5791 nos
3188 5737 3240 5790 in
3272 5738 3445 5795 media
