  <div class='ocr_page' id='page_1' title='image "/cluster/home/n/w/nwhite01/storage/ocr_20150623/50/hvd.32044096580717/502.png"; bbox 0 0 3910 6168; ppageno 0'>
   <div class='ocr_carea' id='block_1_1' title="bbox 225 296 319 349">
    <p class='ocr_par' dir='ltr' id='par_1_1' title="bbox 225 296 319 349">
     <span class='ocr_line' id='line_1_1' title="bbox 225 296 319 349; baseline -0.021 0"><span class='ocrx_word' id='word_1_1' title='bbox 225 296 319 349; x_wconf 67' lang='grc' dir='ltr'>8ῧό</span> 
     </span>
    </p>
   </div>
   <div class='ocr_carea' id='block_1_2' title="bbox 223 395 1874 476">
    <p class='ocr_par' dir='ltr' id='par_1_2' title="bbox 223 395 1874 476">
     <span class='ocr_line' id='line_1_2' title="bbox 223 395 1874 476; baseline -0.009 -14"><span class='ocrx_word' id='word_1_2' title='bbox 223 404 557 476; x_wconf 73' lang='lat' dir='ltr'><strong>repellendus</strong></span> <span class='ocrx_word' id='word_1_3' title='bbox 579 410 690 467; x_wconf 86' lang='lat' dir='ltr'><strong>est;</strong></span> <span class='ocrx_word' id='word_1_4' title='bbox 723 402 766 457; x_wconf 87' lang='lat' dir='ltr'><strong>si</strong></span> <span class='ocrx_word' id='word_1_5' title='bbox 793 400 1051 466; x_wconf 77' lang='lat' dir='ltr'><strong>nescitur,</strong></span> <span class='ocrx_word' id='word_1_6' title='bbox 1078 400 1417 468; x_wconf 77' lang='lat' dir='ltr'><strong>ingressurus</strong></span> <span class='ocrx_word' id='word_1_7' title='bbox 1441 406 1542 451; x_wconf 89' lang='lat' dir='ltr'><strong>est.</strong></span> <span class='ocrx_word' id='word_1_8' title='bbox 1573 395 1805 470; x_wconf 66' lang='lat' dir='ltr'><strong>Multum</strong></span> <span class='ocrx_word' id='word_1_9' title='bbox 1830 400 1874 455; x_wconf 78' lang='grc' dir='ltr'><strong>Α</strong></span> 
     </span>
    </p>
   </div>
   <div class='ocr_carea' id='block_1_3' title="bbox 220 488 1798 557">
    <p class='ocr_par' dir='ltr' id='par_1_3' title="bbox 220 488 1798 557">
     <span class='ocr_line' id='line_1_3' title="bbox 220 488 1798 557; baseline -0.008 -6"><span class='ocrx_word' id='word_1_10' title='bbox 220 506 392 551; x_wconf 76' lang='lat' dir='ltr'><strong>autem</strong></span> <span class='ocrx_word' id='word_1_11' title='bbox 419 493 628 550; x_wconf 81' lang='lat' dir='ltr'><strong>rohon’s</strong></span> <span class='ocrx_word' id='word_1_12' title='bbox 657 493 875 557; x_wconf 88' lang='lat' dir='ltr'><strong>amittit,</strong></span> <span class='ocrx_word' id='word_1_13' title='bbox 908 494 951 545; x_wconf 91' lang='lat' dir='ltr'><strong>si</strong></span> <span class='ocrx_word' id='word_1_14' title='bbox 985 489 1304 546; x_wconf 83' lang='lat' dir='ltr'><strong>manifestus</strong></span> <span class='ocrx_word' id='word_1_15' title='bbox 1328 489 1392 541; x_wconf 80' lang='lat' dir='ltr'><strong>fit</strong></span> <span class='ocrx_word' id='word_1_16' title='bbox 1428 488 1798 551; x_wconf 86' lang='lat' dir='ltr'><strong>cnnscientiis,</strong></span> 
     </span>
    </p>
   </div>
   <div class='ocr_carea' id='block_1_4' title="bbox 218 579 1801 659">
    <p class='ocr_par' dir='ltr' id='par_1_4' title="bbox 218 579 1801 659">
     <span class='ocr_line' id='line_1_4' title="bbox 218 579 1801 659; baseline -0.005 -19"><span class='ocrx_word' id='word_1_17' title='bbox 218 592 301 659; x_wconf 84' lang='lat' dir='ltr'><strong>qui</strong></span> <span class='ocrx_word' id='word_1_18' title='bbox 332 590 465 642; x_wconf 88' lang='lat' dir='ltr'><strong>solis</strong></span> <span class='ocrx_word' id='word_1_19' title='bbox 511 587 678 642; x_wconf 87' lang='lat' dir='ltr'><strong>vincit</strong></span> <span class='ocrx_word' id='word_1_20' title='bbox 709 584 940 640; x_wconf 82' lang='lat' dir='ltr'><strong>insidiis.</strong></span> <span class='ocrx_word' id='word_1_21' title='bbox 976 583 1377 637; x_wconf 78' lang='lat' dir='ltr'><strong>Dimicaverunt</strong></span> <span class='ocrx_word' id='word_1_22' title='bbox 1419 588 1599 649; x_wconf 88' lang='lat' dir='ltr'><strong>patres</strong></span> <span class='ocrx_word' id='word_1_23' title='bbox 1631 579 1801 632; x_wconf 59' lang='lat' dir='ltr'><strong>uestri</strong></span> 
     </span>
    </p>
   </div>
   <div class='ocr_carea' id='block_1_5' title="bbox 220 670 1805 750">
    <p class='ocr_par' dir='ltr' id='par_1_5' title="bbox 220 670 1805 750">
     <span class='ocr_line' id='line_1_5' title="bbox 220 670 1805 750; baseline -0.008 -13"><span class='ocrx_word' id='word_1_24' title='bbox 220 692 403 737; x_wconf 87' lang='lat' dir='ltr'><strong>contra</strong></span> <span class='ocrx_word' id='word_1_25' title='bbox 429 680 761 750; x_wconf 89' lang='lat' dir='ltr'><strong>asperrimos</strong></span> <span class='ocrx_word' id='word_1_26' title='bbox 802 677 1050 741; x_wconf 85' lang='lat' dir='ltr'><strong>dolores;</strong></span> <span class='ocrx_word' id='word_1_27' title='bbox 1101 689 1199 728; x_wconf 88' lang='lat' dir='ltr'><strong>nos</strong></span> <span class='ocrx_word' id='word_1_28' title='bbox 1226 689 1256 727; x_wconf 90' lang='lat' dir='ltr'><strong>e</strong></span> <span class='ocrx_word' id='word_1_29' title='bbox 1281 672 1557 727; x_wconf 87' lang='lat' dir='ltr'><strong>contrario</strong></span> <span class='ocrx_word' id='word_1_30' title='bbox 1580 670 1805 724; x_wconf 90' lang='lat' dir='ltr'><strong>dimice-</strong></span> 
     </span>
    </p>
   </div>
   <div class='ocr_carea' id='block_1_6' title="bbox 221 762 1804 835">
    <p class='ocr_par' dir='ltr' id='par_1_6' title="bbox 221 762 1804 835">
     <span class='ocr_line' id='line_1_6' title="bbox 221 762 1804 835; baseline -0.009 -8"><span class='ocrx_word' id='word_1_31' title='bbox 221 788 336 827; x_wconf 89' lang='lat' dir='ltr'><strong>mus</strong></span> <span class='ocrx_word' id='word_1_32' title='bbox 364 781 552 827; x_wconf 81' lang='lat' dir='ltr'><strong>contra</strong></span> <span class='ocrx_word' id='word_1_33' title='bbox 585 769 932 825; x_wconf 89' lang='lat' dir='ltr'><strong>mollissimas</strong></span> <span class='ocrx_word' id='word_1_34' title='bbox 959 768 1297 835; x_wconf 83' lang='lat' dir='ltr'><strong>voluptates:</strong></span> <span class='ocrx_word' id='word_1_35' title='bbox 1320 765 1567 818; x_wconf 82' lang='lat' dir='ltr'><strong>vicerunt</strong></span> <span class='ocrx_word' id='word_1_36' title='bbox 1598 762 1673 815; x_wconf 85' lang='lat' dir='ltr'><strong>illi</strong></span> <span class='ocrx_word' id='word_1_37' title='bbox 1695 770 1804 815; x_wconf 87' lang='lat' dir='ltr'><strong>tor-</strong></span> 
     </span>
    </p>
   </div>
   <div class='ocr_carea' id='block_1_7' title="bbox 218 852 1802 925">
    <p class='ocr_par' dir='ltr' id='par_1_7' title="bbox 218 852 1802 925">
     <span class='ocr_line' id='line_1_7' title="bbox 218 852 1802 925; baseline -0.008 -7"><span class='ocrx_word' id='word_1_38' title='bbox 218 874 392 919; x_wconf 87' lang='lat' dir='ltr'><strong>menta</strong></span> <span class='ocrx_word' id='word_1_39' title='bbox 425 862 797 922; x_wconf 77' lang='lat' dir='ltr'><strong>ﬂammarum;</strong></span> <span class='ocrx_word' id='word_1_40' title='bbox 850 874 950 914; x_wconf 89' lang='lat' dir='ltr'><strong>nos</strong></span> <span class='ocrx_word' id='word_1_41' title='bbox 975 859 1254 911; x_wconf 79' lang='lat' dir='ltr'><strong>vincamus</strong></span> <span class='ocrx_word' id='word_1_42' title='bbox 1296 856 1451 925; x_wconf 90' lang='lat' dir='ltr'><strong>ignea</strong></span> <span class='ocrx_word' id='word_1_43' title='bbox 1503 854 1609 907; x_wconf 76' lang='lat' dir='ltr'><strong>tela</strong></span> <span class='ocrx_word' id='word_1_44' title='bbox 1641 852 1802 906; x_wconf 72' lang='lat' dir='ltr'><strong>vilio-</strong></span> 
     </span>
    </p>
   </div>
   <div class='ocr_carea' id='block_1_8' title="bbox 219 947 1801 1017">
    <p class='ocr_par' dir='ltr' id='par_1_8' title="bbox 219 947 1801 1017">
     <span class='ocr_line' id='line_1_8' title="bbox 219 947 1801 1017; baseline -0.006 -8"><span class='ocrx_word' id='word_1_45' title='bbox 219 972 355 1009; x_wconf 91' lang='lat' dir='ltr'><strong>rnm.</strong></span> <span class='ocrx_word' id='word_1_46' title='bbox 393 956 468 1010; x_wconf 86' lang='lat' dir='ltr'><strong>Illi</strong></span> <span class='ocrx_word' id='word_1_47' title='bbox 497 955 707 1008; x_wconf 81' lang='lat' dir='ltr'><strong>calcato</strong></span> <span class='ocrx_word' id='word_1_48' title='bbox 733 951 950 1005; x_wconf 76' lang='lat' dir='ltr'><strong>diabolo</strong></span> <span class='ocrx_word' id='word_1_49' title='bbox 980 952 1279 1005; x_wconf 85' lang='lat' dir='ltr'><strong>retuierunt</strong></span> <span class='ocrx_word' id='word_1_50' title='bbox 1310 948 1482 1017; x_wconf 89' lang='lat' dir='ltr'><strong>spolia</strong></span> <span class='ocrx_word' id='word_1_51' title='bbox 1505 947 1573 1001; x_wconf 89' lang='lat' dir='ltr'><strong>de</strong></span> <span class='ocrx_word' id='word_1_52' title='bbox 1598 955 1801 1009; x_wconf 88' lang='lat' dir='ltr'><strong>morte;</strong></span> 
     </span>
    </p>
   </div>
   <div class='ocr_carea' id='block_1_9' title="bbox 220 1039 1805 1111">
    <p class='ocr_par' dir='ltr' id='par_1_9' title="bbox 220 1039 1805 1111">
     <span class='ocr_line' id='line_1_9' title="bbox 220 1039 1805 1111; baseline -0.005 -11"><span class='ocrx_word' id='word_1_53' title='bbox 220 1064 313 1103; x_wconf 85' lang='lat' dir='ltr'><strong>nos</strong></span> <span class='ocrx_word' id='word_1_54' title='bbox 336 1061 623 1100; x_wconf 82' lang='lat' dir='ltr'><strong>caveamus</strong></span> <span class='ocrx_word' id='word_1_55' title='bbox 647 1061 713 1099; x_wconf 85' lang='lat' dir='ltr'><strong>ne</strong></span> <span class='ocrx_word' id='word_1_56' title='bbox 741 1044 1010 1098; x_wconf 74' lang='lat' dir='ltr'><strong>Christum</strong></span> <span class='ocrx_word' id='word_1_57' title='bbox 1045 1043 1340 1111; x_wconf 87' lang='lat' dir='ltr'><strong>spoliemus</strong></span> <span class='ocrx_word' id='word_1_58' title='bbox 1368 1041 1422 1094; x_wconf 83' lang='lat' dir='ltr'><strong>in</strong></span> <span class='ocrx_word' id='word_1_59' title='bbox 1446 1054 1700 1109; x_wconf 90' lang='lat' dir='ltr'><strong>paupere.</strong></span> <span class='ocrx_word' id='word_1_60' title='bbox 1726 1039 1805 1092; x_wconf 85' lang='lat' dir='ltr'><strong>Illi</strong></span> 
     </span>
    </p>
   </div>
   <div class='ocr_carea' id='block_1_10' title="bbox 220 1133 1807 1209">
    <p class='ocr_par' dir='ltr' id='par_1_10' title="bbox 220 1133 1807 1209">
     <span class='ocr_line' id='line_1_10' title="bbox 220 1133 1807 1209; baseline -0.006 -14"><span class='ocrx_word' id='word_1_61' title='bbox 220 1158 312 1209; x_wconf 82' lang='lat' dir='ltr'><strong>per</strong></span> <span class='ocrx_word' id='word_1_62' title='bbox 342 1142 595 1194; x_wconf 73' lang='lat' dir='ltr'><strong>virtutem</strong></span> <span class='ocrx_word' id='word_1_63' title='bbox 620 1139 741 1193; x_wconf 88' lang='lat' dir='ltr'><strong>lidei</strong></span> <span class='ocrx_word' id='word_1_64' title='bbox 771 1137 994 1206; x_wconf 75' lang='lat' dir='ltr'><strong>expensi</strong></span> <span class='ocrx_word' id='word_1_65' title='bbox 1028 1146 1154 1190; x_wconf 84' lang='lat' dir='ltr'><strong>sunt</strong></span> <span class='ocrx_word' id='word_1_66' title='bbox 1181 1135 1232 1188; x_wconf 90' lang='lat' dir='ltr'><strong>in</strong></span> <span class='ocrx_word' id='word_1_67' title='bbox 1267 1133 1500 1188; x_wconf 76' lang='lat' dir='ltr'><strong>hostiam</strong></span> <span class='ocrx_word' id='word_1_68' title='bbox 1532 1133 1663 1196; x_wconf 86' lang='lat' dir='ltr'><strong>Dei;</strong></span> <span class='ocrx_word' id='word_1_69' title='bbox 1706 1145 1807 1185; x_wconf 89' lang='lat' dir='ltr'><strong>nos</strong></span> 
     </span>
    </p>
   </div>
   <div class='ocr_carea' id='block_1_11' title="bbox 218 1223 1809 1298">
    <p class='ocr_par' dir='ltr' id='par_1_11' title="bbox 218 1223 1809 1298">
     <span class='ocr_line' id='line_1_11' title="bbox 218 1223 1809 1298; baseline -0.005 -15"><span class='ocrx_word' id='word_1_70' title='bbox 218 1233 572 1285; x_wconf 65' lang='lat' dir='ltr'><strong>«il-servemus</strong></span> <span class='ocrx_word' id='word_1_71' title='bbox 601 1244 668 1283; x_wconf 90' lang='lat' dir='ltr'><strong>ne</strong></span> <span class='ocrx_word' id='word_1_72' title='bbox 689 1229 809 1298; x_wconf 85' lang='lat' dir='ltr'><strong>quis</strong></span> <span class='ocrx_word' id='word_1_73' title='bbox 845 1236 1086 1281; x_wconf 90' lang='lat' dir='ltr'><strong>nostrum</strong></span> <span class='ocrx_word' id='word_1_74' title='bbox 1123 1241 1217 1294; x_wconf 88' lang='lat' dir='ltr'><strong>per</strong></span> <span class='ocrx_word' id='word_1_75' title='bbox 1243 1224 1439 1279; x_wconf 85' lang='lat' dir='ltr'><strong>vulnus</strong></span> <span class='ocrx_word' id='word_1_76' title='bbox 1467 1224 1693 1292; x_wconf 86' lang='lat' dir='ltr'><strong>peccati,</strong></span> <span class='ocrx_word' id='word_1_77' title='bbox 1730 1223 1809 1275; x_wconf 87' lang='lat' dir='ltr'><strong>vi-</strong></span> 
     </span>
    </p>
   </div>
   <div class='ocr_carea' id='block_1_12' title="bbox 219 1318 1810 1385">
    <p class='ocr_par' dir='ltr' id='par_1_12' title="bbox 219 1318 1810 1385">
     <span class='ocr_line' id='line_1_12' title="bbox 219 1318 1810 1385; baseline -0.005 -9"><span class='ocrx_word' id='word_1_78' title='bbox 219 1327 380 1377; x_wconf 66' lang='lat' dir='ltr'><strong>ctima</strong></span> <span class='ocrx_word' id='word_1_79' title='bbox 408 1321 675 1377; x_wconf 84' lang='lat' dir='ltr'><strong>efficiatur</strong></span> <span class='ocrx_word' id='word_1_80' title='bbox 698 1319 920 1373; x_wconf 89' lang='lat' dir='ltr'><strong>inimici.</strong></span> <span class='ocrx_word' id='word_1_81' title='bbox 953 1318 1031 1372; x_wconf 93' lang='lat' dir='ltr'><strong>Illi</strong></span> <span class='ocrx_word' id='word_1_82' title='bbox 1075 1318 1274 1371; x_wconf 83' lang='lat' dir='ltr'><strong>mortui</strong></span> <span class='ocrx_word' id='word_1_83' title='bbox 1300 1325 1425 1370; x_wconf 85' lang='lat' dir='ltr'><strong>sunt</strong></span> <span class='ocrx_word' id='word_1_84' title='bbox 1448 1318 1498 1370; x_wconf 90' lang='lat' dir='ltr'><strong>in</strong></span> <span class='ocrx_word' id='word_1_85' title='bbox 1529 1330 1682 1385; x_wconf 71' lang='lat' dir='ltr'><strong>paena</strong></span> <span class='ocrx_word' id='word_1_86' title='bbox 1715 1330 1810 1368; x_wconf 79' lang='lat' dir='ltr'><strong>ex-</strong></span> 
     </span>
    </p>
   </div>
   <div class='ocr_carea' id='block_1_13' title="bbox 219 1408 1809 1476">
    <p class='ocr_par' dir='ltr' id='par_1_13' title="bbox 219 1408 1809 1476">
     <span class='ocr_line' id='line_1_13' title="bbox 219 1408 1809 1476; baseline -0.006 -7"><span class='ocrx_word' id='word_1_87' title='bbox 219 1416 511 1469; x_wconf 84' lang='lat' dir='ltr'><strong>terioribus</strong></span> <span class='ocrx_word' id='word_1_88' title='bbox 538 1414 590 1465; x_wconf 92' lang='lat' dir='ltr'><strong>in</strong></span> <span class='ocrx_word' id='word_1_89' title='bbox 616 1411 896 1476; x_wconf 84' lang='lat' dir='ltr'><strong>membris,</strong></span> <span class='ocrx_word' id='word_1_90' title='bbox 923 1420 973 1465; x_wconf 91' lang='lat' dir='ltr'><strong>et</strong></span> <span class='ocrx_word' id='word_1_91' title='bbox 1006 1414 1105 1463; x_wconf 90' lang='lat' dir='ltr'><strong>n&#39;os</strong></span> <span class='ocrx_word' id='word_1_92' title='bbox 1145 1409 1405 1463; x_wconf 78' lang='lat' dir='ltr'><strong>habemus</strong></span> <span class='ocrx_word' id='word_1_93' title='bbox 1426 1408 1567 1475; x_wconf 86' lang='lat' dir='ltr'><strong>quod</strong></span> <span class='ocrx_word' id='word_1_94' title='bbox 1595 1408 1809 1461; x_wconf 89' lang='lat' dir='ltr'><strong>occida-</strong></span> 
     </span>
    </p>
   </div>
   <div class='ocr_carea' id='block_1_14' title="bbox 219 1500 1807 1567">
    <p class='ocr_par' dir='ltr' id='par_1_14' title="bbox 219 1500 1807 1567">
     <span class='ocr_line' id='line_1_14' title="bbox 219 1500 1807 1567; baseline -0.005 -8"><span class='ocrx_word' id='word_1_95' title='bbox 219 1520 341 1559; x_wconf 88' lang='lat' dir='ltr'><strong>mns</strong></span> <span class='ocrx_word' id='word_1_96' title='bbox 367 1508 417 1557; x_wconf 91' lang='lat' dir='ltr'><strong>in</strong></span> <span class='ocrx_word' id='word_1_97' title='bbox 449 1506 624 1558; x_wconf 82' lang='lat' dir='ltr'><strong>nobis.</strong></span> <span class='ocrx_word' id='word_1_98' title='bbox 672 1508 749 1558; x_wconf 70' lang='lat' dir='ltr'><strong>&quot;Ac</strong></span> <span class='ocrx_word' id='word_1_99' title='bbox 781 1505 857 1557; x_wconf 87' lang='lat' dir='ltr'><strong>sic</strong></span> <span class='ocrx_word' id='word_1_100' title='bbox 888 1502 1177 1556; x_wconf 91' lang='lat' dir='ltr'><strong>illustrium</strong></span> <span class='ocrx_word' id='word_1_101' title='bbox 1229 1500 1549 1555; x_wconf 88' lang='lat' dir='ltr'><strong>bellatorum</strong></span> <span class='ocrx_word' id='word_1_102' title='bbox 1579 1512 1807 1567; x_wconf 76' lang='lat' dir='ltr'><strong>pugn-ts,</strong></span> 
     </span>
    </p>
   </div>
   <div class='ocr_carea' id='block_1_15' title="bbox 220 1588 1808 1665">
    <p class='ocr_par' dir='ltr' id='par_1_15' title="bbox 220 1588 1808 1665">
     <span class='ocr_line' id='line_1_15' title="bbox 220 1588 1808 1665; baseline -0.006 -14"><span class='ocrx_word' id='word_1_103' title='bbox 220 1601 426 1665; x_wconf 82' lang='lat' dir='ltr'><strong>privata</strong></span> <span class='ocrx_word' id='word_1_104' title='bbox 470 1612 593 1649; x_wconf 91' lang='lat' dir='ltr'><strong>cum</strong></span> <span class='ocrx_word' id='word_1_105' title='bbox 616 1595 960 1665; x_wconf 86' lang='lat' dir='ltr'><strong>passionibus</strong></span> <span class='ocrx_word' id='word_1_106' title='bbox 998 1593 1198 1647; x_wconf 88' lang='lat' dir='ltr'><strong>nostris</strong></span> <span class='ocrx_word' id='word_1_107' title='bbox 1225 1590 1611 1660; x_wconf 80' lang='lat' dir='ltr'><strong>congressione</strong></span> <span class='ocrx_word' id='word_1_108' title='bbox 1640 1588 1808 1642; x_wconf 89' lang='lat' dir='ltr'><strong>medi-</strong></span> 
     </span>
    </p>
   </div>
   <div class='ocr_carea' id='block_1_16' title="bbox 221 1684 1813 1758">
    <p class='ocr_par' dir='ltr' id='par_1_16' title="bbox 221 1684 1813 1758">
     <span class='ocr_line' id='line_1_16' title="bbox 221 1684 1813 1758; baseline -0.004 -13"><span class='ocrx_word' id='word_1_109' title='bbox 221 1701 418 1745; x_wconf 65' lang='lat' dir='ltr'><strong>temur.</strong></span> <span class='ocrx_word' id='word_1_110' title='bbox 447 1689 578 1744; x_wconf 81' lang='lat' dir='ltr'><strong>Nam</strong></span> <span class='ocrx_word' id='word_1_111' title='bbox 606 1688 728 1758; x_wconf 84' lang='lat' dir='ltr'><strong>quia</strong></span> <span class='ocrx_word' id='word_1_112' title='bbox 759 1702 879 1741; x_wconf 89' lang='lat' dir='ltr'><strong>esse</strong></span> <span class='ocrx_word' id='word_1_113' title='bbox 910 1687 1157 1740; x_wconf 80' lang='lat' dir='ltr'><strong>novimus</strong></span> <span class='ocrx_word' id='word_1_114' title='bbox 1180 1685 1297 1740; x_wconf 91' lang='lat' dir='ltr'><strong>sine</strong></span> <span class='ocrx_word' id='word_1_115' title='bbox 1322 1693 1667 1753; x_wconf 74' lang='lat' dir='ltr'><strong>persecutore</strong></span> <span class='ocrx_word' id='word_1_116' title='bbox 1697 1684 1813 1738; x_wconf 83' lang='lat' dir='ltr'><strong>hel-</strong></span> 
     </span>
    </p>
   </div>
   <div class='ocr_carea' id='block_1_17' title="bbox 222 1776 1738 1850">
    <p class='ocr_par' dir='ltr' id='par_1_17' title="bbox 222 1776 1738 1850">
     <span class='ocr_line' id='line_1_17' title="bbox 222 1776 1738 1850; baseline -0.002 -15"><span class='ocrx_word' id='word_1_117' title='bbox 222 1783 363 1843; x_wconf 81' lang='lat' dir='ltr'><strong>lum,</strong></span> <span class='ocrx_word' id='word_1_118' title='bbox 399 1790 574 1850; x_wconf 84' lang='lat' dir='ltr'><strong>potest</strong></span> <span class='ocrx_word' id='word_1_119' title='bbox 602 1781 732 1834; x_wconf 88' lang='lat' dir='ltr'><strong>dare</strong></span> <span class='ocrx_word' id='word_1_120' title='bbox 770 1779 911 1833; x_wconf 83' lang='lat' dir='ltr'><strong>Deus</strong></span> <span class='ocrx_word' id='word_1_121' title='bbox 942 1790 996 1833; x_wconf 89' lang='lat' dir='ltr'><strong>et</strong></span> <span class='ocrx_word' id='word_1_122' title='bbox 1020 1778 1141 1831; x_wconf 92' lang='lat' dir='ltr'><strong>sine</strong></span> <span class='ocrx_word' id='word_1_123' title='bbox 1170 1792 1368 1831; x_wconf 87' lang='lat' dir='ltr'><strong>cruore</strong></span> <span class='ocrx_word' id='word_1_124' title='bbox 1396 1776 1738 1847; x_wconf 86' lang='lat' dir='ltr'><strong>martyrium.</strong></span> 
     </span>
    </p>
   </div>
   <div class='ocr_carea' id='block_1_18' title="bbox 1344 281 2346 340">
    <p class='ocr_par' dir='ltr' id='par_1_18' title="bbox 1344 281 2346 340">
     <span class='ocr_line' id='line_1_18' title="bbox 1344 281 2346 340; baseline -0.003 -1"><span class='ocrx_word' id='word_1_125' title='bbox 1344 282 1786 339; x_wconf 69' lang='lat' dir='ltr'><strong>EXllimTATIO</strong></span> <span class='ocrx_word' id='word_1_126' title='bbox 1826 285 1914 339; x_wconf 82' lang='lat' dir='ltr'><strong>AD</strong></span> <span class='ocrx_word' id='word_1_127' title='bbox 1954 284 2137 340; x_wconf 62' lang='lat' dir='ltr'><strong>MONA</strong></span> <span class='ocrx_word' id='word_1_128' title='bbox 2154 281 2346 337; x_wconf 66' lang='grc' dir='ltr'><strong>οΗος.</strong></span> 
     </span>
    </p>
   </div>
   <div class='ocr_carea' id='block_1_19' title="bbox 3384 273 3491 325">
    <p class='ocr_par' dir='ltr' id='par_1_19' title="bbox 3384 273 3491 325">
     <span class='ocr_line' id='line_1_19' title="bbox 3384 273 3491 325; baseline 0 0"><span class='ocrx_word' id='word_1_129' title='bbox 3384 273 3491 325; x_wconf 70' lang='lat'><strong>866</strong></span> 
     </span>
    </p>
   </div>
   <div class='ocr_carea' id='block_1_20' title="bbox 2284 386 3115 447">
    <p class='ocr_par' dir='ltr' id='par_1_20' title="bbox 2284 386 3115 447">
     <span class='ocr_line' id='line_1_20' title="bbox 2284 386 3115 447; baseline -0.01 -1"><span class='ocrx_word' id='word_1_130' title='bbox 2284 387 2765 447; x_wconf 73' lang='lat' dir='ltr'><strong>FRAGMENTUM</strong></span> <span class='ocrx_word' id='word_1_131' title='bbox 2810 386 3115 441; x_wconf 65' lang='grc' dir='ltr'><strong>ΙΙυΜΗᾸίΕ</strong></span> 
     </span>
    </p>
   </div>
   <div class='ocr_carea' id='block_1_21' title="bbox 1911 505 3491 631">
    <p class='ocr_par' dir='ltr' id='par_1_21' title="bbox 1911 505 3491 631">
     <span class='ocr_line' id='line_1_21' title="bbox 1911 505 3491 631; baseline -0.008 -67"><span class='ocrx_word' id='word_1_132' title='bbox 1911 512 1948 564; x_wconf 83' lang='grc' dir='ltr'><em>Α</em></span> <span class='ocrx_word' id='word_1_133' title='bbox 1987 510 2231 565; x_wconf 75' lang='lat' dir='ltr'><strong>Mamerto</strong></span> <span class='ocrx_word' id='word_1_134' title='bbox 2263 508 2551 564; x_wconf 78' lang='lat' dir='ltr'><strong>Claudiano</strong></span> <span class='ocrx_word' id='word_1_135' title='bbox 2598 508 2780 631; x_wconf 59' lang='lat' dir='ltr'><strong>allati;</strong></span> <span class='ocrx_word' id='word_1_136' title='bbox 2813 506 2901 559; x_wconf 56' lang='grc' dir='ltr'><em>ιιι).</em></span> <span class='ocrx_word' id='word_1_137' title='bbox 2936 522 2971 559; x_wconf 84' lang='grc' dir='ltr'>ιι</span> <span class='ocrx_word' id='word_1_138' title='bbox 3003 506 3067 558; x_wconf 84' lang='lat' dir='ltr'><strong>de</strong></span> <span class='ocrx_word' id='word_1_139' title='bbox 3111 505 3263 559; x_wconf 85' lang='lat' dir='ltr'><strong>Statu</strong></span> <span class='ocrx_word' id='word_1_140' title='bbox 3308 506 3491 555; x_wconf 67' lang='lat' dir='ltr'><strong>(mimu-</strong></span> 
     </span>
     <span class='ocr_line' id='line_1_22' title="bbox 2595 597 2802 631; baseline -0.01 0"><span class='ocrx_word' id='word_1_141' title='bbox 2595 597 2712 631; x_wconf 82' lang='lat' dir='ltr'><strong>cuu.</strong></span> <span class='ocrx_word' id='word_1_142' title='bbox 2791 617 2802 629; x_wconf 92' lang='lat'><strong>.</strong></span> 
     </span>
    </p>
   </div>
   <div class='ocr_carea' id='block_1_22' title="bbox 2595 597 2802 648">
    <p class='ocr_par' dir='ltr' id='par_1_22' title="bbox 2595 597 2802 648">
     <span class='ocr_line' id='line_1_23' title="bbox 2595 597 2802 648; baseline -0.01 -17"><span class='ocrx_word' id='word_1_143' title='bbox 2595 597 2712 648; x_wconf 82' lang='lat' dir='ltr'><strong>cup.</strong></span> <span class='ocrx_word' id='word_1_144' title='bbox 2746 597 2802 631; x_wconf 82' lang='lat' dir='ltr'><strong>‘J.</strong></span> 
     </span>
    </p>
   </div>
   <div class='ocr_carea' id='block_1_23' title="bbox 1978 664 3490 743">
    <p class='ocr_par' dir='ltr' id='par_1_23' title="bbox 1978 664 3490 743">
     <span class='ocr_line' id='line_1_24' title="bbox 1978 664 3490 743; baseline -0.009 -15"><span class='ocrx_word' id='word_1_145' title='bbox 1978 676 2232 742; x_wconf 72' lang='lat' dir='ltr'><strong>Qua-rere</strong></span> <span class='ocrx_word' id='word_1_146' title='bbox 2263 672 2477 743; x_wconf 86' lang='lat' dir='ltr'><strong>quidam</strong></span> <span class='ocrx_word' id='word_1_147' title='bbox 2526 672 2702 724; x_wconf 86' lang='lat' dir='ltr'><strong>solent</strong></span> <span class='ocrx_word' id='word_1_148' title='bbox 2746 669 3021 737; x_wconf 81' lang='lat' dir='ltr'><strong>quomodo</strong></span> <span class='ocrx_word' id='word_1_149' title='bbox 3053 668 3104 721; x_wconf 94' lang='lat' dir='ltr'><strong>in</strong></span> <span class='ocrx_word' id='word_1_150' title='bbox 3138 665 3356 721; x_wconf 85' lang='lat' dir='ltr'><strong>Christo</strong></span> <span class='ocrx_word' id='word_1_151' title='bbox 3398 664 3490 715; x_wconf 78' lang='lat' dir='ltr'><strong>ini-</strong></span> 
     </span>
    </p>
   </div>
   <div class='ocr_carea' id='block_1_24' title="bbox 1907 756 3490 833">
    <p class='ocr_par' dir='ltr' id='par_1_24' title="bbox 1907 756 3490 833">
     <span class='ocr_line' id='line_1_25' title="bbox 1907 756 3490 833; baseline -0.009 -12"><span class='ocrx_word' id='word_1_152' title='bbox 1907 766 2051 821; x_wconf 78' lang='lat' dir='ltr'><strong>sceri</strong></span> <span class='ocrx_word' id='word_1_153' title='bbox 2101 766 2271 833; x_wconf 81' lang='lat' dir='ltr'><strong>pntuit</strong></span> <span class='ocrx_word' id='word_1_154' title='bbox 2322 765 2485 818; x_wconf 90' lang='lat' dir='ltr'><strong>homo</strong></span> <span class='ocrx_word' id='word_1_155' title='bbox 2529 772 2585 816; x_wconf 90' lang='lat' dir='ltr'><strong>et</strong></span> <span class='ocrx_word' id='word_1_156' title='bbox 2637 762 2799 815; x_wconf 83' lang='lat' dir='ltr'><strong>Deus.</strong></span> <span class='ocrx_word' id='word_1_157' title='bbox 2837 761 3101 826; x_wconf 77' lang='lat' dir='ltr'><strong>Quzerunt</strong></span> <span class='ocrx_word' id='word_1_158' title='bbox 3143 768 3197 812; x_wconf 88' lang='lat' dir='ltr'><strong>et</strong></span> <span class='ocrx_word' id='word_1_159' title='bbox 3228 756 3490 810; x_wconf 84' lang='lat' dir='ltr'><strong>rationem</strong></span> 
     </span>
    </p>
   </div>
   <div class='ocr_carea' id='block_1_25' title="bbox 1910 848 3500 929">
    <p class='ocr_par' dir='ltr' id='par_1_25' title="bbox 1910 848 3500 929">
     <span class='ocr_line' id='line_1_26' title="bbox 1910 848 3500 929; baseline -0.008 -15"><span class='ocrx_word' id='word_1_160' title='bbox 1910 861 2071 929; x_wconf 85' lang='lat' dir='ltr'><strong>hujus</strong></span> <span class='ocrx_word' id='word_1_161' title='bbox 2100 859 2349 926; x_wconf 71' lang='lat' dir='ltr'><strong>mysterii</strong></span> <span class='ocrx_word' id='word_1_162' title='bbox 2372 857 2512 925; x_wconf 90' lang='lat' dir='ltr'><strong>quod</strong></span> <span class='ocrx_word' id='word_1_163' title='bbox 2537 856 2703 910; x_wconf 86' lang='lat' dir='ltr'><strong>semel</strong></span> <span class='ocrx_word' id='word_1_164' title='bbox 2739 855 2937 909; x_wconf 61' lang='lat' dir='ltr'><strong>factum</strong></span> <span class='ocrx_word' id='word_1_165' title='bbox 2966 860 3073 915; x_wconf 74' lang='lat' dir='ltr'><strong>est,</strong></span> <span class='ocrx_word' id='word_1_166' title='bbox 3104 867 3224 905; x_wconf 89' lang='lat' dir='ltr'><strong>cum</strong></span> <span class='ocrx_word' id='word_1_167' title='bbox 3246 849 3346 917; x_wconf 88' lang='lat' dir='ltr'><strong>ipsi</strong></span> <span class='ocrx_word' id='word_1_168' title='bbox 3372 848 3500 903; x_wconf 86' lang='lat' dir='ltr'><strong>red-</strong></span> 
     </span>
    </p>
   </div>
   <div class='ocr_carea' id='block_1_26' title="bbox 1908 941 3501 1016">
    <p class='ocr_par' dir='ltr' id='par_1_26' title="bbox 1908 941 3501 1016">
     <span class='ocr_line' id='line_1_27' title="bbox 1908 941 3501 1016; baseline -0.011 -9"><span class='ocrx_word' id='word_1_169' title='bbox 1908 953 2040 1007; x_wconf 84' lang='lat' dir='ltr'><strong>dere</strong></span> <span class='ocrx_word' id='word_1_170' title='bbox 2071 951 2333 1005; x_wconf 85' lang='lat' dir='ltr'><strong>ratinnem</strong></span> <span class='ocrx_word' id='word_1_171' title='bbox 2370 963 2711 1016; x_wconf 78' lang='lat' dir='ltr'><strong>nequaquam</strong></span> <span class='ocrx_word' id='word_1_172' title='bbox 2746 945 2958 1014; x_wconf 74' lang='lat' dir='ltr'><strong>possint</strong></span> <span class='ocrx_word' id='word_1_173' title='bbox 3004 944 3121 1011; x_wconf 85' lang='lat' dir='ltr'><strong>ejus</strong></span> <span class='ocrx_word' id='word_1_174' title='bbox 3167 942 3239 994; x_wconf 76' lang='lat' dir='ltr'><strong>rei</strong></span> <span class='ocrx_word' id='word_1_175' title='bbox 3274 955 3392 1009; x_wconf 69' lang='lat' dir='ltr'><strong>qua:</strong></span> <span class='ocrx_word' id='word_1_176' title='bbox 3439 941 3501 991; x_wconf 74' lang='lat' dir='ltr'><strong>fis</strong></span> 
     </span>
    </p>
   </div>
   <div class='ocr_carea' id='block_1_27' title="bbox 1909 1032 3499 1112">
    <p class='ocr_par' dir='ltr' id='par_1_27' title="bbox 1909 1032 3499 1112">
     <span class='ocr_line' id='line_1_28' title="bbox 1909 1032 3499 1112; baseline -0.01 -14"><span class='ocrx_word' id='word_1_177' title='bbox 1909 1059 2143 1112; x_wconf 90' lang='lat' dir='ltr'><strong>semper,</strong></span> <span class='ocrx_word' id='word_1_178' title='bbox 2172 1042 2445 1111; x_wconf 85' lang='lat' dir='ltr'><strong>quomodo</strong></span> <span class='ocrx_word' id='word_1_179' title='bbox 2496 1039 2739 1094; x_wconf 87' lang='lat' dir='ltr'><strong>societur</strong></span> <span class='ocrx_word' id='word_1_180' title='bbox 2787 1039 2965 1091; x_wconf 86' lang='lat' dir='ltr'><strong>anima</strong></span> <span class='ocrx_word' id='word_1_181' title='bbox 3021 1033 3261 1103; x_wconf 83' lang='lat' dir='ltr'><strong>cnrpnri,</strong></span> <span class='ocrx_word' id='word_1_182' title='bbox 3316 1044 3376 1086; x_wconf 90' lang='lat' dir='ltr'><strong>ut</strong></span> <span class='ocrx_word' id='word_1_183' title='bbox 3406 1032 3499 1083; x_wconf 86' lang='lat' dir='ltr'><strong>fiat</strong></span> 
     </span>
    </p>
   </div>
   <div class='ocr_carea' id='block_1_28' title="bbox 1911 1125 3501 1203">
    <p class='ocr_par' dir='ltr' id='par_1_28' title="bbox 1911 1125 3501 1203">
     <span class='ocr_line' id='line_1_29' title="bbox 1911 1125 3501 1203; baseline -0.009 -14"><span class='ocrx_word' id='word_1_184' title='bbox 1911 1134 2093 1189; x_wconf 88' lang='lat' dir='ltr'><strong>ltnmo.</strong></span> <span class='ocrx_word' id='word_1_185' title='bbox 2132 1135 2271 1203; x_wconf 84' lang='lat' dir='ltr'><strong>Ergo</strong></span> <span class='ocrx_word' id='word_1_186' title='bbox 2297 1131 2568 1202; x_wconf 90' lang='lat' dir='ltr'><strong>quomodo</strong></span> <span class='ocrx_word' id='word_1_187' title='bbox 2612 1143 2873 1198; x_wconf 85' lang='lat' dir='ltr'><strong>corporea</strong></span> <span class='ocrx_word' id='word_1_188' title='bbox 2922 1141 3013 1182; x_wconf 87' lang='lat' dir='ltr'><strong>res</strong></span> <span class='ocrx_word' id='word_1_189' title='bbox 3063 1125 3501 1192; x_wconf 78' lang='lat' dir='ltr'><strong>incorporraqne</strong></span> 
     </span>
    </p>
   </div>
   <div class='ocr_carea' id='block_1_29' title="bbox 1911 1214 3477 1296">
    <p class='ocr_par' dir='ltr' id='par_1_29' title="bbox 1911 1214 3477 1296">
     <span class='ocr_line' id='line_1_30' title="bbox 1911 1214 3477 1296; baseline -0.009 -15"><span class='ocrx_word' id='word_1_190' title='bbox 1911 1227 2275 1296; x_wconf 79' lang='lat' dir='ltr'><strong>cunjungitur,</strong></span> <span class='ocrx_word' id='word_1_191' title='bbox 2312 1236 2366 1279; x_wconf 90' lang='lat' dir='ltr'><strong>et</strong></span> <span class='ocrx_word' id='word_1_192' title='bbox 2394 1225 2615 1294; x_wconf 84' lang='lat' dir='ltr'><strong>corpori</strong></span> <span class='ocrx_word' id='word_1_193' title='bbox 2646 1222 2822 1275; x_wconf 87' lang='lat' dir='ltr'><strong>anima</strong></span> <span class='ocrx_word' id='word_1_194' title='bbox 2855 1218 3117 1273; x_wconf 81' lang='lat' dir='ltr'><strong>miscetur</strong></span> <span class='ocrx_word' id='word_1_195' title='bbox 3144 1229 3197 1269; x_wconf 89' lang='lat' dir='ltr'><strong>nt</strong></span> <span class='ocrx_word' id='word_1_196' title='bbox 3228 1217 3389 1268; x_wconf 79' lang='lat' dir='ltr'><strong>homo</strong></span> <span class='ocrx_word' id='word_1_197' title='bbox 3420 1214 3477 1268; x_wconf 87' lang='lat' dir='ltr'><strong>ef</strong></span> 
     </span>
    </p>
   </div>
   <div class='ocr_carea' id='block_1_30' title="bbox 1914 1306 3504 1385">
    <p class='ocr_par' dir='ltr' id='par_1_30' title="bbox 1914 1306 3504 1385">
     <span class='ocr_line' id='line_1_31' title="bbox 1914 1306 3504 1385; baseline -0.009 -11"><span class='ocrx_word' id='word_1_198' title='bbox 1914 1320 2157 1374; x_wconf 86' lang='lat' dir='ltr'><strong>ficiatur:</strong></span> <span class='ocrx_word' id='word_1_199' title='bbox 2187 1322 2260 1373; x_wconf 84' lang='lat' dir='ltr'><strong>ita</strong></span> <span class='ocrx_word' id='word_1_200' title='bbox 2291 1320 2453 1372; x_wconf 91' lang='lat' dir='ltr'><strong>homo</strong></span> <span class='ocrx_word' id='word_1_201' title='bbox 2485 1317 2811 1385; x_wconf 86' lang='lat' dir='ltr'><strong>conjunctus</strong></span> <span class='ocrx_word' id='word_1_202' title='bbox 2851 1322 2936 1367; x_wconf 86' lang='lat' dir='ltr'><strong>est</strong></span> <span class='ocrx_word' id='word_1_203' title='bbox 2972 1312 3104 1374; x_wconf 85' lang='lat' dir='ltr'><strong>Deo,</strong></span> <span class='ocrx_word' id='word_1_204' title='bbox 3135 1319 3188 1361; x_wconf 92' lang='lat' dir='ltr'><strong>et</strong></span> <span class='ocrx_word' id='word_1_205' title='bbox 3220 1306 3394 1361; x_wconf 77' lang='lat' dir='ltr'><strong>factus</strong></span> <span class='ocrx_word' id='word_1_206' title='bbox 3419 1317 3504 1359; x_wconf 83' lang='lat' dir='ltr'><strong>est</strong></span> 
     </span>
    </p>
   </div>
   <div class='ocr_carea' id='block_1_31' title="bbox 1910 1400 3505 1476">
    <p class='ocr_par' dir='ltr' id='par_1_31' title="bbox 1910 1400 3505 1476">
     <span class='ocr_line' id='line_1_32' title="bbox 1910 1400 3505 1476; baseline -0.011 -8"><span class='ocrx_word' id='word_1_207' title='bbox 1910 1413 2196 1476; x_wconf 89' lang='lat' dir='ltr'><strong>Christus;</strong></span> <span class='ocrx_word' id='word_1_208' title='bbox 2237 1422 2292 1466; x_wconf 89' lang='lat' dir='ltr'><strong>et</strong></span> <span class='ocrx_word' id='word_1_209' title='bbox 2321 1423 2497 1464; x_wconf 85' lang='lat' dir='ltr'><strong>tamen</strong></span> <span class='ocrx_word' id='word_1_210' title='bbox 2543 1420 2601 1464; x_wconf 85' lang='lat' dir='ltr'><strong>ut</strong></span> <span class='ocrx_word' id='word_1_211' title='bbox 2650 1411 2804 1461; x_wconf 84' lang='lat' dir='ltr'><strong>fieret</strong></span> <span class='ocrx_word' id='word_1_212' title='bbox 2838 1404 3107 1464; x_wconf 86' lang='lat' dir='ltr'><strong>Christus,</strong></span> <span class='ocrx_word' id='word_1_213' title='bbox 3161 1402 3270 1455; x_wconf 89' lang='lat' dir='ltr'><strong>duo</strong></span> <span class='ocrx_word' id='word_1_214' title='bbox 3302 1402 3391 1453; x_wconf 88' lang='lat' dir='ltr'><strong>illa</strong></span> <span class='ocrx_word' id='word_1_215' title='bbox 3423 1400 3505 1454; x_wconf 88' lang='lat' dir='ltr'><strong>iu-</strong></span> 
     </span>
    </p>
   </div>
   <div class='ocr_carea' id='block_1_32' title="bbox 1913 1492 3504 1571">
    <p class='ocr_par' dir='ltr' id='par_1_32' title="bbox 1913 1492 3504 1571">
     <span class='ocr_line' id='line_1_33' title="bbox 1913 1492 3504 1571; baseline -0.008 -13"><span class='ocrx_word' id='word_1_216' title='bbox 1913 1519 2198 1571; x_wconf 86' lang='lat' dir='ltr'><strong>corporea,</strong></span> <span class='ocrx_word' id='word_1_217' title='bbox 2233 1501 2286 1557; x_wconf 87' lang='lat' dir='ltr'><strong>id</strong></span> <span class='ocrx_word' id='word_1_218' title='bbox 2321 1512 2403 1557; x_wconf 90' lang='lat' dir='ltr'><strong>est</strong></span> <span class='ocrx_word' id='word_1_219' title='bbox 2442 1503 2621 1555; x_wconf 88' lang='lat' dir='ltr'><strong>anima</strong></span> <span class='ocrx_word' id='word_1_220' title='bbox 2666 1509 2722 1553; x_wconf 87' lang='lat' dir='ltr'><strong>et</strong></span> <span class='ocrx_word' id='word_1_221' title='bbox 2761 1499 2924 1562; x_wconf 88' lang='lat' dir='ltr'><strong>Deus,</strong></span> <span class='ocrx_word' id='word_1_222' title='bbox 2979 1495 3194 1550; x_wconf 77' lang='lat' dir='ltr'><strong>facilius</strong></span> <span class='ocrx_word' id='word_1_223' title='bbox 3247 1492 3504 1560; x_wconf 74' lang='lat' dir='ltr'><strong>conjungi</strong></span> 
     </span>
    </p>
   </div>
   <div class='ocr_carea' id='block_1_33' title="bbox 1927 1584 3508 1664">
    <p class='ocr_par' dir='ltr' id='par_1_33' title="bbox 1927 1584 3508 1664">
     <span class='ocr_line' id='line_1_34' title="bbox 1927 1584 3508 1664; baseline -0.009 -14"><span class='ocrx_word' id='word_1_224' title='bbox 1927 1592 2352 1664; x_wconf 86' lang='lat' dir='ltr'><strong>permiscerique</strong></span> <span class='ocrx_word' id='word_1_225' title='bbox 2381 1600 2672 1661; x_wconf 87' lang='lat' dir='ltr'><strong>potuerunt</strong></span> <span class='ocrx_word' id='word_1_226' title='bbox 2701 1604 2861 1658; x_wconf 88' lang='lat' dir='ltr'><strong>quam</strong></span> <span class='ocrx_word' id='word_1_227' title='bbox 2905 1586 3165 1641; x_wconf 88' lang='lat' dir='ltr'><strong>miscetur</strong></span> <span class='ocrx_word' id='word_1_228' title='bbox 3193 1599 3295 1637; x_wconf 88' lang='lat' dir='ltr'><strong>una</strong></span> <span class='ocrx_word' id='word_1_229' title='bbox 3330 1584 3508 1637; x_wconf 87' lang='lat' dir='ltr'><strong>incor-</strong></span> 
     </span>
    </p>
   </div>
   <div class='ocr_carea' id='block_1_34' title="bbox 1922 1678 3507 1755">
    <p class='ocr_par' dir='ltr' id='par_1_34' title="bbox 1922 1678 3507 1755">
     <span class='ocr_line' id='line_1_35' title="bbox 1922 1678 3507 1755; baseline -0.009 -15"><span class='ocrx_word' id='word_1_230' title='bbox 1922 1699 2089 1755; x_wconf 77' lang='lat' dir='ltr'><strong>porea</strong></span> <span class='ocrx_word' id='word_1_231' title='bbox 2137 1685 2353 1752; x_wconf 82' lang='lat' dir='ltr'><strong>aliaque</strong></span> <span class='ocrx_word' id='word_1_232' title='bbox 2388 1698 2674 1751; x_wconf 75' lang='lat' dir='ltr'><strong>corporea,</strong></span> <span class='ocrx_word' id='word_1_233' title='bbox 2708 1681 2758 1734; x_wconf 89' lang='lat' dir='ltr'><strong>id</strong></span> <span class='ocrx_word' id='word_1_234' title='bbox 2794 1686 2878 1733; x_wconf 86' lang='lat' dir='ltr'><strong>est</strong></span> <span class='ocrx_word' id='word_1_235' title='bbox 2907 1678 3081 1732; x_wconf 89' lang='lat' dir='ltr'><strong>anima</strong></span> <span class='ocrx_word' id='word_1_236' title='bbox 3114 1683 3171 1730; x_wconf 83' lang='lat' dir='ltr'><strong>et</strong></span> <span class='ocrx_word' id='word_1_237' title='bbox 3198 1689 3417 1744; x_wconf 88' lang='lat' dir='ltr'><strong>corpus,</strong></span> <span class='ocrx_word' id='word_1_238' title='bbox 3451 1684 3507 1726; x_wconf 80' lang='grc' dir='ltr'><strong>ιιι</strong></span> 
     </span>
    </p>
   </div>
   <div class='ocr_carea' id='block_1_35' title="bbox 1925 1773 2667 1845">
    <p class='ocr_par' dir='ltr' id='par_1_35' title="bbox 1925 1773 2667 1845">
     <span class='ocr_line' id='line_1_36' title="bbox 1925 1773 2667 1845; baseline -0.007 -15"><span class='ocrx_word' id='word_1_239' title='bbox 1925 1789 2155 1845; x_wconf 89' lang='lat' dir='ltr'><strong>persona</strong></span> <span class='ocrx_word' id='word_1_240' title='bbox 2193 1774 2426 1828; x_wconf 87' lang='lat' dir='ltr'><strong>hominis</strong></span> <span class='ocrx_word' id='word_1_241' title='bbox 2448 1773 2667 1827; x_wconf 82' lang='lat' dir='ltr'><strong>existat.</strong></span> 
     </span>
    </p>
   </div>
   <div class='ocr_carea' id='block_1_36' title="bbox 222 1882 3474 1914">
    <p class='ocr_par' dir='ltr' id='par_1_36' title="bbox 222 1882 3474 1914">
     <span class='ocr_line' id='line_1_37' title="bbox 222 1882 3474 1914; baseline -0.003 -10"><span class='ocrx_word' id='word_1_242' title='bbox 222 1882 3474 1914; x_wconf 53' lang='grc' dir='ltr'><em>Μ</em></span> 
     </span>
    </p>
   </div>
   <div class='ocr_carea' id='block_1_37' title="bbox 1035 1988 2660 2103">
    <p class='ocr_par' dir='ltr' id='par_1_37' title="bbox 1035 1988 2660 2103">
     <span class='ocr_line' id='line_1_38' title="bbox 1035 1988 2660 2103; baseline -0.002 -1"><span class='ocrx_word' id='word_1_243' title='bbox 1035 1989 1721 2103; x_wconf 72' lang='grc' dir='ltr'><strong>-εΔΝατι</strong></span> <span class='ocrx_word' id='word_1_244' title='bbox 1773 1988 2660 2101; x_wconf 72' lang='lat' dir='ltr'><strong>EUGEERII</strong></span> 
     </span>
    </p>
   </div>
   <div class='ocr_carea' id='block_1_38' title="bbox 1396 2177 2342 2243">
    <p class='ocr_par' dir='ltr' id='par_1_38' title="bbox 1396 2177 2342 2243">
     <span class='ocr_line' id='line_1_39' title="bbox 1396 2177 2342 2243; baseline 0 -3"><span class='ocrx_word' id='word_1_245' title='bbox 1396 2177 1943 2243; x_wconf 79' lang='lat' dir='ltr'><strong>LUGDUNENSIS</strong></span> <span class='ocrx_word' id='word_1_246' title='bbox 1988 2178 2342 2243; x_wconf 84' lang='lat' dir='ltr'><strong>EPISCOPI</strong></span> 
     </span>
    </p>
   </div>
   <div class='ocr_carea' id='block_1_39' title="bbox 362 2336 3387 2489">
    <p class='ocr_par' dir='ltr' id='par_1_39' title="bbox 362 2336 3387 2489">
     <span class='ocr_line' id='line_1_40' title="bbox 362 2336 3387 2489; baseline -0.003 -2"><span class='ocrx_word' id='word_1_247' title='bbox 362 2336 1707 2489; x_wconf 32' lang='lat' dir='ltr'><strong>EXHEORTATIO</strong></span> <span class='ocrx_word' id='word_1_248' title='bbox 1815 2339 2084 2479; x_wconf 86' lang='lat' dir='ltr'><strong>AD</strong></span> <span class='ocrx_word' id='word_1_249' title='bbox 2182 2338 3387 2487; x_wconf 81' lang='lat' dir='ltr'><strong>MONACHOS.</strong></span> 
     </span>
    </p>
   </div>
   <div class='ocr_carea' id='block_1_40' title="bbox 1250 2560 2494 2631">
    <p class='ocr_par' dir='ltr' id='par_1_40' title="bbox 1250 2560 2494 2631">
     <span class='ocr_line' id='line_1_41' title="bbox 1250 2560 2494 2631; baseline 0.001 -18"><span class='ocrx_word' id='word_1_250' title='bbox 1250 2563 1343 2629; x_wconf 78' lang='lat' dir='ltr'><strong>(Ex</strong></span> <span class='ocrx_word' id='word_1_251' title='bbox 1371 2563 1573 2615; x_wconf 61' lang='grc' dir='ltr'><strong>λιιι-ἰεῦ.</strong></span> <span class='ocrx_word' id='word_1_252' title='bbox 1595 2561 1803 2613; x_wconf 81' lang='lat' dir='ltr'><strong>Brockie</strong></span> <span class='ocrx_word' id='word_1_253' title='bbox 1827 2561 2003 2614; x_wconf 79' lang='lat' dir='ltr'><strong>Codice</strong></span> <span class='ocrx_word' id='word_1_254' title='bbox 2025 2560 2262 2627; x_wconf 74' lang='lat' dir='ltr'><strong>Regular.</strong></span> <span class='ocrx_word' id='word_1_255' title='bbox 2287 2570 2404 2615; x_wconf 78' lang='lat' dir='ltr'><strong>tom.</strong></span> <span class='ocrx_word' id='word_1_256' title='bbox 2428 2564 2494 2631; x_wconf 79' lang='grc' dir='ltr'><strong>Ι.)</strong></span> 
     </span>
    </p>
   </div>
   <div class='ocr_carea' id='block_1_41' title="bbox 306 2802 3515 2879">
    <p class='ocr_par' dir='ltr' id='par_1_41' title="bbox 306 2802 3515 2879">
     <span class='ocr_line' id='line_1_42' title="bbox 306 2802 3515 2879; baseline -0 -15"><span class='ocrx_word' id='word_1_257' title='bbox 306 2814 361 2866; x_wconf 83' lang='grc'><strong>1.</strong></span> <span class='ocrx_word' id='word_1_258' title='bbox 412 2807 560 2877; x_wconf 83' lang='lat' dir='ltr'><strong>Quid</strong></span> <span class='ocrx_word' id='word_1_259' title='bbox 591 2805 750 2860; x_wconf 81' lang='lat' dir='ltr'><strong>vobis</strong></span> <span class='ocrx_word' id='word_1_260' title='bbox 796 2803 1196 2870; x_wconf 80' lang='lat' dir='ltr'><strong>exhibeamus,</strong></span> <span class='ocrx_word' id='word_1_261' title='bbox 1230 2802 1426 2858; x_wconf 83' lang='lat' dir='ltr'><strong>fratres</strong></span> <span class='ocrx_word' id='word_1_262' title='bbox 1471 2802 1779 2859; x_wconf 88' lang='lat' dir='ltr'><strong>charissimi</strong></span> <span class='ocrx_word' id='word_1_263' title='bbox 1806 2844 1826 2873; x_wconf 91' lang='lat'><strong>,</strong></span> <span class='ocrx_word' id='word_1_264' title='bbox 1857 2805 1904 2865; x_wconf 85' lang='grc' dir='ltr'><em>Β</em></span> <span class='ocrx_word' id='word_1_265' title='bbox 1932 2804 2027 2859; x_wconf 88' lang='lat' dir='ltr'><strong>cit.</strong></span> <span class='ocrx_word' id='word_1_266' title='bbox 2060 2803 2185 2859; x_wconf 69' lang='lat' dir='ltr'><strong>Htec</strong></span> <span class='ocrx_word' id='word_1_267' title='bbox 2234 2814 2339 2874; x_wconf 88' lang='lat' dir='ltr'><strong>est,</strong></span> <span class='ocrx_word' id='word_1_268' title='bbox 2387 2821 2507 2877; x_wconf 76' lang='lat' dir='ltr'><strong>qua:</strong></span> <span class='ocrx_word' id='word_1_269' title='bbox 2550 2822 2654 2862; x_wconf 91' lang='lat' dir='ltr'><strong>non</strong></span> <span class='ocrx_word' id='word_1_270' title='bbox 2708 2808 2954 2877; x_wconf 89' lang='lat' dir='ltr'><strong>ruinam,</strong></span> <span class='ocrx_word' id='word_1_271' title='bbox 2996 2824 3102 2862; x_wconf 87' lang='lat' dir='ltr'><strong>non</strong></span> <span class='ocrx_word' id='word_1_272' title='bbox 3135 2809 3515 2879; x_wconf 57' lang='lat' dir='ltr'><strong>praecipitium,</strong></span> 
     </span>
    </p>
   </div>
   <div class='ocr_carea' id='block_1_42' title="bbox 229 2896 1828 2974">
    <p class='ocr_par' dir='ltr' id='par_1_42' title="bbox 229 2896 1828 2974">
     <span class='ocr_line' id='line_1_43' title="bbox 229 2896 1828 2974; baseline -0.005 -15"><span class='ocrx_word' id='word_1_273' title='bbox 229 2904 376 2974; x_wconf 84' lang='lat' dir='ltr'><strong>quod</strong></span> <span class='ocrx_word' id='word_1_274' title='bbox 404 2912 460 2957; x_wconf 90' lang='lat' dir='ltr'><strong>et</strong></span> <span class='ocrx_word' id='word_1_275' title='bbox 492 2899 646 2954; x_wconf 89' lang='lat' dir='ltr'><strong>nobis</strong></span> <span class='ocrx_word' id='word_1_276' title='bbox 675 2899 856 2953; x_wconf 87' lang='lat' dir='ltr'><strong>dicere</strong></span> <span class='ocrx_word' id='word_1_277' title='bbox 879 2938 895 2961; x_wconf 88' lang='lat'><strong>,</strong></span> <span class='ocrx_word' id='word_1_278' title='bbox 925 2905 979 2951; x_wconf 91' lang='lat' dir='ltr'><strong>et</strong></span> <span class='ocrx_word' id='word_1_279' title='bbox 1015 2896 1165 2952; x_wconf 82' lang='lat' dir='ltr'><strong>vobis</strong></span> <span class='ocrx_word' id='word_1_280' title='bbox 1217 2896 1410 2951; x_wconf 90' lang='lat' dir='ltr'><strong>audire</strong></span> <span class='ocrx_word' id='word_1_281' title='bbox 1458 2896 1677 2966; x_wconf 88' lang='lat' dir='ltr'><strong>dignum</strong></span> <span class='ocrx_word' id='word_1_282' title='bbox 1721 2897 1828 2951; x_wconf 70' lang='lat' dir='ltr'><strong>sit?</strong></span> 
     </span>
    </p>
   </div>
   <div class='ocr_carea' id='block_1_43' title="bbox 229 2988 1832 3065">
    <p class='ocr_par' dir='ltr' id='par_1_43' title="bbox 229 2988 1832 3065">
     <span class='ocr_line' id='line_1_44' title="bbox 229 2988 1832 3065; baseline -0.002 -18"><span class='ocrx_word' id='word_1_283' title='bbox 229 2994 376 3065; x_wconf 80' lang='lat' dir='ltr'><strong>Quid</strong></span> <span class='ocrx_word' id='word_1_284' title='bbox 431 2992 583 3046; x_wconf 86' lang='lat' dir='ltr'><strong>vobis</strong></span> <span class='ocrx_word' id='word_1_285' title='bbox 629 2990 776 3061; x_wconf 89' lang='lat' dir='ltr'><strong>loqui</strong></span> <span class='ocrx_word' id='word_1_286' title='bbox 827 2988 1115 3053; x_wconf 84' lang='lat' dir='ltr'><strong>audemus,</strong></span> <span class='ocrx_word' id='word_1_287' title='bbox 1162 3002 1300 3058; x_wconf 86' lang='lat' dir='ltr'><strong>quos</strong></span> <span class='ocrx_word' id='word_1_288' title='bbox 1339 2989 1501 3043; x_wconf 87' lang='lat' dir='ltr'><strong>etiam</strong></span> <span class='ocrx_word' id='word_1_289' title='bbox 1545 2989 1705 3042; x_wconf 88' lang='lat' dir='ltr'><strong>tacita</strong></span> <span class='ocrx_word' id='word_1_290' title='bbox 1734 2988 1832 3043; x_wconf 80' lang='lat' dir='ltr'><strong>ad-</strong></span> 
     </span>
    </p>
   </div>
   <div class='ocr_carea' id='block_1_44' title="bbox 233 3080 1834 3153">
    <p class='ocr_par' dir='ltr' id='par_1_44' title="bbox 233 3080 1834 3153">
     <span class='ocr_line' id='line_1_45' title="bbox 233 3080 1834 3153; baseline -0.004 -11"><span class='ocrx_word' id='word_1_291' title='bbox 233 3089 530 3142; x_wconf 88' lang='lat' dir='ltr'><strong>miratione</strong></span> <span class='ocrx_word' id='word_1_292' title='bbox 571 3081 938 3153; x_wconf 80' lang='lat' dir='ltr'><strong>suspicimus?</strong></span> <span class='ocrx_word' id='word_1_293' title='bbox 986 3080 1123 3149; x_wconf 87' lang='lat' dir='ltr'><strong>Quid</strong></span> <span class='ocrx_word' id='word_1_294' title='bbox 1163 3096 1262 3135; x_wconf 82' lang='lat' dir='ltr'><strong>nus</strong></span> <span class='ocrx_word' id='word_1_295' title='bbox 1301 3080 1699 3138; x_wconf 62' lang='lat' dir='ltr'><strong>mdilicabimus</strong></span> <span class='ocrx_word' id='word_1_296' title='bbox 1734 3095 1834 3136; x_wconf 90' lang='lat' dir='ltr'><strong>vos</strong></span> 
     </span>
    </p>
   </div>
   <div class='ocr_carea' id='block_1_45' title="bbox 233 3172 1835 3243">
    <p class='ocr_par' dir='ltr' id='par_1_45' title="bbox 233 3172 1835 3243">
     <span class='ocr_line' id='line_1_46' title="bbox 233 3172 1835 3243; baseline -0.003 -12"><span class='ocrx_word' id='word_1_297' title='bbox 233 3181 431 3243; x_wconf 88' lang='lat' dir='ltr'><strong>verhn,</strong></span> <span class='ocrx_word' id='word_1_298' title='bbox 467 3192 587 3229; x_wconf 74' lang='lat' dir='ltr'><strong>cum</strong></span> <span class='ocrx_word' id='word_1_299' title='bbox 621 3191 714 3228; x_wconf 74' lang='lat' dir='ltr'><strong>Vns</strong></span> <span class='ocrx_word' id='word_1_300' title='bbox 747 3188 844 3228; x_wconf 80' lang='lat' dir='ltr'><strong>nos</strong></span> <span class='ocrx_word' id='word_1_301' title='bbox 876 3172 1156 3228; x_wconf 65' lang='lat' dir='ltr'><strong>aedificetis</strong></span> <span class='ocrx_word' id='word_1_302' title='bbox 1188 3172 1486 3243; x_wconf 77' lang='lat' dir='ltr'><strong>exemplo?</strong></span> <span class='ocrx_word' id='word_1_303' title='bbox 1510 3173 1835 3227; x_wconf 85' lang='lat' dir='ltr'><strong>Docebimus</strong></span> 
     </span>
    </p>
   </div>
   <div class='ocr_carea' id='block_1_46' title="bbox 235 3264 1835 3340">
    <p class='ocr_par' dir='ltr' id='par_1_46' title="bbox 235 3264 1835 3340">
     <span class='ocr_line' id='line_1_47' title="bbox 235 3264 1835 3340; baseline -0.004 -15"><span class='ocrx_word' id='word_1_304' title='bbox 235 3287 339 3325; x_wconf 53' lang='lat' dir='ltr'><strong>vos</strong></span> <span class='ocrx_word' id='word_1_305' title='bbox 391 3271 520 3340; x_wconf 89' lang='lat' dir='ltr'><strong>quid</strong></span> <span class='ocrx_word' id='word_1_306' title='bbox 571 3270 779 3337; x_wconf 85' lang='lat' dir='ltr'><strong>agatis,</strong></span> <span class='ocrx_word' id='word_1_307' title='bbox 840 3266 927 3335; x_wconf 84' lang='lat' dir='ltr'><strong>qui</strong></span> <span class='ocrx_word' id='word_1_308' title='bbox 977 3266 1086 3335; x_wconf 83' lang='lat' dir='ltr'><strong>jam</strong></span> <span class='ocrx_word' id='word_1_309' title='bbox 1134 3268 1389 3321; x_wconf 86' lang='lat' dir='ltr'><strong>miramur</strong></span> <span class='ocrx_word' id='word_1_310' title='bbox 1442 3265 1583 3336; x_wconf 87' lang='lat' dir='ltr'><strong>quod</strong></span> <span class='ocrx_word' id='word_1_311' title='bbox 1639 3264 1835 3336; x_wconf 70' lang='lat' dir='ltr'><strong>agitis?</strong></span> 
     </span>
    </p>
   </div>
   <div class='ocr_carea' id='block_1_47' title="bbox 237 3353 1833 3432">
    <p class='ocr_par' dir='ltr' id='par_1_47' title="bbox 237 3353 1833 3432">
     <span class='ocr_line' id='line_1_48' title="bbox 237 3353 1833 3432; baseline -0.001 -21"><span class='ocrx_word' id='word_1_312' title='bbox 237 3361 378 3432; x_wconf 85' lang='lat' dir='ltr'><strong>Quid</strong></span> <span class='ocrx_word' id='word_1_313' title='bbox 393 3376 524 3430; x_wconf 83' lang='lat' dir='ltr'><strong>ergo</strong></span> <span class='ocrx_word' id='word_1_314' title='bbox 536 3358 732 3413; x_wconf 89' lang='lat' dir='ltr'><strong>dicturi</strong></span> <span class='ocrx_word' id='word_1_315' title='bbox 758 3373 943 3412; x_wconf 87' lang='lat' dir='ltr'><strong>smnus</strong></span> <span class='ocrx_word' id='word_1_316' title='bbox 958 3357 983 3409; x_wconf 83' lang='lat'><strong>?</strong></span> <span class='ocrx_word' id='word_1_317' title='bbox 996 3353 1063 3413; x_wconf 87' lang='lat' dir='ltr'><strong>Ut</strong></span> <span class='ocrx_word' id='word_1_318' title='bbox 1077 3356 1341 3411; x_wconf 84' lang='lat' dir='ltr'><strong>deseratis</strong></span> <span class='ocrx_word' id='word_1_319' title='bbox 1362 3356 1648 3419; x_wconf 89' lang='lat' dir='ltr'><strong>mundum,</strong></span> <span class='ocrx_word' id='word_1_320' title='bbox 1670 3370 1833 3426; x_wconf 87' lang='lat' dir='ltr'><strong>quem</strong></span> 
     </span>
    </p>
   </div>
   <div class='ocr_carea' id='block_1_48' title="bbox 239 3448 1835 3526">
    <p class='ocr_par' dir='ltr' id='par_1_48' title="bbox 239 3448 1835 3526">
     <span class='ocr_line' id='line_1_49' title="bbox 239 3448 1835 3526; baseline -0.005 -17"><span class='ocrx_word' id='word_1_321' title='bbox 239 3458 353 3526; x_wconf 80' lang='lat' dir='ltr'><strong>jam</strong></span> <span class='ocrx_word' id='word_1_322' title='bbox 384 3450 747 3507; x_wconf 74' lang='lat' dir='ltr'><strong>deseruistis?</strong></span> <span class='ocrx_word' id='word_1_323' title='bbox 777 3448 846 3505; x_wconf 88' lang='lat' dir='ltr'><strong>Ut</strong></span> <span class='ocrx_word' id='word_1_324' title='bbox 892 3449 1251 3505; x_wconf 88' lang='lat' dir='ltr'><strong>contemnatis</strong></span> <span class='ocrx_word' id='word_1_325' title='bbox 1297 3448 1539 3516; x_wconf 77' lang='lat' dir='ltr'><strong>divitias,</strong></span> <span class='ocrx_word' id='word_1_326' title='bbox 1569 3449 1835 3520; x_wconf 86' lang='lat' dir='ltr'><strong>quasjam</strong></span> 
     </span>
    </p>
   </div>
   <div class='ocr_carea' id='block_1_49' title="bbox 241 3539 1838 3611">
    <p class='ocr_par' dir='ltr' id='par_1_49' title="bbox 241 3539 1838 3611">
     <span class='ocr_line' id='line_1_50' title="bbox 241 3539 1838 3611; baseline -0.005 -10"><span class='ocrx_word' id='word_1_327' title='bbox 241 3545 403 3601; x_wconf 88' lang='lat' dir='ltr'><strong>multi</strong></span> <span class='ocrx_word' id='word_1_328' title='bbox 457 3540 910 3611; x_wconf 82' lang='lat' dir='ltr'><strong>contempsistis‘t</strong></span> <span class='ocrx_word' id='word_1_329' title='bbox 946 3539 1025 3596; x_wconf 30' lang='lat' dir='ltr'><strong>iUt</strong></span> <span class='ocrx_word' id='word_1_330' title='bbox 1067 3540 1281 3609; x_wconf 86' lang='lat' dir='ltr'><strong>fugiatis</strong></span> <span class='ocrx_word' id='word_1_331' title='bbox 1324 3540 1669 3609; x_wconf 83' lang='lat' dir='ltr'><strong>cupiditates,</strong></span> <span class='ocrx_word' id='word_1_332' title='bbox 1702 3554 1838 3607; x_wconf 87' lang='lat' dir='ltr'><strong>quas</strong></span> 
     </span>
    </p>
   </div>
   <div class='ocr_carea' id='block_1_50' title="bbox 243 3630 1839 3709">
    <p class='ocr_par' dir='ltr' id='par_1_50' title="bbox 243 3630 1839 3709">
     <span class='ocr_line' id='line_1_51' title="bbox 243 3630 1839 3709; baseline -0.006 -17"><span class='ocrx_word' id='word_1_333' title='bbox 243 3639 356 3709; x_wconf 89' lang='lat' dir='ltr'><strong>jam</strong></span> <span class='ocrx_word' id='word_1_334' title='bbox 387 3635 640 3706; x_wconf 81' lang='lat' dir='ltr'><strong>fugistis?</strong></span> <span class='ocrx_word' id='word_1_335' title='bbox 667 3633 736 3689; x_wconf 90' lang='lat' dir='ltr'><strong>Ut</strong></span> <span class='ocrx_word' id='word_1_336' title='bbox 777 3632 989 3703; x_wconf 84' lang='lat' dir='ltr'><strong>eligatis</strong></span> <span class='ocrx_word' id='word_1_337' title='bbox 1015 3631 1340 3697; x_wconf 86' lang='lat' dir='ltr'><strong>salubriora,</strong></span> <span class='ocrx_word' id='word_1_338' title='bbox 1370 3646 1490 3701; x_wconf 68' lang='lat' dir='ltr'><strong>quae</strong></span> <span class='ocrx_word' id='word_1_339' title='bbox 1526 3632 1635 3698; x_wconf 87' lang='lat' dir='ltr'><strong>jam</strong></span> <span class='ocrx_word' id='word_1_340' title='bbox 1668 3630 1839 3700; x_wconf 85' lang='lat' dir='ltr'><strong>elegi-</strong></span> 
     </span>
    </p>
   </div>
   <div class='ocr_carea' id='block_1_51' title="bbox 244 3722 1841 3795">
    <p class='ocr_par' dir='ltr' id='par_1_51' title="bbox 244 3722 1841 3795">
     <span class='ocr_line' id='line_1_52' title="bbox 244 3722 1841 3795; baseline -0.003 -14"><span class='ocrx_word' id='word_1_341' title='bbox 244 3729 393 3783; x_wconf 67' lang='lat' dir='ltr'><strong>stis?</strong></span> <span class='ocrx_word' id='word_1_342' title='bbox 440 3727 700 3795; x_wconf 79' lang='lat' dir='ltr'><strong>Aperiunt</strong></span> <span class='ocrx_word' id='word_1_343' title='bbox 747 3725 909 3794; x_wconf 77' lang='lat' dir='ltr'><strong>igitur</strong></span> <span class='ocrx_word' id='word_1_344' title='bbox 956 3724 1010 3777; x_wconf 92' lang='lat' dir='ltr'><strong>in</strong></span> <span class='ocrx_word' id='word_1_345' title='bbox 1053 3722 1428 3777; x_wconf 77' lang='lat' dir='ltr'><strong>exsultatione</strong></span> <span class='ocrx_word' id='word_1_346' title='bbox 1474 3722 1747 3775; x_wconf 88' lang='lat' dir='ltr'><strong>communi</strong></span> <span class='ocrx_word' id='word_1_347' title='bbox 1779 3734 1841 3776; x_wconf 88' lang='lat' dir='ltr'><strong>os</strong></span> 
     </span>
    </p>
   </div>
   <div class='ocr_carea' id='block_1_52' title="bbox 249 3813 1843 3884">
    <p class='ocr_par' dir='ltr' id='par_1_52' title="bbox 249 3813 1843 3884">
     <span class='ocr_line' id='line_1_53' title="bbox 249 3813 1843 3884; baseline -0.004 -12"><span class='ocrx_word' id='word_1_348' title='bbox 249 3835 458 3883; x_wconf 89' lang='lat' dir='ltr'><strong>meum,</strong></span> <span class='ocrx_word' id='word_1_349' title='bbox 489 3816 827 3883; x_wconf 86' lang='lat' dir='ltr'><strong>adimplente</strong></span> <span class='ocrx_word' id='word_1_350' title='bbox 855 3815 949 3869; x_wconf 92' lang='lat' dir='ltr'><strong>illo</strong></span> <span class='ocrx_word' id='word_1_351' title='bbox 975 3814 1068 3884; x_wconf 84' lang='lat' dir='ltr'><strong>qui</strong></span> <span class='ocrx_word' id='word_1_352' title='bbox 1107 3813 1247 3869; x_wconf 80' lang='lat' dir='ltr'><strong>dixit</strong></span> <span class='ocrx_word' id='word_1_353' title='bbox 1273 3830 1288 3867; x_wconf 86' lang='lat'><strong>:</strong></span> <span class='ocrx_word' id='word_1_354' title='bbox 1335 3813 1493 3881; x_wconf 72' lang='lat' dir='ltr'><strong>Aperi</strong></span> <span class='ocrx_word' id='word_1_355' title='bbox 1517 3822 1765 3881; x_wconf 66' lang='lat' dir='ltr'><strong>ossuum,</strong></span> <span class='ocrx_word' id='word_1_356' title='bbox 1794 3820 1843 3865; x_wconf 76' lang='lat' dir='ltr'><strong>et</strong></span> 
     </span>
    </p>
   </div>
   <div class='ocr_carea' id='block_1_53' title="bbox 248 3901 1841 3977">
    <p class='ocr_par' dir='ltr' id='par_1_53' title="bbox 248 3901 1841 3977">
     <span class='ocr_line' id='line_1_54' title="bbox 248 3901 1841 3977; baseline -0.003 -16"><span class='ocrx_word' id='word_1_357' title='bbox 248 3909 468 3977; x_wconf 59' lang='lat' dir='ltr'><strong>adimpl.</strong></span> <span class='ocrx_word' id='word_1_358' title='bbox 491 3908 552 3961; x_wconf 88' lang='lat' dir='ltr'><strong>bo</strong></span> <span class='ocrx_word' id='word_1_359' title='bbox 582 3906 715 3960; x_wconf 85' lang='lat' dir='ltr'><strong>illud</strong></span> <span class='ocrx_word' id='word_1_360' title='bbox 739 3905 965 3977; x_wconf 83' lang='lat' dir='ltr'><strong>(Psalm.</strong></span> <span class='ocrx_word' id='word_1_361' title='bbox 996 3919 1165 3970; x_wconf 66' lang='lat' dir='ltr'><strong>exn,</strong></span> <span class='ocrx_word' id='word_1_362' title='bbox 1184 3903 1683 3974; x_wconf 52' lang='lat' dir='ltr'><strong>di).-l.oquarergo</strong></span> <span class='ocrx_word' id='word_1_363' title='bbox 1698 3901 1841 3973; x_wconf 84' lang='lat' dir='ltr'><strong>apud</strong></span> 
     </span>
    </p>
   </div>
   <div class='ocr_carea' id='block_1_54' title="bbox 253 3994 1846 4066">
    <p class='ocr_par' dir='ltr' id='par_1_54' title="bbox 253 3994 1846 4066">
     <span class='ocr_line' id='line_1_55' title="bbox 253 3994 1846 4066; baseline -0.003 -12"><span class='ocrx_word' id='word_1_364' title='bbox 253 4017 379 4066; x_wconf 83' lang='lat' dir='ltr'><strong>vos,</strong></span> <span class='ocrx_word' id='word_1_365' title='bbox 411 3999 777 4061; x_wconf 72' lang='lat' dir='ltr'><strong>dilectissimi,</strong></span> <span class='ocrx_word' id='word_1_366' title='bbox 800 4013 906 4051; x_wconf 90' lang='lat' dir='ltr'><strong>non</strong></span> <span class='ocrx_word' id='word_1_367' title='bbox 936 4010 1307 4066; x_wconf 77' lang='lat' dir='ltr'><strong>expavescens</strong></span> <span class='ocrx_word' id='word_1_368' title='bbox 1327 4011 1342 4059; x_wconf 93' lang='lat'><strong>;</strong></span> <span class='ocrx_word' id='word_1_369' title='bbox 1361 4011 1445 4049; x_wconf 83' lang='lat' dir='ltr'><strong>ne</strong></span> <span class='ocrx_word' id='word_1_370' title='bbox 1471 3995 1539 4048; x_wconf 87' lang='lat' dir='ltr'><strong>sit</strong></span> <span class='ocrx_word' id='word_1_371' title='bbox 1561 3994 1723 4049; x_wconf 87' lang='lat' dir='ltr'><strong>unius</strong></span> <span class='ocrx_word' id='word_1_372' title='bbox 1754 4009 1846 4049; x_wconf 83' lang='lat' dir='ltr'><strong>ve-</strong></span> 
     </span>
    </p>
   </div>
   <div class='ocr_carea' id='block_1_55' title="bbox 255 4086 1843 4156">
    <p class='ocr_par' dir='ltr' id='par_1_55' title="bbox 255 4086 1843 4156">
     <span class='ocr_line' id='line_1_56' title="bbox 255 4086 1843 4156; baseline -0.003 -11"><span class='ocrx_word' id='word_1_373' title='bbox 255 4090 543 4153; x_wconf 78' lang='lat' dir='ltr'><strong>recundia,</strong></span> <span class='ocrx_word' id='word_1_374' title='bbox 574 4089 661 4143; x_wconf 91' lang='lat' dir='ltr'><strong>ubi</strong></span> <span class='ocrx_word' id='word_1_375' title='bbox 697 4087 879 4142; x_wconf 62' lang='lat' dir='ltr'><strong>laetitia</strong></span> <span class='ocrx_word' id='word_1_376' title='bbox 929 4087 1224 4143; x_wconf 91' lang='lat' dir='ltr'><strong>multorum</strong></span> <span class='ocrx_word' id='word_1_377' title='bbox 1255 4096 1358 4142; x_wconf 88' lang='lat' dir='ltr'><strong>est.</strong></span> <span class='ocrx_word' id='word_1_378' title='bbox 1409 4086 1657 4140; x_wconf 86' lang='lat' dir='ltr'><strong>Divinum</strong></span> <span class='ocrx_word' id='word_1_379' title='bbox 1707 4101 1843 4156; x_wconf 91' lang='lat' dir='ltr'><strong>opus</strong></span> 
     </span>
    </p>
   </div>
   <div class='ocr_carea' id='block_1_56' title="bbox 1935 2896 3517 2967">
    <p class='ocr_par' dir='ltr' id='par_1_56' title="bbox 1935 2896 3517 2967">
     <span class='ocr_line' id='line_1_57' title="bbox 1935 2896 3517 2967; baseline 0.006 -17"><span class='ocrx_word' id='word_1_380' title='bbox 1935 2910 2040 2950; x_wconf 90' lang='lat' dir='ltr'><strong>non</strong></span> <span class='ocrx_word' id='word_1_381' title='bbox 2070 2896 2281 2965; x_wconf 88' lang='lat' dir='ltr'><strong>lapsum</strong></span> <span class='ocrx_word' id='word_1_382' title='bbox 2325 2898 2491 2961; x_wconf 85' lang='lat' dir='ltr'><strong>timet,</strong></span> <span class='ocrx_word' id='word_1_383' title='bbox 2524 2900 2648 2967; x_wconf 86' lang='lat' dir='ltr'><strong>quia</strong></span> <span class='ocrx_word' id='word_1_384' title='bbox 2700 2899 2974 2955; x_wconf 84' lang='lat' dir='ltr'><strong>humilitas</strong></span> <span class='ocrx_word' id='word_1_385' title='bbox 3023 2902 3163 2956; x_wconf 86' lang='lat' dir='ltr'><strong>unde</strong></span> <span class='ocrx_word' id='word_1_386' title='bbox 3202 2903 3363 2957; x_wconf 83' lang='lat' dir='ltr'><strong>cadat</strong></span> <span class='ocrx_word' id='word_1_387' title='bbox 3409 2919 3517 2959; x_wconf 89' lang='lat' dir='ltr'><strong>non</strong></span> 
     </span>
    </p>
   </div>
   <div class='ocr_carea' id='block_1_57' title="bbox 1932 2987 3519 3060">
    <p class='ocr_par' dir='ltr' id='par_1_57' title="bbox 1932 2987 3519 3060">
     <span class='ocr_line' id='line_1_58' title="bbox 1932 2987 3519 3060; baseline 0.004 -18"><span class='ocrx_word' id='word_1_388' title='bbox 1932 2987 2116 3042; x_wconf 84' lang='lat' dir='ltr'><strong>habet.</strong></span> <span class='ocrx_word' id='word_1_389' title='bbox 2153 2988 2245 3044; x_wconf 79' lang='lat' dir='ltr'><strong>Vis</strong></span> <span class='ocrx_word' id='word_1_390' title='bbox 2270 3004 2401 3060; x_wconf 84' lang='lat' dir='ltr'><strong>ergo</strong></span> <span class='ocrx_word' id='word_1_391' title='bbox 2429 3005 2533 3043; x_wconf 91' lang='lat' dir='ltr'><strong>non</strong></span> <span class='ocrx_word' id='word_1_392' title='bbox 2559 2991 2793 3045; x_wconf 78' lang='lat' dir='ltr'><strong>cadere?</strong></span> <span class='ocrx_word' id='word_1_393' title='bbox 2823 3008 2929 3045; x_wconf 85' lang='lat' dir='ltr'><strong>non</strong></span> <span class='ocrx_word' id='word_1_394' title='bbox 2961 2992 3261 3047; x_wconf 73' lang='lat' dir='ltr'><strong>extollaris.</strong></span> <span class='ocrx_word' id='word_1_395' title='bbox 3295 2994 3387 3048; x_wconf 78' lang='lat' dir='ltr'><strong>Vis</strong></span> <span class='ocrx_word' id='word_1_396' title='bbox 3413 3010 3519 3049; x_wconf 88' lang='lat' dir='ltr'><strong>non</strong></span> 
     </span>
    </p>
   </div>
   <div class='ocr_carea' id='block_1_58' title="bbox 1932 3083 3519 3156">
    <p class='ocr_par' dir='ltr' id='par_1_58' title="bbox 1932 3083 3519 3156">
     <span class='ocr_line' id='line_1_59' title="bbox 1932 3083 3519 3156; baseline 0.002 -18"><span class='ocrx_word' id='word_1_397' title='bbox 1932 3083 2164 3138; x_wconf 82' lang='lat' dir='ltr'><strong>inﬂare?</strong></span> <span class='ocrx_word' id='word_1_398' title='bbox 2212 3099 2318 3137; x_wconf 88' lang='lat' dir='ltr'><strong>non</strong></span> <span class='ocrx_word' id='word_1_399' title='bbox 2353 3084 2575 3139; x_wconf 83' lang='lat' dir='ltr'><strong>inﬂeris.</strong></span> <span class='ocrx_word' id='word_1_400' title='bbox 2630 3084 2766 3139; x_wconf 83' lang='lat' dir='ltr'><strong>Nam</strong></span> <span class='ocrx_word' id='word_1_401' title='bbox 2796 3093 2852 3139; x_wconf 85' lang='lat' dir='ltr'><strong>et</strong></span> <span class='ocrx_word' id='word_1_402' title='bbox 2881 3101 2946 3141; x_wconf 89' lang='lat' dir='ltr'><strong>ex</strong></span> <span class='ocrx_word' id='word_1_403' title='bbox 2993 3087 3093 3140; x_wconf 89' lang='lat' dir='ltr'><strong>hoc</strong></span> <span class='ocrx_word' id='word_1_404' title='bbox 3138 3087 3275 3142; x_wconf 88' lang='lat' dir='ltr'><strong>bene</strong></span> <span class='ocrx_word' id='word_1_405' title='bbox 3301 3087 3519 3156; x_wconf 83' lang='lat' dir='ltr'><strong>quidam</strong></span> 
     </span>
    </p>
   </div>
   <div class='ocr_carea' id='block_1_59' title="bbox 1933 3175 3521 3248">
    <p class='ocr_par' dir='ltr' id='par_1_59' title="bbox 1933 3175 3521 3248">
     <span class='ocr_line' id='line_1_60' title="bbox 1933 3175 3521 3248; baseline 0 -17"><span class='ocrx_word' id='word_1_406' title='bbox 1933 3176 2041 3231; x_wconf 90' lang='lat' dir='ltr'><strong>ait:</strong></span> <span class='ocrx_word' id='word_1_407' title='bbox 2064 3175 2338 3247; x_wconf 84' lang='lat' dir='ltr'><strong>Quidquid</strong></span> <span class='ocrx_word' id='word_1_408' title='bbox 2369 3186 2563 3239; x_wconf 88' lang='lat' dir='ltr'><strong>tumet,</strong></span> <span class='ocrx_word' id='word_1_409' title='bbox 2587 3192 2777 3232; x_wconf 84' lang='lat' dir='ltr'><strong>sanum</strong></span> <span class='ocrx_word' id='word_1_410' title='bbox 2802 3194 2907 3231; x_wconf 91' lang='lat' dir='ltr'><strong>non</strong></span> <span class='ocrx_word' id='word_1_411' title='bbox 2933 3187 3036 3233; x_wconf 88' lang='lat' dir='ltr'><strong>est.</strong></span> <span class='ocrx_word' id='word_1_412' title='bbox 3065 3177 3328 3248; x_wconf 81' lang='lat' dir='ltr'><strong>Superbia</strong></span> <span class='ocrx_word' id='word_1_413' title='bbox 3351 3180 3521 3242; x_wconf 88' lang='lat' dir='ltr'><strong>enim,</strong></span> 
     </span>
    </p>
   </div>
   <div class='ocr_carea' id='block_1_60' title="bbox 1935 3270 3525 3341">
    <p class='ocr_par' dir='ltr' id='par_1_60' title="bbox 1935 3270 3525 3341">
     <span class='ocr_line' id='line_1_61' title="bbox 1935 3270 3525 3341; baseline 0.003 -18"><span class='ocrx_word' id='word_1_414' title='bbox 1935 3284 2055 3339; x_wconf 70' lang='lat' dir='ltr'><strong>qum</strong></span> <span class='ocrx_word' id='word_1_415' title='bbox 2084 3280 2163 3324; x_wconf 73' lang='lat' dir='ltr'><strong>est</strong></span> <span class='ocrx_word' id='word_1_416' title='bbox 2195 3270 2486 3325; x_wconf 84' lang='lat' dir='ltr'><strong>humilitati</strong></span> <span class='ocrx_word' id='word_1_417' title='bbox 2513 3272 2812 3339; x_wconf 86' lang='lat' dir='ltr'><strong>contraria,</strong></span> <span class='ocrx_word' id='word_1_418' title='bbox 2838 3271 2963 3341; x_wconf 86' lang='lat' dir='ltr'><strong>quid</strong></span> <span class='ocrx_word' id='word_1_419' title='bbox 2987 3273 3132 3325; x_wconf 89' lang='lat' dir='ltr'><strong>aliud</strong></span> <span class='ocrx_word' id='word_1_420' title='bbox 3155 3289 3316 3340; x_wconf 83' lang='lat' dir='ltr'><strong>quam</strong></span> <span class='ocrx_word' id='word_1_421' title='bbox 3344 3283 3525 3327; x_wconf 77' lang='lat' dir='ltr'><strong>mmor</strong></span> 
     </span>
    </p>
   </div>
   <div class='ocr_carea' id='block_1_61' title="bbox 1938 3360 3526 3431">
    <p class='ocr_par' dir='ltr' id='par_1_61' title="bbox 1938 3360 3526 3431">
     <span class='ocr_line' id='line_1_62' title="bbox 1938 3360 3526 3431; baseline 0.005 -18"><span class='ocrx_word' id='word_1_422' title='bbox 1938 3362 2060 3414; x_wconf 77' lang='lat' dir='ltr'><strong>est?</strong></span> <span class='ocrx_word' id='word_1_423' title='bbox 2092 3360 2197 3414; x_wconf 88' lang='lat' dir='ltr'><strong>Sed</strong></span> <span class='ocrx_word' id='word_1_424' title='bbox 2243 3360 2382 3414; x_wconf 81' lang='lat' dir='ltr'><strong>sicut</strong></span> <span class='ocrx_word' id='word_1_425' title='bbox 2414 3377 2611 3431; x_wconf 78' lang='lat' dir='ltr'><strong>corpus</strong></span> <span class='ocrx_word' id='word_1_426' title='bbox 2639 3375 2758 3417; x_wconf 91' lang='lat' dir='ltr'><strong>cum</strong></span> <span class='ocrx_word' id='word_1_427' title='bbox 2800 3371 3033 3429; x_wconf 87' lang='lat' dir='ltr'><strong>tumore,</strong></span> <span class='ocrx_word' id='word_1_428' title='bbox 3086 3364 3155 3419; x_wconf 89' lang='lat' dir='ltr'><strong>ita</strong></span> <span class='ocrx_word' id='word_1_429' title='bbox 3185 3364 3363 3420; x_wconf 87' lang='lat' dir='ltr'><strong>anima</strong></span> <span class='ocrx_word' id='word_1_430' title='bbox 3401 3380 3526 3421; x_wconf 78' lang='lat' dir='ltr'><strong>cum</strong></span> 
     </span>
    </p>
   </div>
   <div class='ocr_carea' id='block_1_62' title="bbox 1938 3452 3523 3525">
    <p class='ocr_par' dir='ltr' id='par_1_62' title="bbox 1938 3452 3523 3525">
     <span class='ocr_line' id='line_1_63' title="bbox 1938 3452 3523 3525; baseline 0.002 -19"><span class='ocrx_word' id='word_1_431' title='bbox 1938 3452 2187 3521; x_wconf 82' lang='lat' dir='ltr'><strong>superbia</strong></span> <span class='ocrx_word' id='word_1_432' title='bbox 2220 3456 2501 3507; x_wconf 71' lang='lat' dir='ltr'><strong>sanEIatem</strong></span> <span class='ocrx_word' id='word_1_433' title='bbox 2538 3469 2642 3506; x_wconf 88' lang='lat' dir='ltr'><strong>non</strong></span> <span class='ocrx_word' id='word_1_434' title='bbox 2678 3453 2857 3509; x_wconf 84' lang='lat' dir='ltr'><strong>habet.</strong></span> <span class='ocrx_word' id='word_1_435' title='bbox 2892 3452 3130 3509; x_wconf 82' lang='lat' dir='ltr'><strong>Humilia</strong></span> <span class='ocrx_word' id='word_1_436' title='bbox 3175 3471 3297 3525; x_wconf 82' lang='lat' dir='ltr'><strong>ergo</strong></span> <span class='ocrx_word' id='word_1_437' title='bbox 3345 3465 3523 3510; x_wconf 69' lang='lat' dir='ltr'><strong>tentet—</strong></span> 
     </span>
    </p>
   </div>
   <div class='ocr_carea' id='block_1_63' title="bbox 1937 3542 3524 3617">
    <p class='ocr_par' dir='ltr' id='par_1_63' title="bbox 1937 3542 3524 3617">
     <span class='ocr_line' id='line_1_64' title="bbox 1937 3542 3524 3617; baseline 0.002 -23"><span class='ocrx_word' id='word_1_438' title='bbox 1937 3544 2130 3611; x_wconf 86' lang='lat' dir='ltr'><strong>ipsum,</strong></span> <span class='ocrx_word' id='word_1_439' title='bbox 2161 3552 2206 3596; x_wconf 86' lang='lat' dir='ltr'><strong>et</strong></span> <span class='ocrx_word' id='word_1_440' title='bbox 2234 3545 2419 3598; x_wconf 84' lang='lat' dir='ltr'><strong>altiora</strong></span> <span class='ocrx_word' id='word_1_441' title='bbox 2456 3554 2503 3596; x_wconf 86' lang='lat' dir='ltr'><strong>te</strong></span> <span class='ocrx_word' id='word_1_442' title='bbox 2543 3560 2606 3597; x_wconf 84' lang='lat' dir='ltr'><strong>ne</strong></span> <span class='ocrx_word' id='word_1_443' title='bbox 2644 3544 2905 3612; x_wconf 64' lang='lat' dir='ltr'><strong>quaesieris</strong></span> <span class='ocrx_word' id='word_1_444' title='bbox 2960 3542 3130 3613; x_wconf 83' lang='lat' dir='ltr'><strong>(Eccl.</strong></span> <span class='ocrx_word' id='word_1_445' title='bbox 3164 3560 3246 3609; x_wconf 87' lang='lat' dir='ltr'><strong>tu,</strong></span> <span class='ocrx_word' id='word_1_446' title='bbox 3276 3544 3389 3617; x_wconf 68' lang='lat'><strong>23).</strong></span> <span class='ocrx_word' id='word_1_447' title='bbox 3423 3544 3524 3599; x_wconf 81' lang='lat' dir='ltr'><strong>At-</strong></span> 
     </span>
    </p>
   </div>
   <div class='ocr_carea' id='block_1_64' title="bbox 1942 3633 3521 3702">
    <p class='ocr_par' dir='ltr' id='par_1_64' title="bbox 1942 3633 3521 3702">
     <span class='ocr_line' id='line_1_65' title="bbox 1942 3633 3521 3702; baseline 0.002 -16"><span class='ocrx_word' id='word_1_448' title='bbox 1942 3642 2064 3687; x_wconf 89' lang='lat' dir='ltr'><strong>tam-</strong></span> <span class='ocrx_word' id='word_1_449' title='bbox 2090 3651 2120 3686; x_wconf 94' lang='lat' dir='ltr'><strong>n</strong></span> <span class='ocrx_word' id='word_1_450' title='bbox 2149 3633 2193 3686; x_wconf 88' lang='lat' dir='ltr'><strong>si</strong></span> <span class='ocrx_word' id='word_1_451' title='bbox 2223 3636 2342 3702; x_wconf 84' lang='lat' dir='ltr'><strong>quis</strong></span> <span class='ocrx_word' id='word_1_452' title='bbox 2371 3633 2486 3687; x_wconf 85' lang='lat' dir='ltr'><strong>vult</strong></span> <span class='ocrx_word' id='word_1_453' title='bbox 2533 3634 2799 3701; x_wconf 87' lang='lat' dir='ltr'><strong>superbus</strong></span> <span class='ocrx_word' id='word_1_454' title='bbox 2825 3648 2967 3698; x_wconf 90' lang='lat' dir='ltr'><strong>esse,</strong></span> <span class='ocrx_word' id='word_1_455' title='bbox 3024 3634 3187 3687; x_wconf 82' lang='lat' dir='ltr'><strong>habet</strong></span> <span class='ocrx_word' id='word_1_456' title='bbox 3234 3634 3287 3688; x_wconf 92' lang='lat' dir='ltr'><strong>in</strong></span> <span class='ocrx_word' id='word_1_457' title='bbox 3319 3650 3380 3689; x_wconf 86' lang='lat' dir='ltr'><strong>se</strong></span> <span class='ocrx_word' id='word_1_458' title='bbox 3430 3634 3521 3689; x_wconf 90' lang='lat' dir='ltr'><strong>ubi</strong></span> 
     </span>
    </p>
   </div>
   <div class='ocr_carea' id='block_1_65' title="bbox 1942 3712 3528 3795">
    <p class='ocr_par' dir='ltr' id='par_1_65' title="bbox 1942 3712 3528 3795">
     <span class='ocr_line' id='line_1_66' title="bbox 1942 3712 3528 3795; baseline 0.001 -17"><span class='ocrx_word' id='word_1_459' title='bbox 1942 3734 2194 3779; x_wconf 83' lang='lat' dir='ltr'><strong>exerceat</strong></span> <span class='ocrx_word' id='word_1_460' title='bbox 2223 3724 2535 3791; x_wconf 85' lang='lat' dir='ltr'><strong>superbiam</strong></span> <span class='ocrx_word' id='word_1_461' title='bbox 2565 3738 2740 3777; x_wconf 87' lang='lat' dir='ltr'><strong>suam.</strong></span> <span class='ocrx_word' id='word_1_462' title='bbox 2773 3724 3063 3792; x_wconf 88' lang='lat' dir='ltr'><strong>Superbiat</strong></span> <span class='ocrx_word' id='word_1_463' title='bbox 3090 3712 3317 3792; x_wconf 69' lang='lat' dir='ltr'><strong>mundo,</strong></span> <span class='ocrx_word' id='word_1_464' title='bbox 3349 3726 3528 3795; x_wconf 74' lang='lat' dir='ltr'><strong>despi-</strong></span> 
     </span>
    </p>
   </div>
   <div class='ocr_carea' id='block_1_66' title="bbox 1944 3815 3527 3884">
    <p class='ocr_par' dir='ltr' id='par_1_66' title="bbox 1944 3815 3527 3884">
     <span class='ocr_line' id='line_1_67' title="bbox 1944 3815 3527 3884; baseline 0.001 -15"><span class='ocrx_word' id='word_1_465' title='bbox 1944 3816 2051 3869; x_wconf 80' lang='lat' dir='ltr'><strong>ciat</strong></span> <span class='ocrx_word' id='word_1_466' title='bbox 2073 3815 2539 3869; x_wconf 84' lang='lat' dir='ltr'><strong>conversationem</strong></span> <span class='ocrx_word' id='word_1_467' title='bbox 2582 3816 2789 3881; x_wconf 65' lang='lat' dir='ltr'><strong>saeculi,</strong></span> <span class='ocrx_word' id='word_1_468' title='bbox 2823 3830 2919 3884; x_wconf 86' lang='lat' dir='ltr'><strong>pro</strong></span> <span class='ocrx_word' id='word_1_469' title='bbox 2948 3816 3115 3870; x_wconf 87' lang='lat' dir='ltr'><strong>nihilo</strong></span> <span class='ocrx_word' id='word_1_470' title='bbox 3159 3816 3355 3871; x_wconf 87' lang='lat' dir='ltr'><strong>habeat</strong></span> <span class='ocrx_word' id='word_1_471' title='bbox 3392 3832 3527 3871; x_wconf 83' lang='lat' dir='ltr'><strong>con-</strong></span> 
     </span>
    </p>
   </div>
   <div class='ocr_carea' id='block_1_67' title="bbox 1944 3905 3529 3979">
    <p class='ocr_par' dir='ltr' id='par_1_67' title="bbox 1944 3905 3529 3979">
     <span class='ocr_line' id='line_1_68' title="bbox 1944 3905 3529 3979; baseline 0.003 -18"><span class='ocrx_word' id='word_1_472' title='bbox 1944 3907 2309 3976; x_wconf 85' lang='lat' dir='ltr'><strong>cupiscentias</strong></span> <span class='ocrx_word' id='word_1_473' title='bbox 2352 3905 2488 3976; x_wconf 84' lang='lat' dir='ltr'><strong>ejus,</strong></span> <span class='ocrx_word' id='word_1_474' title='bbox 2524 3907 2812 3962; x_wconf 83' lang='lat' dir='ltr'><strong>adversum</strong></span> <span class='ocrx_word' id='word_1_475' title='bbox 2846 3909 2972 3962; x_wconf 88' lang='lat' dir='ltr'><strong>vitia</strong></span> <span class='ocrx_word' id='word_1_476' title='bbox 3022 3910 3289 3979; x_wconf 81' lang='lat' dir='ltr'><strong>insurgat,</strong></span> <span class='ocrx_word' id='word_1_477' title='bbox 3337 3911 3529 3965; x_wconf 84' lang='lat' dir='ltr'><strong>adver-</strong></span> 
     </span>
    </p>
   </div>
   <div class='ocr_carea' id='block_1_68' title="bbox 1945 3998 3528 4071">
    <p class='ocr_par' dir='ltr' id='par_1_68' title="bbox 1945 3998 3528 4071">
     <span class='ocr_line' id='line_1_69' title="bbox 1945 3998 3528 4071; baseline 0.003 -18"><span class='ocrx_word' id='word_1_478' title='bbox 1945 4014 2065 4053; x_wconf 88' lang='lat' dir='ltr'><strong>sum</strong></span> <span class='ocrx_word' id='word_1_479' title='bbox 2100 3998 2269 4069; x_wconf 84' lang='lat' dir='ltr'><strong>ipsam</strong></span> <span class='ocrx_word' id='word_1_480' title='bbox 2300 4000 2608 4067; x_wconf 89' lang='lat' dir='ltr'><strong>superbiam</strong></span> <span class='ocrx_word' id='word_1_481' title='bbox 2632 4001 2703 4055; x_wconf 92' lang='lat' dir='ltr'><strong>sit</strong></span> <span class='ocrx_word' id='word_1_482' title='bbox 2732 4000 3018 4068; x_wconf 89' lang='lat' dir='ltr'><strong>superbus,</strong></span> <span class='ocrx_word' id='word_1_483' title='bbox 3068 4010 3123 4054; x_wconf 87' lang='lat' dir='ltr'><strong>et</strong></span> <span class='ocrx_word' id='word_1_484' title='bbox 3160 4002 3262 4056; x_wconf 90' lang='lat' dir='ltr'><strong>sub</strong></span> <span class='ocrx_word' id='word_1_485' title='bbox 3303 4003 3528 4071; x_wconf 87' lang='lat' dir='ltr'><strong>pedibus</strong></span> 
     </span>
    </p>
   </div>
   <div class='ocr_carea' id='block_1_69' title="bbox 1948 4090 3532 4161">
    <p class='ocr_par' dir='ltr' id='par_1_69' title="bbox 1948 4090 3532 4161">
     <span class='ocr_line' id='line_1_70' title="bbox 1948 4090 3532 4161; baseline 0.003 -17"><span class='ocrx_word' id='word_1_486' title='bbox 1948 4091 2057 4145; x_wconf 89' lang='lat' dir='ltr'><strong>suis</strong></span> <span class='ocrx_word' id='word_1_487' title='bbox 2087 4091 2284 4144; x_wconf 87' lang='lat' dir='ltr'><strong>haheat</strong></span> <span class='ocrx_word' id='word_1_488' title='bbox 2312 4092 2630 4158; x_wconf 88' lang='lat' dir='ltr'><strong>potentiam,</strong></span> <span class='ocrx_word' id='word_1_489' title='bbox 2680 4091 2915 4156; x_wconf 74' lang='grc' dir='ltr'><strong>ἀίνίιί.ιε,</strong></span> <span class='ocrx_word' id='word_1_490' title='bbox 2965 4090 3309 4161; x_wconf 89' lang='lat' dir='ltr'><strong>cupiditates,</strong></span> <span class='ocrx_word' id='word_1_491' title='bbox 3342 4103 3396 4145; x_wconf 88' lang='lat' dir='ltr'><strong>et</strong></span> <span class='ocrx_word' id='word_1_492' title='bbox 3425 4106 3532 4148; x_wconf 68' lang='lat' dir='ltr'><strong>cae-</strong></span> 
     </span>
    </p>
   </div>
   <div class='ocr_carea' id='block_1_70' title="bbox 254 4178 3532 4255">
    <p class='ocr_par' dir='ltr' id='par_1_70' title="bbox 254 4178 3532 4255">
     <span class='ocr_line' id='line_1_71' title="bbox 254 4178 3532 4255; baseline -0 -18"><span class='ocrx_word' id='word_1_493' title='bbox 254 4194 341 4237; x_wconf 86' lang='lat' dir='ltr'><strong>est</strong></span> <span class='ocrx_word' id='word_1_494' title='bbox 372 4182 515 4238; x_wconf 78' lang='lat' dir='ltr'><strong>unde</strong></span> <span class='ocrx_word' id='word_1_495' title='bbox 534 4180 866 4252; x_wconf 65' lang='lat' dir='ltr'><strong>gaudemus.</strong></span> <span class='ocrx_word' id='word_1_496' title='bbox 901 4181 997 4236; x_wconf 81' lang='lat' dir='ltr'><strong>Diu</strong></span> <span class='ocrx_word' id='word_1_497' title='bbox 1051 4180 1226 4235; x_wconf 82' lang='lat' dir='ltr'><strong>discas</strong></span> <span class='ocrx_word' id='word_1_498' title='bbox 1258 4180 1399 4255; x_wconf 82' lang='lat' dir='ltr'><strong>quod</strong></span> <span class='ocrx_word' id='word_1_499' title='bbox 1424 4181 1578 4234; x_wconf 78' lang='lat' dir='ltr'><strong>bene</strong></span> <span class='ocrx_word' id='word_1_500' title='bbox 1622 4178 1837 4253; x_wconf 82' lang='lat' dir='ltr'><strong>doceas.</strong></span> <span class='ocrx_word' id='word_1_501' title='bbox 1854 4180 2063 4251; x_wconf 48' lang='lat' dir='ltr'><strong>v&#39;Cttera</strong></span> <span class='ocrx_word' id='word_1_502' title='bbox 2094 4181 2448 4249; x_wconf 69' lang='lat' dir='ltr'><strong>quaemundo</strong></span> <span class='ocrx_word' id='word_1_503' title='bbox 2489 4181 2858 4238; x_wconf 88' lang='lat' dir='ltr'><strong>dominantur.</strong></span> <span class='ocrx_word' id='word_1_504' title='bbox 2912 4181 3273 4251; x_wconf 63' lang='lat' dir='ltr'><strong>Quaecumque</strong></span> <span class='ocrx_word' id='word_1_505' title='bbox 3306 4183 3392 4237; x_wconf 92' lang='lat' dir='ltr'><strong>hic</strong></span> <span class='ocrx_word' id='word_1_506' title='bbox 3432 4200 3532 4252; x_wconf 80' lang='lat' dir='ltr'><strong>pu-</strong></span> 
     </span>
    </p>
   </div>
   <div class='ocr_carea' id='block_1_71' title="bbox 254 4270 1846 4341">
    <p class='ocr_par' dir='ltr' id='par_1_71' title="bbox 254 4270 1846 4341">
     <span class='ocr_line' id='line_1_72' title="bbox 254 4270 1846 4341; baseline -0.003 -9"><span class='ocrx_word' id='word_1_507' title='bbox 254 4274 480 4332; x_wconf 81' lang='lat' dir='ltr'><strong>Utinam</strong></span> <span class='ocrx_word' id='word_1_508' title='bbox 534 4270 849 4330; x_wconf 80' lang='lat' dir='ltr'><strong>secundum</strong></span> <span class='ocrx_word' id='word_1_509' title='bbox 884 4275 1134 4330; x_wconf 86' lang='lat' dir='ltr'><strong>meritum</strong></span> <span class='ocrx_word' id='word_1_510' title='bbox 1189 4282 1427 4327; x_wconf 82' lang='lat' dir='ltr'><strong>vestrum</strong></span> <span class='ocrx_word' id='word_1_511' title='bbox 1475 4272 1636 4341; x_wconf 79' lang='lat' dir='ltr'><strong>digne</strong></span> <span class='ocrx_word' id='word_1_512' title='bbox 1690 4272 1846 4327; x_wconf 74' lang='lat' dir='ltr'><strong>vobis</strong></span> 
     </span>
    </p>
   </div>
   <div class='ocr_carea' id='block_1_72' title="bbox 257 4364 1850 4438">
    <p class='ocr_par' dir='ltr' id='par_1_72' title="bbox 257 4364 1850 4438">
     <span class='ocr_line' id='line_1_73' title="bbox 257 4364 1850 4438; baseline -0.003 -16"><span class='ocrx_word' id='word_1_513' title='bbox 257 4369 563 4438; x_wconf 60' lang='lat' dir='ltr'><strong>praedicare</strong></span> <span class='ocrx_word' id='word_1_514' title='bbox 593 4380 656 4420; x_wconf 87' lang='lat' dir='ltr'><strong>os</strong></span> <span class='ocrx_word' id='word_1_515' title='bbox 677 4376 921 4420; x_wconf 61' lang='lat' dir='ltr'><strong>no.~trum</strong></span> <span class='ocrx_word' id='word_1_516' title='bbox 954 4367 1143 4434; x_wconf 63' lang='lat' dir='ltr'><strong>possit.</strong></span> <span class='ocrx_word' id='word_1_517' title='bbox 1177 4364 1332 4431; x_wconf 90' lang='lat' dir='ltr'><strong>Quod</strong></span> <span class='ocrx_word' id='word_1_518' title='bbox 1368 4374 1514 4418; x_wconf 90' lang='lat' dir='ltr'><strong>recte</strong></span> <span class='ocrx_word' id='word_1_519' title='bbox 1535 4365 1624 4418; x_wconf 84' lang='lat' dir='ltr'><strong>alii</strong></span> <span class='ocrx_word' id='word_1_520' title='bbox 1655 4364 1850 4433; x_wconf 64' lang='lat' dir='ltr'><strong>pradi-</strong></span> 
     </span>
    </p>
   </div>
   <div class='ocr_carea' id='block_1_73' title="bbox 258 4451 1843 4525">
    <p class='ocr_par' dir='ltr' id='par_1_73' title="bbox 258 4451 1843 4525">
     <span class='ocr_line' id='line_1_74' title="bbox 258 4451 1843 4525; baseline -0.001 -13"><span class='ocrx_word' id='word_1_521' title='bbox 258 4466 410 4523; x_wconf 78' lang='lat' dir='ltr'><strong>cant,</strong></span> <span class='ocrx_word' id='word_1_522' title='bbox 444 4472 542 4511; x_wconf 84' lang='lat' dir='ltr'><strong>vos</strong></span> <span class='ocrx_word' id='word_1_523' title='bbox 571 4456 848 4525; x_wconf 85' lang='lat' dir='ltr'><strong>impletis;</strong></span> <span class='ocrx_word' id='word_1_524' title='bbox 880 4455 1020 4524; x_wconf 89' lang='lat' dir='ltr'><strong>quod</strong></span> <span class='ocrx_word' id='word_1_525' title='bbox 1046 4454 1133 4508; x_wconf 86' lang='lat' dir='ltr'><strong>alii</strong></span> <span class='ocrx_word' id='word_1_526' title='bbox 1167 4456 1479 4523; x_wconf 76' lang='lat' dir='ltr'><strong>loquuntur,</strong></span> <span class='ocrx_word' id='word_1_527' title='bbox 1500 4468 1601 4507; x_wconf 71' lang='lat' dir='ltr'><strong>vos</strong></span> <span class='ocrx_word' id='word_1_528' title='bbox 1632 4451 1843 4510; x_wconf 72' lang='lat' dir='ltr'><strong>facitis:</strong></span> 
     </span>
    </p>
   </div>
   <div class='ocr_carea' id='block_1_74' title="bbox 259 4544 1849 4618">
    <p class='ocr_par' dir='ltr' id='par_1_74' title="bbox 259 4544 1849 4618">
     <span class='ocr_line' id='line_1_75' title="bbox 259 4544 1849 4618; baseline -0.001 -17"><span class='ocrx_word' id='word_1_529' title='bbox 259 4548 387 4618; x_wconf 86' lang='lat' dir='ltr'><strong>quia</strong></span> <span class='ocrx_word' id='word_1_530' title='bbox 418 4546 731 4616; x_wconf 87' lang='lat' dir='ltr'><strong>angelorum</strong></span> <span class='ocrx_word' id='word_1_531' title='bbox 756 4545 919 4600; x_wconf 88' lang='lat' dir='ltr'><strong>vitam</strong></span> <span class='ocrx_word' id='word_1_532' title='bbox 951 4545 1199 4599; x_wconf 89' lang='lat' dir='ltr'><strong>homines</strong></span> <span class='ocrx_word' id='word_1_533' title='bbox 1219 4544 1394 4599; x_wconf 89' lang='lat' dir='ltr'><strong>adhuc</strong></span> <span class='ocrx_word' id='word_1_534' title='bbox 1422 4544 1474 4598; x_wconf 90' lang='lat' dir='ltr'><strong>in</strong></span> <span class='ocrx_word' id='word_1_535' title='bbox 1508 4555 1654 4599; x_wconf 90' lang='lat' dir='ltr'><strong>terra</strong></span> <span class='ocrx_word' id='word_1_536' title='bbox 1687 4545 1849 4616; x_wconf 87' lang='lat' dir='ltr'><strong>positi</strong></span> 
     </span>
    </p>
   </div>
   <div class='ocr_carea' id='block_1_75' title="bbox 260 4640 1849 4704">
    <p class='ocr_par' dir='ltr' id='par_1_75' title="bbox 260 4640 1849 4704">
     <span class='ocr_line' id='line_1_76' title="bbox 260 4640 1849 4704; baseline -0.003 -7"><span class='ocrx_word' id='word_1_537' title='bbox 260 4643 557 4697; x_wconf 71' lang='lat' dir='ltr'><strong>exhilietis.</strong></span> <span class='ocrx_word' id='word_1_538' title='bbox 609 4641 743 4695; x_wconf 86' lang='lat' dir='ltr'><strong>Nam</strong></span> <span class='ocrx_word' id='word_1_539' title='bbox 801 4640 948 4694; x_wconf 89' lang='lat' dir='ltr'><strong>illam</strong></span> <span class='ocrx_word' id='word_1_540' title='bbox 1004 4640 1470 4694; x_wconf 86' lang='lat' dir='ltr'><strong>conversationem</strong></span> <span class='ocrx_word' id='word_1_541' title='bbox 1529 4642 1849 4704; x_wconf 77' lang='lat' dir='ltr'><strong>Ctelestem,</strong></span> 
     </span>
    </p>
   </div>
   <div class='ocr_carea' id='block_1_76' title="bbox 258 4729 1855 4802">
    <p class='ocr_par' dir='ltr' id='par_1_76' title="bbox 258 4729 1855 4802">
     <span class='ocr_line' id='line_1_77' title="bbox 258 4729 1855 4802; baseline -0.002 -16"><span class='ocrx_word' id='word_1_542' title='bbox 258 4733 515 4800; x_wconf 76' lang='lat' dir='ltr'><strong>quamvis</strong></span> <span class='ocrx_word' id='word_1_543' title='bbox 541 4733 695 4802; x_wconf 83' lang='lat' dir='ltr'><strong>pauci</strong></span> <span class='ocrx_word' id='word_1_544' title='bbox 742 4731 851 4786; x_wconf 91' lang='lat' dir='ltr'><strong>illic</strong></span> <span class='ocrx_word' id='word_1_545' title='bbox 878 4729 1161 4797; x_wconf 81' lang='lat' dir='ltr'><strong>videbunt,</strong></span> <span class='ocrx_word' id='word_1_546' title='bbox 1194 4746 1289 4784; x_wconf 90' lang='lat' dir='ltr'><strong>vos</strong></span> <span class='ocrx_word' id='word_1_547' title='bbox 1319 4730 1494 4784; x_wconf 84' lang='lat' dir='ltr'><strong>facitis</strong></span> <span class='ocrx_word' id='word_1_548' title='bbox 1518 4731 1629 4799; x_wconf 89' lang='lat' dir='ltr'><strong>jam</strong></span> <span class='ocrx_word' id='word_1_549' title='bbox 1662 4730 1747 4784; x_wconf 89' lang='lat' dir='ltr'><strong>hic</strong></span> <span class='ocrx_word' id='word_1_550' title='bbox 1774 4731 1855 4784; x_wconf 88' lang='lat' dir='ltr'><strong>vi-</strong></span> 
     </span>
    </p>
   </div>
   <div class='ocr_carea' id='block_1_77' title="bbox 260 4824 1854 4895">
    <p class='ocr_par' dir='ltr' id='par_1_77' title="bbox 260 4824 1854 4895">
     <span class='ocr_line' id='line_1_78' title="bbox 260 4824 1854 4895; baseline -0.002 -16"><span class='ocrx_word' id='word_1_551' title='bbox 260 4828 420 4880; x_wconf 76' lang='lat' dir='ltr'><strong>dere.</strong></span> <span class='ocrx_word' id='word_1_552' title='bbox 455 4824 563 4880; x_wconf 80' lang='lat' dir='ltr'><strong>Vos</strong></span> <span class='ocrx_word' id='word_1_553' title='bbox 589 4826 728 4890; x_wconf 81' lang='lat' dir='ltr'><strong>estis,</strong></span> <span class='ocrx_word' id='word_1_554' title='bbox 771 4825 910 4878; x_wconf 88' lang='lat' dir='ltr'><strong>sicut</strong></span> <span class='ocrx_word' id='word_1_555' title='bbox 939 4824 1188 4879; x_wconf 82' lang='lat' dir='ltr'><strong>Salvator</strong></span> <span class='ocrx_word' id='word_1_556' title='bbox 1219 4824 1313 4888; x_wconf 89' lang='lat' dir='ltr'><strong>ait,</strong></span> <span class='ocrx_word' id='word_1_557' title='bbox 1346 4824 1441 4878; x_wconf 58' lang='lat' dir='ltr'><strong>[nec</strong></span> <span class='ocrx_word' id='word_1_558' title='bbox 1480 4825 1631 4895; x_wconf 71' lang='lat' dir='ltr'><strong>hujus</strong></span> <span class='ocrx_word' id='word_1_559' title='bbox 1656 4824 1854 4877; x_wconf 51' lang='lat' dir='ltr'><strong>&#39;mundi</strong></span> 
     </span>
    </p>
   </div>
   <div class='ocr_carea' id='block_1_78' title="bbox 261 4916 1853 4986">
    <p class='ocr_par' dir='ltr' id='par_1_78' title="bbox 261 4916 1853 4986">
     <span class='ocr_line' id='line_1_79' title="bbox 261 4916 1853 4986; baseline -0.001 -15"><span class='ocrx_word' id='word_1_560' title='bbox 261 4918 487 4986; x_wconf 68' lang='lat' dir='ltr'><strong>(Matth.</strong></span> <span class='ocrx_word' id='word_1_561' title='bbox 522 4933 576 4981; x_wconf 79' lang='grc' dir='ltr'><strong>ν,</strong></span> <span class='ocrx_word' id='word_1_562' title='bbox 611 4916 725 4985; x_wconf 72' lang='grc'><strong>14).</strong></span> <span class='ocrx_word' id='word_1_563' title='bbox 765 4917 870 4971; x_wconf 79' lang='lat' dir='ltr'><strong>Vos</strong></span> <span class='ocrx_word' id='word_1_564' title='bbox 895 4917 1117 4972; x_wconf 87' lang='lat' dir='ltr'><strong>lucerna</strong></span> <span class='ocrx_word' id='word_1_565' title='bbox 1149 4917 1239 4970; x_wconf 86' lang='lat' dir='ltr'><strong>illa</strong></span> <span class='ocrx_word' id='word_1_566' title='bbox 1264 4932 1438 4984; x_wconf 79' lang='lat' dir='ltr'><strong>super</strong></span> <span class='ocrx_word' id='word_1_567' title='bbox 1466 4917 1853 4971; x_wconf 83' lang='lat' dir='ltr'><strong>candelabrum</strong></span> 
     </span>
    </p>
   </div>
   <div class='ocr_carea' id='block_1_79' title="bbox 265 5009 1856 5080">
    <p class='ocr_par' dir='ltr' id='par_1_79' title="bbox 265 5009 1856 5080">
     <span class='ocr_line' id='line_1_80' title="bbox 265 5009 1856 5080; baseline 0.001 -20"><span class='ocrx_word' id='word_1_568' title='bbox 265 5012 468 5080; x_wconf 68' lang='lat' dir='ltr'><strong>pISila.</strong></span> <span class='ocrx_word' id='word_1_569' title='bbox 501 5011 558 5066; x_wconf 88' lang='lat' dir='ltr'><strong>Si</strong></span> <span class='ocrx_word' id='word_1_570' title='bbox 589 5012 710 5080; x_wconf 88' lang='lat' dir='ltr'><strong>quis</strong></span> <span class='ocrx_word' id='word_1_571' title='bbox 732 5012 799 5063; x_wconf 87' lang='lat' dir='ltr'><strong>ab</strong></span> <span class='ocrx_word' id='word_1_572' title='bbox 826 5010 927 5063; x_wconf 88' lang='lat' dir='ltr'><strong>hac</strong></span> <span class='ocrx_word' id='word_1_573' title='bbox 958 5010 1177 5065; x_wconf 88' lang='lat' dir='ltr'><strong>lucerna</strong></span> <span class='ocrx_word' id='word_1_574' title='bbox 1206 5021 1449 5064; x_wconf 84' lang='lat' dir='ltr'><strong>remotus</strong></span> <span class='ocrx_word' id='word_1_575' title='bbox 1469 5017 1574 5072; x_wconf 88' lang='lat' dir='ltr'><strong>est,</strong></span> <span class='ocrx_word' id='word_1_576' title='bbox 1606 5009 1856 5063; x_wconf 82' lang='lat' dir='ltr'><strong>involva-</strong></span> 
     </span>
    </p>
   </div>
   <div class='ocr_carea' id='block_1_80' title="bbox 266 5099 1858 5167">
    <p class='ocr_par' dir='ltr' id='par_1_80' title="bbox 266 5099 1858 5167">
     <span class='ocr_line' id='line_1_81' title="bbox 266 5099 1858 5167; baseline -0.001 -11"><span class='ocrx_word' id='word_1_577' title='bbox 266 5112 356 5157; x_wconf 87' lang='lat' dir='ltr'><strong>tur</strong></span> <span class='ocrx_word' id='word_1_578' title='bbox 396 5116 621 5157; x_wconf 55' lang='lat' dir='ltr'><strong>necesse</strong></span> <span class='ocrx_word' id='word_1_579' title='bbox 659 5109 746 5157; x_wconf 88' lang='lat' dir='ltr'><strong>est</strong></span> <span class='ocrx_word' id='word_1_580' title='bbox 789 5100 972 5154; x_wconf 92' lang='lat' dir='ltr'><strong>mundi</strong></span> <span class='ocrx_word' id='word_1_581' title='bbox 1008 5100 1269 5155; x_wconf 88' lang='lat' dir='ltr'><strong>tenebris.</strong></span> <span class='ocrx_word' id='word_1_582' title='bbox 1301 5099 1562 5167; x_wconf 84' lang='lat' dir='ltr'><strong>Quisquis</strong></span> <span class='ocrx_word' id='word_1_583' title='bbox 1589 5109 1768 5153; x_wconf 88' lang='lat' dir='ltr'><strong>autem</strong></span> <span class='ocrx_word' id='word_1_584' title='bbox 1798 5114 1858 5154; x_wconf 75' lang='lat' dir='ltr'><strong>se</strong></span> 
     </span>
    </p>
   </div>
   <div class='ocr_carea' id='block_1_81' title="bbox 266 5189 1857 5261">
    <p class='ocr_par' dir='ltr' id='par_1_81' title="bbox 266 5189 1857 5261">
     <span class='ocr_line' id='line_1_82' title="bbox 266 5189 1857 5261; baseline -0.003 -15"><span class='ocrx_word' id='word_1_585' title='bbox 266 5194 397 5248; x_wconf 80' lang='lat' dir='ltr'><strong>huic</strong></span> <span class='ocrx_word' id='word_1_586' title='bbox 442 5190 632 5247; x_wconf 88' lang='lat' dir='ltr'><strong>lumini</strong></span> <span class='ocrx_word' id='word_1_587' title='bbox 674 5190 1214 5261; x_wconf 82' lang='lat' dir='ltr'><strong>appropinquaverit,</strong></span> <span class='ocrx_word' id='word_1_588' title='bbox 1269 5189 1361 5244; x_wconf 92' lang='lat' dir='ltr'><strong>ille</strong></span> <span class='ocrx_word' id='word_1_589' title='bbox 1406 5189 1589 5259; x_wconf 90' lang='lat' dir='ltr'><strong>utique</strong></span> <span class='ocrx_word' id='word_1_590' title='bbox 1637 5189 1857 5243; x_wconf 87' lang='lat' dir='ltr'><strong>habebit</strong></span> 
     </span>
    </p>
   </div>
   <div class='ocr_carea' id='block_1_82' title="bbox 266 5280 1859 5351">
    <p class='ocr_par' dir='ltr' id='par_1_82' title="bbox 266 5280 1859 5351">
     <span class='ocr_line' id='line_1_83' title="bbox 266 5280 1859 5351; baseline -0.003 -12"><span class='ocrx_word' id='word_1_591' title='bbox 266 5284 465 5339; x_wconf 88' lang='lat' dir='ltr'><strong>oculos</strong></span> <span class='ocrx_word' id='word_1_592' title='bbox 492 5280 709 5338; x_wconf 80' lang='lat' dir='ltr'><strong>videndi</strong></span> <span class='ocrx_word' id='word_1_593' title='bbox 733 5323 749 5347; x_wconf 94' lang='lat'><strong>,</strong></span> <span class='ocrx_word' id='word_1_594' title='bbox 780 5283 870 5351; x_wconf 89' lang='lat' dir='ltr'><strong>qui</strong></span> <span class='ocrx_word' id='word_1_595' title='bbox 900 5289 956 5337; x_wconf 90' lang='lat' dir='ltr'><strong>et</strong></span> <span class='ocrx_word' id='word_1_596' title='bbox 985 5280 1169 5336; x_wconf 85' lang='lat' dir='ltr'><strong>habuit</strong></span> <span class='ocrx_word' id='word_1_597' title='bbox 1215 5294 1373 5336; x_wconf 88' lang='lat' dir='ltr'><strong>aures</strong></span> <span class='ocrx_word' id='word_1_598' title='bbox 1417 5281 1697 5335; x_wconf 90' lang='lat' dir='ltr'><strong>audiendi.</strong></span> <span class='ocrx_word' id='word_1_599' title='bbox 1734 5280 1859 5335; x_wconf 79' lang='lat' dir='ltr'><strong>llaec</strong></span> 
     </span>
    </p>
   </div>
   <div class='ocr_carea' id='block_1_83' title="bbox 263 5371 1858 5444">
    <p class='ocr_par' dir='ltr' id='par_1_83' title="bbox 263 5371 1858 5444">
     <span class='ocr_line' id='line_1_84' title="bbox 263 5371 1858 5444; baseline -0.004 -14"><span class='ocrx_word' id='word_1_600' title='bbox 263 5386 403 5444; x_wconf 80' lang='lat' dir='ltr'><strong>ergo</strong></span> <span class='ocrx_word' id='word_1_601' title='bbox 422 5375 645 5429; x_wconf 83' lang='lat' dir='ltr'><strong>lucerna</strong></span> <span class='ocrx_word' id='word_1_602' title='bbox 670 5383 728 5427; x_wconf 91' lang='lat' dir='ltr'><strong>ut</strong></span> <span class='ocrx_word' id='word_1_603' title='bbox 753 5372 1113 5429; x_wconf 83' lang='lat' dir='ltr'><strong>clarissimum</strong></span> <span class='ocrx_word' id='word_1_604' title='bbox 1139 5373 1319 5428; x_wconf 91' lang='lat' dir='ltr'><strong>lumen</strong></span> <span class='ocrx_word' id='word_1_605' title='bbox 1348 5371 1564 5440; x_wconf 86' lang='lat' dir='ltr'><strong>habeat,</strong></span> <span class='ocrx_word' id='word_1_606' title='bbox 1583 5372 1858 5441; x_wconf 87' lang='lat' dir='ltr'><strong>implenda</strong></span> 
     </span>
    </p>
   </div>
   <div class='ocr_carea' id='block_1_84' title="bbox 256 5464 1859 5535">
    <p class='ocr_par' dir='ltr' id='par_1_84' title="bbox 256 5464 1859 5535">
     <span class='ocr_line' id='line_1_85' title="bbox 256 5464 1859 5535; baseline -0.002 -15"><span class='ocrx_word' id='word_1_607' title='bbox 256 5474 356 5520; x_wconf 81' lang='lat' dir='ltr'><strong>est</strong></span> <span class='ocrx_word' id='word_1_608' title='bbox 378 5474 601 5535; x_wconf 81' lang='lat' dir='ltr'><strong>semper</strong></span> <span class='ocrx_word' id='word_1_609' title='bbox 628 5466 751 5519; x_wconf 86' lang='lat' dir='ltr'><strong>oleo</strong></span> <span class='ocrx_word' id='word_1_610' title='bbox 776 5464 1187 5530; x_wconf 68' lang='lat' dir='ltr'><strong>misericordiae,</strong></span> <span class='ocrx_word' id='word_1_611' title='bbox 1220 5464 1456 5533; x_wconf 85' lang='lat' dir='ltr'><strong>pietatis,</strong></span> <span class='ocrx_word' id='word_1_612' title='bbox 1486 5464 1859 5521; x_wconf 85' lang='lat' dir='ltr'><strong>mansuetudi-</strong></span> 
     </span>
    </p>
   </div>
   <div class='ocr_carea' id='block_1_85' title="bbox 267 5555 1461 5625">
    <p class='ocr_par' dir='ltr' id='par_1_85' title="bbox 267 5555 1461 5625">
     <span class='ocr_line' id='line_1_86' title="bbox 267 5555 1461 5625; baseline -0.003 -13"><span class='ocrx_word' id='word_1_613' title='bbox 267 5558 380 5621; x_wconf 85' lang='lat' dir='ltr'><strong>nis,</strong></span> <span class='ocrx_word' id='word_1_614' title='bbox 416 5558 755 5625; x_wconf 83' lang='lat' dir='ltr'><strong>bumilitatis,</strong></span> <span class='ocrx_word' id='word_1_615' title='bbox 785 5555 1133 5620; x_wconf 68' lang='lat' dir='ltr'><strong>obedientim,</strong></span> <span class='ocrx_word' id='word_1_616' title='bbox 1156 5556 1461 5610; x_wconf 89' lang='lat' dir='ltr'><strong>charitatis.</strong></span> 
     </span>
    </p>
   </div>
   <div class='ocr_carea' id='block_1_86' title="bbox 346 5647 1857 5718">
    <p class='ocr_par' dir='ltr' id='par_1_86' title="bbox 346 5647 1857 5718">
     <span class='ocr_line' id='line_1_87' title="bbox 346 5647 1857 5718; baseline 0 -16"><span class='ocrx_word' id='word_1_617' title='bbox 346 5649 402 5702; x_wconf 73' lang='grc'><strong>2.</strong></span> <span class='ocrx_word' id='word_1_618' title='bbox 430 5648 716 5704; x_wconf 56' lang='lat' dir='ltr'><strong>“munitas</strong></span> <span class='ocrx_word' id='word_1_619' title='bbox 738 5662 874 5703; x_wconf 81' lang='lat' dir='ltr'><strong>vero</strong></span> <span class='ocrx_word' id='word_1_620' title='bbox 902 5649 1138 5703; x_wconf 81' lang='lat' dir='ltr'><strong>maxime</strong></span> <span class='ocrx_word' id='word_1_621' title='bbox 1164 5647 1457 5701; x_wconf 88' lang='lat' dir='ltr'><strong>excolenda</strong></span> <span class='ocrx_word' id='word_1_622' title='bbox 1489 5656 1590 5711; x_wconf 89' lang='lat' dir='ltr'><strong>est,</strong></span> <span class='ocrx_word' id='word_1_623' title='bbox 1616 5662 1734 5718; x_wconf 62' lang='lat' dir='ltr'><strong>quat</strong></span> <span class='ocrx_word' id='word_1_624' title='bbox 1759 5662 1857 5702; x_wconf 89' lang='lat' dir='ltr'><strong>nos</strong></span> 
     </span>
    </p>
   </div>
   <div class='ocr_carea' id='block_1_87' title="bbox 269 5736 1857 5814">
    <p class='ocr_par' dir='ltr' id='par_1_87' title="bbox 269 5736 1857 5814">
     <span class='ocr_line' id='line_1_88' title="bbox 269 5736 1857 5814; baseline 0 -21"><span class='ocrx_word' id='word_1_625' title='bbox 269 5741 438 5809; x_wconf 59' lang='lat' dir='ltr'><strong>gustis</strong></span> <span class='ocrx_word' id='word_1_626' title='bbox 465 5740 898 5814; x_wconf 66' lang='lat' dir='ltr'><strong>aequat,*angelis</strong></span> <span class='ocrx_word' id='word_1_627' title='bbox 924 5737 1120 5809; x_wconf 81' lang='lat' dir='ltr'><strong>jungit,</strong></span> <span class='ocrx_word' id='word_1_628' title='bbox 1155 5736 1265 5793; x_wconf 87' lang='lat' dir='ltr'><strong>Deo</strong></span> <span class='ocrx_word' id='word_1_629' title='bbox 1311 5739 1747 5810; x_wconf 80' lang='lat' dir='ltr'><strong>apprOpinquare</strong></span> <span class='ocrx_word' id='word_1_630' title='bbox 1780 5740 1857 5794; x_wconf 78' lang='lat' dir='ltr'><strong>fu-</strong></span> 
     </span>
    </p>
   </div>
   <div class='ocr_carea' id='block_1_88' title="bbox 1930 4260 3531 4345">
    <p class='ocr_par' dir='ltr' id='par_1_88' title="bbox 1930 4260 3531 4345">
     <span class='ocr_line' id='line_1_89' title="bbox 1930 4260 3531 4345; baseline 0.001 -19"><span class='ocrx_word' id='word_1_631' title='bbox 1930 4281 2139 4327; x_wconf 36' lang='lat' dir='ltr'><strong>stantur</strong></span> <span class='ocrx_word' id='word_1_632' title='bbox 2156 4286 2351 4343; x_wconf 77' lang='lat' dir='ltr'><strong>magna</strong></span> <span class='ocrx_word' id='word_1_633' title='bbox 2366 4283 2533 4343; x_wconf 83' lang='lat' dir='ltr'><strong>atque</strong></span> <span class='ocrx_word' id='word_1_634' title='bbox 2552 4273 2857 4342; x_wconf 77' lang='lat' dir='ltr'><strong>magnifica,</strong></span> <span class='ocrx_word' id='word_1_635' title='bbox 2883 4260 3153 4340; x_wconf 80' lang='lat' dir='ltr'><strong>tamquam</strong></span> <span class='ocrx_word' id='word_1_636' title='bbox 3181 4283 3531 4345; x_wconf 77' lang='lat' dir='ltr'><strong>purgamenta</strong></span> 
     </span>
    </p>
   </div>
   <div class='ocr_carea' id='block_1_89' title="bbox 1952 4363 3530 4432">
    <p class='ocr_par' dir='ltr' id='par_1_89' title="bbox 1952 4363 3530 4432">
     <span class='ocr_line' id='line_1_90' title="bbox 1952 4363 3530 4432; baseline -0.001 -11"><span class='ocrx_word' id='word_1_637' title='bbox 1952 4375 2009 4421; x_wconf 86' lang='lat' dir='ltr'><strong>et</strong></span> <span class='ocrx_word' id='word_1_638' title='bbox 2037 4375 2273 4419; x_wconf 87' lang='lat' dir='ltr'><strong>stercora</strong></span> <span class='ocrx_word' id='word_1_639' title='bbox 2319 4364 2591 4432; x_wconf 79' lang='lat' dir='ltr'><strong>superbia:</strong></span> <span class='ocrx_word' id='word_1_640' title='bbox 2643 4363 2897 4418; x_wconf 89' lang='lat' dir='ltr'><strong>laudabili</strong></span> <span class='ocrx_word' id='word_1_641' title='bbox 2952 4364 3131 4431; x_wconf 86' lang='lat' dir='ltr'><strong>rigore</strong></span> <span class='ocrx_word' id='word_1_642' title='bbox 3179 4372 3530 4420; x_wconf 78' lang='lat' dir='ltr'><strong>eontetnnat:</strong></span> 
     </span>
    </p>
   </div>
   <div class='ocr_carea' id='block_1_90' title="bbox 1950 4454 3530 4523">
    <p class='ocr_par' dir='ltr' id='par_1_90' title="bbox 1950 4454 3530 4523">
     <span class='ocr_line' id='line_1_91' title="bbox 1950 4454 3530 4523; baseline -0.001 -13"><span class='ocrx_word' id='word_1_643' title='bbox 1950 4456 2246 4510; x_wconf 82' lang='lat' dir='ltr'><strong>satisfaciet</strong></span> <span class='ocrx_word' id='word_1_644' title='bbox 2291 4456 2562 4523; x_wconf 76' lang='lat' dir='ltr'><strong>superbia:</strong></span> <span class='ocrx_word' id='word_1_645' title='bbox 2612 4468 2745 4518; x_wconf 69' lang='lat' dir='ltr'><strong>suae,</strong></span> <span class='ocrx_word' id='word_1_646' title='bbox 2794 4468 2913 4508; x_wconf 92' lang='lat' dir='ltr'><strong>cum</strong></span> <span class='ocrx_word' id='word_1_647' title='bbox 2951 4468 3010 4507; x_wconf 87' lang='lat' dir='ltr'><strong>se</strong></span> <span class='ocrx_word' id='word_1_648' title='bbox 3037 4454 3219 4507; x_wconf 89' lang='lat' dir='ltr'><strong>animo</strong></span> <span class='ocrx_word' id='word_1_649' title='bbox 3265 4462 3323 4508; x_wconf 88' lang='lat' dir='ltr'><strong>et</strong></span> <span class='ocrx_word' id='word_1_650' title='bbox 3368 4469 3530 4522; x_wconf 89' lang='lat' dir='ltr'><strong>supra</strong></span> 
     </span>
    </p>
   </div>
   <div class='ocr_carea' id='block_1_91' title="bbox 1954 4546 3530 4617">
    <p class='ocr_par' dir='ltr' id='par_1_91' title="bbox 1954 4546 3530 4617">
     <span class='ocr_line' id='line_1_92' title="bbox 1954 4546 3530 4617; baseline 0.001 -16"><span class='ocrx_word' id='word_1_651' title='bbox 1954 4547 2100 4617; x_wconf 86' lang='lat' dir='ltr'><strong>ipsos</strong></span> <span class='ocrx_word' id='word_1_652' title='bbox 2128 4549 2290 4604; x_wconf 86' lang='lat' dir='ltr'><strong>etiam</strong></span> <span class='ocrx_word' id='word_1_653' title='bbox 2316 4562 2466 4617; x_wconf 88' lang='lat' dir='ltr'><strong>reges</strong></span> <span class='ocrx_word' id='word_1_654' title='bbox 2496 4546 2710 4601; x_wconf 89' lang='lat' dir='ltr'><strong>viderit.</strong></span> <span class='ocrx_word' id='word_1_655' title='bbox 2740 4546 2833 4600; x_wconf 92' lang='lat' dir='ltr'><strong>llic</strong></span> <span class='ocrx_word' id='word_1_656' title='bbox 2865 4557 3042 4600; x_wconf 88' lang='lat' dir='ltr'><strong>tamen</strong></span> <span class='ocrx_word' id='word_1_657' title='bbox 3061 4546 3106 4600; x_wconf 90' lang='lat' dir='ltr'><strong>si</strong></span> <span class='ocrx_word' id='word_1_658' title='bbox 3131 4558 3309 4601; x_wconf 88' lang='lat' dir='ltr'><strong>tamen</strong></span> <span class='ocrx_word' id='word_1_659' title='bbox 3342 4559 3530 4603; x_wconf 83' lang='lat' dir='ltr'><strong>Sancte</strong></span> 
     </span>
    </p>
   </div>
   <div class='ocr_carea' id='block_1_92' title="bbox 1954 4638 3535 4709">
    <p class='ocr_par' dir='ltr' id='par_1_92' title="bbox 1954 4638 3535 4709">
     <span class='ocr_line' id='line_1_93' title="bbox 1954 4638 3535 4709; baseline 0.001 -16"><span class='ocrx_word' id='word_1_660' title='bbox 1954 4639 2219 4707; x_wconf 88' lang='lat' dir='ltr'><strong>superbus</strong></span> <span class='ocrx_word' id='word_1_661' title='bbox 2266 4653 2387 4693; x_wconf 86' lang='lat' dir='ltr'><strong>esse</strong></span> <span class='ocrx_word' id='word_1_662' title='bbox 2446 4638 2709 4701; x_wconf 82' lang='lat' dir='ltr'><strong>voluerit,</strong></span> <span class='ocrx_word' id='word_1_663' title='bbox 2760 4648 3103 4709; x_wconf 89' lang='lat' dir='ltr'><strong>contemptor</strong></span> <span class='ocrx_word' id='word_1_664' title='bbox 3152 4638 3372 4709; x_wconf 89' lang='lat' dir='ltr'><strong>quidem</strong></span> <span class='ocrx_word' id='word_1_665' title='bbox 3429 4644 3535 4695; x_wconf 90' lang='lat' dir='ltr'><strong>erit</strong></span> 
     </span>
    </p>
   </div>
   <div class='ocr_carea' id='block_1_93' title="bbox 1959 4730 3542 4801">
    <p class='ocr_par' dir='ltr' id='par_1_93' title="bbox 1959 4730 3542 4801">
     <span class='ocr_line' id='line_1_94' title="bbox 1959 4730 3542 4801; baseline 0.001 -16"><span class='ocrx_word' id='word_1_666' title='bbox 1959 4731 2181 4795; x_wconf 88' lang='lat' dir='ltr'><strong>mundo,</strong></span> <span class='ocrx_word' id='word_1_667' title='bbox 2227 4732 2323 4785; x_wconf 90' lang='lat' dir='ltr'><strong>sed</strong></span> <span class='ocrx_word' id='word_1_668' title='bbox 2364 4731 2582 4785; x_wconf 88' lang='lat' dir='ltr'><strong>humilis</strong></span> <span class='ocrx_word' id='word_1_669' title='bbox 2626 4730 2726 4785; x_wconf 89' lang='lat' dir='ltr'><strong>erit</strong></span> <span class='ocrx_word' id='word_1_670' title='bbox 2760 4730 2995 4785; x_wconf 84' lang='lat' dir='ltr'><strong>Christo.</strong></span> <span class='ocrx_word' id='word_1_671' title='bbox 3047 4731 3164 4786; x_wconf 78' lang='lat' dir='ltr'><strong>Erit</strong></span> <span class='ocrx_word' id='word_1_672' title='bbox 3215 4731 3433 4801; x_wconf 89' lang='lat' dir='ltr'><strong>quidem</strong></span> <span class='ocrx_word' id='word_1_673' title='bbox 3469 4732 3542 4786; x_wconf 92' lang='lat' dir='ltr'><strong>ihi</strong></span> 
     </span>
    </p>
   </div>
   <div class='ocr_carea' id='block_1_94' title="bbox 1956 4823 3542 4895">
    <p class='ocr_par' dir='ltr' id='par_1_94' title="bbox 1956 4823 3542 4895">
     <span class='ocr_line' id='line_1_95' title="bbox 1956 4823 3542 4895; baseline -0.001 -18"><span class='ocrx_word' id='word_1_674' title='bbox 1956 4824 2148 4891; x_wconf 68' lang='lat' dir='ltr'><strong>elatus,</strong></span> <span class='ocrx_word' id='word_1_675' title='bbox 2185 4825 2278 4878; x_wconf 82' lang='lat' dir='ltr'><strong>sed</strong></span> <span class='ocrx_word' id='word_1_676' title='bbox 2318 4823 2405 4877; x_wconf 87' lang='lat' dir='ltr'><strong>hic</strong></span> <span class='ocrx_word' id='word_1_677' title='bbox 2432 4823 2736 4876; x_wconf 59' lang='lat' dir='ltr'><strong>:subditus:</strong></span> <span class='ocrx_word' id='word_1_678' title='bbox 2772 4835 3061 4895; x_wconf 85' lang='lat' dir='ltr'><strong>propterea</strong></span> <span class='ocrx_word' id='word_1_679' title='bbox 3093 4824 3239 4879; x_wconf 90' lang='lat' dir='ltr'><strong>enim</strong></span> <span class='ocrx_word' id='word_1_680' title='bbox 3260 4838 3323 4880; x_wconf 88' lang='lat' dir='ltr'><strong>se</strong></span> <span class='ocrx_word' id='word_1_681' title='bbox 3353 4823 3406 4879; x_wconf 92' lang='lat' dir='ltr'><strong>in</strong></span> <span class='ocrx_word' id='word_1_682' title='bbox 3438 4824 3542 4877; x_wconf 87' lang='lat' dir='ltr'><strong>illis</strong></span> 
     </span>
    </p>
   </div>
   <div class='ocr_carea' id='block_1_95' title="bbox 1956 4914 3083 4986">
    <p class='ocr_par' dir='ltr' id='par_1_95' title="bbox 1956 4914 3083 4986">
     <span class='ocr_line' id='line_1_96' title="bbox 1956 4914 3083 4986; baseline 0.003 -17"><span class='ocrx_word' id='word_1_683' title='bbox 1956 4915 2136 4983; x_wconf 78' lang='lat' dir='ltr'><strong>erigit,</strong></span> <span class='ocrx_word' id='word_1_684' title='bbox 2170 4923 2229 4969; x_wconf 90' lang='lat' dir='ltr'><strong>ut</strong></span> <span class='ocrx_word' id='word_1_685' title='bbox 2258 4930 2317 4969; x_wconf 90' lang='lat' dir='ltr'><strong>se</strong></span> <span class='ocrx_word' id='word_1_686' title='bbox 2348 4914 2562 4968; x_wconf 79' lang='lat' dir='ltr'><strong>facilius</strong></span> <span class='ocrx_word' id='word_1_687' title='bbox 2592 4915 2656 4968; x_wconf 86' lang='lat' dir='ltr'><strong>ad</strong></span> <span class='ocrx_word' id='word_1_688' title='bbox 2690 4916 2803 4969; x_wconf 65' lang='lat' dir='ltr'><strong>haec</strong></span> <span class='ocrx_word' id='word_1_689' title='bbox 2828 4919 3083 4986; x_wconf 85' lang='lat' dir='ltr'><strong>deponat.</strong></span> 
     </span>
    </p>
   </div>
   <div class='ocr_carea' id='block_1_96' title="bbox 2028 5005 3539 5076">
    <p class='ocr_par' dir='ltr' id='par_1_96' title="bbox 2028 5005 3539 5076">
     <span class='ocr_line' id='line_1_97' title="bbox 2028 5005 3539 5076; baseline -0.001 -14"><span class='ocrx_word' id='word_1_690' title='bbox 2028 5008 2082 5062; x_wconf 76' lang='grc'><strong>5.</strong></span> <span class='ocrx_word' id='word_1_691' title='bbox 2139 5006 2285 5060; x_wconf 77' lang='lat' dir='ltr'><strong>lianc</strong></span> <span class='ocrx_word' id='word_1_692' title='bbox 2333 5018 2466 5076; x_wconf 83' lang='lat' dir='ltr'><strong>ergo</strong></span> <span class='ocrx_word' id='word_1_693' title='bbox 2517 5005 2871 5061; x_wconf 83' lang='lat' dir='ltr'><strong>humilitatem</strong></span> <span class='ocrx_word' id='word_1_694' title='bbox 2902 5008 2949 5061; x_wconf 92' lang='lat' dir='ltr'><strong>si</strong></span> <span class='ocrx_word' id='word_1_695' title='bbox 2978 5008 3187 5063; x_wconf 85' lang='lat' dir='ltr'><strong>intente</strong></span> <span class='ocrx_word' id='word_1_696' title='bbox 3214 5007 3539 5062; x_wconf 86' lang='lat' dir='ltr'><strong>custodieri-</strong></span> 
     </span>
    </p>
   </div>
   <div class='ocr_carea' id='block_1_97' title="bbox 1960 5098 3541 5163">
    <p class='ocr_par' dir='ltr' id='par_1_97' title="bbox 1960 5098 3541 5163">
     <span class='ocr_line' id='line_1_98' title="bbox 1960 5098 3541 5163; baseline 0.001 -12"><span class='ocrx_word' id='word_1_697' title='bbox 1960 5112 2099 5163; x_wconf 89' lang='lat' dir='ltr'><strong>mus,</strong></span> <span class='ocrx_word' id='word_1_698' title='bbox 2126 5098 2287 5152; x_wconf 87' lang='lat' dir='ltr'><strong>etiam</strong></span> <span class='ocrx_word' id='word_1_699' title='bbox 2313 5113 2440 5151; x_wconf 88' lang='lat' dir='ltr'><strong>vera</strong></span> <span class='ocrx_word' id='word_1_700' title='bbox 2471 5098 2559 5153; x_wconf 86' lang='lat' dir='ltr'><strong>illa</strong></span> <span class='ocrx_word' id='word_1_701' title='bbox 2591 5098 2899 5154; x_wconf 79' lang='lat' dir='ltr'><strong>obedientia</strong></span> <span class='ocrx_word' id='word_1_702' title='bbox 2927 5098 3050 5155; x_wconf 78' lang='lat' dir='ltr'><strong>sine</strong></span> <span class='ocrx_word' id='word_1_703' title='bbox 3089 5099 3541 5155; x_wconf 78' lang='lat' dir='ltr'><strong>laboreservabi-</strong></span> 
     </span>
    </p>
   </div>
   <div class='ocr_carea' id='block_1_98' title="bbox 1960 5187 3540 5263">
    <p class='ocr_par' dir='ltr' id='par_1_98' title="bbox 1960 5187 3540 5263">
     <span class='ocr_line' id='line_1_99' title="bbox 1960 5187 3540 5263; baseline 0.005 -21"><span class='ocrx_word' id='word_1_704' title='bbox 1960 5198 2067 5242; x_wconf 90' lang='lat' dir='ltr'><strong>tur.</strong></span> <span class='ocrx_word' id='word_1_705' title='bbox 2098 5187 2156 5243; x_wconf 88' lang='lat' dir='ltr'><strong>ln</strong></span> <span class='ocrx_word' id='word_1_706' title='bbox 2186 5204 2288 5258; x_wconf 87' lang='lat' dir='ltr'><strong>qua</strong></span> <span class='ocrx_word' id='word_1_707' title='bbox 2319 5190 2651 5257; x_wconf 88' lang='lat' dir='ltr'><strong>obedientia,</strong></span> <span class='ocrx_word' id='word_1_708' title='bbox 2679 5190 3046 5259; x_wconf 84' lang='lat' dir='ltr'><strong>dilectissimi,</strong></span> <span class='ocrx_word' id='word_1_709' title='bbox 3065 5193 3258 5263; x_wconf 82' lang='lat' dir='ltr'><strong>utique</strong></span> <span class='ocrx_word' id='word_1_710' title='bbox 3284 5207 3540 5263; x_wconf 79' lang='lat' dir='ltr'><strong>compun-</strong></span> 
     </span>
    </p>
   </div>
   <div class='ocr_carea' id='block_1_99' title="bbox 1960 5281 3547 5355">
    <p class='ocr_par' dir='ltr' id='par_1_99' title="bbox 1960 5281 3547 5355">
     <span class='ocr_line' id='line_1_100' title="bbox 1960 5281 3547 5355; baseline 0.002 -19"><span class='ocrx_word' id='word_1_711' title='bbox 1960 5281 2067 5336; x_wconf 90' lang='lat' dir='ltr'><strong>ctio</strong></span> <span class='ocrx_word' id='word_1_712' title='bbox 2094 5281 2896 5354; x_wconf 84' lang='lat' dir='ltr'><strong>manifestatur.-Compunctus</strong></span> <span class='ocrx_word' id='word_1_713' title='bbox 2924 5284 3071 5340; x_wconf 83' lang='lat' dir='ltr'><strong>enim</strong></span> <span class='ocrx_word' id='word_1_714' title='bbox 3108 5284 3277 5341; x_wconf 76' lang='lat' dir='ltr'><strong>corde</strong></span> <span class='ocrx_word' id='word_1_715' title='bbox 3304 5294 3420 5349; x_wconf 76' lang='lat' dir='ltr'><strong>est,</strong></span> <span class='ocrx_word' id='word_1_716' title='bbox 3452 5285 3547 5355; x_wconf 73' lang='lat' dir='ltr'><strong>qui</strong></span> 
     </span>
    </p>
   </div>
   <div class='ocr_carea' id='block_1_100' title="bbox 1962 5374 3547 5443">
    <p class='ocr_par' dir='ltr' id='par_1_100' title="bbox 1962 5374 3547 5443">
     <span class='ocr_line' id='line_1_101' title="bbox 1962 5374 3547 5443; baseline 0.001 -15"><span class='ocrx_word' id='word_1_717' title='bbox 1962 5388 2022 5428; x_wconf 90' lang='lat' dir='ltr'><strong>se</strong></span> <span class='ocrx_word' id='word_1_718' title='bbox 2051 5374 2331 5429; x_wconf 87' lang='lat' dir='ltr'><strong>minimum</strong></span> <span class='ocrx_word' id='word_1_719' title='bbox 2352 5374 2579 5443; x_wconf 87' lang='lat' dir='ltr'><strong>judicat.</strong></span> <span class='ocrx_word' id='word_1_720' title='bbox 2605 5375 3547 5442; x_wconf 59' lang='lat' dir='ltr'><strong>Quandmaudeattvoluntatessuas</strong></span> 
     </span>
    </p>
   </div>
   <div class='ocr_carea' id='block_1_101' title="bbox 1964 5465 3547 5536">
    <p class='ocr_par' dir='ltr' id='par_1_101' title="bbox 1964 5465 3547 5536">
     <span class='ocr_line' id='line_1_102' title="bbox 1964 5465 3547 5536; baseline 0.001 -18"><span class='ocrx_word' id='word_1_721' title='bbox 1964 5465 2230 5534; x_wconf 83' lang='lat' dir='ltr'><strong>exsequi?</strong></span> <span class='ocrx_word' id='word_1_722' title='bbox 2258 5466 2484 5532; x_wconf 84' lang='lat' dir='ltr'><strong>Quando</strong></span> <span class='ocrx_word' id='word_1_723' title='bbox 2512 5467 2709 5521; x_wconf 85' lang='lat' dir='ltr'><strong>audeat</strong></span> <span class='ocrx_word' id='word_1_724' title='bbox 2756 5467 3013 5522; x_wconf 81' lang='lat' dir='ltr'><strong>resistere</strong></span> <span class='ocrx_word' id='word_1_725' title='bbox 3048 5466 3267 5523; x_wconf 62' lang='lat' dir='ltr'><strong>auctori</strong></span> <span class='ocrx_word' id='word_1_726' title='bbox 3292 5466 3427 5535; x_wconf 76' lang='lat' dir='ltr'><strong>ejus</strong></span> <span class='ocrx_word' id='word_1_727' title='bbox 3450 5465 3547 5536; x_wconf 60' lang='lat' dir='ltr'><strong>quid</strong></span> 
     </span>
    </p>
   </div>
   <div class='ocr_carea' id='block_1_102' title="bbox 1892 5555 3544 5626">
    <p class='ocr_par' dir='ltr' id='par_1_102' title="bbox 1892 5555 3544 5626">
     <span class='ocr_line' id='line_1_103' title="bbox 1892 5555 3544 5626; baseline 0.001 -19"><span class='ocrx_word' id='word_1_728' title='bbox 1892 5555 1941 5616; x_wconf 90' lang='lat' dir='ltr'><strong>D</strong></span> <span class='ocrx_word' id='word_1_729' title='bbox 1971 5556 2332 5623; x_wconf 74' lang='lat' dir='ltr'><strong>prteceperit?</strong></span> <span class='ocrx_word' id='word_1_730' title='bbox 2383 5555 2533 5610; x_wconf 83' lang='lat' dir='ltr'><strong>Unde</strong></span> <span class='ocrx_word' id='word_1_731' title='bbox 2562 5565 2617 5610; x_wconf 89' lang='lat' dir='ltr'><strong>ct</strong></span> <span class='ocrx_word' id='word_1_732' title='bbox 2665 5556 3287 5626; x_wconf 76' lang='lat' dir='ltr'><strong>Apostolus:.0beditc,</strong></span> <span class='ocrx_word' id='word_1_733' title='bbox 3340 5557 3544 5626; x_wconf 78' lang='lat' dir='ltr'><strong>inquit,</strong></span> 
     </span>
    </p>
   </div>
   <div class='ocr_carea' id='block_1_103' title="bbox 1970 5649 3549 5719">
    <p class='ocr_par' dir='ltr' id='par_1_103' title="bbox 1970 5649 3549 5719">
     <span class='ocr_line' id='line_1_104' title="bbox 1970 5649 3549 5719; baseline 0.001 -19"><span class='ocrx_word' id='word_1_734' title='bbox 1970 5649 2259 5717; x_wconf 74' lang='lat' dir='ltr'><strong>prwpositis</strong></span> <span class='ocrx_word' id='word_1_735' title='bbox 2305 5650 2512 5718; x_wconf 66' lang='lat' dir='ltr'><strong>vestris,</strong></span> <span class='ocrx_word' id='word_1_736' title='bbox 2541 5660 2595 5704; x_wconf 83' lang='lat' dir='ltr'><strong>et</strong></span> <span class='ocrx_word' id='word_1_737' title='bbox 2630 5650 2890 5719; x_wconf 73' lang='lat' dir='ltr'><strong>reliqua.(</strong></span> <span class='ocrx_word' id='word_1_738' title='bbox 2917 5650 3079 5705; x_wconf 78' lang='lat' dir='ltr'><strong>Hebr.</strong></span> <span class='ocrx_word' id='word_1_739' title='bbox 3122 5666 3217 5705; x_wconf 74' lang='lat' dir='ltr'><strong>xtlt</strong></span> <span class='ocrx_word' id='word_1_740' title='bbox 3243 5690 3259 5714; x_wconf 85' lang='lat'><strong>,</strong></span> <span class='ocrx_word' id='word_1_741' title='bbox 3290 5649 3401 5719; x_wconf 78' lang='grc' dir='ltr'><strong>Π).</strong></span> <span class='ocrx_word' id='word_1_742' title='bbox 3443 5649 3549 5704; x_wconf 75' lang='lat' dir='ltr'><strong>Sed</strong></span> 
     </span>
    </p>
   </div>
   <div class='ocr_carea' id='block_1_104' title="bbox 1969 5741 3535 5812">
    <p class='ocr_par' dir='ltr' id='par_1_104' title="bbox 1969 5741 3535 5812">
     <span class='ocr_line' id='line_1_105' title="bbox 1969 5741 3535 5812; baseline 0.003 -19"><span class='ocrx_word' id='word_1_743' title='bbox 1969 5741 2223 5811; x_wconf 80' lang='lat' dir='ltr'><strong>numquid</strong></span> <span class='ocrx_word' id='word_1_744' title='bbox 2258 5742 2300 5795; x_wconf 89' lang='lat' dir='ltr'><strong>is</strong></span> <span class='ocrx_word' id='word_1_745' title='bbox 2329 5741 2417 5812; x_wconf 88' lang='lat' dir='ltr'><strong>qui</strong></span> <span class='ocrx_word' id='word_1_746' title='bbox 2447 5742 2688 5811; x_wconf 63' lang='lat' dir='ltr'><strong>pra-cipit</strong></span> <span class='ocrx_word' id='word_1_747' title='bbox 2716 5741 2866 5797; x_wconf 87' lang='lat' dir='ltr'><strong>solus</strong></span> <span class='ocrx_word' id='word_1_748' title='bbox 2903 5744 2958 5798; x_wconf 90' lang='lat' dir='ltr'><strong>in</strong></span> <span class='ocrx_word' id='word_1_749' title='bbox 2992 5743 3151 5799; x_wconf 85' lang='lat' dir='ltr'><strong>laude</strong></span> <span class='ocrx_word' id='word_1_750' title='bbox 3177 5744 3301 5799; x_wconf 77' lang='lat' dir='ltr'><strong>est?</strong></span> <span class='ocrx_word' id='word_1_751' title='bbox 3328 5743 3435 5799; x_wconf 78' lang='lat' dir='ltr'><strong>Nec</strong></span> <span class='ocrx_word' id='word_1_752' title='bbox 3463 5743 3535 5797; x_wconf 87' lang='lat' dir='ltr'><strong>illi</strong></span> 
     </span>
    </p>
   </div>
  </div>
