3910 6168
500 283 601 335 τόἸ

1488 277 1544 330 S.
1590 275 1909 330 EUClll-thll
1953 270 2432 328 LUGDUN‘RNSIS
2475 270 2774 325 EPISCOPI
3615 276 3696 327 κως

503 398 590 465 qui
618 390 1348 460 obtemperat.dilecdssimi,
1370 388 1485 443 sine
1509 388 1663 441 laude
1681 386 1818 439 erit?
1850 387 1942 438 llle
1975 400 2081 436 iiic-
2114 388 2157 443 Α
2189 385 2277 435 alii
2309 396 2537 435 coronas
2564 390 2775 434 nostras
2796 379 3075 448 accipiant.
3122 378 3436 433 Manendum
3461 390 3507 434 ct
3533 395 3696 451 peruia-

505 500 656 541 retur
685 486 915 555 regendo
947 484 1197 552 gloriam,
1227 483 1310 534 hic
1339 481 1710 549 obsequendo.
1729 482 1807 533 Ad
1830 493 2077 546 magnum

505 593 631 645 ergo
659 577 823 629 decus
854 582 906 626 et
940 572 1241 626 mercedem
1273 571 1341 625 ab
1383 581 1615 640 utroque
1654 570 1913 632 tenditur,
1953 569 2078 620 dum

504 670 640 721 alios
677 668 811 717 bene
851 663 1104 720 consulit.
1138 673 1190 715 et
1235 663 1371 715 alius
1401 663 1537 716 bene
1572 662 1833 716 consultis
1869 661 2080 715 obtem-

506 765 676 821 perat.
734 754 878 804 Haut;
926 750 1288 804 obediettliztttt
1337 751 1567 804 maxime
1598 750 1851 804 Salvator
1900 760 2083 803 noster

504 843 788 898 tnculeavit
822 844 996 908 nobis,
1039 843 1131 913 qui
1184 859 1286 895 non
1317 842 1488 895 solum
1519 842 1641 895 dum
1689 857 1785 895 nos
1818 841 2081 908 redemit,

504 936 596 987 scd
628 936 787 987 etiam
821 934 943 985 dum
978 932 1344 986 obedientiam
1386 932 1564 996 docet,
1620 933 1827 985 salrare
1866 946 1964 984 nos
1992 947 2082 985 vo-

509 1032 638 1083 luit:
672 1029 893 1095 a‘qualis
925 1028 1065 1081 enim
1093 1028 1158 1079 Pa
1191 1029 1235 1078 ri
1258 1026 1488 1079 obedivit
1517 1024 1681 1079 Patri.
1716 1024 1784 1078 Et
1812 1025 2083 1093 quomodo

507 1121 776 1174 obedivit?
809 1118 1070 1186 Numquid
1102 1120 1152 1171 in
1203 1134 1260 1171 re
1301 1117 1438 1171 facili
1482 1116 1756 1170 oliedivit?
1805 1116 1973 1185 Usque
2015 1115 2083 1168 ad

510 1221 743 1263 mortem.
777 1212 840 1262 lit
870 1210 1081 1277 qualem
1118 1211 1388 1262 mortem?
1438 1218 1648 1261 mortem
1699 1219 1870 1260 autem
1918 1209 2085 1260 cruris

513 1300 677 1369 (Phil.
712 1317 766 1361 tt,
801 1299 876 1369 8).
926 1299 1032 1352 Nec.
1064 1300 1237 1352 solum
1282 1298 1710 1365 obtemperavit,
1765 1297 1859 1351 scd
1920 1297 2081 1351 etiam

512 1393 840 1445 voluntatem
886 1390 1057 1443 Patris
1109 1390 1439 1441 Voluntatcm
1495 1404 1646 1442 suam
1698 1388 1841 1442 fecit.
1886 1386 2086 1443 Facere

511 1486 651 1535 enim
684 1499 799 1551 qum
826 1482 1079 1551 jubemur
1109 1483 1267 1534 etiam
1301 1479 1449 1533 inviti
1483 1494 1765 1547 possumus
1796 1497 1809 1531 :
1838 1480 1923 1534 illa
1956 1495 2082 1533 vera

510 1574 812 1626 olietlicntiu
842 1584 943 1635 est,
972 1586 1090 1623 cum
1121 1586 1178 1622 ca
1210 1588 1325 1636 qua:
1355 1571 1462 1622 vult
1494 1571 1583 1623 ille
1611 1573 1699 1638 qui
1729 1571 1989 1637 przecipit,
2020 1560 2084 1625 ea

514 1664 701 1729 incipit
731 1665 867 1716 velle
898 1664 984 1728 qui
1022 1674 1188 1729 paret.
1220 1662 1492 1728 Scriptura
1527 1677 1677 1715 sacra
1729 1664 1833 1714 ait:
1883 1661 2083 1714 Bonum

2188 475 2419 524 nendum
2441 480 2553 538 est,
2588 480 2642 524 ut
2667 471 2752 526 hic
2781 471 3168 539 gloriosissime
3193 485 3497 539 pugnantes,
3525 476 3699 541 quietis-

2184 568 2318 618 sime
2343 566 2675 634 navigautes,
2694 563 3015 618 lttliSsitltnlll
3044 567 3209 617 vitam
3241 565 3291 616 itt
3318 564 3501 618 studiis
3526 564 3699 633 spirita-

2186 657 2325 710 Iilaus
2358 657 2737 726 transigantus,
2784 665 2839 710 et
2885 654 3355 724 appreliendamus
3395 656 3543 709 vitam
3579 667 3702 709 arter-

2188 764 2333 813 ttam,
2353 750 2405 800 itt
2435 762 2538 814 qua
2568 745 2745 801 vocati
2764 760 2971 800 sumus.

2258 840 2311 895 5.
2343 841 2587 896 Salvittor
2615 850 2801 894 noster
2823 838 3090 909 loquitur:
3124 835 3247 891 Non
3268 846 3422 907 potest
3448 838 3602 891 civitas
3617 839 3705 893 abt-

2187 931 2337 985 condi
2366 946 2523 1001 supra
2563 940 2786 983 utentem
2811 930 2977 999 posita
3005 944 3023 983 :
3054 945 3215 997 neque
3261 930 3530 982 accendunt
3573 928 3703 982 lucer-

2188 1040 2329 1085 nam,
2357 1032 2404 1074 et
2434 1029 2633 1091 ponunt
2664 1036 2775 1073 eam
2819 1018 2913 1073 sub
2944 1020 3151 1083 modio,
3200 1018 3290 1072 sed
3336 1035 3474 1089 super
3513 1022 3703 1072 candela~

2189 1113 2356 1176 brum,
2387 1124 2438 1165 ut
2466 1112 2629 1165 lucent
2656 1111 2890 1164 omnibus
2919 1111 3005 1179 qui
3034 1110 3087 1163 in
3117 1110 3271 1163 domo
3315 1120 3430 1163 sunt
3460 1108 3641 1178 (Matth.
3666 1127 3705 1173 v,

2191 1205 2303 1277 14).
2333 1208 2496 1259 ιιυειθ
2522 1217 2655 1274 ergo
2684 1212 2790 1257 tam
2819 1202 3046 1257 illustris
3078 1203 3296 1257 lucerna
3328 1203 3422 1257 sub
3452 1204 3705 1256 moriasteiii

2189 1300 2368 1351 modio
2395 1299 2688 1350 constituta
2731 1296 2797 1349 ad
2835 1296 3091 1351 Ecclesia:
3122 1296 3375 1349 translata
3402 1305 3477 1350 est
3501 1296 3703 1350 candela-

2188 1389 2363 1443 brum.
2398 1388 2464 1441 Et
2493 1404 2624 1442 sane
2658 1388 2871 1443 modius
2916 1388 3015 1441 iste
3044 1386 3386 1456 evangelicus
3413 1388 3533 1440 bene
3557 1402 3703 1439 mona-

2187 1482 2352 1533 sterio
2381 1488 2680 1547 coaptatnr,
2715 1478 2803 1532 ubi
2855 1478 2987 1531 nihil
3044 1478 3222 1545 agitur
3254 1476 3451 1546 absque
3483 1491 3701 1529 mensura.

2189 1572 2396 1627 llabent
2424 1572 2564 1624 cnim
2600 1570 2711 1624 illic
2739 1570 2984 1624 universa
3013 1569 3285 1632 dilﬂCﬂS'l,
3316 1570 3484 1622 omnia
3510 1569 3623 1621 facta
3638 1580 3703 1619 aut

2189 1663 2328 1714 dicta
2362 1661 2665 1730 a-quissimtt
2701 1664 2905 1715 ratione
2929 1662 3136 1728 ptolata
3162 1669 3269 1714 leni
3291 1668 3347 1712 nt
3367 1660 3428 1712 ad
3452 1658 3596 1713 vicem
3621 1674 3705 1711 tuo-

509 1767 580 1806 rst
612 1756 800 1805 [mmini
830 1770 942 1805 cum
975 1754 1246 1817 portatu-rit
1267 1757 1454 1824 jttgttm
1480 1755 1795 1824 ajurentute
1829 1770 1953 1818 sua;
1998 1771 2077 1807 ιε·
2117 1756 2156 1814 Β
2189 1755 2262 1805 dii
2290 1756 2528 1807 modmn.
2564 1753 2710 1808 Bene
2738 1770 2867 1823 ergo
2912 1753 3141 1823 spiritali
3195 1753 3461 1809 intellectu
3494 1769 3573 1820 per
3600 1752 3702 1805 hanc

510 1846 643 1898 tlebit
676 1845 1005 1913 singulariter
1033 1856 1078 1895 et
1110 1844 1288 1895 tacebit
1322 1842 1534 1913 ('I'hrcn.
1565 1857 1646 1909 ιιι,
1668 1844 1781 1912 ‘27).
1817 1845 2084 1897 Ponamus

510 1953 638 2004 ergo
665 1936 949 2001 adjuvante
983 1951 1080 1987 nos
1110 1936 1328 1989 Lhristo
1357 1937 1436 1988 eri
1471 1945 1653 1987 nostro
1680 1936 1878 1989 ostium
1911 1947 1964 1989 et
1993 1952 2082 1990 se-

512 2044 621 2091 ras,
651 2040 701 2081 et
728 2028 908 2081 Verbis
957 2029 1155 2079 nostris
1205 2038 1480 2080 stateram.
1526 2027 1815 2092 Apostolus
1854 2042 2085 2098 namque

509 2122 620 2171 ait:
655 2120 753 2184 Qui
783 2118 907 2172 bene
950 2119 1339 2183 ministraverit,
1382 2118 1597 2187 gradum
1644 2121 1829 2171 bonum
1871 2120 1967 2173 sibi
1996 2135 2084 2172 ac-

508 2211 662 2279 quirit
691 2210 733 2280 (l
764 2209 893 2262 Tim.
942 2226 1018 2269 Ill.
1062 2209 1165 2280 l5).
1898 2204 1901 2207 δ

577 2304 627 2357 4.
669 2302 731 2355 Ει
762 2301 875 2354 inec.
908 2301 1142 2370 quidem,
1176 2302 1533 2367 dilectissimi,
1560 2318 1665 2357 non
1714 2304 1778 2357 ad
1811 2301 2087 2360 instructi-

508 2396 603 2447 dos
634 2411 725 2446 vos
752 2397 969 2463 loquor;
1004 2394 1095 2448 sed
1131 2403 1187 2449 ut
1216 2397 1529 2450 ltutnilitatis
1559 2407 1615 2452 et
1641 2396 1959 2453 obedient'ttc
1990 2400 2087 2455 bn-

510 2503 575 2539 tta
599 2503 714 2553 qum
738 2486 1022 2551 exercetis,
1057 2489 1106 2539 in
1140 2476 1316 2540 vetitis
1341 2488 1472 2539 locis
1503 2493 1934 2557 recognoscatis:
1967 2508 2086 2559 qua:

512 2577 670 2641 bona,
704 2594 821 2646 qust-
863 2577 928 2629 ad
970 2592 1229 2631 ceteruum
1286 2579 1375 2631 Dei
1426 2594 1651 2648 regnum
1700 2596 1791 2631 vos
1825 2580 2082 2648 trahunt,

509 2667 752 2735 cepimus
798 2682 850 2721 ut
902 2669 1267 2722 indesinenter
1297 2671 1644 2739 pos~iileatis.
1699 2670 1883 2739 Neque
1936 2672 2082 2726 enim

511 2760 597 2827 qui
642 2759 897 2827 eruperit,
938 2758 1031 2812 sed
1080 2760 1169 2828 qui
1213 2762 1632 2830 prrscvrrarerit,
1672 2759 1758 2814 hic
1790 2763 1959 2816 salvus
1989 2763 2085 2817 erit

518 2850 711 2918 (.llnrc.
746 2850 833 2912 10,
863 2847 979 2920 22).
1026 2850 1080 2902 lii
1114 2860 1289 2904 autem
1327 2852 1419 2919 qtti
1462 2852 1577 2905 vult
1604 2852 1786 2907 salvus
1824 2868 1964 2916 esse,
2000 2854 2085 2909 hic

511 2946 822 2998 certandum
857 2955 959 2999 est.
985 2946 1038 3001 Si
1071 2948 1191 3016 quis
1222 2948 1273 2999 in
1307 2962 1500 3017 pugna,
1526 2951 1742 3019 quando
1765 2949 1913 3006 acies
1938 2951 2086 3005 ordi-

508 3048 682 3099 natur,
715 3044 768 3089 et
798 3046 982 3090 contra
1014 3039 1351 3093 adversirios
1381 3048 1575 3107 statur,
1625 3041 1741 3095 loco
1777 3058 1875 3098 suo
1901 3059 2082 3099 reces-

2194 1847 2413 1914 liguram
2448 1846 2757 1900 monasterii
2802 1848 3240 1914 interpretamur,
3272 1860 3387 1913 quas
3415 1845 3474 1898 ad
3508 1843 3703 1897 similitu-

2187 1938 2365 2005 dinem
2397 1936 2561 1990 modii
2611 1937 2743 1990 nihil
2786 1937 2956 1991 soleat
2986 1936 3038 1990 itt
3072 1951 3136 1991 se
3177 1937 3374 1990 habere
3417 1936 3698 2006 permixtum.

2187 2032 2319 2087 Nam
2350 2031 2488 2087 sicut
2516 2033 2750 2087 triticutu
2781 2045 2811 2085 a
2841 2030 3011 2101 paleis
3058 2042 3421 2101 segregatum,
3460 2031 3521 2084 ita
3545 2030 3602 2084 de
3624 2046 3699 2082 nco

2187 2124 2308 2177 culo
2336 2133 2615 2190 separatos
2649 2125 2889 2194 recipere
2940 2126 3254 2189 consuevit;
3302 2133 3356 2178 et
3404 2134 3510 2193 past
3536 2123 3700 2178 Domini

2190 2215 2572 2277 ventilabrum,
2605 2216 2696 2285 qui
2726 2216 2946 2270 mundat
2982 2230 3166 2270 arcam
3198 2230 3369 2280 suam,
3401 2215 3569 2283 ejectis
3594 2214 3701 2267 foras

2187 2310 2849 2376 excrementistamqnam
2900 2308 3117 2375 puriora
3162 2308 3273 2379 jam
3321 2323 3473 2379 grana
3508 2307 3624 2362 intra
3656 2321 3698 2358 se

2187 2400 2391 2454 electos
2433 2413 2562 2456 suos
2591 2400 2847 2455 continet.
2877 2399 3116 2455 Proinde
3154 2400 3296 2455 sicut
3321 2400 3515 2457 modius
3554 2415 3699 2453 mona-

2188 2491 2377 2555 sterio,
2414 2491 2484 2543 ita
2514 2490 2899 2546 candelabrum
2943 2490 3205 2546 Ecclesia.-
3241 2502 3580 2560 comparatur:
3607 2489 3698 2558 quia

2188 2597 2309 2635 cum
2337 2581 2408 2635 sit
2437 2580 2491 2635 in
2518 2580 2665 2637 edito
2693 2581 2779 2637 vel
2803 2582 2855 2636 in
2892 2583 3192 2651 conspicuo
3238 2582 3529 2648 constituta,
3562 2581 3698 2649 splen-

2186 2673 2376 2728 dorem
2402 2674 2468 2728 ad
2498 2689 2559 2730 se
2596 2675 2913 2730 translatum
2954 2675 3131 2730 oculis
3159 2675 3406 2740 ell‘erens,
3437 2676 3589 2729 lumen
3626 2672 3697 2726 sibi

2190 2764 2497 2834 impositum
2529 2767 2740 2819 cunctis
2768 2766 3026 2821 ostendit.
3058 2767 3337 2821 Accensus
3372 2766 3494 2835 ignis
3518 2765 3697 2817 rationa-

2189 2855 2369 2911 biliter
2395 2856 2667 2927 prolertur
2691 2866 2747 2911 ut
2778 2857 2988 2925 luceat;
3026 2874 3219 2928 parum
3266 2862 3404 2914 enim
3436 2856 3622 2929 prodest
3647 2856 3699 2906 Ιτι⁹

2190 2958 2309 3004 tcns
2339 2949 2560 3015 bonum,
2582 2966 2770 3020 parum
2803 2951 2945 3007 lucet
2975 2953 3158 3007 lumen
3188 2953 3555 3007 absconditum.
3580 2946 3699 3002 Exil-

2191 3048 2265 3106 ta,
2325 3039 2639 3096 beatissime
2671 3041 2930 3111 pontifex,
2970 3043 3113 3096 sicut
3170 3042 3292 3097 tuba
3342 3057 3511 3095 voci-tn
3558 3050 3695 3092 tuam'

505 3128 654 3190 serit,
698 3127 958 3196 deinceps
1010 3129 1230 3194 ignavus
1275 3147 1336 3185 ac
1382 3133 1569 3202 refuga
1604 3133 1845 3189 habetur.
1889 3135 1946 3191 lu
1977 3136 2078 3192 hoc
2107 3125 2153 3187 C
2184 3132 2397 3188 cmlitus
2428 3133 2671 3188 edissere
2718 3135 2959 3204 populis;
3008 3136 3193 3190 revela
3243 3151 3396 3206 quem
3445 3135 3491 3188 in
3526 3134 3699 3188 secretis

506 3232 715 3284 quoque
746 3218 864 3270 l0e0
898 3218 1096 3271 milites
1125 3220 1327 3274 CbriSti
1364 3222 1651 3277 adversum
1702 3226 1974 3282 diabolum
2003 3230 2080 3284 vi-

506 3309 699 3359 dentur
725 3312 872 3374 quasi
902 3308 952 3360 in
995 3310 1108 3361 acie
1149 3310 1376 3364 ordinati
1412 3322 1583 3368 stare:
1624 3314 1882 3373 deserere
1906 3330 2081 3374 certa-

504 3411 627 3449 men
661 3407 711 3449 et
734 3398 1013 3451 discedere
1046 3399 1199 3465 hinc,
1229 3415 1334 3454 non
1364 3402 1536 3457 solum
1578 3405 1952 3475 ingloriosum.
1985 3427 2079 3467 ve-

505 3505 620 3542 rum
650 3491 812 3542 etiam
866 3490 1223 3559 periculosum
1252 3504 1352 3547 est.
1408 3494 1723 3551 Manendum
1763 3509 1845 3554 est
1896 3503 1948 3557 in
1981 3502 2083 3561 hoc

505 3583 692 3635 eodem
725 3581 881 3646 loco;
912 3592 969 3635 ut
993 3584 1300 3638 tenentibus
1332 3584 1486 3641 nobis
1513 3588 1655 3657 quod
1680 3598 1948 3661 tenemus,
1973 3611 2080 3650 non

514 3717 3094 3751 ._______—________—________

2187 3223 2419 3279 ell'odisti
2452 3224 2762 3280 thesaurum
2795 3235 2974 3292 tuum;
3002 3242 3202 3299 sparge
3227 3243 3359 3293 epes
3385 3240 3505 3295 quas
3527 3220 3697 3290 coinqui-

2188 3318 2338 3385 sisti;
2361 3318 2579 3373 divitias
2611 3334 2747 3389 quas
2791 3319 2846 3373 in
2878 3335 3063 3374 eremo
3093 3322 3296 3389 parasti
3330 3320 3488 3389 palam
3509 3318 3699 3372 esurien-

2192 3409 2336 3465 tibus
2373 3408 2606 3476 eﬂ'undc,
2654 3411 2943 3479 adjuvante
2991 3412 3226 3467 Domino
3250 3426 3428 3469 nostro
3455 3410 3561 3466 Iesu
3583 3406 3699 3461 Chri-

2191 3514 2309 3570 δίου
2340 3504 2432 3573 ιιιιὶ
2469 3518 2591 3558 cum
2644 3503 2756 3559 Deo
2788 3504 2946 3560 Patre
2991 3514 3047 3559 et
3091 3505 3300 3577 Spiritu
3328 3514 3497 3560 sancto
3529 3502 3630 3555 vivit
3662 3507 3699 3548 et

2193 3605 2381 3667 regnat
2406 3596 2459 3651 in
2491 3596 2689 3653 saecula
2716 3599 3062 3657 smculorum.
3120 3602 3316 3655 Amen.

3192 3724 3691 3747 Μ’...-

1340 3827 2012 3944 εΔΝατι
2083 3834 2968 3947 EUCEERII

1677 4023 2219 4085 LUGDUNENSIS
2264 4026 2616 4089 EPISCOPI

681 4178 1664 4329 EPITOMES
1746 4186 2593 4367 OPERUM
2676 4185 3567 4338 CASSIANI

1310 4505 1322 4517 ο
1361 4413 1519 4497 AD
1594 4412 1736 4499 CA
1749 4417 2227 4507 STOREM
2299 4426 2920 4509 APTENSEM

1820 4593 2125 4671 LIBRI
2202 4599 2444 4674 DUO.

1529 4842 2006 4952 LIBER
2083 4846 2735 4958 PRIMUS.

1290 5000 1392 5062 DE
1434 5002 1857 5068 CANONICIS
1901 5006 2463 5071 COENOBIORUM
2511 5011 2968 5074 INSTITUTIS.

487 5147 490 5150 ’
578 5138 629 5193 1.
657 5136 825 5211 (Cass.
856 5136 986 5193 Inst.
1014 5138 1165 5210 pref.
1196 5148 1240 5192 et
1271 5139 1358 5194 lib.
1385 5155 1420 5194 ιι
1454 5117 1568 5211 cap.
1602 5144 1784 5213 7-ll.)
1814 5146 1943 5201 Cum
1968 5148 2084 5216 jus-
2117 5152 2162 5209 D
2190 5159 2262 5212 te,
2293 5150 2465 5206 coaeti
2496 5164 2641 5206 sum.
2676 5153 2915 5224 Itemque
2954 5157 3073 5212 misi
3102 5157 3375 5214 beatorum
3403 5158 3608 5213 virontm
3630 5159 3694 5201 ca-

503 5233 638 5285 sei-is
677 5231 829 5300 mihi,
872 5231 1183 5286 beatissime
1228 5239 1382 5301 pater
1405 5232 1616 5296 Castor,
1640 5244 1696 5288 ut
1720 5233 2081 5296 Uricutalium

500 5325 843 5394 maximeque
890 5322 1268 5393 Egyptiorum
1321 5324 1737 5393 timuobiorum,
1794 5330 2082 5386 canonicas

504 5411 595 5465 tibi
652 5412 1067 5467 constitutiones
1137 5413 1513 5474 declararem.
1583 5431 1719 5484 quas
1782 5419 1915 5475 meis
1968 5423 2081 5490 ipse

503 5504 671 5556 oculis
694 5501 976 5574 conspexi,
993 5514 1098 5560 tute
1117 5504 1347 5574 iussioni
1364 5504 1766 5575 obtemperans,
1783 5509 1898 5565 hinc
1916 5529 2080 5581 pauca

505 5593 599 5645 tibi
631 5595 795 5647 verba
842 5598 1149 5662 transmisi;
1179 5606 1238 5650 ut
1270 5596 1392 5651 hinc
1420 5595 1674 5653 viaticum
1720 5602 1785 5655 ad
1830 5605 2078 5661 virtutem

507 5681 574 5735 iis
599 5694 842 5751 suppetat
871 5687 963 5757 qui
994 5686 1046 5741 in
1070 5701 1208 5741 novo
1232 5694 1324 5743 tuo
1351 5692 1704 5760 monasterio,
1739 5692 1852 5750 Deo
1879 5697 2074 5767 juvan-

2190 5254 2449 5307 nones,et
2473 5244 2607 5297 alios
2634 5248 2943 5303 nonnullos.
2979 5248 3209 5311 Necesse
3235 5261 3317 5305 est
3346 5251 3509 5317 itaque
3537 5252 3583 5298 ut
3605 5246 3695 5292 ante

2188 5333 2365 5387 omnia
2396 5339 2466 5388 de
2498 5335 2773 5403 oratione,
2803 5337 3069 5394 lonorum
3108 5343 3346 5395 omnium
3374 5352 3549 5403 causa,
3574 5326 3693 5384 verba

2186 5422 2378 5478 fat-iam
2398 5442 2413 5491 ;
2433 5429 2705 5496 quomodo
2722 5429 2932 5485 scilicet
2954 5442 3011 5486 et
3027 5448 3183 5502 quam
3207 5433 3404 5503 optimo
3421 5445 3530 5484 cum
3549 5420 3693 5478 ordine

2188 5517 2238 5571 in
2295 5516 2519 5587 Ξκιριί
2548 5531 2602 5574 et
2648 5521 2942 5579 Thebaidis
2986 5526 3248 5581 emnobiis
3274 5540 3389 5579 eam
3424 5518 3688 5592 persolvant.

2184 5607 2504 5681 Congregati
2533 5615 2736 5684 quippe
2767 5616 2958 5671 eodem
2985 5618 3035 5672 in
3063 5619 3179 5674 loco
3200 5658 3216 5684 ,
3252 5628 3479 5686 tempore
3502 5602 3687 5681 synaxiS.

2189 5698 2466 5774 postquam
2501 5704 2778 5763 absolutus
2809 5718 2894 5763 est
2924 5710 3185 5780 psalmus,
3216 5724 3319 5764 non
3350 5705 3514 5763 statim
3540 5697 3592 5754 ad
3614 5704 3681 5761 ιδ’
