3910 6168
281 327 373 372 eoa
1293 312 1638 369 EPITUMtS
1684 312 1963 368 OPERUM
1996 311 2294 367 CASSHNI
2328 311 2451 366 LIB.
2497 311 2535 365 1.

3418 311 3515 362 R70

277 432 622 484 nutls'xioneui
654 429 885 490 veniunt.
917 430 1011 483 sed
1043 429 1355 500 priusquam
1389 446 1560 499 genua
1595 430 1829 493 flet-tant,
1870 433 1911 489 Α
1945 447 2038 497 per
2068 446 2331 483 summam
2364 430 2724 482 obedientiam
2766 428 2996 482 dederit.
3034 428 3125 481 llis
3158 429 3345 497 itaque
3399 444 3519 497 pre-

275 527 478 577 tnodieu
522 536 754 592 tempore
785 531 992 576 stantes
1034 522 1293 593 expansis
1351 524 1599 577 manibus
1645 533 1831 589 orant;

272 628 446 686 postea
488 614 628 668 humi
674 614 952 685 prostrati,
986 624 1039 667 et
1068 613 1206 668 facta
1236 615 1389 671 brevi
1422 616 1561 670 inter
1588 614 1834 685 genuﬂe-

270 710 509 763 etendum
536 708 802 771 oratione,
834 722 936 760 una
968 719 1193 778 surgunt
1236 723 1424 763 omnes
1458 726 1471 763 :
1518 722 1582 761 ac
1624 722 1834 761 rursum

266 800 511 867 expansis
539 797 787 851 manibus
810 838 826 862 ,
859 796 1064 852 diutius
1102 808 1266 868 atque
1306 798 1603 853 ferventius
1633 798 1837 868 suppli-

264 893 498 945 rationes
528 890 876 962 persolvunt,
911 890 1123 945 nemine
1152 892 1546 958 genuflectente
1574 934 1589 957 ,
1636 902 1729 945 aut
1768 908 1833 947 ex

264 984 629 1051 genuflexione
663 998 784 1037 sese
818 985 1091 1053 erigente.
1122 984 1297 1038 donec
1322 983 1367 1039 is
1397 984 1485 1053 qui
1534 986 1833 1039 orationem

262 1077 465 1139 recitat,
484 1075 630 1143 prior
651 1073 1027 1142 genuﬂexerit,
1051 1084 1141 1127 ant
1168 1075 1311 1143 prior
1333 1074 1652 1128 surrexerit.
1673 1074 1836 1128 Prout

262 1166 432 1233 itaque
461 1166 670 1219 dictum
715 1174 833 1229 est,
882 1180 1002 1219 cum
1036 1165 1303 1233 ejusmodi
1336 1166 1618 1236 synaxium
1674 1181 1834 1219 causa

259 1257 609 1320 οιιιινσιιὶιιιιι,
645 1266 850 1309 tantum
878 1257 945 1308 ab
971 1258 1223 1310 omnibus
1249 1268 1497 1311 servatur
1525 1257 1832 1326 silentium,

262 1356 314 1399 ut
348 1346 400 1399 in
444 1357 599 1399 tanto
645 1354 702 1401 et
750 1361 887 1415 pene
918 1346 1300 1401 innumerabili
1344 1355 1489 1401 coetu
1515 1388 1528 1411 ,
1565 1348 1833 1403 neminem

260 1436 438 1491 adesse
469 1437 751 1502 videatur;
790 1437 1125 1507 potissimum
1175 1455 1303 1492 vero
1356 1446 1601 1507 tempore
1628 1442 1834 1494 oratio—

262 1544 396 1590 unm,
425 1545 541 1597 quo
573 1545 746 1599 neque
773 1540 987 1599 sputum
1014 1531 1300 1597 emittitur,
1350 1546 1524 1600 neque
1558 1533 1717 1586 tussis
1740 1548 1831 1586 au-

260 1618 425 1673 ditur:
457 1635 571 1673 non
594 1621 701 1673 illic
725 1619 955 1690 pigritiae
978 1621 1217 1691 signum,
1242 1635 1347 1675 non
1368 1621 1705 1688 dormitatio,
1729 1638 1835 1677 non

258 1710 526 1775 oscitatio,
580 1727 683 1765 ttOn
712 1712 943 1780 gemitus
989 1726 1112 1765 cum
1167 1726 1303 1767 sono
1349 1712 1659 1771 audiuntur.
1700 1712 1833 1766 Eum

1941 521 2116 582 batus,
2139 532 2190 573 ιιι
2225 521 2590 574 admittendus
2615 520 2809 575 abillis
2834 520 3061 575 habetur
3085 529 3248 588 atque
3270 520 3442 573 duret:
3468 532 3517 582 r,

1940 627 2007 665 ne
2035 612 2329 680 quidquam
2362 612 2434 665 de
2464 611 2618 665 bonis
2644 613 2756 665 suis
2780 610 2923 680 apud
2951 626 3010 665 se
3033 610 3366 665 reconditum
3391 625 3516 663 cnn-

1936 714 2114 757 scrvet
2143 721 2155 756 :
2188 706 2338 773 gnari
2370 703 2581 758 scilicet
2607 719 2731 757 eum
2763 704 2853 773 qui
2883 701 2951 757 de
2996 701 3153 757 bonis
3191 703 3307 755 suis
3357 701 3515 769 quid-

1936 812 2092 866 quam
2118 798 2335 863 retinet,
2371 814 2475 851 nun
2510 811 2668 865 posse
2691 796 2783 849 diu
2823 798 2874 849 in
2903 795 3213 850 monasterii
3244 794 3512 848 obedien-

1940 889 2007 942 tia
2037 904 2376 958 permanere,
2412 906 2586 958 neque
2616 889 2679 942 ad
2712 888 2870 942 finem
2922 905 3089 955 usque
3137 902 3507 953 postve-are,

1938 996 2047 1050 prae
2071 983 2235 1036 animi
2266 982 2519 1053 languore
2547 999 2609 1036 ac
2640 983 2821 1036 ta-dio.
2844 982 2975 1035 (lum
3000 982 3205 1050 quasvis
3234 980 3375 1035 enim
3406 980 3509 1033 mi-

1938 1073 2077 1126 nima
2105 1076 2321 1127 occasio
2348 1087 2439 1128 ant
2464 1075 2681 1130 afflictio
2708 1076 2822 1144 ejus
2849 1075 3091 1129 movebit
3112 1074 3369 1137 animum,
3396 1081 3507 1127 sta-

1940 1162 2032 1215 tim
2063 1164 2324 1218 reconditi
2366 1165 2605 1218 ιΙιεε;ιιιι·ἰ
2639 1180 2784 1234 spes,
2834 1166 2986 1235 quasi
3035 1164 3196 1219 funda
3254 1166 3507 1237 lapidem,

1939 1256 2269 1308 monasterio
2302 1255 2449 1309 illum
2493 1258 2661 1325 ejicit.
2693 1257 2873 1324 Quare
2916 1257 3093 1327 quivis
3122 1257 3330 1313 illorum
3378 1261 3513 1312 anti-

1938 1345 2057 1414 quis
2082 1347 2512 1411 possessionihus
2537 1348 2776 1415 exuitur,
2797 1349 2865 1402 ita
2887 1359 2944 1404 ut
2971 1366 3037 1403 ne
3062 1350 3387 1403 vestimento
3402 1352 3515 1419 qni-

1937 1436 2058 1489 dein
2088 1453 2193 1505 quo
2225 1439 2444 1492 indutus
2464 1448 2581 1492 erat
2606 1441 2676 1493 uti
2709 1441 2808 1493 sibi
2834 1440 3013 1494 liceat.
3042 1440 3147 1495 Sed
3176 1440 3515 1509 congregatis

1936 1531 2148 1583 cunctis
2179 1528 2453 1595 fratribus,
2478 1531 2529 1584 in
2555 1530 2786 1585 medium
2811 1532 3331 1598 adduetus,exnitur
3357 1531 3514 1586 vesd-

1936 1621 2138 1673 mentis
2188 1622 2447 1689 propriis,
2503 1631 2558 1676 et
2606 1640 2792 1677 eorum
2849 1625 2967 1677 lOCH
3016 1624 3222 1677 abbatis
3266 1625 3515 1679 inanibus

1939 1716 2255 1766 monasterii
2290 1716 2630 1769 vestimentis
2661 1716 3008 1782 induitur;nt
3028 1732 3089 1770 ea
3123 1717 3293 1770 forma
3319 1734 3515 1787 engno-

262 1816 486 1871 namque
521 1802 609 1871 qni
640 1817 749 1871 pra:
781 1817 979 1857 nausea
1014 1810 1068 1856 et
1098 1802 1265 1856 animi
1296 1803 1524 1858 mollitie
1550 1819 1671 1858 cum
1724 1804 1835 1859 cla-
1865 1804 1912 1865 Β
1937 1813 2053 1858 seat
2083 1803 2219 1871 ipse,
2244 1821 2302 1859 se
2336 1806 2618 1859 Illlllltlilllis
2662 1810 2821 1861 rebus
2860 1808 3114 1861 omnibus
3136 1848 3150 1872 ,
3204 1824 3511 1874 arrogantia

260 1907 399 1946 more
449 1908 729 1961 precatur,
784 1894 932 1948 aiunt
976 1892 1263 1962 dupliciter
1291 1908 1517 1964 peccare
1564 1911 1579 1948 :
1634 1896 1832 1965 primo,

259 1984 387 2051 quod
415 1987 665 2055 segniter
685 1996 833 2052 oret;
863 1987 1126 2051 secundo,
1152 1986 1293 2054 quod
1323 1987 1715 2057 indisciplinata
1746 1988 1831 2043 illa

262 2093 401 2147 veee,
425 2079 668 2151 proximi
693 2093 853 2135 aures
881 2080 1141 2134 obtundat
1160 2094 1224 2133 ac
1251 2091 1484 2134 mentem
1524 2080 1791 2136 distrahat
1816 2098 1830 2136 :

261 2171 635 2226 invadentibus
686 2186 789 2225 una
822 2170 1072 2240 malignis
1110 2171 1413 2240 spiritibus,
1446 2172 1534 2241 qui
1564 2187 1685 2227 cum
1736 2186 1834 2226 nos

260 2263 492 2320 viderint
523 2264 574 2319 in
606 2266 852 2319 oratione
882 2274 1108 2331 Stantes,
1140 2264 1512 2321 indecentibus
1564 2280 1668 2321 nos
1689 2267 1836 2337 cogi-

262 2360 549 2414 tationibus
576 2367 635 2414 et
664 2373 857 2412 nausea
888 2370 1051 2425 atque
1081 2357 1295 2412 fastidio
1349 2359 1585 2412 animam
1638 2374 1833 2429 aggra-

260 2461 396 2506 vant.
442 2450 579 2517 Qua:
626 2465 785 2504 causa
819 2459 901 2505 est
932 2459 986 2503 ut
1020 2449 1277 2519 psalmos,
1303 2465 1407 2503 non
1434 2463 1556 2504 cum
1603 2452 1833 2507 tumultu

260 2555 306 2598 et
335 2544 743 2613 perturbatiOne
770 2542 1075 2597 festinando
1098 2543 1345 2602 recitent.
1379 2557 1553 2613 neque
1580 2557 1832 2598 versuum

259 2635 618 2697 multitudine,
650 2634 743 2690 sed
777 2633 970 2687 mentis
999 2632 1432 2689 consideratione
1461 2634 1829 2691 oblcctentur:

259 2743 312 2779 ea
341 2728 554 2781 scilicet
580 2724 907 2795 cogitatione
938 2724 985 2778 ei
1016 2723 1377 2793 obsequentes
1403 2725 1493 2795 qtti
1522 2724 1597 2778 ait
1624 2742 1638 2779 :
1671 2723 1830 2780 Psal-

260 2825 350 2875 lnm
376 2821 591 2890 spiritu,
624 2820 845 2887 psallam
874 2828 922 2873 et
951 2828 1115 2872 mente
1142 2818 1187 2890 (Ι
1214 2816 1334 2873 Cor.
1388 2834 1508 2885 xlv,
1542 2818 1631 2890 15)
1666 2836 1681 2874 :
1728 2818 1831 2873 rati

258 2914 433 2967 utilius
463 2927 583 2969 esse
612 2911 801 2966 decem
853 2925 1039 2965 versus
1076 2926 1197 2967 cum
1230 2912 1531 2965 attentione
1572 2910 1828 2979 psallere,

256 3021 406 3072 enim
437 3015 609 3059 totum
642 3003 956 3075 psalterium
989 3017 1110 3057 cum
1140 3001 1455 3056 eunfusione
1495 3001 1710 3055 mentis.

316 3096 365 3151 2.
399 3098 575 3169 (Cass.
606 3094 741 3151 Inst.
777 3097 813 3151 Ι.
848 3111 909 3161 ιι,
942 3112 988 3148 c.
1020 3093 1133 3165 15.)
1179 3094 1474 3165 Completis
1506 3094 1731 3163 psalmis
1775 3104 1831 3149 et

1937 1895 2062 1949 item
2108 1905 2163 1951 et
2202 1898 2451 1966 superbia
2508 1898 2788 1962 nudatum,
2850 1898 3092 1955 induisse
3142 1912 3508 1970 paupertatem

1934 1983 2139 2040 Chriin
2166 2027 2181 2053 ,
2209 1997 2264 2040 et
2304 1988 2423 2043 sine
2470 1989 2674 2058 pudore
2717 2004 2837 2043 sese
2866 2004 3258 2045 connumerare
3286 2002 3337 2045 et
3365 2008 3511 2046 εχει»-

1932 2093 2101 2146 quare
2123 2080 2338 2148 corpori
2364 2080 2737 2135 fraternitatis.
2758 2081 3089 2137 Vestimenta
3115 2095 3292 2137 autem
3318 2086 3512 2153 quibus

1933 2170 2171 2236 exuitur,
2202 2179 2421 2241 accepta
2450 2184 2630 2227 servat
2662 2189 2975 2228 teconomus
3001 2177 3511 2243 monasterii,atqne

1934 2275 2178 2316 seorsum
2211 2262 2449 2331 reponit;
2476 2262 2650 2317 donec
2674 2264 2789 2333 ipse
2820 2265 3110 2334 profec‘us,
3140 2280 3508 2321 conVersatin-

1936 2353 2023 2405 nis
2052 2353 2436 2423 patientiaque
2474 2357 2526 2409 in
2584 2357 2745 2409 variis
2787 2359 3179 2413 tentationibus
3231 2362 3507 2431 specimen

1935 2444 2168 2499 dederit.
2210 2448 2275 2500 Et
2303 2447 2346 2501 si
2378 2448 2591 2517 quidem
2623 2450 3060 2518 deprehendatur
3093 2455 3145 2508 in
3175 2454 3323 2509 liisoe
3354 2470 3513 2525 posse

1937 2552 2312 2608 perseverare,
2344 2549 2506 2607 atque
2534 2556 2600 2596 eo
2655 2544 2840 2598 studio
2888 2553 2943 2598 et
2985 2544 3213 2599 ferventi
3238 2549 3512 2617 proposito

1935 2648 2039 2701 quo
2069 2637 2233 2702 cmplt
2280 2651 2619 2704 permanere.
2651 2637 2878 2707 reliquis
2905 2653 3026 2692 eum
3060 2638 3316 2694 fratribus
3340 2657 3512 2696 annu~

1936 2737 2168 2780 merant.
2206 2727 2356 2792 Quod
2388 2729 2430 2781 si
2464 2730 2604 2782 ineo
2637 2732 3084 2784 nturntnrationis
3109 2730 3388 2796 delictum,
3420 2743 3513 2787 aut

1935 2814 2239 2869 inobedent
2253 2820 2312 2868 ire
2326 2817 2610 2885 cujuslibet
2628 2828 2906 2886 peccatum
2920 2821 3509 2887 comperiant.exntnm

1933 2922 2055 2962 eum
2088 2910 2403 2964 monasterii
2433 2912 2795 2976 vestimentis,
2826 2927 2886 2963 ac
2917 2914 3196 2967 mundanis-
3223 2914 3401 2969 denuo
3431 2919 3507 2969 iu-

1934 2998 2203 3053 dnmentis
2233 2999 2488 3054 amictum
2519 3016 2583 3055 ex
2608 3002 2859 3057 ςωιιυιιίο
2881 3004 3181 3073 expellunt.
3204 3006 3276 3058 Ita
3301 3018 3359 3060 ut
3389 3018 3511 3076 post

1936 3099 2041 3143 tam
2074 3103 2378 3144 accuratam
2410 3091 2810 3160 probationem,
2852 3112 2958 3149 non
2989 3095 3147 3151 facile
3172 3099 3239 3152 sit
3269 3100 3469 3153 volenti
3493 3144 3507 3165 ,

254 3205 483 3254 “nunc,
525 3192 599 3242 uti
650 3188 900 3257 superius
929 3189 1365 3253 memoravimus,
1398 3202 1558 3241 nemo
1604 3185 1828 3241 fratrum
1854 3164 1901 3230 C
1934 3180 2158 3234 arbitrio
2185 3198 2282 3233 suo
2312 3183 2392 3236 vel
2422 3183 2630 3254 ingredi
2665 3186 2746 3239 vel
2790 3200 2821 3240 e
2866 3190 3195 3243 monasterio
3220 3190 3509 3249 Secedere;

256 3281 329 3335 vel
358 3280 632 3334 tantillum
658 3279 918 3348 temporis
947 3293 1070 3333 cum
1094 3278 1200 3332 alio
1225 3285 1371 3333 stare
1420 3286 1510 3332 ant
1551 3278 1718 3332 verba
1744 3278 1827 3333 fa-

253 3390 371 3429 cere
397 3372 593 3439 audet;
624 3372 720 3428 sed
754 3386 928 3442 neque
956 3371 1092 3427 cella
1132 3369 1335 3440 egredi,
1364 3379 1458 3426 aut
1507 3385 1644 3441 opus
1674 3369 1831 3427 desc-

254 3480 365 3520 rcre
394 3481 579 3530 suum,
608 3464 748 3533 quod
779 3478 887 3533 pra:
919 3461 1168 3516 manibus
1198 3470 1410 3526 tractat,
1435 3459 1589 3530 juxta
1616 3472 1829 3531 aposto-

251 3554 921 3624 lirnmpra-ceptum;nisi
968 3550 1261 3605 necessarii
1311 3549 1589 3620 cujusdam
1645 3554 1828 3622 operis

252 3649 537 3704 occasione
580 3663 767 3703 omnes
805 3662 909 3702 una
941 3644 1231 3701 convenire
1275 3654 1523 3714 oporteat
1557 3664 1570 3699 :
1622 3648 1825 3715 egressi

247 3748 428 3793 autem
476 3753 611 3807 opus
656 3752 812 3791 suum
871 3745 1258 3806 exsequuntur,
1293 3736 1367 3791 ita
1408 3746 1467 3791 ut
1509 3752 1575 3791 ne
1606 3735 1824 3791 minima

249 3835 462 3901 quidem
495 3834 634 3889 inter
658 3846 753 3889 eos
774 3832 845 3887 sit
870 3832 1267 3898 confabulatio,
1314 3833 1411 3889 sed
1438 3832 1632 3903 singuli
1661 3831 1827 3887 medi-

252 3926 437 3981 tationi
466 3927 663 3980 mentis
688 3912 878 3979 vacent
904 3934 958 3979 et
988 3925 1216 3993 psalmo,
1245 3934 1300 3979 et
1329 3924 1470 3994 quod
1496 3924 1595 3978 sibi
1615 3924 1825 3993 jussutn

249 4031 326 4072 est
368 4017 646 4086 impleant.
674 4016 859 4087 Magna
890 4030 1049 4085 porro
1096 4016 1463 4071 sollicitudine
1488 4027 1709 4082 cavent,
1759 4030 1827 4071 ne

249 4109 366 4175 quis
385 4108 612 4161 fratrum
643 4123 765 4161 cum
784 4107 889 4162 alio
915 4107 1145 4161 maxime
1172 4107 1375 4161 novitio
1396 4106 1542 4161 solus
1572 4102 1825 4178 umquam

250 4201 604 4267 relinquatur,
624 4207 717 4253 aut
747 4197 991 4254 extensis
1036 4198 1285 4253 manibus
1333 4198 1565 4268 aliquem
1615 4208 1828 4253 contre-

254 4303 402 4344 ctare.
431 4298 521 4342 aut
554 4288 842 4361 complecti
866 4287 1247 4355 audeat.Quod
1274 4286 1320 4342 si
1346 4287 1466 4359 quis
1490 4289 1627 4342 hanc
1652 4297 1827 4344 trans-

246 4383 395 4451 gredi
445 4383 684 4451 regulam
736 4380 1215 4452 deprehendatur,
1267 4381 1600 4451 gravissima:
1641 4395 1827 4437 curre-

250 4477 415 4547 ptioni
447 4475 752 4544 subjicitur.
1691 4462 1701 4472 ’

317 4572 373 4625 3.
407 4534 576 4638 (Cass.
609 4565 742 4621 Inst.
775 4564 815 4619 ι.
838 4580 912 4629 ιν.
945 4582 992 4620 ε.
1023 4565 1163 4637 ι-ει.)
1220 4564 1295 4620 De
1334 4564 1592 4622 canonico
1640 4564 1819 4635 itaque
1846 4534 1899 4594 υ

249 4676 433 4726 more,
466 4661 580 4713 sive
607 4673 825 4727 precum
856 4658 971 4714 sive
997 4656 1356 4727 psalmorum,
1380 4672 1487 4726 quo
1515 4664 1671 4726 pacto
1721 4657 1827 4709 sci-

247 4753 371 4808 licet
400 4765 497 4807 eas
524 4760 774 4817 oporteat
810 4749 865 4804 in
893 4748 1105 4803 diurnis
1134 4749 1488 4804 conventibus
1506 4748 1779 4803 observari
1808 4792 1822 4814 ,

247 4855 327 4903 sat
357 4862 384 4897 a
413 4843 570 4899 nobis
594 4843 705 4911 jam
738 4843 945 4897 dictum
975 4849 1093 4905 est;
1117 4840 1370 4909 deinceps
1398 4856 1531 4895 vero
1559 4838 1824 4910 agendum

249 4940 402 4992 nobis
425 4946 509 4991 est
533 4937 598 4990 de
619 4937 685 4991 iis
714 4937 801 5004 qni
833 4935 1092 4990 mundum
1116 4933 1458 5001 abdicarunt,
1484 4950 1591 5003 qua
1614 4934 1826 4987 ratione

247 5031 299 5083 in
346 5030 496 5084 hisee
522 5026 782 5083 coenobiis
812 5026 1220 5096 ingrediantur,
1255 5026 1309 5080 in
1360 5025 1572 5094 illisque
1616 5040 1827 5093 perina-

246 5137 405 5177 neant
434 5125 485 5175 in
520 5121 823 5175 humilitate
861 5128 916 5174 et
943 5117 1299 5188 obsequentia
1326 5132 1497 5187 usque
1528 5117 1594 5171 ad
1644 5125 1825 5185 extre-

246 5230 389 5268 mam
417 5223 772 5269 seuectntcni.
802 5212 972 5266 Tanta
1004 5211 1202 5279 quippe
1231 5209 1368 5275 apud
1421 5209 1544 5262 illus
1574 5219 1658 5261 est
1684 5209 1819 5277 obe-

248 5304 476 5371 dientia,
498 5311 647 5358 tanta
670 5301 942 5358 humilitas
961 5300 1026 5355 ad
1050 5308 1381 5355 senectutem
1408 5314 1600 5368 usque,
1625 5310 1822 5367 quanta

250 5412 320 5449 tte
338 5396 507 5463 primo
532 5394 748 5462 quidem
774 5409 917 5448 anno
942 5394 993 5446 in
1025 5393 1092 5445 iis
1113 5390 1204 5461 qui
1227 5391 1488 5445 saeculum
1508 5391 1827 5445 abdicarunt

248 5486 302 5539 iu
324 5486 665 5542 monasteriis
692 5487 894 5541 nostris
930 5484 1253 5552 reperiatur.
1286 5482 1404 5537 Non
1452 5486 1601 5553 prius
1648 5485 1828 5554 itaque

250 5581 303 5637 iu
355 5577 684 5636 monasterio
729 5576 1032 5632 admittitur
1061 5575 1149 5643 qui
1181 5574 1295 5628 vnlt
1345 5589 1462 5629 esse
1495 5577 1825 5639 monachus,

250 5689 408 5742 quam
434 5673 707 5741 specimen
740 5680 789 5725 ct
814 5666 1244 5738 experimentum
1284 5666 1553 5743 quoddam
1587 5666 1669 5720 sui
1701 5682 1824 5735 erga

254 5764 417 5819 Deum
446 5762 666 5829 amoris,
707 5759 1021 5815 humilitatis
1046 5774 1155 5813 sum
1196 5767 1354 5829 atque
1404 5758 1826 5828 ceqnaniniitatis

1932 3274 2026 3331 sed
2054 3277 2142 3346 qui
2171 3293 2228 3331 se
2265 3277 2550 3347 profitetur
2575 3293 2860 3336 remanere
2889 3282 3035 3337 nolle
3056 3324 3072 3349 ,
3102 3284 3321 3339 omnino
3346 3301 3511 3340 exua-

1934 3377 2019 3423 tur
2048 3369 2362 3425 ninnaSterii
2388 3371 2751 3427 vestimentis.

2001 3461 2054 3515 4.
2090 3460 2260 3534 (Cass.
2293 3460 2425 3517 Inst.
2448 3463 2485 3517 Ι.
2518 3479 2576 3529 ιι,
2612 3480 2659 3517 c.
2693 3464 2834 3534 7-9.)
2866 3462 3000 3519 Cum
3026 3465 3188 3534 igitur
3216 3466 3260 3521 is
3282 3468 3369 3538 qui
3392 3484 3513 3525 sus-

1930 3560 2122 3620 ceptus
2165 3565 2282 3619 est,
2316 3569 2377 3607 ea
2409 3571 2513 3625 qua
2565 3555 2802 3609 diximus
2839 3559 3184 3611 acruratione
3229 3560 3507 3627 probatus,

1930 3643 2341 3715 inenlpatusqne
2369 3646 2741 3714 deprehensus
2771 3658 2875 3711 est,
2911 3664 3018 3701 non
3048 3652 3233 3703 statim
3279 3650 3507 3706 fratrum

1929 3735 2092 3789 ραιιυί
2123 3736 2461 3790 commisceri
2492 3738 2855 3804 permittitur,
2898 3738 2991 3792 sed
3043 3740 3272 3795 traditur
3322 3742 3371 3797 ei
3420 3747 3506 3798 cui

1932 3827 2199 3895 hospitum
2249 3828 2541 3882 commissa
2571 3843 2700 3882 cura
2734 3838 2854 3897 est,
2886 3839 3049 3900 atque
3073 3829 3293 3901 jubetur
3325 3832 3509 3904 bOSpi-

1930 3928 2042 3973 tum
2075 3918 2373 3973 ministerio
2400 3930 2453 3975 et
2474 3919 2738 3987 obsequio
2760 3922 2983 3975 omnino
3006 3937 3234 3989 vacare;
3268 3940 3330 3979 ae
3360 3936 3509 3993 post-

1928 4029 2088 4082 quam
2115 4013 2383 4082 integrum
2414 4027 2613 4067 annum
2643 4012 2915 4084 inculpate
2940 4015 3183 4086 hospites
3210 4018 3505 4085 exceperit,

1929 4105 2029 4161 hac
2052 4121 2113 4161 re
2153 4108 2204 4160 in
2236 4105 2599 4159 humilitatem
2638 4105 2954 4161 etformatns
2992 4116 3047 4163 et
3085 4107 3137 4162 in
3184 4111 3503 4180 :equanimi~

1929 4203 2114 4263 tatem,
2140 4196 2354 4252 demum
2385 4196 2551 4251 coetui
2598 4196 2826 4253 fratrum
2880 4210 3294 4265 annumeratur,
3346 4214 3503 4273 atque

1927 4287 2089 4341 alieni
2129 4302 2162 4346 e
2214 4289 2518 4344 senioribus
2560 4289 2822 4352 traditur,
2853 4292 2941 4344 cni
2995 4292 3218 4360 hujusce
3266 4299 3503 4349 muneris

1927 4379 2236 4437 sollicitudo
2266 4380 2552 4445 incumbit,
2580 4390 2635 4434 ut
2660 4380 2983 4451 discipulum
3013 4383 3206 4438 doceat
3231 4400 3365 4453 quas
3394 4387 3509 4439 vias

1928 4472 2203 4541 ingressus
2233 4472 2297 4525 ad
2331 4472 2716 4540 perfectionem
2749 4471 3008 4528 virtutum
3044 4473 3338 4543 pervenire
3374 4490 3506 4546 pos-

1928 4566 2017 4622 sit.
2044 4564 2098 4619 ln
2124 4563 2310 4633 primis
2337 4564 2493 4617 docet
2516 4577 2637 4617 enm
2669 4565 2906 4616 stuil'um
2937 4567 3230 4633 superandi
3261 4566 3509 4636 proprias

1929 4656 2397 4725 concupiscentias
2426 4666 2481 4710 et
2508 4656 2840 4721 voluntates,
2863 4658 3105 4727 jubendo
3137 4675 3197 4713 ea
3240 4675 3362 4730 quae
3391 4660 3509 4728 ejus

1929 4749 2194 4805 voluntati
2221 4748 2491 4803 contraria
2521 4757 2668 4803 sunt.
2699 4749 2864 4803 Aiunt
2887 4748 3029 4804 enim
3053 4750 3239 4805 Patres
3270 4766 3374 4805 non
3404 4750 3503 4803 ali-

1929 4853 2015 4897 ter
2042 4856 2201 4910 posse
2229 4856 2551 4910 quemquam
2585 4840 2893 4909 voluptates
2923 4843 3255 4911 reprimere,
3280 4854 3367 4896 aut
3398 4842 3503 4895 ira-

1929 4933 2202 4996 cundiam,
2237 4940 2332 4984 ant
2383 4930 2688 4995 tristitiam,
2720 4940 2814 4984 aut
2842 4947 3027 4986 veram
3059 4932 3303 4986 obtinere
3331 4932 3509 4986 humi-

1928 5027 2159 5089 litatem,
2190 5035 2282 5081 aut
2310 5026 2527 5079 demum
2574 5041 2678 5079 una
2707 5041 2827 5078 eum
2875 5025 3133 5080 fratribus
3177 5026 3228 5079 in
3260 5026 3508 5081 cmnnbio

1931 5128 2077 5175 recte
2103 5116 2497 5181 consummari,
2528 5117 2627 5169 nisi
2649 5127 2773 5170 ante
2795 5132 2861 5185 pe
2915 5116 3274 5170 obedientiam
3308 5115 3505 5169 volun-

1890 5274 1893 5277 _
1930 5218 2067 5264 tates
2094 5224 2221 5262 suas
2247 5209 2683 5263 mortificaverit.
2718 5207 2811 5262 llis
2833 5208 3316 5262 constitutionibus
3345 5219 3505 5278 atque

1928 5301 2192 5357 doctrinis
2218 5343 2232 5365 ,
2278 5301 2430 5371 quasi
2484 5301 2809 5368 quibusdam
2846 5298 3134 5354 elementis
3165 5308 3217 5354 et
3260 5298 3505 5371 syllabis,

1930 5395 2018 5450 ubi
2050 5393 2371 5462 discipulum
2402 5391 2466 5447 ad
2512 5392 2945 5460 prmsmntiorem
2988 5400 3195 5445 statum
3241 5391 3510 5460 produxe-

1929 5493 2076 5551 runt,
2111 5493 2297 5552 postea
2331 5482 2430 5537 hoc
2460 5481 2659 5537 docent
2692 5482 2842 5534 illum
2863 5523 2877 5539 .
2908 5490 2965 5533 nt
2996 5479 3356 5549 cogitationes
3382 5496 3507 5535 suas

1930 5592 1998 5631 ne
2021 5575 2193 5639 celet;
2226 5573 2319 5627 sed
2350 5572 2438 5627 ubi
2468 5572 2755 5637 accedunt,
2804 5571 3202 5641 quamprimum
3244 5570 3381 5642 patri
3413 5589 3513 5627 suo

1928 5667 2173 5731 revolet,
2221 5681 2395 5734 neque
2425 5666 2492 5719 de
2522 5681 2703 5718 earum
2730 5665 2936 5733 judicio
2978 5674 3033 5719 ct
3075 5664 3323 5719 examine
3349 5662 3508 5732 quida

1932 5761 2070 5831 piam
2101 5758 2247 5812 cordi
2281 5774 2378 5811 suo
2405 5757 2581 5811 conlid
2605 5770 2639 5809 ιτ
2668 5773 2679 5819 ;
2737 5757 2798 5809 ιιι
2824 5757 2957 5811 sciat
2990 5758 3036 5809 id
3065 5758 3109 5810 Ιιι
3136 5774 3280 5821 ιιιιιιι,
3314 5757 3363 5810 id
3394 5772 3513 5810 mae
3557 5814 3565 5820 ,
