3910 6168
491 241 583 295 87!

1483 240 1542 289 δ.
1586 235 1902 290 ηυιῖιιεῐιιι
1951 235 2051 290 [Ui

2155 234 2424 291 :Nsssts
2466 234 2767 291 EPISCOPI
3212 212 3215 213 ί
3560 250 3634 301 tua

486 350 591 401 lmn
628 366 769 417 esse,
793 354 927 422 quod
962 351 1156 420 judicio
1186 364 1284 399 snu
1315 358 1486 415 pater,
1515 347 1653 398 facto
1688 348 1759 398 rei
1788 348 2057 411 examine,
2091 359 2134 413 Α
2171 351 2374 400 veniam
2407 351 2659 416 postulat.
2692 347 2951 401 Gravima
2978 362 3131 414 porro
3152 348 3351 414 delicta,
3373 351 3414 404 si
3438 357 3535 422 quis
3553 373 3639 423 pcr-

489 443 593 495 tale
645 458 765 496 esse
810 441 1185 495 deelaravcrit.
1246 440 1352 491 llae
1396 440 1603 491 ratione
1637 440 1835 506 poterit
1864 454 2054 491 omnes

490 531 696 585 inimici
728 531 967 585 fallacias
992 534 1113 585 vita:
1131 547 1159 581 e
1184 530 1429 599 quisquis
1452 530 1516 581 ad
1550 531 1801 581 virtutem
1828 528 2065 581 institui-

491 635 574 674 tnr
599 637 610 673 :
636 623 722 690 qni
747 632 929 690 utpote
949 621 1230 690 ἱιιιιιυιηιιις
1256 622 1456 673 inimici
1477 622 1631 673 dolus
1658 620 2064 689 ignorat.Aiunt

487 712 627 765 enim
654 725 819 767 Sancti
852 713 1036 767 Patres
1057 714 1254 766 diaboli
1282 715 1411 773 artis
1433 724 1486 766 et
1511 713 1827 766 insidiarum
1848 712 2065 779 conspi-

485 819 642 856 cuum
677 820 795 869 esse
825 807 1062 874 signum,
1094 821 1214 860 cmn
1258 806 1539 873 di~cipnlis
1588 807 1777 858 suadet
1810 816 1863 856 ιιι
1895 807 2062 873 patri-

488 895 586 945 bus
611 895 970 963 cogitationes
996 897 1263 953 (ιυριιιιριιι
1296 910 1420 948 suas
1444 937 1458 959 ,
1490 894 1648 964 idque
1681 911 1742 947 ex
1792 894 2063 963 superbiae

488 996 655 1048 motu,
680 988 831 1055 quasi
858 987 1061 1039 scilicet
1090 986 1187 1054 ipsi
1219 987 1397 1040 idonei
1428 989 1534 1039 sint
1558 1002 1653 1056 per
1680 1002 1738 1040 se
1765 1002 2060 1056 congruum

486 1092 547 1129 ea
581 1078 644 1129 de
676 1094 733 1130 re
755 1078 1037 1131 c0nsiliutn
1063 1094 1290 1145 capere;
1318 1088 1408 1129 aut
1434 1093 1497 1130 ex
1534 1079 1679 1131 inani
1711 1077 1902 1151 gloria,
1920 1077 2060 1153 quod

486 1167 681 1239 pudeat
705 1169 953 1220 nimirum
985 1182 1108 1219 suas
1137 1169 1411 1237 publicare
1441 1169 1813 1237 cogitationes.

556 1261 607 1313 5.
643 1259 813 1332 (Cass.
849 1261 979 1316 Inst.
1013 1262 1050 1314 Ι.
1086 1276 1156 1321 iv,
1191 1277 1236 1313 ε.
1275 1261 1486 1329 1042.)
1533 1260 1699 1314 Tanta
1730 1276 1889 1330 porro
1919 1259 2059 1328 apud

488 1352 608 1405 illos
640 1362 723 1405 est
756 1352 1130 1421 obsequentia,
1159 1363 1213 1403 ut
1241 1352 1371 1405 citra
1406 1353 1619 1405 abbatis
1640 1351 1936 1420 jussionem
1967 1367 2063 1404 au-

486 1444 555 1494 sit
586 1458 766 1507 nemo,
819 1458 888 1496 ne
917 1459 978 1495 ex
1019 1457 1111 1495 Sua
1140 1442 1353 1511 quidem
1408 1442 1602 1494 cellula
1660 1441 1710 1494 itt
1765 1459 1865 1509 qua
1906 1441 2063 1496 sedet

487 1535 698 1604 egredi;
750 1545 910 1602 atque
957 1543 1107 1587 tanto
1153 1534 1329 1586 studio
1380 1533 1522 1585 illius
1568 1533 1715 1602 jussa
1761 1534 2056 1601 complent,

489 1639 693 1695 quanto
717 1627 761 1679 si
797 1625 936 1679 Deus
974 1625 1090 1696 ipse
1120 1625 1355 1695 jnberet.
1393 1625 1523 1679 Dum
1556 1626 1747 1679 sedent
1780 1635 1958 1679 autem
2002 1626 2057 1679 in

2167 448 2384 504 petrans
2407 436 2871 506 deprehendatur,
2914 449 3032 505 qua:
3058 446 3175 489 sunt
3198 480 3210 499 ,
3250 449 3555 508 contemptus,
3582 463 3640 499 rc-

2160 530 2459 605 pugnantia
2493 546 2613 583 cum
2638 527 2909 598 superbia,
2930 535 3024 582 aut
3048 542 3282 597 egressus
3305 546 3364 584 ex
3385 541 3641 590 monasterio

2165 619 2368 689 absque
2398 622 2606 674 abbatis
2628 622 3004 686 concessione,
3019 629 3106 674 aut
3129 636 3421 689 congressus
3443 639 3538 678 cum
3559 644 3643 679 nut-

2168 711 2317 775 liere,
2349 725 2440 764 aut
2468 712 2565 773 ira,
2598 720 2692 765 aut
2724 727 2929 782 pugna,
2962 720 3051 773 aut
3093 710 3346 765 inimicitia
3375 713 3419 766 in
3446 716 3641 783 aliquem,

2164 809 2255 852 aut
2285 800 2583 855 reCordatio
2611 801 2947 870 injuriarum,
2978 808 3067 855 aut
3119 814 3260 854 amor
3288 804 3510 869 pecuniaa.
3554 821 3642 874 qua:

2164 890 2311 958 lepra
2343 899 2429 943 est
2479 892 2669 944 anima:
2700 933 2716 957 ,
2749 901 2841 948 aut
2894 890 3157 960 pos-essin
3197 891 3531 960 cujuscumque
3571 896 3642 955 rei,

2163 982 2400 1048 exceptis
2441 981 2507 1034 iis
2535 997 2655 1050 qua:
2686 982 2753 1034 ab
2776 981 2972 1035 abbate
2998 983 3206 1045 dantur,
3230 992 3317 1034 aut
3340 981 3550 1037 furtittttn
3572 986 3644 1039 alt.

2164 1082 2404 1124 mentum
2445 1071 2646 1140 absque
2679 1072 3058 1127 benediCtione
3086 1072 3286 1126 abbatis
3314 1083 3571 1144 sumptum,
3608 1086 3646 1128 ct

2162 1160 2246 1217 bis
2274 1162 2493 1229 similia,
2521 1179 2625 1217 non
2650 1164 3015 1233 supradictatn
3055 1164 3193 1218 subit
3219 1179 3435 1233 ptrnzun,
3459 1165 3535 1219 sed
3560 1181 3649 1234 gra-

2163 1256 2388 1319 viorem,
2413 1264 2468 1309 et
2492 1258 2660 1310 multo
2688 1258 2971 1325 majorem.
3002 1258 3151 1324 Quod
3180 1259 3223 1311 si
3272 1274 3369 1312 non
3393 1261 3645 1329 resipuerit,

2163 1361 2227 1401 cx
2260 1350 2588 1400 monasterio
2619 1348 2853 1417 ejicitur.

2234 1440 2285 1492 7.
2314 1437 2483 1510 (Cass.
2509 1438 2640 1494 Inst.
2673 1441 2710 1493 ι.
2735 1456 2811 1505 tv,
2841 1456 2885 1494 ε.
2913 1440 2998 1507 l7,
3024 1440 3129 1511 18.)
3152 1440 3297 1507 Quod
3322 1453 3478 1496 autem
3502 1441 3650 1512 inqui.»

2164 1530 2383 1584 busdam
2433 1533 2714 1597 caenobiis,
2750 1541 2993 1603 tempore
3042 1534 3373 1588 eomestiOnis
3413 1535 3542 1588 lectio
3583 1538 3649 1595 lia-

2165 1622 2371 1682 beatur,
2402 1622 2453 1675 id
2482 1638 2585 1675 non
2619 1638 2682 1676 ex
2724 1622 3116 1694 iEgyptiorum,
3150 1625 3239 1679 sed
3269 1640 3327 1679 ex
3352 1624 3651 1692 Cappadocum

490 1717 601 1770 suis
631 1716 867 1782 cellulis,
900 1729 951 1771 et
984 1718 1133 1788 operi
1168 1735 1441 1784 manuum,
1478 1718 1810 1773 meditationi
1856 1731 1909 1773 ct
1934 1735 2055 1772 ora-
2088 1729 2133 1787 Β
2164 1715 2344 1793 regula
2373 1714 2711 1779 observatur,
2744 1720 2833 1784 qui
2864 1731 2969 1769 non
3018 1726 3123 1770 tam
3156 1717 3426 1785 spiritualis
3452 1715 3649 1769 etcreita-

487 1807 615 1861 tioni
643 1808 990 1873 incumbunt,
1024 1819 1186 1877 atque
1241 1810 1485 1864 studiose
1529 1809 1611 1867 his
1640 1810 1900 1863 adhibent
1940 1813 2057 1863 ani—

488 1914 654 1962 mum,
688 1899 729 1952 si
760 1901 1061 1969 quempiam
1116 1901 1313 1954 Ostium
1364 1900 1575 1956 cellula:
1624 1901 1920 1969 pulsantem
1961 1916 2056 1961 an-

484 1989 655 2055 tliant,
684 1992 770 2060 qui
815 2006 873 2044 se
918 2000 1003 2043 aut
1048 1990 1113 2043 ad
1144 2006 1485 2044 communem
1517 1990 1843 2057 orationem,
1872 2002 1965 2045 aut
1989 1992 2053 2045 ad

484 2095 617 2147 opus
650 2097 899 2134 manuum
952 2080 1214 2146 advocet,
1247 2083 1497 2136 omnibus
1547 2080 1938 2152 quamprimum
1974 2083 2054 2135 di-

486 2173 665 2226 missis
712 2172 777 2225 ad
806 2176 1008 2240 jussmu
1057 2173 1156 2225 sibi
1211 2189 1322 2227 rem
1363 2184 1692 2243 properant,
1728 2173 2054 2227 obetltcntitn

485 2273 731 2320 virtutem
780 2266 1179 2321 studiosissime
1223 2267 1491 2331 colentes;
1542 2281 1698 2336 quam
1740 2280 1846 2319 non
1894 2266 2055 2321 modo

482 2361 628 2425 operi
657 2375 929 2423 manuum,
950 2360 1187 2425 lectioni,
1210 2370 1266 2414 et
1286 2362 1484 2429 quieta;
1515 2360 1565 2412 itt
1590 2358 1779 2413 cellula
1812 2374 2056 2413 commo-

487 2454 704 2515 ratit-ni,
728 2451 820 2506 sed
854 2463 905 2505 et
954 2453 1202 2508 omnibus
1232 2453 1516 2507 virtutibus
1548 2462 1901 2524 anteponunt,
1935 2470 2055 2508 om-

485 2549 679 2615 niaque
711 2545 1054 2613 postltabent.
1925 2529 1937 2538 ’

555 2638 606 2690 6.
640 2638 803 2708 (Cass.
832 2635 967 2691 Inst.
1001 2638 1039 2691 ι.
1073 2653 1148 2696 tv.
1181 2653 1227 2690 c.
1264 2636 1471 2709 15-16.)
1512 2638 1645 2693 lllud
1669 2649 1843 2693 autem
1868 2653 2052 2709 snper-

481 2728 512 2781 η
538 2746 644 2781 ιιιιιι
677 2738 759 2782 est
791 2744 1111 2794 memorare,
1139 2729 1409 2782 neminem
1438 2730 1648 2785 scilicet
1679 2729 2051 2785 illurumaliud

480 2818 750 2890 quidpiam
782 2820 1082 2890 pessidere.
1108 2835 1266 2889 quam
1298 2821 1567 2874 eolobium
1590 2861 1604 2886 ,
1632 2820 2046 2891 hemipharium,

479 2913 775 2965 samlalium
804 2957 818 2981 ,
861 2913 1093 2966 meloten
1114 2952 1129 2978 ,
1154 2923 1207 2968 et
1235 2924 1469 2967 stoream
1500 2930 1513 2966 :
1547 2923 1700 2983 turpe
1722 2930 1843 2969 eSse
1873 2915 1975 2969 rati
2004 2915 2049 2970 si

479 3004 707 3067 dicatur,
740 3004 874 3056 liber
901 3018 1070 3070 meus,
1098 3005 1384 3072 penicillns
1415 3021 1585 3072 meus,
1620 3014 1712 3058 aut
1732 3004 1877 3059 aliud
1896 3005 2052 3076 quid-

2164 1805 2346 1870 tiunis,
2376 1821 2536 1874 quam
2569 1805 2763 1875 quietis
2801 1814 2854 1859 et
2888 1806 3137 1876 colloquii
3167 1807 3352 1861 \‘llutttli
3381 1807 3523 1876 gratia
3556 1806 3651 1859 illud

2160 1899 2576 1953 Constituetuut.
2607 1900 2759 1970 Apud
2787 1899 3069 1970 Egyptios
3106 1914 3296 1963 autem,
3329 1900 3531 1955 maxime
3561 1914 3651 1952 vero

2159 1970 2774 2057 apmll'l‘abcnnesiotas,
2802 2000 3003 2044 tantum
3035 2005 3269 2045 servatur
3298 1992 3358 2045 ab
3382 1990 3653 2044 OtltllllJllSSl-

2158 2081 2402 2147 leutium,
2436 2098 2555 2135 cum
2592 2085 2776 2153 ingens
2806 2083 2892 2136 illa
2918 2084 3198 2137 multitudo
3224 2082 3445 2146 fratrum,
3472 2092 3652 2150 tempus

2158 2173 2505 2226 comestionis
2518 2184 2873 2249 congregatur
2894 2175 2959 2228 ad
2988 2190 3247 2239 mensam,
3271 2183 3323 2226 nt
3341 2176 3416 2226 vix
3443 2173 3650 2242 quidpiam

2156 2264 2330 2320 simile
2362 2268 2411 2318 in
2443 2265 2562 2318 aiis
2593 2266 2917 2334 reperiatur;
2953 2267 3093 2321 adeo
3131 2276 3186 2320 ut
3220 2280 3284 2320 ne
3307 2279 3550 2319 exscreare
3570 2266 3652 2331 qui-

2155 2356 2277 2408 dettt
2307 2358 2448 2409 ausit
2479 2355 2781 2426 quisquam,
2815 2366 3046 2425 excepto
3095 2373 3292 2412 mensa:
3319 2359 3554 2426 pra-lecto,
3574 2342 3651 2421 qui

2155 2448 2198 2499 si
2221 2463 2277 2501 re
2304 2449 2549 2516 quapiam
2579 2450 2649 2502 sit
2682 2462 2837 2517 opus,
2866 2449 3177 2517 pulsatione
3206 2451 3371 2517 potius
3403 2462 3534 2516 quam
3561 2461 3652 2498 voce

2158 2540 2208 2593 id
2245 2541 2528 2611 significat.
2563 2541 2811 2596 Cucullas
2841 2548 3046 2607 autem,
3078 2546 3235 2596 etiam
3278 2540 3404 2594 infra
3428 2535 3652 2608 palpebras

2148 2632 2411 2697 demissas
2432 2640 2663 2702 gestant,
2696 2648 2763 2688 ne
2792 2634 2939 2703 vagis
2977 2634 3157 2688 oculis
3183 2632 3427 2687 curiosius
3452 2629 3562 2682 alios
3596 2627 3649 2676 in-

2153 2725 2376 2793 Spicianl
2390 2765 2403 2789 ,
2428 2739 2489 2778 ac
2513 2738 2712 2778 mensze
2732 2723 2928 2791 solum,
2949 2723 3243 2794 gratiisque
3261 2722 3411 2777 alenti
3430 2721 3650 2785 Deoagett-

2152 2816 2233 2870 dis
2262 2816 2521 2880 adhibent
2549 2817 2806 2870 animum.
2831 2815 3129 2887 Magnaque
3159 2814 3291 2885 apud
3321 2814 3430 2868 illos
3454 2824 3557 2865 cura
3576 2814 3648 2869 Cal,

2152 2924 2221 2964 ne
2238 2910 2355 2978 quis
2382 2925 2569 2964 eorum
2602 2919 2750 2965 extra
2783 2925 3025 2966 mensam
3053 2910 3227 2965 cibum
3252 2916 3431 2963 sumat.

2223 3006 2276 3058 8.
2306 3002 2473 3078 (Cass.
2508 3001 2639 3058 Inst.
2671 3003 2709 3057 ι,
2754 3019 2826 3071 tv,
2858 3020 2905 3057 ε.
2937 3003 3154 3073 19-21.)
3180 3001 3255 3057 Ne
3292 2997 3410 3073 quid
3438 2994 3652 3050 videamur

481 3095 617 3163 piam
650 3110 847 3148 meum.
877 3094 1107 3148 Tantum
1139 3106 1315 3153 autem
1340 3096 1539 3166 singuli
1574 3113 1759 3151 eorum
1791 3114 1857 3151 ex
1885 3112 2049 3167 opere
2066 3088 2122 3155 -C
2151 3104 2328 3150 autem
2355 3095 2803 3151 emnobiticarum
2845 3096 3155 3165 regularum
3202 3094 3469 3157 omittere,
3496 3096 3652 3141 metuo-

480 3195 532 3236 et
570 3183 765 3237 sudure
793 3199 912 3248 suo,
954 3183 1185 3237 afferunt
1215 3188 1546 3241 monasterio
1590 3195 1937 3255 proventum,
1989 3197 2044 3242 ut

481 3288 583 3325 non
608 3273 767 3327 modo
799 3288 980 3327 eorum
1011 3289 1143 3328 nece
1174 3275 1445 3341 sitatibus,
1473 3275 1565 3330 sed
1588 3277 1748 3330 etiam
1780 3276 2044 3349 hospitum

482 3380 879 3436 pauperttmqne
908 3366 1212 3425 ministerio
1240 3366 1353 3427 sint
1379 3370 1534 3421 satis.
1596 3367 1731 3422 Dum
1760 3370 1838 3423 sic
1866 3381 2043 3429 autem

483 3459 747 3523 laborant,
785 3474 891 3512 non
920 3458 1176 3512 inﬂantur
1201 3503 1215 3525 ,
1245 3475 1351 3513 non
1389 3456 1640 3527 Superbia
1667 3469 1901 3530 tument,
1947 3476 2048 3517 nec

480 3548 759 3617 quisquam
794 3549 996 3619 proprii
1028 3549 1229 3604 laboris
1256 3558 1310 3603 et
1359 3549 1577 3604 sudoris
1606 3566 1765 3605 causa
1807 3551 1929 3622 plus
1953 3567 2049 3623 po-

478 3640 656 3703 stulat,
699 3656 857 3709 quam
903 3640 969 3693 ab
1001 3641 1192 3695 abbate
1250 3657 1347 3711 pro
1378 3643 1700 3698 necessitate
1744 3644 2044 3710 tribuatur;

477 3744 578 3781 nec
603 3730 761 3793 ullius
791 3729 865 3784 rei
898 3731 1298 3798 pessessionem
1328 3731 1427 3785 sibi
1458 3741 1751 3803 comparat,
1785 3749 1903 3788 cum
1928 3749 2047 3797 sese

478 3829 530 3870 to
558 3820 643 3872 ius
688 3821 869 3874 mundi
915 3820 1175 3875 advenam
1231 3832 1286 3876 et
1336 3824 1679 3892 peregrinum
1734 3824 2043 3890 existimet;

483 3928 804 3982 scwumque
835 3928 896 3967 se
929 3915 1103 3979 potius
1129 3923 1178 3967 et
1212 3916 1520 3968 ministrum
1558 3916 1784 3970 fratrum
1815 3932 1933 3972 esse
1960 3933 2047 3971 ar-

480 4005 728 4070 bitretur,
754 4021 911 4075 quam
940 4007 1100 4059 ullius
1133 4017 1361 4062 terrena:
1395 4007 1469 4062 rei
1499 4008 1796 4064 dominum.
1827 4010 1979 4078 Quod
2001 4012 2045 4067 si

480 4098 598 4166 quis
627 4111 719 4149 vas
746 4096 1016 4165 quodlibet
1050 4097 1268 4165 fregerit
1296 4109 1386 4151 aut
1420 4101 1733 4169 perdiderit,
1760 4104 2045 4175 negligeno

481 4188 565 4240 tiae
592 4202 703 4240 sum
733 4201 914 4241 casum
943 4187 1121 4241 abbati
1148 4186 1434 4242 conﬁtetur
1454 4231 1469 4257 ,
1493 4200 1547 4245 et
1578 4193 1647 4244 ita
1678 4207 1799 4247 cum
1830 4195 2047 4249 humili-

478 4288 582 4331 late
615 4276 943 4347 pmnitentie
996 4279 1203 4331 Veniam
1252 4280 1467 4348 accipit.
1514 4280 1569 4335 Si
1604 4283 1725 4351 quis
1768 4296 1944 4338 autem
1977 4286 2043 4340 ad

477 4385 613 4437 Opus
643 4369 917 4439 quodlibet
941 4379 1164 4424 vocatus
1191 4381 1283 4424 aut
1318 4373 1381 4425 ad
1418 4375 1643 4443 syuaain
1674 4390 1783 4444 pra:
1805 4386 2045 4431 contem-

2148 3203 2268 3243 rare
2308 3203 2523 3258 quoque
2562 3195 2773 3257 oportet
2809 3187 3227 3241 constitutiones
3256 3184 3305 3239 in
3332 3179 3439 3235 aliis
3480 3170 3654 3243 regiona-

2146 3280 2246 3333 bus
2275 3277 2518 3334 traditas.
2547 3278 2604 3333 lo
2635 3287 2744 3341 tota
2770 3280 2951 3349 itaque
2999 3273 3397 3347 blesOpotamia,
3434 3264 3653 3324 Palaestina

2146 3383 2200 3428 εῑ
2224 3367 2582 3444 Cappadocia,
2612 3380 2666 3427 et
2689 3372 2744 3425 in
2770 3380 2880 3427 toto
2896 3370 3142 3437 Oriente,
3167 3378 3396 3437 tempore
3423 3364 3655 3418 conventus

2149 3462 2342 3530 tertias,
2373 3474 2538 3518 sextae
2566 3471 2621 3518 et
2649 3477 2804 3523 nonae
2828 3462 3002 3528 horae,
3034 3459 3079 3517 si
3108 3463 3226 3531 quis
3254 3467 3373 3512 ante
3396 3449 3655 3518 completum

2147 3554 2378 3626 primum
2412 3553 2676 3624 psalmum
2705 3569 2811 3609 non
2834 3554 3160 3619 occurrerit,
3190 3552 3234 3607 is
3263 3550 3313 3605 in
3340 3543 3588 3602 oratorium
3606 3537 3659 3590 in-

2146 3648 2295 3714 gredi
2327 3663 2432 3702 non
2461 3648 2642 3715 audet,
2672 3660 2843 3717 neque
2866 3662 2988 3701 sese
3024 3644 3371 3717 psallentibus
3385 3635 3657 3694 adutiscttre;

2147 3741 2241 3795 sed
2265 3739 2630 3795 dimissionem
2659 3738 2883 3793 fratrum
2912 3753 3019 3808 pro
3038 3738 3241 3795 foribus
3263 3746 3401 3791 stans
3417 3729 3657 3796 aspect-il.

2149 3831 2562 3903 Egredientibus
2591 3843 2772 3888 autem
2800 3834 3080 3901 omnibus,
3097 3830 3245 3886 humi
3264 3831 3550 3899 prostratus.
3573 3827 3661 3887 μιν

2149 3922 2429 3979 nitentiam
2463 3937 2648 3994 agens,
2684 3924 3027 3995 negligentiae
3073 3938 3186 3980 sua:
3215 3921 3416 3975 veniam
3460 3912 3659 3983 909111⁸³⁸-

2148 4016 2206 4072 ln
2236 4019 2517 4072 nocturnis
2549 4032 2711 4087 porro
2732 4019 3118 4083 conventibus,
3146 4030 3314 4084 usque
3341 4012 3400 4067 ad
3429 4004 3662 4064 secuitdum

2150 4111 2412 4179 psalmum
2443 4110 2596 4165 venia
2629 4110 2780 4165 tarde
2808 4109 3159 4166 venientibus
3178 4105 3501 4177 conceditur.
3537 4099 3665 4152 Porro

2150 4201 2338 4255 fratres
2366 4215 2460 4269 per
2486 4199 2847 4256 hebdomadas
2870 4201 2977 4255 sibi
3008 4200 3307 4256 succedunt
3341 4197 3392 4251 in
3419 4189 3606 4261 coquina
3628 4188 3668 4234 rt

2150 4290 2203 4345 in
2238 4291 2354 4345 aliis
2381 4290 2591 4354 ofﬁciis.
2618 4306 2737 4346 cum
2759 4292 2924 4345 mutui
2949 4290 3157 4347 laboris
3176 4288 3379 4345 levandi
3405 4295 3559 4343 eausa,
3583 4286 3665 4328 tum

2149 4393 2207 4438 ιιι
2228 4382 2503 4438 cbaritatis
2531 4383 2700 4453 legem
2729 4383 2927 4439 mutuis
2952 4383 3151 4438 officiis
3174 4373 3585 4452 impleant.’l'anta
3600 4380 3667 4418 att-

475 4470 569 4530 ptn
601 4461 807 4514 tardius
837 4471 1114 4527 occurrat,
1145 4471 1237 4516 aut
1266 4462 1453 4517 durius
1482 4465 1919 4534 petulantiusque
1960 4484 2048 4523 re-

2155 4450 2605 4537 tembumiliate
2639 4483 2696 4530 et
2747 4475 3118 4541 sollicitudine
3166 4450 3445 4529 ministeria
3471 4459 3667 4531 implent.

476 4554 785 4621 Sponderit;
833 4555 914 4607 vel
969 4555 1012 4608 si
1064 4555 1416 4625 negligentius
1476 4566 1566 4610 aut
1597 4574 1718 4612 cum
1770 4574 2046 4615 murmure

476 4646 675 4714 jussam
707 4660 815 4698 rem
839 4646 1207 4714 compleverit,
1230 4655 1319 4700 aut
1341 4647 1408 4713 si,
1437 4647 1720 4702 lectionem
1753 4650 1905 4719 Operi
1936 4665 2048 4704 ma-

479 4753 642 4789 nuum
684 4745 733 4790 et
765 4737 1084 4791 nbcdientia:
1112 4750 1469 4808 antepoziens,
1520 4739 1669 4808 jussa
1725 4740 1829 4794 sibi
1879 4756 2047 4811 opera

478 4828 680 4882 ta'dius
725 4830 1092 4898 compleverit,
1124 4842 1215 4885 aut
1258 4845 1287 4885 a
1326 4842 1593 4887 conventu
1625 4831 1878 4889 dimissus
1936 4850 2041 4890 non

477 4921 583 4975 cito
603 4919 667 4974 ad
686 4935 820 4989 opus
840 4936 991 4975 suum
1015 4922 1331 4991 accurrerit,
1375 4932 1465 4976 aut
1495 4938 1615 4977 cum
1639 4925 1889 4993 quopiam
1920 4922 2045 4979 abs-

475 5027 578 5080 que
610 5011 931 5068 necessitate
959 5012 1335 5068 confabulatns
1364 5014 1524 5068 fuerit
1555 5057 1568 5079 ,
1599 5026 1691 5069 aut
1717 5030 1840 5071 cum
1871 5017 2045 5071 confl-

475 5104 652 5156 dentia
683 5117 897 5156 manum
928 5104 1154 5159 alterius
1179 5106 1618 5172 contrectaverit,
1649 5118 1740 5161 aut
1790 5121 2046 5179 cognatos

474 5194 604 5247 citra
628 5194 841 5248 abbatis
868 5196 1193 5263 permissum
1232 5197 1749 5254 et'bcnedictionem
1776 5214 2049 5257 convene-

476 5284 564 5348 rit,
598 5295 687 5340 aut
716 5286 999 5356 epistolam
1028 5286 1095 5339 ab
1122 5285 1302 5356 aliquo
1333 5289 1579 5357 accipere
1611 5292 1691 5346 vel
1718 5291 1783 5346 ad
1815 5294 2045 5364 aliquem

476 5376 775 5431 rescribere
802 5378 1003 5446 absque
1040 5376 1250 5433 abbatis
1275 5380 1626 5436 concessione
1653 5396 1815 5439 ausus
1847 5384 2047 5451 fuerit;

478 5465 523 5517 si
556 5465 610 5520 in
639 5465 818 5535 aliquo
843 5483 1036 5538 nempe
1060 5469 1363 5540 hujnsmodi
1394 5470 1706 5543 deliquerit,
1739 5474 2048 5545 huiusmodi

477 5555 565 5609 ille
592 5571 759 5624 pinum
787 5560 1070 5631 subjicitur
1108 5579 1122 5616 :
1166 5561 1421 5618 fratribus
1452 5564 1503 5618 in
1537 5568 1725 5637 synaxi
1753 5583 2048 5640 congrega-

476 5650 567 5713 tis,
601 5663 719 5704 se~e
752 5652 801 5706 in
836 5664 1031 5708 terram
1064 5655 1298 5727 projicit,
1320 5667 1476 5727 atque
1509 5658 1810 5729 confessus,
1844 5662 2054 5731 peccati

2153 4582 2403 4637 quamam
2438 4581 2504 4621 ne
2535 4566 2675 4620 servi
2706 4565 2921 4636 quidem
2953 4554 3259 4633 cum'heris
3284 4562 3391 4616 snis
3416 4553 3664 4611 adhibeant.

2151 4656 2431 4727 Completa
2464 4654 2825 4721 hebdomade,
2859 4655 3146 4710 Dominica
3177 4653 3264 4709 die
3300 4657 3413 4721 post
3437 4639 3670 4727 matutinus

2152 4724 2401 4815 hymnos,
2431 4744 2855 4815 ingredientibus
2885 4745 3003 4800 aliis
3028 4745 3096 4800 ad
3119 4740 3468 4799 serviendum,
3494 4746 3596 4786 vasa
3613 4724 3669 4779 οἵ·

2152 4836 2254 4891 licii
2286 4836 2365 4892 sui
2394 4839 2596 4907 signata
2626 4837 2871 4892 tradunt:
2905 4854 3026 4908 qua:
3049 4848 3270 4908 accepta
3301 4834 3407 4899 alii,
3433 4837 3557 4884 tanta
3578 4835 3671 4877 cura

2149 4936 2204 4982 et
2228 4926 2585 4982 sollicitudine
2606 4928 2932 4996 custodiunt,
2960 4939 3019 4983 ut
3046 4945 3115 4984 ne
3145 4942 3330 4983 eorum
3355 4920 3592 4993 quidpiam
3612 4909 3670 4965 vel

2151 5021 2421 5090 frangatur
2448 5021 2533 5075 vel
2567 5031 2773 5091 pereat,
2825 5031 3080 5091 quantam
3128 5023 3173 5075 is
3216 5018 3456 5073 adhibeat
3480 5010 3554 5066 cui
3578 5016 3672 5059 VM

2151 5126 2302 5166 sacra
2334 5127 2395 5167 ac
2418 5111 2529 5167 Deo
2560 5112 2731 5167 dicata
2758 5114 3192 5169 committuntur.
3216 5113 3342 5165 Nam
3373 5120 3484 5161 sese
3509 5108 3669 5172 ρεταινεδ·

2151 5212 2270 5257 rant
2292 5203 2356 5257 ad
2378 5206 2635 5259 rationem
2661 5204 3009 5271 reddendam,
3044 5220 3153 5259 non
3178 5202 3348 5258 solum
3375 5206 3618 5255 teconomn
3634 5199 3671 5236 ιιι

2156 5295 2405 5364 prtesenti
2438 5305 2700 5365 tempore,
2749 5297 2844 5353 sed
2890 5297 3054 5351 etiam
3088 5295 3200 5350 Deo
3231 5295 3284 5347 in
3326 5291 3518 5350 futuro,
3545 5280 3582 5334 si
3606 5283 3672 5365 '“l

2155 5360 2474 5457 ἰ’θὶἔιίειίιιίιι
2498 5360 2589 5442 aut
2612 5360 2836 5459 sequitie
2865 5402 3054 5444 eorum
3077 5383 3351 5458 quidpiam
3381 5372 3596 5451 perierit.
3615 5360 3671 5419 Ad

2157 5482 2411 5552 majorem
2443 5495 2606 5551 porro
2634 5481 2900 5536 dictorum
2926 5479 3117 5544 ﬁdem,
3148 5493 3270 5549 qua
3300 5475 3430 5530 meis
3458 5470 3557 5557 ipse
3575 5472 3671 5557 octi-

2157 5572 2222 5626 lis
2246 5571 2492 5642 perspexi
2523 5572 2776 5626 narrabo.
2803 5571 2860 5626 In
2877 5569 3216 5625 hebdomade
3229 5563 3490 5637 cujusdam
3516 5555 3670 5644 framss

2158 5663 2525 5732 pertransiens
2550 5677 2886 5731 inconuiuus,
2904 5676 3072 5734 pauca
3107 5658 3369 5717 lenticulae
3388 5664 3536 5725 grana
3559 5644 3669 5698 lum"
