3910 6168
319 297 424 355 873

1331 296 1675 356 EPITOMES
1714 295 1997 355 OPERUM
2025 294 2337 353 CASSIANI
2380 294 2503 350 LIB.
2536 294 2576 349 l.

3496 294 3598 356 ενι

321 414 557 482 projecta
582 412 738 478 vidit,
766 428 940 482 neque
956 412 1201 481 despexit
1230 413 1381 483 quasi
1410 429 1519 468 rem
1555 413 1753 467 nullius
1786 428 1905 481 pre-
1935 412 1988 471 Δ
2086 408 2173 464 il.
2206 408 2372 482 (Cass.
2402 407 2536 463 Inst.
2567 408 2605 462 ι.
2633 423 2705 475 tv,
2733 423 2777 461 c.
2813 406 3029 479 50-32.)
3060 407 3235 463 Alium
3260 408 3387 465 item
3411 428 3599 480 quein-

320 505 412 567 tii;
450 504 547 558 sed
578 504 762 558 multis
792 503 1127 572 iucrepatum
1180 502 1426 569 fratrem,
1477 504 1564 558 cui
1620 504 1914 558 hebdomas

322 596 412 651 illa
443 596 750 651 concredita
775 607 913 659 erat,
944 611 1098 663 pmna
1129 596 1430 661 mulctavit,
1457 596 1606 665 quasi
1633 596 1912 665 negligen-

325 698 434 742 tem
468 704 527 743 ea
553 703 673 757 qua:
705 688 814 741 Deo
837 686 1011 742 dicata
1041 696 1250 751 essent,
1272 697 1324 743 et
1354 688 1763 742 conculcantem
1792 701 1918 756 pro-

326 780 497 849 priam
524 780 933 833 conscientiam.
967 778 1135 832 Tanta
1164 782 1306 832 enim
1337 794 1462 833 cura
1480 788 1535 833 et
1556 778 1917 834 sollicitudine

322 870 505 926 omnia
528 879 768 936 servant,
808 870 990 923 omnia
1016 869 1415 937 administrant,
1450 878 1507 923 ut
1536 884 1597 924 ea
1623 885 1740 938 quae
1764 870 1917 924 nobis

323 964 451 1017 vilia
479 973 535 1018 et
554 963 901 1031 despicabilia
944 962 1222 1027 videntur,
1258 976 1448 1029 magna
1491 962 1789 1016 attentione
1824 976 1920 1015 cu-

325 1056 595 1122 stodiant;
626 1057 773 1111 itaut
800 1056 939 1110 male
971 1056 1201 1125 positum
1234 1070 1328 1109 vas
1367 1056 1716 1123 transferant,
1744 1055 1914 1125 proje-

328 1156 477 1201 ctum
508 1148 788 1217 colligant,
839 1146 1127 1202 credentes
1155 1161 1262 1203 sea
1299 1146 1527 1201 Domino
1569 1146 1681 1200 Deo
1730 1146 1916 1200 harum

326 1253 542 1308 quoque
568 1254 746 1291 rerum
776 1237 1081 1292 mercedem
1108 1247 1444 1307 accepturos.
1479 1238 1585 1292 llas
1622 1236 1918 1292 hebdoma.

328 1330 459 1383 dum
488 1330 702 1398 regulas
734 1344 832 1398 per
864 1338 1036 1383 totum
1083 1330 1357 1384 Orientem
1406 1328 1681 1383 observari
1723 1327 1920 1397 depre-

332 1420 641 1476 hendimus.
672 1420 826 1489 Apud
853 1419 1131 1491 Egyptios
1171 1430 1351 1474 autem
1382 1435 1487 1473 non
1518 1419 1591 1473 ita
1630 1419 1920 1474 hebdoma-

329 1513 460 1568 dum
486 1511 801 1567 vicissitudo
831 1520 1078 1566 servatur
1104 1528 1121 1575 ;
1152 1511 1246 1565 sed
1278 1511 1441 1565 alicui
1474 1511 1697 1564 fratrum
1730 1510 1925 1579 proba-

331 1603 542 1660 tissimo
569 1605 759 1659 culinae
782 1620 907 1659 cura
930 1604 1306 1670 committitur,
1334 1616 1537 1673 quanto
1561 1604 1765 1659 scilicet
1793 1613 1924 1658 tem-

333 1711 470 1765 pore
499 1696 669 1751 virtus
713 1701 828 1764 ejus
858 1707 1201 1766 augmentum
1233 1695 1449 1764 accipit,
1494 1695 1636 1749 vires
1680 1696 1925 1764 corpmis

2020 500 2142 555 dam
2171 516 2238 556 ex
2271 501 2509 571 patribus
2536 500 2765 556 vidimus
2807 500 3057 555 abbatem
3099 500 3378 571 Pinophan
3428 502 3523 578 [Ca
3554 523 3598 560 s.

2023 592 2334 665 Pinuftum],
2386 596 2558 649 virum
2604 594 2751 649 omni
2798 593 2995 648 virtute
3050 603 3319 659 ornatum,
3370 600 3458 664 qui
3489 610 3603 651 et‘al

2020 689 2274 758 antiquus
2304 698 2359 743 et
2406 689 2573 742 abbas
2615 688 2792 757 magni
2818 687 3069 755 coenobii,
3096 688 3235 759 quod
3288 690 3339 743 in
3370 689 3605 761 Egypto

2019 780 2179 834 situm
2212 790 2294 835 est
2323 796 2488 850 prope
2510 780 2697 834 urbem
2729 780 3000 849 Panepho.
3030 781 3078 835 ls
3103 795 3223 835 cum
3248 795 3367 836 sese
3398 782 3606 837 videret

2024 876 2132 923 tum
2163 870 2233 923 ob
2257 869 2379 924 vita:
2418 870 2740 934 institutum,
2775 882 2882 924 tum
2923 870 2992 925 ob
3021 881 3351 927 senectutem
3385 882 3438 928 et
3470 888 3607 942 pra:-

2019 960 2285 1015 fecturam
2316 962 2519 1017 laudari
2550 974 2601 1016 et
2624 962 2883 1018 celebrari
2913 964 2981 1017 ab
3009 965 3280 1029 omnibus,
3302 980 3401 1019 nec
3426 981 3604 1034 posse,

2021 1053 2477 1121 quemadmodum
2507 1053 2657 1107 initio
2692 1068 2803 1107 suae
2832 1055 3201 1128 conversionis
3228 1056 3406 1109 studio
3438 1057 3608 1110 humi-

2024 1144 2190 1198 litatis
2218 1146 2454 1213 seipsum
2484 1159 2760 1209 exercere,
2792 1144 2855 1197 iis
2884 1153 3178 1211 permotus,
3216 1145 3287 1199 ob
3335 1146 3609 1201 desidera-

2025 1245 2131 1289 tam
2160 1235 2261 1289 sibi
2288 1236 2679 1304 subjectionem
2735 1234 2787 1288 in
2836 1249 2935 1303 qua
2985 1241 3206 1288 vocatus
3244 1233 3437 1304 fuerat,
3473 1237 3607 1289 clam

2024 1325 2304 1395 aufugiens
2332 1342 2401 1381 ex
2433 1342 2532 1380 suo
2561 1326 2832 1387 cmnobio,
2886 1325 3111 1378 secessit
3150 1328 3300 1381 solus
3328 1328 3393 1382 ad
3427 1339 3606 1382 extre-

2025 1432 2140 1470 mas
2192 1417 2489 1471 Thebaidis
2532 1429 2753 1485 partes:
2791 1420 3110 1489 sublatoque
3156 1418 3402 1473 monachi
3450 1422 3606 1497 vesti-

2024 1517 2229 1573 mento,
2264 1509 2575 1578 indutisque
2606 1510 2957 1565 szecularibus
2988 1512 3606 1567 vestibusTabennesio-

2026 1607 2203 1653 tarum
2235 1602 2537 1654 emnobium
2573 1601 2745 1666 petiit,
2796 1613 2942 1654 ratus
2976 1603 3025 1656 in
3057 1617 3123 1656 eo
3148 1617 3207 1656 se
3242 1603 3405 1657 latere
3430 1618 3610 1673 p051-e,

2027 1705 2148 1745 cum
2176 1691 2245 1745 ob
2274 1691 2666 1746 multitudinem
2700 1690 2942 1761 fratrum,
2979 1703 3087 1748 tum
3120 1694 3241 1762 quia
3264 1694 3489 1748 multum
3513 1694 3611 1748 ab-

332 1788 390 1841 in
416 1786 580 1842 oflicii
610 1786 886 1842 functione
924 1795 1238 1856 suppetunt,
1285 1802 1383 1841 nec
1422 1795 1673 1841 senectus
1704 1784 1926 1839 infirmi-
1958 1786 2003 1845 Β
2031 1793 2173 1838 esset
2198 1798 2225 1835 a
2270 1784 2489 1851 regione
2537 1782 2591 1837 in
2630 1800 2730 1852 qua
2762 1784 2922 1839 situm
2956 1794 3073 1838 etat
3103 1787 3406 1842 coenobium
3430 1803 3611 1843 suum.

332 1890 491 1937 tasve
516 1881 784 1950 prohibet.
814 1881 947 1935 Cum
977 1889 1155 1935 autem
1183 1878 1336 1933 nobis
1363 1893 1543 1933 sermo
1567 1877 1638 1934 sit
1666 1877 1733 1932 de
1760 1878 1921 1932 obse-

332 1973 553 2042 quentia
580 1972 723 2028 etde
747 1971 1067 2037 humilitate,
1102 1986 1200 2041 per
1226 1984 1360 2039 quas
1386 1969 1451 2023 ad
1474 1983 1786 2036 supremum
1820 1967 1925 2020 vir-

335 2066 467 2120 tutis
498 2065 769 2135 fastigium
804 2078 1091 2134 possumus
1135 2062 1441 2133 pervenire,
1471 2075 1654 2129 opera:
1698 2059 1924 2127 pretium

335 2158 478 2212 duco
510 2172 675 2227 pauca
707 2172 775 2211 ex
806 2156 989 2210 multis
1022 2155 1276 2227 praeclare
1297 2153 1464 2225 gestis
1510 2167 1541 2206 a
1586 2151 1787 2207 sanctis
1817 2148 1924 2203 Pa-

335 2250 512 2304 tribus
538 2248 629 2318 qui
661 2249 713 2302 in
737 2248 999 2303 cmnobiis
1031 2246 1301 2313 etiulsere,
1326 2243 1559 2315 exempli
1586 2256 1772 2309 causa,
1802 2257 1927 2295 nar-

336 2341 539 2396 rationi
565 2340 799 2410 adjicere
825 2350 1047 2394 nostrae.

409 2433 463 2487 9.
498 2430 667 2502 (Cass.
702 2432 835 2485 Inst.
863 2430 904 2484 Ι.
938 2447 1012 2495 tv,
1041 2447 1089 2485 c.
1113 2431 1203 2497 27,
1234 2429 1352 2502 28.)
1380 2429 1507 2484 Erat
1532 2428 1747 2499 quidam
1780 2434 1929 2495 pater

337 2524 576 2580 Muthius
605 2522 712 2596 [ΑΙ.
754 2522 1181 2595 Patermuthius]
1226 2523 1465 2587 nomine,
1498 2520 1588 2591 qui
1616 2536 1736 2576 cum
1771 2519 1933 2573 vellet

338 2617 542 2673 mundo
567 2616 906 2691 (enuntiare,
939 2615 1201 2671 accedens
1230 2615 1297 2670 ad
1326 2613 1659 2680 ccenobium,
1688 2613 1780 2668 diu
1805 2621 1931 2668 ante

346 2710 493 2764 fores
544 2708 861 2762 monasterii
907 2708 1294 2777 perseveravit,
1346 2704 1521 2761 donec
1565 2705 1635 2760 ob
1665 2717 1928 2758 summam

341 2802 462 2873 ejus
488 2800 800 2870 patientiam
824 2814 944 2854 cum
964 2814 1130 2870 parvo
1152 2799 1287 2866 lilio,
1312 2809 1508 2869 prater
1523 2804 1793 2853 assuetam
1816 2810 1932 2851 me-

343 2890 569 2946 nasterii
599 2890 795 2960 legem,
844 2889 1111 2944 admissus
1141 2897 1245 2944 est.
1298 2894 1375 2944 Ac
1404 2904 1527 2944 cum
1573 2896 1693 2957 post
1736 2886 1933 2942 multos

345 2982 561 3037 labores
596 2982 873 3051 ingressus
924 2979 1044 3045 fuit,
1097 2995 1203 3035 non
1252 2981 1414 3035 modo
1458 2979 1622 3034 variis
1679 2977 1934 3048 Operibus

340 3075 506 3131 ambo
553 3076 732 3131 traditi
773 3084 920 3145 sunt,
951 3076 1045 3131 sed
1083 3076 1315 3145 separati
1366 3076 1530 3131 etiam
1582 3073 1732 3128 fuere
1759 3071 1934 3144 quoad

2031 1873 2108 1929 lbi
2153 1889 2273 1928 cum
2320 1875 2504 1930 multis
2547 1875 2739 1931 diebus
2770 1878 3116 1946 posmlassct,
3148 1888 3400 1950 receptus
3437 1892 3517 1935 est
3547 1883 3615 1934 ah

2031 1965 2474 2033 archimandrita,
2504 1967 2593 2035 qui
2628 1968 2729 2038 ipsi
2760 1979 2943 2039 utpote
2977 1971 3093 2025 seni
3125 1979 3179 2025 et
3206 1970 3273 2026 ad
3320 1972 3448 2026 nihil
3472 1973 3615 2027 aliud

2032 2062 2171 2130 utili,
2213 2078 2396 2117 curam
2448 2063 2668 2119 tradidit
2710 2064 2875 2133 horti,
2922 2082 3133 2137 unaque
3179 2068 3273 2122 alii
3314 2068 3487 2134 fratri,
3529 2072 3615 2125 cui

2032 2155 2277 2210 subditus
2308 2170 2429 2210 cum
2461 2168 2607 2212 esset
2632 2157 2991 2214 desideratam
3026 2160 3128 2213 sibi
3158 2160 3514 2216 humilitatem
3560 2176 3617 2216 et

2032 2245 2395 2301 obedientiam
2419 2248 2649 2306 colebat.
2679 2249 2863 2320 Neque
2892 2251 2980 2304 illo
3003 2252 3118 2306 solo
3147 2265 3430 2308 contentus
3455 2254 3615 2307 mini-

2033 2337 2222 2404 sterio,
2248 2354 2600 2408 quaecumque
2645 2357 2808 2410 opera
2835 2342 2953 2396 aliis
2983 2342 3116 2397 dura
3156 2354 3211 2399 et
3251 2345 3492 2399 difficilia
3535 2348 3615 2399 vi-

2033 2427 2323 2496 debantur,
2351 2446 2413 2485 ea
2442 2431 2536 2486 ille
2565 2433 2817 2488 alacriter
2842 2435 3173 2491 absolvebat.
3198 2435 3330 2491 Cum
3351 2437 3423 2491 ita
3450 2438 3619 2493 laten-

2036 2526 2117 2573 ter
2146 2520 2434 2575 triennium
2466 2526 2786 2593 peregisset,
2816 2539 2847 2579 a
2875 2525 3151 2595 discipulis
3183 2529 3298 2582 suis
3331 2545 3425 2598 per
3450 2541 3616 2586 totam

2036 2610 2330 2682 zEgyptum
2362 2613 2713 2684 perqnisitus,
2746 2631 2775 2670 a
2801 2618 3034 2686 quodam
3069 2620 3252 2685 fratre,
3282 2620 3370 2675 vix
3401 2622 3617 2677 demum

2034 2706 2255 2775 agnitus
2296 2717 2398 2771 eSt,
2431 2705 2522 2776 qui
2574 2724 2640 2763 eo
2687 2708 3000 2775 advenerat,
3031 2712 3231 2782 quique
3277 2714 3395 2768 viso
3434 2715 3528 2770 illo
3566 2726 3620 2769 et

2035 2795 2217 2866 agnita
2252 2798 2433 2852 vultus
2461 2797 2578 2867 ejus
2606 2797 2801 2861 forma,
2825 2814 2948 2856 cum
2978 2801 3246 2858 dubitaret
3272 2805 3470 2867 adhuc,
3521 2821 3617 2859 νο-

2036 2902 2154 2943 cem
2181 2888 2296 2959 ejus
2326 2890 2516 2947 audire
2559 2903 2786 2947 conatus
2809 2903 2887 2948 est
2916 2911 2929 2948 :
2962 2910 3137 2965 neque
3183 2897 3324 2951 enim
3378 2913 3449 2953 ex
3505 2901 3621 2953 solo

2039 2980 2157 3036 visu
2188 2990 2369 3036 certus
2399 2992 2536 3047 erat,
2578 2983 2752 3037 virum
2808 2987 3150 3055 conspicatus
3196 3002 3399 3053 senem,
3443 2989 3621 3059 ligone

2042 3080 2241 3128 terram
2271 3071 2584 3139 fodientem,
2621 3072 2801 3128 fiutum
2828 3074 3063 3131 humeris
3092 3086 3413 3148 gestantem,
3464 3090 3523 3134 ut
3552 3080 3618 3134 ad

341 3168 554 3223 cellula:
584 3168 991 3237 habitationem,
1041 3176 1099 3222 ut
1138 3168 1497 3237 disjunctione
1541 3167 1630 3221 illa
1674 3166 1927 3237 paulatim
1955 3158 2006 3225 C
2036 3162 2243 3219 olerum
2268 3162 2501 3219 radicem
2533 3163 2847 3235 deponeret.
2882 3165 3018 3220 Cum
3051 3167 3215 3238 igitur
3256 3167 3402 3223 vocis
3430 3185 3619 3225 sonum

345 3261 639 3315 mutuailla
664 3262 1191 3317 naturaliall‘ectione
1220 3262 1579 3317 liberarentur
1604 3277 1619 3327 ;
1654 3276 1755 3331 qua
1780 3262 1931 3327 item,

342 3352 545 3407 Christi
572 3354 764 3422 gratia,
801 3368 895 3422 per
939 3351 1161 3407 multam
1193 3352 1642 3408 exercitationem
1680 3352 1832 3422 pater
1870 3353 1935 3407 li-

346 3445 563 3501 beratus
591 3455 695 3500 eat.
719 3444 799 3499 Ad
824 3446 1193 3514 probationem
1217 3452 1396 3498 autem
1428 3454 1481 3498 et
1502 3446 1932 3512 experimentum

349 3539 564 3595 virtutis
592 3539 710 3608 ejus
737 3539 1025 3593 simulabat
1047 3537 1334 3607 aliquando
1361 3537 1529 3592 abbas
1552 3552 1611 3593 se
1638 3537 1716 3591 ira
1745 3536 1937 3592 adver-

348 3645 443 3685 sus
469 3645 691 3702 puerum
716 3629 994 3691 concitari,
1025 3628 1293 3699 jussitque
1316 3629 1626 3697 supradicto
1656 3628 1770 3695 ejus
1799 3629 1935 3697 patri

348 3734 407 3777 ut
460 3724 728 3778 sublatum
780 3722 1070 3792 projiceret
1110 3722 1161 3775 in
1191 3721 1432 3775 ﬂuvium.
1474 3721 1607 3775 Tum
1643 3721 1756 3788 ille,
1786 3722 1935 3790 quasi

347 3815 460 3869 Deo
483 3815 708 3884 jubeute
736 3826 795 3868 ut
824 3816 1039 3868 tolleret
1066 3814 1235 3867 ﬁlium
1267 3827 1449 3874 suum.
1481 3813 1750 3867 concitato
1774 3827 1935 3868 cursu

347 3906 414 3959 ad
448 3908 616 3974 ripam
670 3906 903 3959 fluminis
936 3905 1176 3969 advenit,
1204 3920 1267 3959 ac
1297 3905 1421 3959 dum
1449 3904 1659 3975 jussum
1712 3905 1937 3974 implere

348 4014 413 4052 ex
444 3997 651 4051 ardenti
689 3996 790 4051 fide
819 4005 874 4051 et
898 4012 961 4051 ex
988 3996 1199 4052 fervore
1229 3996 1552 4051 ohedientia:
1594 4007 1932 4066 properaret,

350 4087 657 4155 prohibitus
693 4096 824 4143 esta
858 4086 1112 4141 fratribus
1146 4087 1237 4157 qui
1268 4101 1582 4157 pravenere
1606 4086 1753 4142 illum
1794 4099 1847 4143 et
1876 4087 1937 4142 li-

348 4179 477 4232 lium
503 4180 810 4248 abripuere.
845 4179 1027 4248 Usque
1056 4178 1193 4234 adeo
1225 4187 1403 4232 autem
1432 4177 1550 4247 ejus
1576 4176 1710 4233 fides
1734 4188 1786 4233 et
1807 4178 1937 4234 obe—

349 4269 552 4323 dientia
605 4270 713 4324 Deo
749 4279 963 4339 accepta
1017 4271 1134 4337 fuit,
1165 4277 1276 4323 uta
1312 4269 1419 4324 Deo
1451 4271 1745 4324 revelatum
1778 4268 1939 4325 fuerit

348 4361 553 4425 abbati,
586 4362 757 4428 ipsum
792 4361 1082 4415 Abrahami
1111 4377 1249 4429 Opus
1280 4362 1594 4431 perfecisse.
1630 4362 1803 4417 Parvo
1841 4379 1937 4418 au-

350 4459 460 4504 tem
489 4452 673 4520 elapso
712 4462 953 4521 tempone
983 4452 1271 4521 praedictus
1317 4454 1549 4508 eoenobii
1595 4454 1761 4509 abbas
1813 4470 1932 4509 cum

348 4539 595 4605 obiisset,
619 4556 742 4595 eum
775 4555 1150 4597 successorem
1174 4543 1279 4598 sibi
1308 4543 1543 4611 reliquit.

428 4632 514 4686 lO.
546 4631 711 4701 (Cass.
744 4630 881 4689 Inst.
927 4633 964 4687 Ι.
1012 4649 1087 4698 tv,
1120 4650 1165 4687 c.
1198 4634 1315 4705 29.)
1350 4633 1529 4688 Alium
1554 4635 1799 4690 novimus
1827 4635 1942 4689 fra-

355 4731 494 4777 trem
525 4725 615 4792 qui
640 4724 841 4779 sacculo
870 4739 988 4779 sese
1011 4724 1300 4793 abdicavit,
1328 4727 1419 4795 qui
1452 4728 1613 4781 etiam
1645 4728 1696 4780 in
1740 4728 1940 4782 mundo

351 4812 582 4882 insignis
610 4824 724 4868 erat
748 4813 924 4885 (pater
950 4816 1147 4884 quippe
1176 4817 1292 4882 ejus
1313 4830 1496 4870 comes
1546 4817 1741 4871 bellttm
1784 4833 1940 4887 gere-

349 4903 463 4969 bat,
499 4902 754 4973 divesque
786 4906 947 4975 erat),
987 4920 1085 4959 nec
1132 4904 1474 4961 mediocriter
1504 4908 1745 4962 eruditus
1772 4923 1835 4962 ac
1864 4907 1939 4962 le-

350 4994 552 5048 ctionis
600 4994 892 5049 studiosus.
928 4995 1024 5049 llic
1073 4995 1231 5064 igitur
1261 4997 1507 5051 smculari
1550 4997 1742 5052 relicto
1771 4997 1933 5064 fastu,

352 5084 424 5139 ad
457 5086 807 5140 monasticam
831 5101 889 5140 se
910 5087 1138 5141 contulit
1162 5088 1358 5152 vitam;
1389 5101 1548 5157 atque
1569 5087 1633 5142 ad
1666 5088 1940 5157 probatio-

354 5190 481 5231 nem
516 5175 637 5231 fidei
686 5185 741 5231 et
783 5176 1097 5233 humilitatis
1126 5193 1235 5233 suae
1260 5177 1479 5247 jubetur
1508 5180 1574 5234 ab
1604 5179 1798 5235 abbate
1846 5180 1941 5235 de-

357 5278 478 5319 cem
511 5277 721 5335 sportas
750 5265 986 5335 deferre,
1043 5277 1097 5321 et
1145 5268 1196 5322 in
1243 5269 1459 5338 propria
1491 5270 1644 5337 urbe,
1695 5286 1795 5325 nec
1837 5288 1938 5325 una

357 5373 569 5424 omnes,
619 5358 714 5413 sed
746 5359 1047 5430 singulatim
1096 5376 1187 5416 eas
1216 5361 1478 5426 vendere;
1512 5362 1653 5432 quod
1703 5363 1792 5417 ille
1819 5380 1938 5418 cunt

356 5449 507 5506 omni
530 5450 781 5519 patientia
815 5463 868 5505 et
899 5450 1203 5506 humilitate
1256 5455 1570 5522 complevit,
1622 5465 1941 5525 sportasque

359 5542 649 5609 imponens
679 5542 915 5597 humeris
962 5543 1231 5613 sigillatim
1256 5545 1524 5611 vendidit;
1575 5562 1681 5600 non
1729 5547 1818 5602 ille
1861 5548 1940 5601 rt-i

356 5634 643 5700 vilitatem,
679 5650 782 5689 non
812 5635 1030 5705 generis
1058 5637 1391 5693 nobilitatem
1423 5655 1606 5694 secum
1633 5643 1899 5710 reputavit
1925 5658 1939 5710 ;

357 5725 609 5780 studebat
634 5726 773 5780 enim
798 5726 994 5779 Christi
1020 5726 1332 5785 humilitatis
1363 5728 1601 5786 imitator
1633 5729 1795 5787 effici.

681 5823 950 5880 ΡΔΠωι..
1002 5819 1047 5887 L

2039 3255 2366 3325 observans,
2409 3258 2765 3328 deprehendit
2817 3261 3063 3329 quisnam
3113 3271 3280 3329 esset,
3323 3274 3624 3332 prostratus

2039 3358 2162 3403 ante
2196 3350 2358 3419 pedes
2386 3350 2524 3419 ejus,
2552 3366 2746 3421 magno
2769 3360 3104 3422 spectatores
3147 3364 3366 3425 stupore
3404 3360 3622 3426 percul-

2038 3442 2130 3509 sit,
2159 3442 2299 3511 quod
2324 3442 2393 3497 ita
2421 3458 2546 3513 erga
2576 3443 2847 3499 hominem
2882 3461 2941 3499 se
2969 3438 3228 3516 gessisset
3251 3450 3340 3518 qui
3388 3451 3526 3520 apud
3566 3467 3625 3506 se

2041 3533 2297 3595 novitius,
2325 3533 2517 3587 relicto
2539 3534 2676 3588 haud
2699 3535 2768 3588 ita
2796 3536 2998 3603 pridem
3034 3538 3254 3602 mundo,
3290 3540 3509 3595 ultimus
3535 3543 3624 3598 ha-

2035 3621 2287 3677 bebatur.
2315 3624 2588 3693 Magisque
2604 3626 2953 3693 ohstupuere,
2980 3642 3099 3680 cum
3133 3628 3370 3684 didicere
3390 3646 3583 3685 nomen
3608 3673 3622 3696 ,

2040 3722 2156 3767 erat
2186 3714 2329 3768 enim
2361 3725 2517 3768 antea
2544 3730 2749 3785 magum
2780 3716 2917 3783 apud
2947 3732 3039 3771 eos
3074 3718 3227 3773 fama:
3254 3738 3265 3770 :
3302 3736 3365 3774 ac
3408 3724 3624 3777 veniam

2043 3805 2405 3873 postularunt,
2447 3806 2590 3874 quod
2620 3822 2740 3861 eum
2772 3807 2963 3876 ignari,
2995 3824 3115 3863 cum
3150 3812 3440 3879 postremis
3476 3815 3623 3868 novi-

2043 3897 2130 3952 tiis
2162 3898 2592 3953 constituissent.
2630 3899 2887 3969 lllumque
2943 3902 3126 3957 multis
3174 3905 3375 3960 hortati
3422 3908 3623 3975 verbis,

2040 3988 2105 4041 ad
2134 3988 2442 4043 caanobium
2472 4005 2627 4045 suum
2661 3991 2883 4046 invitum
2917 3995 3198 4063 remisere,
3246 4005 3407 4065 atque
3432 3999 3623 4069 deplu-

2041 4080 2401 4150 rantemquod
2416 4095 2733 4137 concessum
2761 4082 2861 4137 sibi
2896 4100 3001 4138 non
3023 4095 3167 4141 €538!
3190 4086 3443 4143 dilectam
3465 4105 3619 4146 exer-

2040 4186 2165 4226 ccre
2199 4172 2559 4227 humilitatem
2589 4184 2641 4229 et
2671 4175 3057 4232 obedientiam.
3085 4180 3235 4235 Brevi
3261 4182 3421 4251 igitur
3437 4192 3626 4240 exacto

2042 4270 2287 4331 tempore
2338 4264 2389 4317 in
2447 4267 2775 4321 monasterio
2812 4284 2929 4331 suo.
2975 4269 3294 4327 humilitatis
3334 4291 3544 4331 rursum
3572 4288 3626 4332 et

2041 4354 2364 4420 obedientia:
2412 4355 2682 4410 desiderio
2724 4358 2941 4427 ardens,
2975 4360 3257 4418 observata
3291 4366 3462 4420 noctis
3493 4368 3623 4421 hora

2040 4445 2265 4513 aufugit,
2292 4460 2395 4500 non
2431 4447 2654 4502 ulterius
2682 4448 2747 4501 ad
2780 4450 3117 4519 peregrinam
3150 4455 3460 4523 regionem:
3492 4473 3620 4513 con-

1961 4539 2013 4597 D
2039 4553 2229 4593 scensa
2252 4540 2449 4608 quippe
2491 4541 2737 4594 navicula
2783 4541 2849 4596 ad
2897 4553 3076 4612 partes
3104 4548 3253 4601 venit
3295 4547 3623 4617 Palaestinae,

2042 4648 2265 4701 Sperans
2286 4649 2346 4689 se
2373 4635 2486 4689 illic
2515 4636 2579 4689 ad
2615 4635 2779 4690 finem
2816 4653 2985 4707 usque
3012 4639 3181 4695 latere
3224 4656 3401 4711 posse.
3436 4642 3496 4697 In
3526 4644 3625 4699 Pa-

2044 4725 2305 4780 lmstinam
2333 4742 2452 4781 cum
2479 4728 2810 4795 advenisset,
2848 4735 3232 4789 monasterium
3268 4737 3421 4805 petiit
3460 4739 3622 4795 situm

2043 4832 2208 4886 prope
2230 4819 2539 4885 speluncam
2571 4822 2620 4873 in
2650 4837 2751 4889 qua
2775 4822 3025 4878 Christus
3055 4826 3313 4883 Dominus
3336 4839 3490 4885 natus
3517 4841 3622 4899 est,

2044 4911 2094 4963 in
2119 4926 2224 4980 quo
2262 4912 2588 4965 monasterio
2617 4920 2727 4966 tum
2783 4926 3148 4973 commoratus
3178 4931 3279 4973 est
3316 4920 3427 4974 Non
3454 4925 3628 4991 potuit

2043 5010 2220 5056 tamen
2268 5000 2337 5054 ibi
2380 5002 2546 5057 latere
2584 5002 2733 5071 juxta
2769 5003 2981 5059 Domini
3024 5022 3207 5062 vocem
3268 5010 3451 5065 illam:
3499 5011 3625 5066 Non

2040 5102 2203 5164 potest
2231 5094 2404 5147 civitas
2426 5095 2667 5148 abscondi
2693 5112 2849 5167 supra
2879 5109 3097 5151 montem
3126 5100 3292 5169 posita
3325 5100 3538 5170 (Matth.
3571 5120 3623 5168 ν,

2045 5186 2157 5254 15).
2188 5184 2321 5238 Cum
2345 5184 2486 5238 enim
2510 5200 2575 5240 ex
2599 5184 2835 5257 Egypto
2855 5187 3045 5242 fratres
3077 5189 3353 5246 venissent
3379 5206 3473 5260 pro
3497 5194 3630 5249 ado-

2044 5275 2251 5331 ratione
2282 5291 2557 5331 sacrorum
2592 5278 2852 5345 locorum,
2887 5280 3121 5349 agnitum
3155 5280 3304 5335 illum
3338 5282 3625 5356 multisque

2044 5369 2524 5438 supplicationibus
2576 5386 2639 5425 ac
2696 5371 2910 5426 fletibus
2964 5386 3279 5436 persuasum
3332 5392 3515 5431 rursus
3558 5381 3625 5431 ad

2050 5462 2326 5534 proprium
2374 5464 2714 5519 abduxerunt
2766 5465 3093 5520 coenobium.
3137 5467 3269 5521 Cum
3319 5467 3423 5524 hoc
3469 5470 3628 5537 igitur

2050 5562 2236 5608 sancto
2268 5553 2319 5625 in
2352 5550 2582 5625 lEgyplu
2612 5554 2822 5608 modico
2856 5564 3100 5624 tempore
3123 5556 3357 5611 habitavi
3385 5575 3399 5623 ;
3435 5559 3624 5615 finem-

2050 5663 2155 5715 que
2188 5624 2373 5700 faci‘am
2424 5644 2689 5701 sermonis
2737 5646 3007 5700 narrando
3058 5664 3177 5716 qua:
3230 5650 3406 5704 audivi
3437 5651 3506 5705 ab
3539 5652 3631 5707 illo

2053 5746 2429 5793 commonente
2461 5736 2675 5793 fratrem
2702 5752 2877 5807 quem,
2899 5753 2984 5794 me
3011 5750 3292 5809 praesente,
3322 5741 3555 5797 admisit.

3119 5831 3199 5898 28
