3910 6168
372 303 488 365 873

1378 291 1435 345 S.
1481 282 1803 344 EUCHERII
1838 278 2318 336 LUGDUNENSIS
2361 277 2664 336 EPlSCOPI
3498 284 3581 339 376

466 418 551 475 1‘2.
588 415 754 489 (Cass.
785 412 917 466 Inst.
949 408 986 462 ι.
1021 423 1091 474 ιν,
1121 422 1166 459 c.
1197 401 1411 477 35-35.)
1435 401 1606 466 Nosn,
1639 398 1834 469 inquit,
1864 396 1970 450 fra-
1996 393 2043 452 Α
2074 409 2256 449 vorem
2288 394 2644 459 conculcasti,
2673 404 2890 446 rursum
2917 390 2967 443 in
2989 397 3040 445 te
3063 391 3271 447 excites.
3298 389 3389 448 Ubi
3417 396 3580 463 psalte-

384 524 486 578 ter,
515 488 642 580 quot
671 506 859 561 diebus
909 509 1035 556 ante
1077 500 1295 570 januam
1350 493 1662 549 monasterii
1705 488 1966 561 peractis,

381 604 649 658 admissus
709 597 866 651 hodie
916 592 1123 649 fueris:
1173 588 1315 660 quod
1368 588 1413 642 si
1458 599 1675 640 causam
1712 580 1968 637 didiceris

384 691 687 763 hujusmodi
713 686 1062 753 difﬁcultatis,
1090 682 1290 753 poterit
1312 680 1404 735 illa
1444 679 1535 733 tibi
1570 677 1623 731 in
1654 676 1776 739 hae,
1806 688 1967 743 quam

384 790 519 840 inire
558 782 726 851 cupis,
766 780 870 844 via,
902 778 1188 831 utilitatem
1240 773 1402 839 ferre,
1450 780 1613 839 atque
1662 776 1715 822 te
1758 765 1969 820 ﬁdelem

383 877 474 931 Dei
506 889 717 929 servum
751 870 991 926 efﬁcere.
1031 866 1098 923 Ut
1125 866 1269 921 enim
1316 863 1549 918 fideliter
1599 858 1829 913 Domino
1856 871 1969 911 ser-

370 969 649 1025 vientibus
677 964 845 1033 gloria
878 973 928 1016 et
954 962 1125 1015 honor
1155 959 1207 1013 in
1237 958 1478 1012 futurum
1512 953 1865 1025 promittitur,
1896 950 1971 1005 ita

379 1058 695 1127 gravissima
726 1055 1009 1108 imminent
1037 1050 1295 1120 supplicia
1322 1049 1386 1102 iis
1415 1046 1510 1117 qui
1538 1044 1775 1098 molliter
1796 1041 1973 1111 segni-

384 1161 568 1221 terque
591 1164 709 1204 eam
736 1147 935 1202 adeunt
966 1143 1405 1215 promissionem.
1429 1139 1617 1195 Melius
1641 1137 1839 1206 quippe
1862 1143 1967 1202 est,

379 1242 531 1311 juxta
561 1239 919 1309 Scripturam,
971 1245 1151 1289 votum
1193 1249 1297 1287 non
1349 1232 1544 1295 facere,
1580 1244 1738 1299 quam
1774 1226 1970 1280 factum

384 1351 489 1390 non
519 1333 765 1388 reddere.
798 1330 1137 1398 Rursumque
1164 1327 1388 1382 dicitur:
1425 1324 1739 1378 Maledicta:
1766 1321 1854 1391 qui
1885 1324 1971 1391 fa-

376 1430 452 1482 cit
482 1443 608 1496 opus
643 1422 849 1478 Domini
875 1422 1188 1493 negliganter
1234 1417 1444 1492 (let-cm.
1486 1431 1670 1478 XLVIII.
1722 1413 1844 1486 10):
1877 1427 1972 1467 ea-

386 1530 604 1588 propter
632 1525 683 1569 te
704 1514 1001 1584 repulimus
1025 1522 1187 1579 atque
1203 1511 1487 1563 admittere
1506 1507 1738 1562 cunctati
1762 1520 1970 1569 sumus,

386 1624 492 1663 non
524 1606 665 1677 quod
695 1615 839 1659 tuam
858 1608 1206 1671 omniumque
1235 1602 1449 1655 illorum
1479 1599 1567 1668 qui
1610 1598 1663 1652 itt
1698 1595 1971 1651 Christum

386 1699 613 1754 credunt
635 1697 865 1752 salutem
901 1710 1005 1749 non
1035 1704 1372 1761 exeptentus,
1404 1692 1495 1748 sed
1524 1707 1591 1746 ne
1622 1701 1824 1745 temere
1846 1701 1895 1742 te
1911 1702 1975 1741 ac

2073 485 2211 538 rium
2244 483 2521 548 didiceris,
2563 492 2655 537 aut
2699 480 2899 550 aliquid
2948 496 3011 536 ex
3049 482 3439 552 Scripturagvel
3462 487 3579 555 juxta

2071 576 2315 646 Apostoli
2346 591 2558 643 vocem,
2583 590 2705 629 cum
2733 589 2794 629 ea
2815 589 2933 645 quae
2954 573 3251 630 destruxisti
3274 590 3457 631 rursum
3480 580 3582 634 tedi-

2074 669 2224 735 ficas,
2257 683 2324 723 ne
2353 676 2407 723 te
2438 677 2895 738 transgressorem
2921 664 3200 731 exhibeas;
3247 668 3332 722 sed
3369 668 3519 738 potius
3541 681 3586 725 ut

2073 761 2347 832 incaepisti
2374 769 2428 816 et
2462 760 2739 831 professus
2761 774 2820 813 es
2845 758 3215 825 humilitatem,
3242 774 3405 814 coram
3429 762 3521 816 Deo
3543 770 3587 817 et

2072 855 2275 923 angelis
2301 852 2417 923 ejus
2444 853 2511 907 ad
2545 851 2703 908 linem
2741 865 2913 921 usque
2941 860 3172 906 servato.
3203 849 3435 907 Similiter
3459 870 3583 924 quam

2075 946 2425 1001 humilitatem
2458 945 2511 999 in
2562 944 2891 999 monasterio
2929 942 3245 1008 exhibuisti,
3287 958 3395 997 eum
3439 946 3586 999 multis

2072 1039 2265 1093 diebus
2290 1053 2389 1108 pro
2439 1036 2645 1092 foribus
2671 1036 2979 1091 monasterii
3008 1050 3126 1090 cum
3156 1034 3387 1105 lacrymis
3423 1035 3588 1106 supplio

2072 1145 2203 1184 cans
2235 1127 2618 1199 perseverasti,
2641 1142 2769 1182 cura
2788 1134 3074 1195 utaugeas.
3103 1124 3282 1180 Misera
3307 1140 3501 1194 prorsus
3519 1140 3588 1180 res

2073 1232 2238 1285 esset,
2268 1220 2312 1273 si
2343 1234 2463 1274 cum
2497 1229 2549 1274 te
2575 1218 2763 1274 deceat
2796 1217 3034 1288 quotidie
3059 1215 3123 1269 ad
3150 1215 3401 1270 fervorem
3428 1216 3588 1270 addere

2075 1319 2247 1377 tuum,
2271 1320 2324 1365 et
2347 1310 2589 1381 profectu
2611 1309 2828 1365 assiduo
2851 1308 2915 1363 ad
2941 1308 3305 1378 perfectionem
3323 1308 3586 1372 ascendere,

2073 1419 2194 1458 eum
2215 1406 2515 1458 .imminuas
2544 1414 2598 1458 et
2624 1402 2691 1456 ad
2721 1402 2973 1456 inferiora
3004 1407 3290 1455 revertare.
3326 1398 3427 1453 Non
3474 1398 3588 1452 enim
3648 1449 3654 1459 ,

2074 1496 2166 1551 ille
2187 1497 2374 1552 beatus
2397 1496 2488 1565 qui
2512 1496 2710 1551 bonum
2758 1508 2917 1565 agere
2960 1493 3160 1563 incipit,
3200 1491 3289 1569 sed
3318 1492 3587 1560 quicumque

2075 1586 2140 1639 ad
2173 1586 2331 1640 finem
2363 1600 2531 1656 usque
2570 1586 2622 1640 in
2664 1601 2729 1640 eo
2776 1582 3219 1655 perseveraverit.
3248 1580 3369 1635 Nam
3404 1591 3588 1647 serpens

2075 1681 2164 1749 qui
2196 1679 2262 1734 ad
2288 1691 2485 1735 terram
2526 1680 2777 1747 trahitur,
2810 1680 3119 1734 calcaneum
3155 1687 3379 1731 nostrum
3417 1687 3591 1740 semper

385 1792 534 1845 nullo
560 1790 777 1859 negotio
826 1760 1193 1852 admittentes,
1229 1801 1328 1840 nos
1358 1785 1571 1854 quidem
1619 1799 1649 1837 a
1700 1783 1834 1847 Deo,
1888 1781 1972 1836 vel
2007 1760 2052 1821 Β
2080 1772 2351 1837 observat,
2386 1772 2436 1826 id
2466 1780 2569 1835 est,
2599 1772 2769 1825 obitui
2798 1782 2985 1825 nostro
3012 1768 3225 1824 insidias
3254 1776 3413 1836 parat.
3441 1771 3487 1819 et
3516 1776 3588 1815 us-

383 1890 625 1947 orantes,
658 1880 898 1933 lenitatis
953 1878 1133 1931 nimia:
1179 1890 1393 1947 ptenam
1443 1876 1675 1939 luamus,
1733 1883 1786 1928 te
1842 1887 1973 1927 vero

382 1988 541 2026 reum
573 1971 833 2041 gravioris
863 1968 1111 2039 supplicii
1137 1968 1549 2033 consdtuamus,
1583 1966 1628 2020 si
1662 1975 1714 2019 te
1756 1964 1866 2033 jam
1894 1963 1976 2018 fa-

385 2064 512 2126 cile,
539 2065 845 2133 priusquam
871 2061 1123 2116 didiceris
1146 2061 1464 2130 gravitatem
1493 2066 1548 2113 et
1575 2057 1973 2112 accurationem

388 2156 660 2223 promissi,
691 2153 1062 2219 admittamus,
1093 2162 1145 2205 et
1178 2161 1231 2205 tu
1266 2159 1450 2220 postea
1482 2148 1658 2203 mollis
1686 2148 1975 2217 segnisque

384 2245 645 2299 evaseris.
680 2244 907 2309 ldrirco,
941 2251 1001 2297 ut
1024 2257 1188 2312 supra
1217 2243 1417 2295 dictum
1464 2250 1568 2309 est,
1603 2254 1819 2293 causam
1869 2248 1976 2293 tua:

393 2336 749 2391 abdicationis
799 2336 1042 2390 ediscere
1089 2343 1143 2389 te
1170 2344 1383 2403 oportet
1427 2333 1553 2402 quid
1585 2332 1793 2387 scilicet
1821 2346 1979 2400 agen-

389 2431 514 2483 dum
545 2428 745 2481 tibisit.
780 2427 1069 2481 Abdicatio
1112 2428 1292 2492 itaque
1346 2424 1479 2479 nihil
1519 2434 1601 2478 est
1639 2424 1783 2477 aliud
1815 2440 1973 2492 quant

389 2517 568 2572 erucis
588 2528 643 2571 et
664 2518 851 2571 mortis
880 2515 1185 2581 promissio.
1230 2515 1376 2569 Scito
1403 2529 1535 2583 ergo
1559 2514 1627 2567 ab
1655 2515 1754 2567 hac
1792 2522 1843 2567 te
1889 2512 1977 2566 die

393 2621 661 2665 mortuum
684 2610 1111 2678 c’rucitixutnque
1167 2622 1289 2662 esse
1330 2607 1553 2671 mundo,
1613 2606 1977 2676 mundumque

391 2705 513 2768 tibi,
540 2702 689 2773 juxta
716 2702 1065 2780 Apostolum;
1115 2712 1168 2755 et
1198 2700 1380 2755 edisee
1423 2715 1670 2770 quamam
1694 2701 1765 2754 sit
1803 2703 1977 2753 crucis

392 2796 591 2850 virtus:
622 2795 1054 2864 quandoquidem
1084 2810 1186 2847 non
1227 2794 1451 2848 ulterius
1479 2800 1533 2847 tu
1564 2792 1729 2857 vivis,
1763 2791 1856 2846 sed
1888 2791 1978 2846 ille

396 2890 448 2944 in
477 2902 529 2944 te
557 2890 680 2942 vivit
716 2889 804 2959 qui
840 2904 934 2958 pro
964 2898 1016 2943 te
1038 2889 1326 2942 crucilixus
1357 2898 1458 2941 est.
1508 2886 1620 2940 Hoc
1644 2886 1823 2955 itaque
1851 2895 1977 2955 typo

392 2997 501 3052 quo
528 2982 784 3047 Dominus
809 2997 907 3050 pro
928 2981 1081 3035 nobis
1103 2994 1397 3048 suspensus
1413 2987 1517 3044 est,
1544 2989 1597 3033 et
1627 2993 1725 3032 nos
1756 2991 1979 3032 necesse

389 3083 474 3127 est
496 3074 548 3125 in
579 3070 828 3127 coenobio
858 3086 1042 3142 agere,
1071 3079 1129 3124 ut
1154 3081 1271 3124 orat
1301 3070 1489 3124 beatus
1530 3068 1719 3135 David,
1742 3084 1865 3121 cum
1911 3065 1985 3119 ti-

391 3178 543 3217 more
576 3164 783 3216 Domini
830 3163 1062 3231 postulat
1116 3161 1310 3231 configi
1348 3176 1539 3216 carnes
1578 3175 1704 3215 snas
1744 3158 1970 3231 (Psalm.

388 3270 579 3318 cxvm,
611 3254 756 3325 120).
784 3252 1244 3319 Quemadmodum
1300 3252 1443 3306 enim
1488 3252 1575 3322 qui
1602 3266 1799 3319 corpus
1830 3250 1975 3319 ligno

390 3348 610 3399 aflixunt
640 3345 802 3399 habet
831 3343 1224 3420 ad.qttantlibet
1272 3344 1540 3396 actionem
1573 3342 1826 3395 immotus
1870 3349 1972 3407 est,

390 3438 471 3493 sic
496 3439 585 3506 qui
633 3438 813 3491 divino
858 3437 1050 3490 timore
1078 3435 1346 3489 confixam
1378 3433 1538 3487 habet
1569 3434 1972 3501 cogitationem,

392 3533 644 3585 immotus
685 3540 767 3585 est
815 3529 880 3584 ad
920 3545 1131 3584 omnem
1160 3528 1432 3583 carnalem
1460 3524 1973 3594 concupiscentiam.

393 3624 611 3678 Etsicut
642 3624 729 3693 qui
754 3622 898 3679 cruci
929 3630 1013 3677 est
1039 3621 1228 3675 aflixus
1244 3635 1363 3690 qua:
1404 3619 1691 3689 praesentia
1720 3626 1843 3670 sunt
1868 3632 1973 3670 non

390 3718 526 3773 ultra
552 3718 769 3788 cogitat,
806 3732 980 3786 neque
1012 3715 1226 3785 prOpria
1256 3714 1529 3767 voluntate
1563 3711 1834 3781 dirigitur,
1868 3724 1974 3764 non

387 3808 819 3878 concupiscentia
840 3809 1107 3872 turbatur,
1132 3821 1237 3860 non
1267 3819 1394 3859 cura
1427 3802 1736 3873 possidendi
1768 3802 1976 3856 detine-

390 3909 497 3963 tur,
527 3914 631 3953 non
663 3899 913 3968 superbia
944 3898 1185 3961 inﬂatur,
1217 3911 1321 3950 non
1344 3896 1715 3961 contentione,
1756 3909 1863 3948 non
1894 3894 1976 3949 in-

389 3991 528 4045 vidia
559 3990 879 4056 exardescit,
912 4005 1017 4043 non
1045 3988 1195 4043 dolet
1222 3988 1289 4042 de
1317 3987 1573 4056 praesenti
1620 3986 1973 4051 contumelia,

386 4099 495 4140 non
550 4084 941 4152 prrcteritarum
989 4081 1231 4135 meminit
1276 4081 1591 4147 iniuriarum
1640 4094 1807 4134 :nam
1856 4086 1978 4148 post

386 4181 603 4247 paulum
628 4177 890 4243 temporis
916 4164 1073 4229 linem
1091 4181 1364 4242 exspectat
1380 4172 1502 4226 vita:
1516 4188 1627 4225 sua:
1646 4188 1739 4241 per
1763 4186 1976 4225 crucem

385 4270 626 4335 scilicet;
651 4271 729 4325 sic
755 4268 845 4338 qtti
867 4264 1080 4324 eincere
1121 4266 1322 4321 mundo
1346 4266 1775 4331 abrenuntiavit,
1796 4275 1852 4321 et
1885 4265 1976 4320 Dei

383 4364 577 4417 timore
596 4362 745 4432 quasi
774 4360 825 4414 in
856 4374 1017 4415 cruce
1046 4359 1289 4413 conlitus
1322 4368 1425 4427 est,
1457 4357 1684 4426 hujusce
1709 4357 1832 4411 vita:
1861 4357 1979 4411 exi-

384 4464 497 4510 tum
526 4455 762 4525 quotidie
781 4466 1121 4524 exspectans,
1145 4452 1396 4508 immotas
1411 4461 1467 4507 et
1494 4451 1793 4507 imbecillas
1814 4450 1975 4505 habet
2002 4492 2055 4552 Β

385 4562 575 4602 omnes
606 4546 1074 4617 concupiscentias
1101 4561 1398 4614 omnesque
1413 4545 1662 4600 carnales
1689 4545 1935 4600 alfectus.

459 4640 545 4694 15.
587 4638 755 4711 (Cass.
804 4638 940 4691 Inst.
992 4639 1029 4691 ι.
1059 4653 1134 4703 tv,
1166 4654 1211 4690 ε.
1243 4636 1334 4703 56,
1366 4636 1481 4708 37.)
1513 4634 1655 4690 Cave
1686 4637 1848 4706 igitur
1912 4650 1978 4691 ne

384 4731 598 4800 quando
630 4747 691 4784 ea
726 4744 1001 4783 resumere
1022 4729 1378 4796 concupiscas
1404 4744 1523 4799 qua:
1546 4729 1597 4782 in
1629 4728 1979 4783 abrenuntia-

386 4827 532 4879 tione
557 4835 641 4878 tua
673 4823 947 4877 dimisisti.
993 4820 1124 4875 Nam
1150 4821 1304 4892 juxta
1348 4822 1563 4877 Domini
1609 4822 1975 4878 sententiam:

388 4920 489 4988 Qui
516 4921 683 4993 injicit
710 4935 917 4971 manum
944 4921 1013 4970 ad
1036 4928 1265 4971 aratrum
1291 4926 1336 4971 et
1358 4926 1492 4970 retro
1521 4918 1848 4983 convertitur,
1875 4933 1979 4971 non

384 5022 457 5065 est
488 5022 635 5083 aptus
664 5011 733 5063 ad
752 5026 966 5081 regnum
995 5006 1235 5064 calorum
1268 5007 1419 5080 (Luc.
1454 5023 1530 5077 Ix,
1556 5008 1673 5077 62),
1706 5016 1762 5061 et
1790 5008 1879 5075 qui
1910 5023 1976 5062 ex

384 5102 600 5159 sublimi
632 5107 754 5159 vitae
809 5103 1055 5157 instituto
1087 5100 1152 5155 ad
1209 5101 1345 5156 viles
1397 5114 1461 5155 ac
1515 5109 1761 5155 terrenas
1820 5098 1978 5168 hujus

386 5197 570 5249 mundi
620 5210 707 5250 res
736 5193 1037 5259 descendit,
1086 5193 1132 5247 is
1172 5204 1363 5247 contra
1395 5192 1605 5246 Domini
1652 5200 1976 5261 prteceptum

385 5288 512 5353 agit,
535 5301 656 5340 cum
699 5301 765 5340 ex
798 5285 960 5339 domo
987 5284 1291 5350 descendit,
1331 5292 1387 5338 et
1424 5292 1654 5337 conatur
1674 5283 1871 5353 aliquid
1913 5300 1977 5338 ex

385 5377 547 5433 domo
577 5378 809 5433 auferre.
837 5377 983 5430 Cave
1016 5375 1197 5445 itaque
1250 5390 1320 5429 ne
1359 5375 1564 5444 antiqui
1598 5374 1824 5444 tuierga
1856 5389 1975 5428 car-

388 5474 535 5526 nales
592 5482 840 5538 parentes
905 5468 1129 5524 aﬂ'ectus
1164 5467 1530 5545 recordatus.
1582 5475 1642 5523 et
1685 5467 1753 5522 ad
1793 5466 1976 5523 saeculi

388 5561 613 5632 hujusce
639 5577 802 5617 curas
827 5577 1145 5626 c0lthrStlS,
1177 5577 1282 5615 non
1300 5572 1452 5630 aptus
1475 5560 1626 5630 juxta
1652 5558 1863 5618 Domini
1885 5576 1981 5615 vo-

386 5669 505 5711 cem
557 5654 848 5707 inveniaris
895 5654 947 5708 in
986 5668 1151 5723 regno
1189 5653 1449 5708 caelorum
1495 5650 1715 5722 (Matth.
1761 5668 1829 5717 v,
1866 5650 1975 5722 £9).

383 5744 535 5817 Cave
561 5761 629 5805 ne
658 5746 993 5818 superbiam,
1012 5776 1015 5777 ί
1033 5762 1192 5819 quam
1216 5746 1368 5806 initio
1409 5760 1504 5818 per
1531 5744 1849 5804 humilitatis
1872 5746 1979 5805 fer-

2076 1879 2181 1933 que
2204 1862 2268 1917 ad
2304 1861 2464 1917 linem
2493 1863 2616 1915 vitae
2647 1872 2846 1916 nostrae
2875 1875 2976 1915 nos
3021 1859 3351 1928 supplantare
3388 1862 3588 1908 conatur.

2077 1954 2254 2021 Quare
2286 1954 2417 2008 nihil
2461 1953 2700 2023 proderit
2726 1952 2895 2023 probe
2963 1950 3239 2019 incepisse,
3274 1944 3396 2001 nihil
3422 1943 3588 1996 initium

2078 2044 2295 2099 fervens
2319 2045 2664 2112 obedientiaa,
2703 2044 2804 2099 nisi
2841 2044 2964 2099 finis
2996 2041 3241 2096 similiter
3267 2042 3588 2104 consequatur.

2081 2139 2147 2193 Et
2174 2154 2235 2192 ea
2260 2154 2378 2208 qua:
2406 2137 2700 2193 secundum
2728 2136 3003 2193 Christum
3052 2143 3133 2192 est
3162 2131 3429 2195 humilitas,
3464 2139 3588 2195 quam

2080 2245 2221 2284 nunc
2244 2230 2556 2298 promisisti,
2587 2244 2693 2284 non
2719 2228 3042 2293 ﬁrmabitur,
3097 2226 3196 2281 nisi
3235 2238 3345 2279 eam
3373 2221 3431 2274 ad
3466 2220 3589 2271 ﬁnem

2081 2340 2251 2392 usque
2273 2324 2603 2378 exltibueris.
2636 2321 3000 2389 Quamobrem
3041 2329 3097 2373 ut
3127 2318 3269 2372 illam
3313 2313 3465 2383 possis
3496 2323 3591 2378 per-

2080 2418 2218 2472 fecte
2234 2417 2529 2485 possidere,
2556 2426 2717 2484 atque
2738 2424 2899 2483 caput
2920 2414 3171 2468 draconis
3193 2419 3447 2465 conterere
3469 2402 3591 2473 (Gen.

2078 2525 2159 2573 Ill,
2191 2508 2305 2578 15),
2336 2524 2456 2563 cum
2502 2518 2555 2562 te
2584 2509 2879 2562 invaserint
2920 2506 3287 2575 cogitationes,
3330 2506 3507 2554 mature
3542 2494 3594 2547 ab

2078 2600 2196 2668 ipso
2225 2600 2485 2669 principio
2525 2600 2761 2653 revelato
2800 2598 2951 2653 illas:
2981 2612 3101 2651 nam
3132 2595 3175 2648 si
3201 2593 3268 2647 ita
3297 2584 3594 2661 publicaveris

2077 2694 2146 2749 ab
2175 2694 2331 2748 initio
2359 2693 2692 2764 perniciosas
2719 2692 2978 2747 draconis
3004 2687 3358 2759 cogitationes.
3385 2682 3425 2735 si
3454 2693 3539 2732 non
3557 2684 3596 2729 te

2078 2786 2275 2855 pudeat
2300 2800 2392 2840 eas
2418 2786 2552 2853 patri
2585 2792 2678 2838 tuo
2728 2784 3028 2849 declarare,
3059 2789 3300 2835 conteres
3320 2768 3594 2843 captttejus.

2078 2879 2366 2933 Enimvero
2399 2877 2549 2946 juxta
2597 2876 2833 2930 divinam
2864 2875 3220 2945 Scripturam,
3266 2869 3307 2922 si
3355 2858 3597 2918 accesseris

2077 2969 2145 3025 ad
2176 2968 2517 3024 serviendum
2554 2968 2682 3035 Deo,
2713 2982 2959 3037 prmpara
2998 2966 3219 3034 teipsum
3266 2958 3432 3032 (Eccii.
3466 2948 3594 3018 11,1).

2079 3078 2187 3117 non
2215 3061 2280 3115 ad
2314 3061 2594 3124 incuriam,
2628 3063 2824 3115 nonad
2855 3061 3204 3123 otiositatem,
3251 3052 3341 3109 sed
3381 3049 3439 3103 ad
3464 3054 3598 3100 tenta-

2082 3155 2275 3221 tiones,
2309 3155 2374 3209 ad
2406 3155 2810 3209 tribulationes:
2857 3172 3009 3220 nam,
3034 3171 3122 3224 per
3157 3149 3332 3204 multas
3363 3140 3598 3198 tribulatio-

2077 3266 2164 3304 nes
2189 3258 2385 3323 Oportet
2415 3266 2506 3303 nos
2543 3249 2734 3303 intrare
2764 3250 2814 3302 in
2843 3265 3059 3319 regnum
3095 3245 3325 3300 cartorum
3363 3236 3483 3310 (Act.
3512 3244 3598 3293 sit.

2071 3344 2189 3413 21),
2221 3352 2276 3399 et
2302 3352 2520 3415 angusta
2549 3350 2720 3412 porta,
2756 3353 2802 3396 et
2831 3352 2977 3395 arcta
3004 3342 3083 3395 ria
3109 3348 3178 3391 est
3200 3349 3305 3403 qua:
3332 3331 3452 3385 ducit
3473 3324 3528 3379 ad

2078 3445 2202 3504 tam,
2225 3448 2272 3489 et
2300 3436 2451 3506 pauci
2479 3445 2597 3488 sunt
2620 3435 2710 3506 qui
2739 3436 3004 3488 inveniunt
3031 3449 3140 3488 eam
3186 3424 3386 3501 (Matth.
3406 3436 3485 3482 vn,
3512 3414 3598 3483 W-

2080 3530 2328 3584 Animum
2362 3531 2540 3598 itaque
2574 3530 2759 3599 paucis
2805 3528 2914 3583 illis
2956 3528 3111 3583 bouis
3140 3522 3348 3585 adhibe,
3375 3525 3423 3571 et
3446 3528 3501 3568 ex
3526 3523 3599 3563 eo-

2077 3638 2194 3676 rum
2242 3621 2492 3691 exemplo
2544 3621 2706 3675 vitam
2761 3619 2985 3674 institue
3043 3628 3212 3680 tuam;
3264 3624 3355 3666 nec
3401 3599 3601 3659 attettdts

2079 3714 2241 3782 p’gris
2270 3722 2325 3766 et
2350 3712 2836 3780 contemptoribus,
2865 3708 3207 3780 quantumvis
3248 3701 3385 3757 multi
3424 3702 3603 3782 numero

2075 3780 2232 3858 sint:
2281 3802 2438 3857 Multi
2473 3804 2628 3870 enim,
2683 3803 2877 3871 inquit,
2924 3802 3123 3865 uocati,
3169 3795 3314 3867 pauci
3356 3806 3457 3843 vero
3490 3780 3603 3838 electi

2077 3901 2295 3974 (Matth.
2329 3917 2417 3964 xx,
2446 3898 2568 3971 16);
2600 3909 2653 3954 et
2686 3914 2880 3969 parvus
2909 3914 3043 3968 grex
3075 3905 3154 3951 est
3182 3893 3261 3947 cui
3293 3886 3467 3959 placuit
3493 3877 3603 3974 Pani

2078 3970 2208 4046 dare
2238 4006 2461 4061 regnum
2495 3970 2647 4063 (Luc.
2683 4006 2777 4055 χιι,
2810 3986 2928 4058 52).
2965 3990 3041 4045 Ne
3072 4000 3285 4059 parvum
3316 3975 3490 4035 etenim
3516 3970 3604 4023 exl-

2078 4083 2267 4138 stimes
2296 4096 2415 4138 esse
2446 4091 2747 4151 peccatum,
2770 4080 3159 4151 perfectionem
3193 4069 3436 4144 polliceri,
3464 4073 3507 4117 et
3534 4073 3605 4112 ne-

2076 4174 2427 4245 gligentiores
2458 4180 2618 4241 atque
2649 4188 2845 4242 segnes
2876 4171 3097 4226 imitari.
3147 4167 3212 4223 Ut
3263 4162 3427 4217 valeas
3460 4154 3606 4247 itaque

2078 4266 2144 4320 ad
2188 4264 2571 4335 perfectionem
2606 4264 2912 4333 pervenire,
2950 4264 3054 4318 hoc
3083 4270 3231 4315 utere
3262 4252 3501 4309 instituto,
3540 4238 3606 4291 his

2078 4357 2309 4411 ascende
2339 4355 2615 4426 gradibus.

2152 4450 2240 4503 Μ.
2286 4448 2453 4519 (Cass.
2483 4445 2618 4499 Inst.
2638 4440 2673 4500 Ι.
2704 4442 3293 4512 ιν,ο.59,40.)ῐ’νίιηυε
3308 4428 3492 4486 virtutis
3514 4434 3609 4491 llr“

2079 4542 2181 4598 dus
2226 4551 2283 4597 et
2322 4541 2535 4596 initium
2589 4549 2794 4596 nostra:
2845 4540 3039 4595 salutis
3070 4546 3151 4594 est
3191 4534 3342 4588 timor
3379 4525 3418 4579 Ι)
3450 4521 3490 4585 ii
3536 4527 3608 4584 Ρθτ

2080 4654 2202 4694 eum
2253 4654 2488 4707 namque
2533 4647 2875 4708 peccatorum
2911 4640 2970 4693 fit
3016 4633 3276 4705 purgatio,
3308 4634 3359 4682 et
3396 4623 3606 4675 virtutum

2080 4730 2331 4787 custodia
2382 4730 2573 4801 viaque
2624 4729 2691 4783 ad
2737 4729 3124 4800 perfectionem
3171 4722 3466 4776 obtinetur:
3511 4715 3606 4801 naut

2079 4838 2202 4879 eum
2238 4824 2290 4877 in
2321 4822 2556 4877 animam
2602 4821 2879 4892 ingressus
2918 4819 3080 4875 fuerit
3112 4816 3268 4871 timor
3297 4807 3411 4869 Dei,
3454 4793 3610 4898 Sttadel

2082 4918 2176 4974 ille
2226 4926 2284 4972 ut
2331 4916 2516 4970 omnia
2565 4914 2838 4970 mundana
2881 4912 3271 4981 despiciamtts;
3319 4900 3432 4954 hinc
3471 4895 3609 4942 "mur

2082 5017 2436 5078 cognatorum
2468 5005 2812 5076 universique
2835 5002 3019 5058 mundi
3051 4996 3267 5059 oblivio.
3294 4992 3364 5046 Ex
3388 4986 3463 5040 bis
3484 4989 3610 5078 pot?"

2084 5068 2361 5154 humilitas
2393 5100 2637 5153 omnium
2667 5068 2827 5161 caput
2857 5097 3146 5160 virtutum,
3193 5082 3514 5145 omnium‘iue
3536 5068 3611 5121 δυ’

2084 5209 2275 5250 norum
2319 5192 2776 5261 complementum
2814 5196 3132 5249 exercetur;
3181 5193 3297 5236 nam
3325 5188 3387 5228 ex
3411 5171 3610 5261 con-tem-

2084 5293 2175 5354 ptu
2207 5293 2260 5338 et
2291 5254 2593 5351 privatione
2625 5295 2807 5336 rerum
2837 5276 3078 5333 omnium
3121 5268 3327 5326 accedit
3359 5254 3608 5354 humilitas-

2084 5376 2370 5432 liumilitas
2398 5389 2529 5428 vero
2578 5373 2661 5428 bis
2687 5369 3070 5441 comprobatur
3101 5359 3310 5419 indiciis
3346 5373 3358 5409 :
3396 5348 3606 5420 Ρτίιηυων

2082 5458 2143 5525 δί’
2170 5471 2291 5538 quis
2331 5467 2683 5523 mortificatas
2733 5469 2785 5520 in
2828 5479 2889 5520 se
2916 5461 3109 5517 habeat
3143 5450 3380 5527 proprias
3406 5441 3609 5538 volunta-

2084 5574 2196 5629 tes;
2254 5560 2552 5615 secundum
2582 5558 2626 5613 si
2658 5572 2763 5613 non
2800 5556 2960 5611 modo
2984 5563 3228 5622 operum,
3255 5540 3346 5599 sed
3373 5532 3511 5629 etiarn
3537 5536 3609 5576 εο-

2082 5653 2402 5725 gi'ationum
2452 5663 2674 5703 suarum
2724 5646 2859 5702 nihil
2919 5643 3058 5714 patri
3110 5636 3366 5697 occultat;
3412 5628 3609 5725 terttuLttt:

2084 5705 2129 5801 Et
2168 5759 2285 5819 (non
2331 5741 2571 5815 propria:
2609 5738 2792 5796 credat
2833 5733 3166 5811 prudentiae,
3212 5724 3303 5789 sed
3332 5723 3380 5780 iu
3406 5705 3613 5775 omnibus
