3910 6168
324 308 427 362 877

1312 289 1651 351 EPITOMES
1689 283 1967 344 OPERUM
1990 280 2313 339 -CASSIANI
2353 278 2478 334 LIB.
2511 277 2577 333 11.

3477 268 3574 324 8“8

326 421 494 488 patris
542 417 621 471 sui
671 412 1011 477 discretioni,
1062 422 1381 477 semperque
1421 405 1597 469 sitiat,
1637 407 1894 471 exeptet,
1925 399 1975 459 Α
2004 396 2276 465 pationes,
2321 390 2634 463 opprobria,
2675 383 3027 443 contumelias
3071 380 3289 446 inferat,
3322 380 3575 434 immotus

322 510 564 568 suaviter
605 506 873 560 auscultet
917 502 1036 571 ejus
1077 499 1504 560 admonitiones;
1549 500 1821 562 quartum,
1852 489 1900 543 si

325 604 494 675 patris
520 601 669 670 jussa
694 600 876 653 omnia
905 594 1109 662 absque
1140 591 1344 660 pudore
1365 595 1725 655 exsequatur;
1752 581 1903 651 quin-

327 704 473 756 tum.
514 692 561 747 si
601 705 707 745 non
740 688 899 743 modo
929 686 1046 757 ipse
1091 699 1198 738 non
1235 681 1378 736 ausit
1416 678 1507 733 alii
1548 673 1903 730 contumelias

326 788 550 849 inferre,
595 781 691 838 sed
719 781 763 835 si
796 779 863 834 ab
892 780 1015 832 aliis
1046 776 1225 830 illatas
1248 786 1369 827 cum
1400 768 1593 840 gaudio
1613 765 1902 834 suscipiat;

327 884 570 942 sextum,
609 874 654 928 si
684 872 816 927 nihil
857 870 979 925 novi
1010 868 1189 923 facere
1216 877 1503 935 aggressus
1536 858 1730 922 fuerit,
1762 855 1905 925 quod

329 987 429 1027 nec
457 968 755 1026 communis
787 966 991 1034 regula,
1031 976 1130 1017 nec
1159 960 1377 1013 Patrum
1408 953 1652 1022 exempla
1682 948 1905 1019 permit-

329 1073 477 1127 tant;
517 1063 832 1130 septimum,
876 1056 921 1111 si
952 1053 1102 1110 omni
1130 1052 1334 1106 vilitate
1373 1054 1679 1110 contentus,
1718 1042 1785 1096 de
1810 1039 1909 1095 ida-

328 1158 398 1210 tis
427 1154 533 1209 sibi
565 1129 728 1206 rebus
757 1149 959 1218 gratias
984 1153 1128 1214 agat,
1158 1154 1324 1208 seque
1371 1138 1439 1192 iis
1482 1134 1754 1203 indignum
1794 1129 1911 1184 exi-

329 1250 545 1311 stimet;
587 1252 832 1299 octavum
859 1281 875 1304 ,
919 1239 967 1293 si
1016 1251 1075 1291 se
1101 1232 1351 1291 omnibus
1398 1229 1557 1299 plane
1599 1223 1907 1280 inferiorem

330 1336 627 1397 existimet,
660 1347 761 1387 nec
798 1330 870 1385 sit
895 1328 1077 1385 verbis
1108 1325 1432 1380 temerarius
1457 1317 1714 1390 [Cassium
1737 1312 1862 1367 ibid.
1889 1327 1908 1365 :

333 1433 518 1495 Nono,
562 1430 608 1484 si
640 1427 871 1495 linguam
902 1422 1178 1480 cohibeat.
1212 1416 1298 1471 vel
1328 1429 1436 1469 non
1464 1412 1534 1465 sit
1560 1409 1830 1465 clamosus
1854 1406 1906 1459 in

332 1520 519 1593 voce];
562 1518 852 1583 decimum,
903 1515 948 1568 si
995 1526 1100 1566 non
1148 1510 1222 1563 sit
1266 1508 1320 1561 in
1361 1516 1613 1558 sermone
1658 1498 1827 1552 facilis
1856 1503 1914 1550 et

335 1588 515 1684 lingua
562 1624 822 1679 praeceps.
853 1606 949 1661 His
976 1614 1030 1659 et
1066 1599 1333 1655 similibus
1362 1594 1537 1665 signis
1576 1588 1912 1661 dignoscitur

336 1679 643 1764 humilitas;
682 1697 800 1751 haec
845 1709 967 1749 cum
1018 1704 1208 1747 revera
1258 1686 1502 1741 exhibita
1553 1681 1776 1745 fuerint,
1803 1679 1912 1734 cito

2001 495 2121 542 esto
2184 485 2336 554 quasi
2379 482 2655 546 frenatos,
2711 485 2767 533 et
2805 476 2959 545 quasi
3021 486 3232 538 mutus;
3291 470 3437 525 hunc
3485 470 3578 525 tibi

2004 577 2193 647 psalmi
2223 589 2438 630 versum
2466 572 2897 641 assiduegrepete
2937 584 2951 622 :
2986 566 3129 635 Dixi,
3159 565 3446 618 custodiam
3474 563 3579 616 vias

2002 684 2161 731 meas,
2204 675 2259 719 ut
2303 681 2404 719 non
2450 663 2742 731 delinquam
2793 661 2847 714 in
2896 658 3071 731 lingua
3118 673 3251 710 mea.
3304 654 3465 708 Posui
3503 654 3581 706 ori

2004 775 2115 812 meo
2162 757 2466 821 custodiam,
2518 770 2635 808 cum
2684 756 2979 808 causisteret
3027 756 3271 818 peccator
3305 748 3577 799 aduersum

2005 864 2104 903 me.
2147 846 2390 902 Obmutui
2429 855 2474 898 et
2504 842 2804 897 humiliatus
2845 857 2958 895 sunt
3003 837 3193 913 (Psal.
3233 851 3456 904 xxxi-tu,
3491 836 3578 898 1).

2007 938 2087 997 Ad
2136 937 2252 991 haec
2278 944 2333 990 et
2376 934 2507 989 illud
2549 942 2798 1004 quartum
2831 941 2957 991 ante
2985 927 3165 984 omnia
3198 927 3487 989 meditare;
3528 934 3581 977 et

2007 1030 2244 1085 observa
2272 1026 2414 1096 quod
2449 1026 2548 1080 tria
2592 1026 2692 1078 ista
2743 1021 2996 1090 superius
3024 1020 3165 1074 dicta
3195 1032 3393 1072 ornare
3428 1025 3581 1083 pote-

2009 1121 2118 1175 rit:
2145 1129 2201 1173 ut
2225 1118 2431 1172 scilicet
2463 1127 2515 1170 te
2540 1115 2762 1170 stultum
2790 1120 2845 1168 et
2879 1111 3243 1179 insipientem,
3268 1108 3419 1178 juxta
3440 1111 3583 1177 Apo-

2009 1210 2134 1265 stoli
2180 1216 2507 1279 prmceptum
2538 1205 2592 1260 in
2626 1204 2728 1258 hoc
2770 1204 2970 1256 smculo
3000 1200 3239 1263 efficias,
3278 1209 3333 1251 ut
3372 1198 3447 1251 sis
3496 1213 3583 1251 sa-

2011 1300 2165 1371 piens
2196 1298 2247 1369 (l
2279 1296 2400 1352 Cor.
2433 1311 2512 1361 ιιι,
2546 1295 2687 1366 18);
2727 1293 2979 1347 videlicet
3008 1289 3138 1343 nihil
3166 1288 3466 1357 dijudicans
3497 1299 3585 1341 aut

2010 1390 2262 1447 dubitans
2307 1390 2360 1442 in
2406 1388 2833 1457 quibuscumque
2866 1383 2957 1437 tibi
3010 1378 3302 1445 mandatis,
3333 1377 3593 1447 simplici-

2013 1493 2123 1539 tate
2155 1496 2350 1551 nempe
2374 1490 2428 1534 et
2455 1479 2559 1533 fide
2596 1476 2916 1533 obedientia:
2945 1474 3259 1528 instructus.
3294 1469 3438 1524 Inter
3468 1484 3597 1521 san-

2013 1586 2098 1629 cta
2143 1571 2325 1628 omnia
2376 1570 2427 1625 id
2479 1566 2816 1623 solummodo
2855 1573 3122 1629 sanctum,
3175 1560 3303 1615 illud
3354 1559 3589 1628 sapiens,

2015 1666 2145 1721 illud
2174 1666 2308 1719 utile
2353 1661 2586 1725 credas,
2647 1658 2792 1729 quod
2841 1673 2871 1713 a
2922 1666 3075 1725 patre
3126 1664 3215 1709 tuo
3239 1654 3446 1722 jussum
3496 1652 3590 1705 tibi

338 1794 404 1848 ad
443 1791 751 1847 dilectionis
800 1786 1074 1855 fastigium
1128 1781 1420 1842 adducunt,
1458 1777 1511 1831 in
1552 1791 1655 1845 qua
1687 1744 1792 1826 non
1830 1778 1914 1826 es;
1944 1756 1991 1815 B
2018 1758 2199 1814 fuerit.
2224 1756 2338 1810 Hoc
2364 1752 2641 1825 preposito
2671 1750 2714 1805 si
2744 1764 2839 1805 cor
2869 1758 3015 1802 tuum
3041 1744 3361 1809 firmaveris,
3388 1744 3591 1813 poteris

338 1886 506 1939 timor
549 1881 851 1951 gehennae,
901 1884 957 1931 et
1003 1888 1101 1942 per
1147 1885 1305 1940 quam
1353 1866 1529 1922 omnia
1576 1880 1680 1917 non
1709 1863 1817 1931 jam
1848 1876 1913 1915 ex

343 1973 666 2029 necessitate
688 1977 887 2023 etcum
911 1965 1092 2022 labore
1118 1958 1485 2032 perﬁciuntur,
1515 1955 1610 2010 sed
1638 1968 1702 2008 ex
1732 1965 1916 2005 amore

340 2062 571 2121 ferventi
627 2068 683 2115 et
710 2075 777 2115 ex
809 2057 934 2112 boui
971 2049 1429 2122 concupiscentia.
1463 2047 1631 2113 Quam
1661 2044 1914 2097 virtutem

339 2168 401 2212 ut
447 2155 625 2225 possis
674 2151 885 2206 facilius
933 2146 1182 2216 adipisci,
1232 2158 1330 2213 pro
1360 2139 1655 2209 exemplari
1685 2136 1782 2192 tibi
1813 2135 1921 2190 sint

342 2247 510 2302 Verba
543 2245 768 2299 fratrum
800 2256 902 2296 una
935 2249 1113 2294 tecum
1141 2232 1601 2295 concurrentium,
1635 2229 1919 2297 pietatem-

342 2355 448 2410 que
497 2335 919 2407 possidentium;
974 2345 1080 2385 non
1131 2334 1311 2381 autem
1360 2340 1551 2380 eorum
1598 2320 1689 2391 qui
1740 2319 1920 2387 plures

344 2444 615 2492 numero,
669 2424 1026 2494 negligentius
1088 2419 1415 2489 segniusque
1473 2415 1635 2467 vitam
1681 2410 1918 2480 exigunt.

346 2521 427 2575 Ex
481 2528 790 2572 sanctorum
832 2515 976 2570 enim
1024 2511 1325 2565 imitatione
1366 2503 1815 2571 azmulatioueque
1844 2500 1926 2552 in-

345 2631 475 2684 gens
501 2613 807 2669 volentibus
831 2609 899 2665 ad
934 2608 1320 2678 perfectionem
1357 2597 1685 2655 contendere
1719 2592 1927 2648 accedit

347 2708 570 2762 utilitas.

424 2797 509 2851 15.
553 2795 741 2869 (Cass.
785 2792 920 2846 Inst.
968 2791 1006 2845 Ι.
1046 2805 1121 2853 tv,
1149 2805 1195 2843 c.
1228 2784 1469 2852 ιι-ιδ.)
1516 2782 1571 2837 Si
1622 2780 1701 2834 vis
1745 2778 1931 2847 itaque

350 2867 659 2944 facultatem
705 2885 795 2939 tibi
842 2897 965 2938 esse
1010 2882 1126 2934 hate
1164 2878 1345 2933 omnia
1372 2870 1720 2943 exsequendi,
1752 2876 1806 2923 et
1832 2867 1932 2921 sub

352 2982 438 3035 bis
468 2981 520 3033 in
568 2976 836 3048 spirituali
878 2972 1115 3029 coenobii
1145 2969 1442 3025 certamine
1476 2965 1542 3019 ad
1576 2964 1732 3017 finem
1765 2974 1932 3029 usque

353 3084 728 3139 perseverare,
759 3064 1065 3121 necessaria
1118 3061 1213 3116 tibi
1258 3060 1325 3114 ad
1371 3056 1669 3112 custodiam
1700 3054 1753 3105 in
1790 3061 1931 3104 cmtu

355 3161 581 3217 fratrum
610 3159 846 3222 fuerint,
872 3171 933 3211 ea
962 3169 1081 3225 quas
1114 3151 1281 3206 David
1311 3151 1385 3204 ait
1413 3166 1424 3201 :
1460 3146 1573 3212 Ego
1598 3154 1764 3198 autem
1801 3150 1935 3194 tatis-

356 3269 507 3316 quam
536 3249 725 3303 surdus
755 3265 855 3301 non
878 3244 1169 3310 audiebam,
1197 3250 1242 3296 et
1265 3242 1393 3295 sicut
1422 3239 1570 3291 homo
1599 3251 1699 3288 non
1720 3232 1932 3286 audiens

359 3353 406 3396 et
434 3358 534 3396 non
565 3340 748 3399 habens
779 3340 829 3390 in
865 3352 951 3389 ore
984 3351 1078 3389 suo
1106 3330 1490 3402 redargutiones
1517 3325 1700 3396 (Psal.
1730 3338 1932 3389 xxxv",

365 3434 431 3488 Η
451 3433 493 3503 ).
525 3431 985 3497 Quotiescumque
1032 3425 1198 3496 igitur
1225 3424 1402 3492 aliqua
1440 3419 1637 3474 videris
1664 3416 1837 3470 aliena
1866 3413 1937 3469 ab

362 3522 722 3580 aedificatione
768 3530 823 3574 et
869 3519 1138 3581 utilitate,
1186 3525 1302 3569 esto
1348 3513 1499 3582 quasi
1548 3523 1756 3571 caretis;
1798 3517 1852 3560 et
1891 3505 1936 3559 si

362 3633 466 3686 qua
501 3615 738 3670 audieris
764 3614 846 3667 his
877 3610 1097 3675 similia,
1132 3608 1229 3660 tias
1260 3605 1411 3674 quasi
1442 3602 1634 3657 surdus
1662 3612 1715 3655 et
1744 3606 1941 3658 mutus.

366 3718 417 3763 et
450 3724 556 3762 nou
588 3708 791 3761 habens
829 3704 881 3759 in
913 3718 1008 3758 ore
1034 3710 1129 3755 tuo
1158 3697 1585 3767 redargutiones.
1616 3693 1800 3759 Neque
1827 3690 1946 3742 imi-

368 3803 500 3857 teris
539 3816 637 3856 eos
686 3800 777 3870 qui
827 3796 1093 3861 infideles,
1126 3793 1567 3858 inobsequentes,
1620 3782 1943 3853 petulantes,

365 3894 648 3959 scurriles,
694 3887 1071 3947 contumeliosi
1119 3892 1245 3939 sunt
1289 3900 1302 3935 :
1346 3880 1442 3937 sed
1476 3878 1633 3951 quasi
1680 3885 1865 3928 mutus
1892 3879 1948 3925 et

370 4001 477 4040 non
517 3984 737 4040 audiens
768 3982 884 4037 hsce
930 3976 1333 4050 praetermittas.
1375 3972 1433 4027 Si
1472 3973 1589 4041 quis
1638 3966 1734 4021 tibi
1774 3966 1948 4027 incre-

2016 1850 2083 1905 ad
2117 1849 2276 1902 finem
2316 1860 2486 1914 usque
2514 1841 2712 1898 Christi
2737 1841 2921 1910 jugum
2954 1837 3270 1892 obedientite
3301 1837 3590 1899 sustinere,

2016 1952 2071 1996 et
2102 1940 2245 1995 nulla
2279 1954 2345 1993 ex
2372 1935 2573 1992 diaboli
2607 1932 2990 1989 teutationibus
3020 1939 3073 1984 et
3106 1930 3312 1983 artibus
3342 1937 3592 1983 excutere

2021 2043 2072 2087 te
2113 2031 2311 2100 poterit
2354 2045 2421 2085 ex
2465 2028 2688 2082 scientia
2730 2024 2875 2079 vitae.
2906 2022 3222 2079 Patientiam
3256 2036 3383 2076 vero
3424 2029 3590 2077 tuam.

2021 2123 2402 2185 humilitatem,
2452 2116 2926 2189 aequanimitatem,
2972 2130 3040 2169 ne
3088 2112 3485 2183 exspectaveris
3528 2128 3592 2165 cx

2020 2216 2248 2270 aliorum
2280 2214 2474 2267 virtute
2517 2219 2755 2266 statuere
2792 2225 2805 2261 :
2846 2208 2891 2261 si
2920 2205 3171 2260 videlicet
3217 2219 3374 2256 nemo
3423 2211 3474 2257 te
3501 2202 3594 2256 sti-

2024 2306 2213 2369 mulet,
2230 2320 2388 2360 nemo
2414 2303 2696 2372 despiciat,
2731 2313 2889 2354 nemo
2910 2297 3176 2352 dedecore
3199 2294 3430 2348 alliciat:
3453 2293 3593 2363 quod

2023 2413 2153 2454 sane
2198 2411 2373 2466 neque
2415 2394 2629 2449 virtutis
2679 2401 2784 2444 tuae
2830 2395 3205 2457 argumentum
3255 2391 3358 2446 est,
3405 2396 3503 2436 nec
3542 2381 3595 2435 in

2026 2500 2114 2544 tua
2161 2478 2245 2543 est
2292 2485 2581 2548 facultate;
2622 2479 2717 2536 sed
2767 2481 2811 2532 si
2861 2475 3179 2546 opprobria,
3224 2472 3593 2534 contumelias,

2025 2587 2371 2649 contemptus
2419 2575 2650 2630 libenter
2680 2570 2844 2632 feras,
2874 2568 2924 2621 id
2969 2566 3111 2621 enim
3149 2565 3221 2619 tui
3253 2572 3337 2618 est
3367 2560 3596 2616 arbitrii.

2028 2673 2099 2729 Ut
2127 2671 2287 2741 igitur
2314 2682 2430 2738 qua:
2463 2664 2631 2719 fusius
2667 2675 2826 2730 supra
2865 2658 3121 2718 diximus,
3147 2656 3254 2725 jam
3279 2652 3600 2722 compendio

2030 2767 2296 2829 dicamus,
2329 2768 2386 2816 ut
2411 2772 2600 2814 eorum
2645 2752 2852 2807 facilius
2878 2750 3207 2811 memineris,
3250 2745 3369 2800 audi
3414 2759 3601 2798 rursus

2030 2858 2120 2927 qui
2151 2855 2353 2925 poteris
2383 2866 2477 2922 per
2498 2848 2739 2902 ordinem
2776 2844 2839 2899 ad
2870 2840 3258 2912 perfectionem
3293 2836 3595 2908 pervenire.

2037 2926 2362 3017 l‘rincipium
2408 2940 2597 2997 salutis
2629 2944 2823 2991 nostra:
2851 2933 3013 2988 timor
3040 2938 3121 2985 est
3154 2928 3277 2994 Dei;
3319 2944 3382 2981 ex
3426 2941 3491 2980 eo
3517 2926 3599 2996 εἰς

2036 3016 2233 3110 εηὶιυιί
2261 3036 2404 3089 bona
2446 3027 2787 3089 obedientia;
2835 3022 2963 3077 hinc
3015 3020 3189 3074 oritur
3244 3016 3504 3087 subiectio
3550 3024 3603 3071 et

1958 3112 2007 3177 θ
2039 3137 2379 3197 contemptus
2411 3137 2589 3178 rerum
2622 3116 2836 3181 mundi;
2875 3130 2939 3168 ex
2972 3114 3071 3166 hac
3103 3109 3398 3163 humilitate
3430 3106 3605 3161 nasci-

2042 3232 2128 3277 tur
2180 3216 2520 3291 propriarum
2564 3209 2897 3265 voluntatum
2946 3201 3311 3265 mortificatio;
3370 3213 3436 3252 cx
3482 3212 3606 3266 pro-

2040 3320 2275 3391 priarum
2318 3312 2657 3366 voluntatum
2690 3299 3121 3360 mortificatioue,
3154 3295 3491 3351 exsiccantur
3518 3305 3608 3343 vo-

2043 3382 2307 3480 luptatum
2352 3401 2589 3462 radices;
2630 3395 2713 3450 his
2754 3402 2933 3447 autem
2973 3401 3159 3442 omnes
3188 3385 3378 3438 anima:
3408 3382 3609 3450 imper-

2043 3497 2306 3553 fectiones
2349 3490 2718 3547 eliminantur,
2749 3493 2973 3551 quarum
3021 3474 3338 3543 expulsione
3364 3479 3611 3525 crescunt

2043 3587 2380 3650 fructumque
2404 3578 2581 3634 ferunt
2606 3574 2864 3633 virtutes;
2905 3582 2967 3619 ex
3005 3567 3253 3617 virtutum
3282 3561 3612 3613 incremento

2045 3648 2513 3750 gignituripuritas
2544 3662 2758 3723 cordis;
2802 3658 3086 3729 puritatem
3118 3650 3300 3705 cordis
3327 3648 3613 3715 consequi-

2048 3738 2134 3827 In;
2179 3738 2467 3838 apostolica
2516 3752 2778 3826 perfectio
2824 3748 2992 3820 gratia
3038 3756 3086 3799 et
3158 3740 3358 3796 auxilio
3406 3738 3613 3793 Domini

2050 3860 2217 3917 nostri
2242 3856 2368 3911 .lesu
2397 3848 2619 3914 Christi,
2659 3844 2746 3901 cui
2774 3842 2941 3912 gloria
2973 3840 3023 3893 iii
3054 3835 3248 3891 szccula
3276 3832 3614 3893 smenlorum,

2050 3968 2227 4020 amen.

1299 4168 1777 4281 LIBER
1850 4142 2696 4268 SECUNDUS.

1229 4338 1330 4401 DE
1399 4329 1613 4396 OCTO
1674 4320 2038 4398 MALITIJE
2105 4303 2792 4381 COGITATIONIBUS.

450 4520 501 4571 Ι.
542 4514 727 4585 (Cass.
761 4512 893 4568 Inst.
924 4512 959 4565 ι.
996 4526 1049 4574 v,
1079 4525 1125 4563 c.
1161 4507 1186 4560 1
1218 4514 1263 4559 et
1291 4499 1478 4573 seqq.)
1522 4497 1655 4554 Cum
1705 4498 1854 4567 prius
1881 4508 1949 4548 oe
1979 4496 2030 4555 D

374 4608 759 4662 constitutione
799 4603 1170 4657 cmnobiorum
1202 4596 1364 4650 verba
1408 4592 1727 4651 fecerimus,
1756 4584 1951 4641 vestris

377 4700 502 4755 freti
533 4698 886 4760 orationibus,
920 4694 1029 4763 jam
1072 4689 1314 4747 scribere
1343 4683 1687 4756 aggredimur
1723 4679 1790 4733 de
1829 4686 1953 4732 octo

375 4793 600 4848 malitias
644 4788 1089 4860 cogitationibus,
1140 4783 1402 4838 edacitate
1440 4777 1681 4840 scilicet,
1723 4773 1955 4829 fornica-

380 4887 557 4950 tione,
610 4882 859 4945 avaritia,
912 4880 986 4933 ira
1009 4919 1023 4942 ,
1066 4874 1281 4929 tristitia
1306 4913 1320 4936 ,
1346 4869 1589 4939 pigritia,
1622 4880 1755 4919 vana
1787 4862 1956 4932 gloria

379 4985 435 5031 et
476 4972 745 5042 superbia.
776 4970 1011 5024 Primum
1053 4966 1233 5033 itaque
1275 4961 1342 5015 de
1378 4957 1703 5013 abstinentia
1749 4953 1956 5007 dicetur

381 5083 409 5120 a
444 5063 630 5128 nobis,
662 5077 780 5128 quze
828 5055 1077 5114 edacitati
1108 5053 1352 5127 opposita
1385 5061 1466 5105 est
1508 5066 1521 5102 :
1564 5060 1781 5117 agemus
1826 5043 1953 5097 item

380 5157 449 5211 de
471 5153 799 5225 jejuniorum
832 5149 1009 5213 modo,
1053 5147 1119 5201 de
1160 5145 1416 5214 qualitate
1442 5150 1494 5194 et
1525 5140 1823 5205 quantitate
1860 5131 1958 5185 ali-

382 5258 715 5302 mentorum.
748 5244 811 5297 Ει
833 5240 947 5295 haec
973 5254 1079 5293 non
1104 5253 1169 5292 ex
1195 5235 1349 5290 nobis
1376 5232 1506 5301 ipsis
1531 5227 1724 5282 dicturi
1749 5236 1953 5287 sumus,

385 5340 479 5392 sed
522 5352 587 5392 ea
617 5350 736 5407 qua:
776 5331 1082 5400 accepimus
1120 5343 1148 5380 a
1191 5324 1392 5381 sanctis
1439 5319 1691 5377 Patribus
1733 5314 1953 5369 nostris.

386 5428 467 5482 Illi
502 5428 683 5497 itaque
730 5438 833 5479 non
883 5434 1042 5474 uuam
1068 5417 1258 5487 jejunii
1287 5412 1550 5483 regulam,
1585 5421 1761 5475 neque
1791 5417 1955 5457 unum

388 5518 737 5573 contestionis
765 5515 1003 5582 modum,
1033 5525 1204 5580 neque
1231 5507 1473 5563 eamdem
1506 5504 1676 5572 ipsam
1707 5497 1961 5554 omnibus

390 5625 696 5667 mensuram
738 5607 1028 5670 tradidere,
1060 5603 1182 5674 quia
1211 5613 1316 5654 non
1343 5609 1538 5655 omnes
1565 5589 1807 5662 ejusdem
1836 5594 1963 5640 sunt

393 5702 634 5768 roboris,
676 5699 760 5756 vel
799 5697 993 5763 atatis,
1030 5704 1084 5750 et
1109 5694 1233 5764 quia
1262 5690 1351 5747 alii
1380 5686 1696 5745 infirmitate
1722 5676 1968 5750 corporis

2056 4488 2328 4547 laborant,
2360 4477 2449 4532 alii
2480 4471 2790 4529 delicatiore
2817 4473 2939 4519 sunt
2966 4475 3211 4528 corpore.
3247 4458 3418 4513 Unum
3447 4464 3625 4511 autem

2057 4544 2612 4635 omnibusvtradidere
2646 4571 2892 4626 scopum,
2932 4560 2990 4607 ut
3028 4549 3229 4618 fugiant
3276 4544 3543 4613 crapulam
3574 4555 3628 4597 et

2057 4667 2262 4727 ventris
2282 4658 2614 4718 saturitatem
2641 4655 2983 4709 aversentur;
3013 4656 3074 4695 ac
3095 4638 3469 4707 experimento
3490 4650 3634 4691 com-

2061 4759 2344 4833 probatum
2393 4750 2649 4806 dixerunt
2694 4740 2875 4794 utilius
2922 4749 3042 4790 esse
3082 4730 3449 4802 quotidianum
3488 4727 3631 4797 jeju-

2064 4820 2232 4915 nium,
2263 4858 2421 4915 atque
2456 4841 2520 4895 ad
2554 4836 2839 4908 puritatem
2879 4829 3048 4898 magis
3082 4824 3358 4884 conferre,
3397 4833 3557 4890 quam
3585 4820 3629 4871 si

2066 4943 2130 4997 ad
2162 4912 2272 4994 tres
2301 4912 2385 4990 vel
2411 4940 2639 5002 quatuor
2662 4926 2798 4988 dies,
2829 4929 2922 4976 aut
2950 4919 3014 4973 ad
3045 4912 3437 4970 hebdomadam
3466 4922 3632 4975 usque

2062 5030 2322 5104 jejunium
2362 5001 2730 5095 protrahatur.
2778 5012 2940 5068 Aiunt
2978 5008 3121 5063 enim
3147 5020 3269 5060 eum
3309 5002 3399 5070 qui
3442 5001 3632 5052 immo-

2062 5103 2247 5179 derate
2289 5116 2555 5188 jejunium
2606 5106 2897 5179 protrahit,
2955 5103 3091 5154 ultra
3140 5107 3443 5151 mensuram
3490 5103 3635 5156 saepe

2063 5216 2185 5272 cibo
2206 5182 2314 5277 uti;
2346 5182 2430 5264 vita
2464 5217 2522 5262 ut
2550 5206 2673 5258 hinc
2703 5214 2845 5266 saepe
2872 5194 3080 5250 accidat
3110 5200 3165 5245 ut
3196 5185 3484 5257 aliquando
3512 5182 3633 5252 qui-

2066 5307 2186 5361 dem
2215 5319 2281 5359 ex
2314 5300 2475 5355 nimia
2506 5291 2827 5351 abstinentia
2851 5289 2903 5340 in
2928 5287 3234 5351 languorem
3277 5290 3475 5346 corpus
3505 5275 3635 5330 inci-

2065 5401 2197 5464 dat,
2242 5405 2297 5452 et
2342 5394 2407 5448 ad
2457 5385 2752 5459 spiritualia
2800 5373 3099 5434 ministeria
3150 5372 3372 5441 segnius
3416 5367 3635 5427 evadat;

2067 5486 2359 5559 aliquando
2402 5490 2590 5535 contra
2638 5468 2979 5528 multitudine
3025 5463 3400 5517 alimentorum
3444 5470 3638 5509 onera-

2071 5546 2204 5646 tum,
2232 5575 2498 5648 pigritiam
2532 5566 2920 5632 mollitiamque
2958 5556 3123 5611 animi
3167 5554 3466 5623 ingencret.
3499 5546 3640 5601 Rur-

2074 5687 2194 5730 sum
2236 5646 2352 5725 non
2400 5662 2653 5721 omnibus
2696 5664 3004 5721 competere
3050 5646 3255 5704 olerum
3302 5657 3493 5703 usum,
3533 5652 3641 5693 non
