3910 6168
371 253 477 318 Βῒθ

1365 257 1424 314 s.
1467 253 1806 331 wet-tanti
1829 252 1962 311 LUG

2074 253 2312 312 NbNSIS
2353 254 2659 313 EPISCUI‘I
3482 269 3563 329 880

374 373 625 435 omnibus
667 373 791 427 item
821 371 1171 440 leguminum,
1208 384 1312 425 non
1349 383 1511 442 posse
1546 371 1800 426 omnibus
1829 368 1959 425 sicci
1985 372 2034 432 Α
2065 371 2297 440 primere
2320 383 2570 442 possunt,
2615 381 2776 442 atque
2804 371 2948 426 illam
2990 388 3054 429 ex
3081 375 3314 434 obscenis
3335 383 3569 452 cogitatio.

377 467 530 536 panis
558 466 871 520 alimentum
902 462 1190 518 sufficere:
1231 463 1358 517 item
1397 477 1520 518 esse
1553 462 1642 532 qui
1674 461 1961 516 manduca-

378 560 444 612 tis
491 557 641 623 panis
688 554 894 609 duabus
940 551 1092 607 libris
1144 553 1322 607 adhuc
1369 553 1639 620 esuriant,
1683 551 1822 605 alios
1869 549 1960 620 qui

376 661 478 703 una
512 647 665 713 libra,
699 645 864 700 immo
901 659 998 701 sex
1028 646 1201 701 unciis
1232 647 1516 701 satientur.
1549 643 1817 700 Omnibus
1857 642 1959 697 ita-

374 753 499 808 que,
533 747 589 790 ut
619 735 820 790 dictum
843 745 951 804 est,
980 753 1142 791 unum
1165 738 1510 792 abstinentia:
1541 751 1766 806 scopum
1799 733 1964 788 tradi-

374 831 586 890 derunt,
623 839 812 882 ut‘non
835 829 1178 898 decipiantur
1207 830 1492 884 saturitate
1525 829 1758 892 ventris,
1791 839 1964 895 neque

373 923 657 975 trahantur
680 922 819 991 gulae
841 922 1138 989 voluptate.
1169 920 1283 975 Non
1314 921 1490 975 solum
1522 921 1665 974 enim
1688 915 1966 988 qualitatis

375 1015 710 1079 diiierentia,
765 1013 859 1068 sed
908 1015 1068 1069 etiam
1121 1029 1312 1084 magna
1360 1015 1608 1069 ciborum
1657 1010 1960 1081 quantitas,

377 1108 538 1176 ignita
600 1106 803 1175 peccati
868 1107 975 1160 tela
1037 1107 1179 1161 solet
1231 1106 1553 1160 accendere.
1617 1106 1967 1173 Quocumque

376 1199 520 1251 enim
551 1197 672 1251 cibo
703 1209 888 1251 venter
921 1198 1228 1266 impleatur,
1266 1199 1504 1253 libidinis
1541 1199 1744 1252 semina
1775 1197 1964 1268 gignit.

379 1294 454 1346 Ac
487 1302 700 1346 rursum
730 1306 834 1344 non
868 1291 974 1345 viui
1005 1293 1178 1345 solum
1211 1292 1453 1361 crapula,
1494 1292 1588 1346 sed
1620 1293 1782 1346 etiam
1814 1305 1967 1359 aquae

379 1384 676 1454 plenitudo,
711 1399 773 1438 ac
801 1385 1162 1453 quorumlibet
1189 1385 1430 1440 ciborum
1459 1385 1835 1451 redundantia,
1870 1385 1968 1438 ho-

381 1476 580 1530 minem
631 1484 961 1546 aggravant,
1017 1490 1080 1531 ac
1127 1485 1428 1545 torpentem
1479 1476 1968 1544 dormitantemque

381 1567 631 1620 reddunt.
664 1567 960 1622 Sodomitis
986 1583 1090 1620 non
1117 1567 1250 1636 vini,
1271 1585 1374 1620 non
1405 1569 1673 1622 variorum
1699 1567 1964 1630 ciborum,

379 1658 592 1727 crapula
626 1659 992 1713 subversionis
1020 1674 1180 1712 causa
1215 1659 1335 1725 fuit,
1365 1660 1457 1714 sed
1502 1660 1655 1728 panis
1691 1659 1963 1719 saturitas,

2064 467 2223 522 nibus
2278 481 2558 521 revocare.
2618 467 2699 521 Ad
2745 467 2793 521 id
2841 471 3130 536 praesertim
3172 471 3370 528 confert
3415 479 3570 535 animat

2065 557 2361 619 humilitas,
2391 556 2530 611 citra
2559 571 2717 625 quam
2757 572 2856 612 nec
2888 557 3296 626 fornicationem,
3327 579 3416 619 nec
3438 577 3570 622 caete-

2065 661 2154 702 ras
2201 649 2484 717 passiones
2531 648 2736 702 valebit
2764 647 3022 717 quispiam
3054 665 3316 720 superare.
3342 653 3459 708 Cum
3489 659 3573 725 pri.

2065 742 2167 796 mis
2226 741 2406 810 itaque
2452 751 2676 810 oportet
2722 742 2866 796 omni
2916 743 3152 796 custodia
3198 758 3286 799 cor
3329 759 3514 801 servare
3550 765 3573 802 a

2065 832 2302 887 sordidis
2340 833 2754 903 cogitationibus
2783 831 2979 904 (Prov.
3011 849 3080 898 rv,
3113 835 3237 906 2‘5).
3277 837 3347 890 Ex
3371 852 3428 892 eo
3451 855 3571 893 nam-

2067 939 2174 995 que
2222 926 2524 994 prodeunt,
2569 925 2718 995 juxta
2773 928 2978 982 Domini
3023 942 3238 994 vocem,
3277 932 3575 999 cogitationes

2069 1017 2224 1072 mala:
2249 1060 2263 1082 ,
2311 1017 2489 1072 caades
2515 1062 2530 1086 ,
2581 1018 2843 1074 adulteria
2871 1061 2886 1086 ,
2936 1021 3284 1075 scortationes
3325 1030 3375 1075 et
3418 1031 3576 1076 caetera

2070 1109 2301 1178 (Matth.
2330 1126 2418 1177 xv,
2465 1110 2596 1181 i9).
2644 1111 2914 1180 Jejunium
2969 1114 3162 1181 quippe
3214 1127 3312 1167 non
3357 1115 3492 1167 modo
3527 1114 3578 1168 ad

2067 1203 2418 1257 afﬂictionem
2477 1204 2723 1270 corporis
2781 1203 3075 1273 injunctum
3143 1204 3290 1258 nobis
3347 1213 3456 1268 est;
3504 1204 3576 1258 sed

2069 1293 2231 1349 etiam
2263 1294 2328 1348 ad
2361 1295 2771 1364 temperantiam
2795 1298 3011 1359 mentis,
3035 1310 3107 1349 Ite
3135 1294 3358 1350 ciborum
3385 1295 3580 1348 multitu-

2069 1385 2194 1440 dine
2224 1385 2597 1452 obtenebrata,
2622 1401 2728 1440 non
2753 1388 2925 1454 possit
2945 1400 3134 1441 cavere
3161 1401 3187 1438 a
3209 1386 3579 1455 cogitationibus.

2069 1478 2296 1548 Oportet
2343 1479 2504 1547 igitur
2550 1493 2657 1534 non
2697 1479 2869 1534 solum
2904 1479 3111 1548 jejunio
3139 1479 3383 1548 corporali
3409 1493 3580 1531 omnem

2072 1585 2258 1625 curam
2309 1570 2656 1641 impendere,
2689 1571 2782 1625 sed
2831 1573 2992 1625 etiam
3039 1570 3307 1624 attentioni
3335 1569 3391 1622 ad
3420 1569 3561 1637 cogita

2073 1665 2267 1728 tiones,
2297 1672 2350 1717 et
2385 1661 2655 1732 spirituali
2688 1662 3047 1726 meditationi,
3077 1661 3204 1715 citra
3231 1676 3354 1730 quas
3379 1660 3581 1727 impossi-

379 1752 527 1821 juxta
571 1751 887 1821 prophetam
923 1751 1133 1823 (Ezech.
1167 1769 1274 1820 xvi,
1305 1752 1422 1824 49).
1457 1754 1749 1809 infirmitas
1777 1769 1962 1823 corpo-
2004 1749 2046 1809 Β
2074 1757 2183 1811 bile
2220 1767 2303 1812 est
2361 1757 2426 1809 ad
2479 1771 2740 1811 cacumen
2788 1768 2930 1810 vera!
2981 1753 3241 1810 castitatis
3279 1760 3329 1806 et
3385 1750 3585 1820 puritatis

380 1845 454 1897 ris
498 1844 713 1913 puritati
745 1843 925 1898 cordis
954 1859 1059 1898 non
1095 1855 1398 1900 aversatur.
1443 1845 1520 1899 Ea
1550 1846 1727 1916 itaque
1754 1846 1968 1916 corpori

382 1937 584 1990 tribuas
615 1953 733 2006 qua:
768 1935 1056 1991 infirmitas
1093 1937 1208 2006 ejus
1252 1939 1506 2008 postulat,
1541 1954 1646 1993 non
1675 1955 1794 2010 quae
1819 1941 1972 1994 volu-

384 2040 500 2094 ptas
541 2029 764 2092 expetit.
809 2029 1066 2084 Ciborum
1109 2045 1234 2085 usus
1273 2030 1560 2085 adhibetur
1601 2040 1860 2101 quantum
1901 2031 1969 2085 ad

382 2122 544 2172 vitam
593 2119 877 2174 fovendam
929 2121 1296 2176 necessarium
1343 2129 1447 2188 est,
1495 2137 1603 2176 non
1650 2129 1711 2175 ut
1750 2121 1969 2189 impetui

382 2202 835 2280 concupiscentia
881 2213 1168 2267 serviatur.
1215 2212 1492 2268 Moderata
1535 2221 1590 2268 et
1629 2213 1972 2268 rationabilis

381 2306 486 2360 cibi
531 2308 769 2376 sumptio
816 2308 1106 2361 sanitatem
1138 2309 1380 2377 corporis
1417 2307 1690 2371 conciliat,
1721 2323 1820 2362 nec
1849 2322 1972 2360 san-

381 2401 621 2453 ctitatem
651 2399 848 2454 aufert.
886 2401 1011 2455 llmc
1055 2416 1242 2454 norma
1274 2410 1329 2456 et
1355 2403 1539 2471 regula
1571 2409 1656 2456 est
1692 2401 1970 2455 abstinen-

384 2491 470 2543 liae
501 2503 780 2556 accurata,
815 2507 842 2544 a
883 2492 1082 2545 sanctis
1116 2493 1366 2547 Patribus
1392 2493 1609 2558 tradita,
1642 2503 1702 2547 ut
1732 2493 1972 2548 instante

382 2581 557 2634 adhuc
584 2587 843 2649 appetitu.
873 2581 976 2636 cibi
1001 2581 1246 2636 sumendi
1283 2583 1445 2636 finem
1477 2581 1636 2637 faciat
1669 2583 1759 2654 qui
1789 2599 1971 2638 come-

382 2672 482 2726 dit.
514 2673 576 2726 Et
606 2673 895 2742 Apostolus
924 2673 1048 2726 dum
1081 2673 1157 2728 ait
1191 2692 1204 2728 :
1240 2673 1428 2728 Carnis
1458 2691 1633 2728 curam
1660 2693 1722 2730 ne
1749 2677 1972 2746 feceritis

382 2765 433 2817 in
481 2764 739 2818 desiderio
788 2763 984 2836 (Rom.
1038 2780 1154 2830 xm,
1202 2763 1342 2837 14),
1395 2780 1503 2820 non
1550 2765 1970 2821 sollicitudinem

382 2857 506 2910 vitae
553 2856 916 2912 necessariam
967 2856 1266 2926 prohibuit,
1309 2858 1402 2912 sed
1445 2873 1628 2912 curam
1675 2860 1845 2914 vetuit
1893 2859 1974 2914 fo-

381 2949 568 3001 venda;
615 2947 920 3016 voluptatis.
979 2947 1249 3004 (Laterum
1306 2947 1373 3003 ad
1431 2949 1727 3019 perfectam
1777 2951 1971 3005 animae

382 3038 701 3107 miritttem,
747 3039 863 3093 sola
919 3039 1166 3094 ciborum
1213 3039 1540 3094 abstinentia
1587 3057 1690 3095 non
1739 3040 1968 3104 sufﬁcit,

2075 1849 2388 1904 ascendere.
2407 1847 2674 1902 Convenit
2692 1848 2873 1916 igitur,
2889 1846 3041 1915 juxta
3078 1842 3280 1899 Domini
3307 1856 3490 1903 vocem,
3510 1853 3586 1893 nos

2075 1941 2328 1995 interiora
2357 1941 2543 1994 calicis
2582 1950 2636 1994 et
2664 1938 2974 2010 paropsidis
3021 1936 3289 2000 mundare,
3319 1941 3371 1986 ut
3392 1933 3483 1985 sint
3517 1946 3584 1984 ex-

2075 2034 2273 2088 teriora
2335 2031 2534 2086 munda
2580 2029 2817 2100 (Matth.
2866 2042 3020 2093 xxnt,
3071 2023 3203 2095 26).
3231 2024 3524 2090 Quapropter
3553 2018 3586 2070 si

2074 2140 2199 2180 cura
2247 2123 2318 2178 sit
2345 2123 2522 2187 nobis,
2561 2121 2713 2191 juxta
2747 2120 3102 2191 Apostolnm,
3147 2118 3366 2184 legitime
3391 2107 3588 2166 ceitandi

2074 2227 2130 2272 et
2174 2231 2429 2271 coronam
2475 2213 2778 2284 accipiendi
2811 2216 2828 2282 (
2855 2213 2896 2266 ll
2926 2212 3065 2269 Tim.
3098 2226 3154 2271 ιι,
3187 2211 3218 2264 5
3241 2207 3282 2278 ),
3307 2205 3489 2260 devicto
3513 2203 3588 2254 im-

2079 2322 2214 2377 puro
2266 2307 2637 2361 fornicationis
2696 2306 2921 2374 Spiritu,
2977 2318 3042 2358 ne
3077 2301 3267 2356 nostris
3304 2299 3507 2356 viribus,
3539 2307 3590 2347 ne

2077 2412 2276 2455 nostra:
2306 2400 2478 2455 ascesi
2514 2399 2852 2453 conﬁdamus
2880 2439 2896 2464 ,
2939 2397 3035 2453 sed
3064 2392 3381 2462 Opitulationi
3423 2385 3589 2444 Domini

2078 2491 2196 2544 Dei.
2237 2489 2427 2544 Nullus
2467 2490 2608 2544 enim
2643 2488 2844 2542 homini
2884 2487 3007 2542 ﬁnis
3033 2484 3328 2542 certaminis
3355 2478 3591 2544 cumejus-

2078 2583 2224 2636 moui
2251 2583 2518 2647 daemone,
2549 2581 2725 2635 donec
2767 2594 2959 2634 revera
2985 2579 3161 2633 credat
3193 2589 3248 2630 se
3276 2588 3373 2627 non
3399 2584 3483 2623 suo
3506 2577 3591 2619 stu-

2077 2675 2166 2730 dio
2193 2682 2286 2728 aut
2317 2674 2532 2738 labore,-
2561 2674 2656 2727 sed
2685 2673 2781 2727 Dei
2807 2674 3042 2742 impulsu
3063 2681 3119 2725 et
3143 2666 3334 2723 auxilio
3357 2665 3418 2718 ab
3443 2662 3588 2728 hujus-

2078 2767 2225 2822 modi
2269 2766 2461 2820 morbo
2508 2765 2758 2831 liberari,
2788 2774 2842 2820 et
2885 2766 2955 2819 ad
2987 2777 3248 2820 summum
3281 2753 3592 2814 castitatisia-

2077 2862 2292 2928 stigium
2323 2858 2640 2914 ascendere.
2673 2857 2964 2913 Enimvero
2991 2871 3148 2925 supra
3172 2862 3398 2909 naturam
3420 2860 3495 2902 res
3511 2853 3591 2905 est.

2078 2964 2133 3008 et
2177 2953 2356 3021 aliquo
2399 2951 2558 3006 modo
2600 2961 2755 3006 extra
2801 2966 3002 3020 corpus
3029 2949 3243 3011 existit,
3287 2943 3368 3014 qui
3396 2938 3593 2994 stimulus

2078 3045 2257 3100 carnis
2278 3046 2504 3116 ejusque
2525 3044 2826 3114 voluptates
2852 3044 3102 3098 calcavit.
3124 3041 3291 3107 Quare
3315 3027 3594 3103 impossibile

381 3130 482 3183 nisi
532 3140 863 3183 concurrant
913 3139 1124 3184 cat-terte
1173 3131 1422 3186 virtutes.
1458 3133 1746 3186 ilumilitas
1793 3135 1971 3203 itaque
1998 3127 2044 3190 C
2077 3148 2157 3192 εει
2187 3137 2485 3199 hominem,
2512 3135 2646 3200 suis,
2689 3145 2746 3190 ut
2774 3136 2844 3189 ita
2875 3135 3075 3198 dicam,
3109 3129 3310 3202 pennis,
3336 3127 3393 3180 ad
3421 3123 3507 3178 hoc
3528 3133 3595 3174 ων

382 3235 477 3290 per
503 3220 864 3274 obedientiam
904 3221 956 3274 in
987 3238 1173 3290 opere,
1203 3231 1256 3275 et
1284 3238 1376 3290 per
1405 3222 1750 3278 afﬂictionem
1776 3239 1969 3288 corpo—

384 3312 458 3363 ris
503 3325 692 3379 magna
742 3311 900 3364 nobis
946 3310 1158 3364 confert
1207 3311 1365 3364 bona.
1420 3311 1550 3366 Illud
1599 3322 1681 3366 est
1728 3313 1969 3369 avaritia

379 3412 659 3471 expertem
691 3416 834 3469 esse,
872 3418 975 3454 non
1009 3403 1168 3456 modo
1199 3405 1455 3470 pecunias
1482 3420 1588 3459 non
1608 3404 1840 3471 habere,
1875 3407 1969 3462 sed

381 3508 450 3547 nc
481 3495 867 3561 concupiscere
900 3495 1115 3564 quidem
1148 3496 1358 3550 illarum
1390 3498 1811 3565 pos+essionem.
1845 3501 1973 3555 Ani-

384 3600 525 3639 mam
572 3586 638 3640 ad
673 3587 955 3654 puritatem
989 3588 1207 3642 adducit
1236 3589 1498 3644 cohibitio
1539 3591 1635 3646 ira:
1660 3633 1677 3660 ,
1711 3593 1967 3661 tristitiae,

377 3691 532 3730 vana:
557 3677 780 3747 .glorize,
827 3678 1111 3743 superbiae.
1153 3680 1278 3735 llaec
1302 3683 1478 3736 omnia
1511 3684 1816 3739 universam
1849 3686 1968 3740 ani-

379 3785 483 3824 ma:
527 3773 808 3838 puritatem
838 3772 1101 3826 efﬁciunt.
1133 3773 1429 3830 Puritatetn
1457 3786 1638 3831 autem
1683 3779 1826 3833 illam
1854 3781 1973 3835 ani-

380 3875 486 3914 mat
536 3862 897 3930 peculiarem,
931 3880 1050 3931 qua:
1081 3880 1178 3932 per
1217 3869 1629 3937 temperantiam
1671 3872 1966 3939 olitinetnr,

379 3953 704 4008 abstinentia
730 3955 782 4009 in
818 3955 1006 4024 primis
1036 3967 1090 4011 et
1122 3957 1386 4027 jejunium
1418 3960 1678 4016 efficiunt.
1715 3963 1972 4032 Impossi-

381 4045 489 4098 bile
527 4045 726 4115 quippe
771 4056 854 4100 cst
906 4061 1028 4100 eum
1079 4049 1169 4115 qui
1221 4061 1373 4102 satur
1403 4062 1592 4104 ventre
1639 4062 1757 4117 est,
1786 4054 1969 4107 animo

381 4136 666 4190 decertare
706 4135 968 4190 adversus
1011 4138 1257 4206 spiritum
1299 4139 1689 4195 fornicationis.
1730 4144 1966 4199 Primum

380 4231 562 4298 itaque
614 4227 770 4283 nobis
817 4229 888 4283 sit
933 4239 1234 4300 certamen,
1289 4241 1347 4285 ut
1398 4235 1570 4288 ventri
1615 4235 1965 4304 imperemus,

381 4336 688 4392 corpusque
717 4321 770 4375 in
795 4323 1111 4378 servitutem
1152 4323 1486 4380 deducamus
1512 4344 1524 4379 :
1551 4343 1656 4382 non
1686 4329 1846 4384 modo
1876 4348 1970 4400 per

377 4413 664 4485 jejunium,
697 4415 792 4470 sed
836 4417 998 4470 etiam
1047 4432 1142 4487 per
1188 4418 1420 4489 vigilias,
1470 4421 1732 4490 laborem,
1781 4423 1969 4479 lectio-

2075 3246 2272 3286 cumen
2314 3237 2369 3285 et
2413 3229 2480 3284 ad
2525 3229 2773 3284 bravium
2799 3228 3102 3283 sanctitatis
3147 3223 3400 3283 advolare,
3425 3211 3596 3284 angelo-

2075 3339 2302 3394 rumque
2342 3324 2670 3377 imitatorem
2716 3322 2876 3388 effici,
2911 3322 3021 3376 nisi
3064 3320 3209 3375 illum
3246 3315 3402 3387 gratia
3431 3309 3513 3365 Dei
3545 3319 3595 3358 ex

2078 3425 2217 3469 terra
2250 3424 2304 3470 et
2342 3430 2498 3470 cteno
2534 3413 2747 3468 educat.
2780 3413 2934 3468 Nulla
2982 3413 3127 3467 enim
3170 3411 3360 3464 virtute
3399 3399 3596 3457 homines

2074 3521 2238 3560 carne
2269 3507 2457 3574 illigati
2489 3507 2803 3561 caelestibus
2845 3507 3055 3575 angelis
3085 3502 3359 3558 similiores
3399 3493 3596 3564 efficiun-

2076 3607 2182 3660 tur,
2219 3613 2375 3667 qnam
2420 3598 2776 3666 temperantia
2829 3614 2842 3651 :
2885 3612 2988 3668 per
3015 3613 3131 3651 eam
3158 3595 3293 3649 enim
3323 3589 3434 3643 dum
3460 3582 3598 3637 adhuc

2075 3689 2126 3743 in
2161 3699 2303 3744 terra
2335 3691 2556 3759 degunt,
2600 3689 2814 3751 habent,
2847 3690 3004 3759 juxta
3032 3685 3372 3756 Apostolum,
3412 3688 3599 3733 conver-

2073 3781 2338 3835 sationem
2359 3781 2418 3835 in
2444 3781 2596 3836 caelis
2622 3779 2891 3852 (Philipp.
2939 3797 3020 3850 ιιι,
3044 3780 3115 3834 20
3133 3781 3172 3849 ).
3205 3775 3330 3830 Illud
3357 3777 3508 3824 autem
3534 3767 3598 3815 est

2073 3875 2288 3926 virtutis
2315 3873 2540 3942 hujusce
2567 3888 2594 3924 a
2626 3874 2781 3927 nobis
2807 3876 3090 3942 acquisita:
3122 3870 3384 3927 indicium,
3411 3861 3452 3916 si
3484 3855 3596 3955 nulla

2073 3964 2323 4020 obscena:
2373 3966 2676 4034 phantasia:
2727 3966 2903 4035 imago
2944 3961 3255 4020 dormientis
3297 3956 3465 4010 subeat
3501 3960 3598 4000 ant-

2073 4073 2244 4112 mum.
2273 4057 2505 4112 Etiamsi
2537 4059 2679 4112 enim
2711 4070 2992 4128 peccatum
3022 4075 3128 4113 non
3160 4057 3423 4123 reputatur
3451 4043 3599 4108 lluil's'

2073 4150 2219 4205 modi
2266 4161 2467 4212 motus.
2516 4151 2725 4219 signum
2760 4160 2944 4204 tamen
2973 4159 3058 4206 est
3086 4144 3380 4218 a'grotantis
3407 4151 3462 4191 ac
3487 4146 3598 4187 non-

2073 4241 2200 4296 dum
2253 4242 2507 4312 passione
2559 4242 2652 4296 tali
2713 4242 2961 4298 liberata:
3014 4242 3238 4296 anitum.
3293 4227 3599 4302 Quamobrem

2072 4337 2340 4391 obscenas
2380 4337 2499 4390 illas
2544 4337 2854 4406 phantasias
2885 4338 3025 4391 inter
3055 4329 3411 4390 dormiendum
3437 4331 3599 4418 occ-ure

2075 4439 2258 4484 rentes
2302 4439 2493 4498 putare
2536 4430 2793 4483 debemus
2843 4445 2967 4484 esse
3010 4420 3359 4498 praecedentis
3396 4411 3600 4482 segnitiei

383 4522 510 4561 nem
535 4549 551 4574 ,
600 4506 728 4562 item
776 4508 956 4562 animo
1006 4510 1360 4578 concipiendo
1401 4511 1663 4580 gehennae
1714 4513 1964 4572 timorem
2001 4490 2051 4548 Β
2075 4530 2476 4591 argumentum,
2505 4530 2665 4588 atque
2682 4531 2894 4575 nostra:
2924 4518 3270 4578 inﬁrmitatis,
3299 4509 3600 4566 morbnmqne

379 4605 436 4652 et
465 4595 796 4652 desiderium
829 4599 978 4668 regni
1003 4601 1285 4654 calorum.

452 4687 508 4743 2.
552 4685 721 4759 (Cass.
748 4688 881 4743 Inst.
907 4688 948 4746 ι.
980 4705 1118 4755 vt,e.
1141 4690 1173 4744 .i
1207 4699 1254 4744 et
1285 4692 1448 4763 seqq.)
1479 4692 1786 4752 Secundum
1817 4699 1972 4755 nobis

381 4792 771 4839 est-certamen
803 4783 1065 4839 adversus
1091 4785 1342 4853 spiritum
1373 4785 1745 4846 fornicationis
1770 4800 1824 4848 et
1851 4808 1974 4848 con-

384 4875 774 4944 cupiscentiam
801 4877 1004 4946 carnis,
1037 4891 1156 4946 quae
1185 4879 1626 4948 concupiscentia
1650 4898 1683 4937 a
1711 4885 1970 4954 primaeva

383 4978 546 5023 aetate
602 4967 905 5023 molestiam
955 4968 1162 5025 homini
1209 4985 1400 5029 creare
1449 4973 1658 5045 incipit.
1721 4977 1970 5047 Magnum

384 5057 518 5113 illud
558 5073 836 5129 graveque
885 5072 1186 5126 certamen,
1239 5062 1440 5135 duplici
1489 5077 1746 5123 constans
1788 5071 1970 5138 lucta;

385 5151 580 5222 duplex
605 5153 748 5208 enim
779 5163 893 5222 est,
945 5170 1065 5210 cum
1109 5158 1163 5211 in
1193 5171 1424 5228 corpore
1453 5169 1507 5214 et
1533 5161 1585 5214 in
1610 5162 1792 5216 anima
1820 5177 1970 5218 com-

385 5247 1014 5319 mutatum-Quapropter
1043 5249 1246 5320 duplici
1276 5262 1489 5322 oportet
1524 5268 1646 5309 cum
1677 5256 1770 5311 illo
1800 5271 1972 5328 pugna

382 5339 694 5410 confligere.
729 5341 913 5413 Neque
943 5343 1086 5398 enim
1123 5345 1410 5413 corporale
1436 5345 1698 5416 jejunium
1729 5351 1862 5404 satis
1891 5361 1977 5406 est

384 5429 450 5483 ad
481 5430 1135 5504 perfectae-temperantia:
1177 5438 1580 5508 possessionem
1609 5453 1663 5496 et
1691 5443 1758 5497 ad
1794 5459 1974 5499 veram

385 5524 712 5591 castitatem,
765 5528 866 5582 nisi
909 5529 1055 5583 adsit
1081 5532 1256 5585 oratio
1285 5530 1352 5585 ad
1385 5530 1550 5586 Deum
1593 5533 1830 5601 assidua,
1865 5535 1976 5592 fre-

383 5629 558 5683 quens
597 5617 900 5674 divinarum
929 5620 1328 5692 Scripturarum
1372 5622 1674 5691 meditatio,
1727 5625 1881 5682 labor
1919 5635 1976 5682 et

385 5721 522 5775 opus
562 5725 834 5784 manuum,
863 5729 981 5786 quae
1016 5713 1297 5774 instabiles
1339 5716 1538 5779 anima:
1563 5718 1794 5790 impetus
1828 5734 1975 5777 comc

2076 4613 2128 4667 in
2157 4613 2372 4668 secreto
2401 4613 2579 4668 cordis
2603 4613 2773 4668 nostri
2803 4615 3060 4669 latentem
3099 4611 3266 4680 aperit
3302 4599 3508 4692 cessatio
3533 4607 3602 4692 stt-

2076 4705 2208 4760 mnii
2252 4706 2697 4774 expergiscentis.
2738 4705 2918 4771 Quare
2964 4705 3260 4758 animarum
3319 4691 3530 4750 medicus
3562 4696 3602 4733 In

2077 4796 2271 4850 animae
2338 4795 2706 4865 penetralibus
2760 4796 3082 4850 medicinam
3134 4786 3396 4858 reposuit,
3441 4786 3603 4850 gnarus

2077 4889 2252 4944 morbi
2284 4900 2479 4942 causas
2506 4887 2636 4941 inibi
2666 4901 2806 4954 esse,
2847 4887 2973 4942 dum
3005 4886 3081 4940 ait
3118 4901 3132 4938 :
3177 4881 3276 4949 Qui
3303 4872 3488 4944 respicit
3511 4881 3601 4919 πικ-

2080 4981 2254 5035 lierem
2278 4981 2348 5035 ad
2365 4979 2835 5049 concupiscendum
2867 4983 3125 5053 eam,jam
3159 4972 3420 5031 moechatus
3437 4973 3497 5020 est
3515 4971 3604 5014 eam

2074 5074 2132 5128 in
2164 5074 2316 5127 corde
2341 5089 2434 5127 suo
2459 5073 2486 5145 .(
2511 5073 2700 5127 Matth.
2731 5089 2783 5140 v,
2815 5073 2884 5128 ‘28
2905 5072 2948 5144 ),
2975 5087 3080 5126 non
3112 5079 3308 5125 tantum
3341 5073 3392 5116 ut
3420 5055 3605 5152 lascivus

2077 5175 2132 5221 et
2161 5166 2409 5220 curiosus
2433 5166 2622 5221 oculos
2651 5166 2989 5236 corrigeret,
3023 5163 3118 5218 sed
3148 5159 3312 5214 multo
3341 5153 3490 5220 ιιιιιείε
3513 5157 3603 5198 an"

2079 5274 2219 5312 mam
2254 5258 2400 5313 intus
2429 5257 2610 5323 sitam,
2639 5274 2760 5328 quae
2805 5258 2976 5312 oculis
3009 5257 3074 5310 ad
3107 5256 3298 5308 bonum
3347 5243 3440 5301 sibi
3464 5255 3488 5292 a
3517 5237 3604 5290 De"

2079 5349 2221 5404 datis
2253 5351 2498 5417 improbe
2522 5361 2604 5405 est
2634 5365 2725 5403 usa
2753 5367 2768 5404 :
2793 5366 2912 5421 quae
2951 5362 3116 5403 causa
3165 5355 3243 5400 est
3285 5355 3374 5394 cur
3421 5332 3604 5400 Sapiens

2083 5443 2431 5511 proverbium
2465 5443 2630 5507 dicat,
2658 5459 2786 5508 non,
2812 5441 2969 5497 Omni
2991 5437 3232 5496 CilelOdiil
3259 5444 3405 5488 serva
3425 5421 3602 5511 oculos;

2081 5505 2177 5589 sed
2201 5575 2214 5601 ,
2266 5532 2422 5590 Omni
2451 5538 2686 5591 custodia
2714 5553 2859 5592 serra
2887 5551 2972 5590 cor
3014 5544 3160 5588 tuum
3189 5525 3376 5601 (Prae.
3405 5505 3602 5614 "(.95)-

2084 5626 2162 5682 llli
2215 5627 2426 5682 scilicet
2473 5629 2706 5684 maxime
2746 5627 3004 5684 custodire
3052 5619 3340 5678 remedium
3376 5604 3600 5679 applicat.

2082 5736 2200 5792 quae
2228 5720 2401 5778 oculis
2424 5721 2650 5779 arbitrio
2677 5737 2777 5779 suo
2809 5721 2992 5778 utitur.
3031 5717 3209 5787 itaque
3235 5711 3343 5767 hac
3365 5704 3426 5762 sit
3450 5701 3598 5770 ιιιπΞθ·
