3910 6168
306 360 407 418 8R!

1291 350 1637 407 EPITOMES
1674 346 1956 404 OPERUM
1998 347 2309 405 CASSIANI
2350 348 2472 406 LIB.
2520 351 2584 407 ll.

3483 349 3586 405 8'82

304 474 471 529 tionis
514 478 711 523 nos‘rte
754 467 924 539 prima
965 465 1228 531 custodia,
1269 475 1325 519 ut
1365 480 1486 519 eum
1532 474 1764 519 mentem
1797 479 1867 517 no
1925 463 1977 522 Δ
2003 477 2085 521 cst
2108 466 2411 536 hujusmodi
2446 469 2667 535 bellum,
2696 482 2759 524 ac
2786 479 2952 525 extra
2983 478 3225 527 naturam
3252 485 3374 528 esse
3397 472 3587 543 depre.

302 578 471 619 stram
514 562 754 615 mulieris
792 558 1053 614 memoria
1080 599 1094 623 ,
1139 557 1402 611 diabolica
1453 557 1768 624 operatione
1807 571 1899 609 su-

303 656 489 718 bierit,
522 651 733 706 etiamsi
767 650 976 716 matris,
1006 656 1099 702 aut
1128 647 1353 713 sororis,
1384 657 1473 701 aut
1514 648 1723 716 piarum
1766 647 1896 700 alia-

303 764 425 804 rum
474 746 788 810 mulierum,
826 754 1034 796 mature
1063 740 1208 795 illam
1250 756 1314 796 ex
1361 740 1527 795 corde
1568 751 1751 795 nostro
1792 740 1892 810 eji-

304 844 546 895 ciamus:
572 837 709 892 nesi
744 837 795 889 in
821 834 912 888 tali
941 834 1262 904 cogitatione
1286 832 1487 900 diutius
1519 833 1890 896 immoremur,

305 933 562 987 seductor
590 945 652 981 ac
684 929 946 981 malorum
989 935 1177 979 auctor
1211 924 1330 990 ille,
1370 940 1438 978 ex
1477 923 1743 993 ejusmodi
1774 923 1894 977 vul-

306 1033 458 1077 tuum
493 1018 798 1091 phantasia,
829 1018 879 1069 in
908 1018 1169 1071 obscenas
1200 1025 1249 1070 et
1281 1015 1568 1070 damnosas
1595 1016 1894 1081 cogitatio-

306 1131 402 1170 nes
434 1124 668 1168 meutem
696 1109 947 1164 devolvat
974 1124 1034 1163 ac
1068 1107 1394 1177 praecipitet;
1438 1106 1889 1177 quemadmodum

307 1205 619 1275 prmeipitur
660 1201 915 1256 mandato
959 1201 1054 1255 illo
1101 1200 1190 1254 "ei
1237 1199 1302 1253 ad
1343 1199 1573 1269 primum
1616 1197 1886 1252 hominem

304 1299 454 1359 dato,
482 1304 539 1348 ut
570 1294 823 1347 nimirum
853 1292 1164 1345 observaret
1196 1298 1358 1359 caput
1379 1289 1667 1358 serpentis,
1700 1287 1753 1341 id
1784 1296 1890 1352 est,

306 1386 632 1457 principium
682 1385 957 1438 damnosae
1002 1381 1374 1452 cogitationis,
1426 1396 1525 1449 qua
1559 1381 1611 1434 in
1651 1380 1888 1434 animam

305 1490 549 1536 nostram
592 1477 835 1545 irrepere
874 1476 1083 1537 nititur,
1131 1483 1187 1528 ut
1230 1488 1299 1529 ne
1339 1473 1576 1527 admisso
1607 1473 1804 1541 capite,
1838 1470 1889 1526 id

305 1581 411 1639 est,
444 1571 612 1640 prima
646 1567 988 1637 cogitationis
1020 1568 1340 1634 irruptione,
1369 1564 1635 1634 reliqnum
1666 1577 1888 1631 serpen-

306 1665 375 1717 tis
421 1675 652 1729 Corpus,
697 1660 901 1713 scilicet
946 1672 1267 1711 consensum
1307 1656 1598 1724 voluptatis
1638 1654 1889 1709 admitta-

306 1770 463 1818 ιιιιε,
511 1763 673 1823 atque
704 1752 833 1805 hinc
869 1751 1085 1805 demum
1120 1750 1173 1803 iu
1204 1749 1467 1803 nefarium
1502 1747 1708 1802 fat-inus
1739 1762 1887 1801 men-

2003 559 2289 622 henditur.
2344 569 2504 627 atque
2552 562 2941 616 incredulitatis
2988 563 3274 618 occasione
3324 566 3588 619 monacho

1998 651 2274 720 contingit.
2338 650 2629 707 Enimvero
2665 652 2889 707 aliorum
2917 632 3196 708 aﬁ’ectuum
3226 655 3424 709 stimuli
3449 696 3464 717 .
3496 657 3588 710 ira:

1996 742 2203 798 scilicet
2245 754 2297 798 et
2335 746 2816 813 concupiscentim,
2871 760 2935 799 ex
2975 761 3203 816 corpore
3249 749 3586 803 occasionem

1999 834 2198 889 habere
2224 836 2510 902 videntur,
2550 851 2611 889 ac
2648 836 3044 904 quodammodo
3079 839 3222 892 insiti
3264 847 3414 904 sunt,
3446 849 3501 894 et
3521 855 3589 891 ex

1998 928 2274 981 nativitate
2306 928 2625 997 principium
2667 926 2864 980 habent
2899 944 3055 998 :qure
3082 944 3241 983 causa
3272 938 3426 985 estut
3453 946 3586 983 non-

1998 1019 2098 1073 nisi
2152 1018 2361 1073 diutino
2419 1028 2661 1085 tempore
2704 1029 3045 1087 superentur.
3111 1020 3359 1076 Avaritia:
3405 1032 3583 1077 autem

1997 1112 2216 1166 morbus
2280 1114 2626 1169 extrinsecus
2694 1114 2987 1169 adveniens
3064 1114 3271 1169 facilius
3343 1117 3583 1171 exscindi

1997 1212 2197 1273 potest,
2219 1202 2344 1257 dum
2360 1204 2500 1257 adsit
2523 1221 2648 1259 cura
2665 1206 2892 1259 etanimi
2914 1206 3161 1260 attentio.
3193 1211 3257 1259 At
3286 1208 3328 1260 si
3355 1208 3587 1277 negliga-

1997 1305 2101 1361 tur,
2130 1295 2487 1364 perniciosior
2514 1297 2635 1351 aliis
2661 1296 2941 1351 aﬁ‘ectibus
2968 1306 3070 1363 est,
3104 1307 3264 1365 atque
3296 1313 3583 1352 exsecran-

1994 1388 2095 1443 dus
2130 1388 2313 1443 evadit
2344 1406 2357 1441 :
2391 1404 2515 1443 nam
2546 1389 2696 1443 radix
2745 1390 2982 1443 onmimn
3022 1389 3284 1443 malorum
3326 1397 3409 1443 est
3435 1390 3583 1458 juxta

1995 1480 2309 1548 Apostolum
2346 1480 2397 1552 (l
2431 1480 2563 1535 Tim.
2592 1493 2666 1545 vt,
2695 1479 2817 1548 10).
2865 1481 3067 1536 Verum
3110 1482 3209 1537 hac
3240 1484 3450 1538 ratione
3485 1483 3584 1536 ista

1993 1572 2400 1627 consideremus
2428 1590 2442 1626 :
2472 1575 2749 1628 naturales
2772 1575 3018 1643 corporis
3044 1584 3251 1641 motus,
3278 1591 3381 1628 non
3414 1578 3583 1628 solum

1991 1662 2043 1716 iu
2075 1665 2255 1727 pueris
2283 1665 2712 1733 eonSpiciuutur,
2738 1666 2789 1719 in
2813 1666 3009 1736 quibus
3027 1667 3259 1720 nondum
3281 1677 3362 1720 est
3383 1668 3586 1721 discre-

1996 1755 2070 1809 tio
2091 1755 2212 1809 boni
2236 1766 2288 1810 et
2319 1756 2480 1821 mali,
2513 1756 2604 1810 sed
2644 1758 2805 1812 etiam
2852 1758 2904 1810 in
2949 1760 3109 1812 etiam
3162 1759 3394 1811 minimis
3424 1770 3475 1812 et
3506 1759 3585 1811 la-

305 1856 416 1900 tem
462 1845 554 1899 ille
595 1842 813 1913 dejiciat
846 1861 859 1897 :
894 1842 988 1896 sed
1031 1855 1126 1910 par
1162 1850 1265 1908 est,
1295 1842 1369 1895 uti
1402 1843 1660 1909 scriptum
1701 1850 1805 1905 est,
1836 1840 1886 1893 in
1922 1837 1965 1896 Β
1999 1845 2269 1900 cientibus
2318 1846 2649 1913 infantibus,
2706 1848 2794 1917 qui
2858 1862 2978 1902 cum
3027 1848 3258 1901 carnalis
3298 1850 3585 1916 voluptatis

306 1939 574 1992 .uatutino
603 1935 915 1990 interﬁcere
944 1948 1133 1989 omnes
1166 1943 1477 2007 peccatores
1506 1941 1664 1987 terra:
1697 1934 1714 2004 (
1742 1932 1888 1986 Psal.

304 2047 358 2099 ιτ,
391 2034 483 2102 8);
523 2029 575 2085 id
610 2038 712 2093 est,
747 2028 947 2083 lumine
972 2026 1293 2098 cognitionis
1321 2026 1693 2080 internoscere
1719 2033 1883 2095 atque

314 2121 634 2192 disperdere
688 2121 1042 2189 cogitationes
1083 2119 1150 2174 ad
1192 2129 1474 2190 peccatum
1534 2118 1891 2182 deducentes;

306 2232 373 2270 ex
408 2223 572 2279 terra,
606 2213 812 2268 scilicet
835 2228 899 2266 ex
937 2211 1122 2275 Corde,
1159 2212 1307 2279 juxta
1336 2212 1548 2266 Domini
1578 2227 1789 2266 vocem.
1827 2212 1893 2265 Et

303 2305 435 2360 dum
461 2305 636 2359 adhuc
667 2304 872 2374 parvuli
898 2313 1022 2358 sunt
1053 2303 1144 2356 lilii
1167 2303 1454 2375 Babylonis
1474 2302 1644 2369 (Prol.
1664 2319 1889 2369 cxxxvt,

322 2395 407 2466 8),
449 2411 543 2451 seu
589 2396 743 2450 malae
792 2394 1193 2465 cogitationes,
1253 2406 1360 2451 tum
1407 2410 1500 2450 eos
1537 2397 1651 2449 solo
1680 2409 1895 2464 aequare

308 2501 473 2557 a'que
512 2487 733 2543 allidere
760 2497 973 2557 oportet
1004 2488 1069 2541 ad
1102 2498 1336 2556 petram,
1368 2504 1485 2557 quae
1513 2497 1595 2541 est
1623 2487 1889 2541 Christus.

309 2579 367 2633 Si
391 2581 532 2633 enim
564 2594 828 2633 consensu
860 2588 1049 2633 nostro
1073 2578 1139 2632 ad
1173 2578 1379 2633 virilem
1411 2577 1727 2648 perveniant
1755 2585 1885 2631 aeta-

312 2678 447 2735 tem,
499 2684 604 2723 non
653 2669 787 2723 citra
834 2683 1058 2738 magnos
1095 2669 1324 2739 gemitus
1354 2669 1645 2723 etlabores
1672 2683 1893 2735 snpera-

311 2761 530 2815 buntur.
582 2759 664 2814 Ad
704 2775 766 2816 ea
797 2769 976 2813 autem
1010 2775 1130 2827 quae
1177 2758 1428 2828 superius
1495 2773 1561 2814 ex
1619 2758 1893 2827 Scriptura

309 2870 466 2909 sacra
515 2853 653 2909 dicta
694 2865 848 2921 sunt,
886 2852 1185 2922 adjicienda
1225 2860 1539 2907 sanctorum
1572 2851 1786 2905 Patrum
1816 2850 1896 2902 di-

310 2963 417 3003 eta.
475 2949 682 3002 Dictum
724 2955 807 3002 est
851 2949 1031 3017 itaque
1074 2962 1102 3001 a
1146 2957 1337 3000 sancto
1386 2944 1587 2998 Basilio
1633 2942 1896 2998 Caesarea:

311 3041 668 3112 Cappadocia:
694 3041 948 3110 episcopo
985 3057 998 3093 :
1031 3038 1306 3093 Mulierem
1345 3036 1557 3106 ignoro,
1588 3049 1687 3090 nec
1718 3044 1895 3089 tamen

313 3133 467 3202 virgo
496 3147 649 3197 sum;
681 3147 850 3201 usque
876 3129 1009 3185 adeo
1036 3118 1375 3198 exploratum
1404 3125 1613 3196 habuit,
1646 3141 1751 3180 non
1778 3124 1891 3179 sola

2000 1956 2065 1994 ne
2093 1939 2375 2008 vestigium
2407 1940 2624 2011 quidem
2656 1940 2922 2007 habeant,
2971 1943 3024 1995 in
3066 1956 3227 1996 carne
3260 1952 3434 1995 tamen
3472 1959 3585 1995 inoo

1997 2040 2107 2085 tum
2131 2032 2405 2087 exhibent.
2454 2031 2551 2086 Ira:
2602 2032 2850 2086 similiter
2908 2032 3155 2087 stimulus
3188 2034 3238 2087 in
3292 2033 3584 2089 infantibus

1996 2134 2290 2192 comparet,
2320 2126 2407 2180 ubi
2436 2126 2557 2180 illos
2593 2125 2850 2180 adversus
2875 2141 2968 2181 eos
3000 2126 3090 2194 qui
3120 2125 3220 2179 sibi
3275 2127 3579 2180 molestiam

1995 2223 2185 2270 creant
2233 2225 2536 2271 commotos
2582 2217 2878 2272 cernimus.
2931 2218 3053 2271 lla-c
3095 2232 3253 2287 porro
3284 2218 3425 2286 dico,
3477 2234 3581 2272 non

1996 2321 2100 2376 quo
2124 2318 2330 2361 natura:
2362 2317 2420 2362 ut
2446 2308 2649 2376 peccati
2673 2323 2849 2363 causa:
2875 2309 3165 2376 convicier,
3199 2310 3366 2375 absit;
3397 2311 3490 2364 sed
3525 2322 3580 2364 ut

1997 2399 2300 2464 ostendam,
2342 2402 2561 2455 tametsi
2612 2399 2689 2455 ira
2734 2410 2789 2455 et
2827 2401 3261 2470 concupiscentia
3306 2404 3504 2458 homini
3553 2419 3583 2458 a

1996 2500 2243 2553 creatore
2271 2490 2385 2545 Deo
2425 2492 2490 2544 ad
2520 2491 2716 2545 bonum
2747 2492 2957 2547 collata:
2990 2501 3144 2558 sunt,
3191 2493 3363 2547 videri
3405 2504 3581 2548 tamen

1997 2596 2119 2635 eum
2152 2581 2547 2651 quodammodo
2568 2597 2632 2636 ex
2657 2583 2900 2652 corporis
2923 2594 3107 2637 natura
3136 2585 3187 2638 in
3212 2600 3273 2637 ea
3295 2600 3411 2655 quae
3447 2600 3581 2652 prte-

1999 2681 2080 2727 ter
2110 2682 2354 2727 naturam
2386 2681 2513 2727 sunt
2541 2673 2767 2742 segnitie
2810 2689 2902 2728 sua
2936 2674 3130 2729 delabi.
3184 2674 3227 2728 Ν
3248 2692 3314 2727 tm
3342 2677 3584 2743 corporis

1999 2771 2175 2816 ruotus
2201 2762 2267 2817 ad
2295 2765 2585 2818 liberorum
2606 2765 3033 2833 procreatiuueru
3060 2773 3113 2818 et
3160 2764 3224 2818 ad
3245 2768 3456 2833 generis
3479 2766 3583 2818 hu-

1999 2854 2143 2909 mani
2169 2858 2567 2910 successionem
2596 2858 2934 2921 continuam,
2975 2872 3079 2910 non
3110 2857 3174 2911 ad
3205 2860 3582 2912 scortatiouem

1998 2960 2027 2999 a
2054 2944 2313 3002 Creatore
2334 2947 2490 3001 datus
2519 2957 2620 3014 εει,
2648 2957 2699 3001 et
2731 2948 2825 3002 ira:
2846 2949 3136 3003 commotio
3158 2950 3221 3003 ad
3247 2950 3470 3004 salutem
3489 2967 3583 3003 no-

1999 3038 2081 3092 bis
2112 3038 2269 3093 insita
2296 3049 2398 3104 est,
2428 3049 2484 3092 ut
2514 3040 2772 3095 adversus
2803 3050 3082 3110 peccatum
3127 3043 3446 3106 irascamur,
3478 3060 3581 3097 nou

2001 3143 2057 3185 ut
2087 3131 2347 3186 adversus
2375 3147 2736 3200 congenerem
2764 3133 2914 3188 nobis
2940 3133 3117 3189 furore
3143 3136 3495 3190 concitemur.
3528 3135 3585 3191 Si

314 3223 583 3293 corporali
617 3222 968 3293 temperantia
995 3238 1023 3275 a
1054 3222 1303 3287 muliere,
1334 3218 1663 3290 virginitatis
1693 3218 1894 3273 donum
1924 3198 1974 3262 α
2005 3238 2133 3294 ergo
2185 3225 2250 3279 iis
2290 3240 2571 3295 perperam
2602 3228 2832 3293 utimur,
2892 3243 3223 3297 nequaquam
3255 3228 3376 3282 ideo
3403 3237 3587 3295 pecvat

314 3322 463 3369 recte
502 3313 798 3384 possideri,
843 3313 940 3368 sed
973 3313 1139 3367 multo
1180 3311 1349 3381 magis
1376 3313 1572 3365 anima:
1613 3310 1899 3365 sanctitate

318 3408 658 3474 puritateque
689 3419 750 3459 ac
780 3406 975 3459 timore
1003 3404 1097 3459 Dei
1122 3402 1313 3457 haberi
1342 3403 1540 3458 solere.
1573 3401 1736 3457 Aiunt
1767 3402 1897 3456 item

316 3494 540 3561 Patres,
596 3511 701 3549 non
736 3510 894 3562 posse
927 3509 1023 3549 nos
1049 3495 1314 3548 castitatis
1350 3493 1606 3563 perfecta:
1648 3494 1897 3547 virtutem

319 3587 640 3656 possidere,
687 3587 789 3641 nisi
834 3587 981 3656 prius
1018 3602 1200 3641 veram
1238 3585 1294 3639 in
1337 3584 1503 3639 corde
1546 3584 1897 3639 humilitatem

321 3679 726 3747 possideamus;
772 3695 945 3750 neque
984 3694 1106 3734 vera
1145 3677 1448 3747 cognitione
1484 3676 1677 3745 dignos
1712 3675 1900 3728 haberi

319 3771 577 3842 quamdiu
614 3772 665 3825 in
712 3772 904 3825 animae
946 3769 1314 3840 penetralibus
1353 3766 1728 3822 fornicationis
1772 3765 1902 3819 affe-

318 3878 440 3921 ctus
469 3867 603 3919 situs
631 3866 755 3919 erit.
790 3865 858 3919 Ut
896 3873 1072 3917 autem
1112 3877 1356 3932 magnam
1390 3859 1695 3930 hujusmodi
1728 3859 1897 3912 virtu-

321 3967 429 4011 tem
462 3972 529 4010 ex
570 3956 828 4022 Apostolo
872 3955 988 4020 ipso
1020 3954 1193 4023 palam
1234 3953 1493 4008 faciamus
1521 3996 1536 4020 ,
1582 3966 1741 4005 unam
1788 3950 1903 4019 ejus

322 4060 684 4101 memoremus
728 4045 1083 4110 sententiam,
1120 4060 1223 4114 qua
1266 4043 1517 4113 loquendi
1554 4042 1713 4095 ﬁnem
1742 4040 1902 4095 faeie-

323 4153 463 4191 mus.
503 4136 711 4200 Pacem,
743 4136 933 4205 inquit,
967 4136 1240 4205 sequimini
1279 4151 1392 4187 cum
1424 4134 1678 4201 omnibus,
1707 4142 1753 4185 et
1777 4149 1899 4185 san-

322 4229 615 4282 ctimoniam
661 4229 770 4282 sine
812 4244 912 4297 qua
952 4244 1101 4281 nemo
1145 4228 1329 4281 videbit
1371 4225 1649 4281 Dominum
1696 4224 1901 4295 (Hebr.

326 4335 422 4389 xu,
454 4320 564 4391 Μ).
594 4319 743 4388 Quod
770 4320 911 4375 enim
943 4334 1005 4374 ea
1033 4320 1099 4374 de
1125 4334 1183 4374 re
1213 4320 1484 4389 loquatur,
1516 4318 1795 4393 propalam
1822 4325 1906 4370 est

320 4430 391 4469 ex
426 4414 492 4468 iis
521 4404 657 4483 qua!
681 4410 989 4480 subjunxit,
1022 4427 1143 4467 cum
1179 4413 1254 4465 ait
1288 4429 1301 4465 :
1344 4410 1427 4464 Ne
1452 4412 1565 4481 quis
1598 4411 1900 4477 fornicator,

318 4511 413 4555 aut
440 4502 710 4574 profanus,
745 4511 798 4555 ut
828 4500 966 4555 Esau
986 4495 1486 4572 (Ibid.16)-Quanto
1518 4502 1701 4570 itaque
1730 4501 1900 4569 magis

2001 3323 2212 3384 natura,
2257 3331 2431 3387 neque
2461 3316 2582 3371 ideo
2620 3317 2865 3387 opiﬁcem
2914 3319 3251 3385 incusemus;
3313 3322 3449 3373 sicut
3489 3334 3589 3374 nec

2002 3422 2124 3461 eum
2149 3407 2237 3476 qui
2270 3407 2323 3461 in
2352 3423 2465 3462 rem
2500 3409 2862 3464 necessariam
2895 3420 2949 3464 et
2973 3410 3155 3464 utilem
3184 3411 3383 3465 ferrum
3414 3410 3584 3474 dedit,

2001 3499 2046 3553 si
2074 3499 2119 3553 is
2156 3500 2245 3567 qui
2271 3498 2481 3565 accepit
2518 3499 2580 3553 ad
2630 3500 2805 3553 caedes
2854 3499 3242 3567 perpetrandas
3276 3514 3342 3553 eo
3379 3510 3585 3554 utatur.

2006 3590 2130 3643 Haac
2163 3604 2290 3644 vero
2324 3584 2559 3644 diximus
2598 3600 2653 3643 ut
2691 3590 3133 3654 ostenderemus,
3176 3590 3413 3642 avaritize
3454 3589 3586 3642 affe-

2003 3688 2146 3733 ctum
2182 3696 2286 3732 non
2319 3694 2383 3732 ex
2419 3679 2643 3733 naturali
2686 3687 2834 3731 motu
2867 3679 3075 3732 initium
3132 3679 3351 3744 habere,
3394 3678 3488 3733 sed
3522 3694 3587 3734 ex

2004 3772 2116 3824 sola
2174 3770 2405 3831 malitia,
2460 3778 2514 3823 et
2541 3784 2605 3822 ex
2635 3777 2888 3835 corrupto
2930 3769 3225 3837 proposito.
3269 3769 3587 3838 Huiusmodi

2006 3876 2235 3929 namque
2266 3860 2489 3915 morbus
2535 3874 2655 3913 cum
2708 3858 2937 3928 tepidam
2971 3868 3024 3912 et
3056 3859 3384 3914 incredulam
3438 3860 3588 3914 initio

2006 3968 2254 4008 secessus
2286 3955 2520 4007 animam
2547 3953 2831 4019 repererit,
2863 3952 3035 4021 justas
3070 3951 3350 4021 quasdam,
3377 3966 3440 4006 ac
3466 3967 3587 4021 spe-

2006 4046 2087 4100 cie
2113 4045 2332 4115 quidem
2367 4042 2716 4098 rationabiles
2746 4058 2936 4096 causas
2963 4043 3197 4110 sub‘jic'tt,
3231 4059 3287 4095 ιιι
3312 4042 3584 4111 quidpiam

2007 4151 2072 4191 ex
2104 4134 2539 4204 possessionibus
2580 4133 2813 4188 retinere
2843 4134 3106 4199 suadeat;
3157 4134 3405 4187 monachi
3444 4134 3585 4185 enim

2006 4212 2187 4281 animo
2218 4233 2595 4296 repraesentat,
2630 4225 2839 4295 longam
2890 4233 3221 4279 senectutem
3267 4234 3320 4278 et
3350 4222 3590 4291 corporis

2008 4319 2374 4373 inﬁrmitatem
2410 4335 2422 4369 :
2456 4316 2741 4386 quod'quze
2762 4316 2827 4369 ad
2863 4308 3236 4371 necessitatem
3270 4314 3323 4368 in
3349 4314 3590 4368 cmnobio

2009 4411 2225 4477 dantur,
2252 4410 2385 4463 satis
2411 4409 2476 4463 ad
2508 4408 2930 4463 consolationem
2958 4423 3062 4472 non
3085 4408 3211 4470 sint,
3238 4421 3341 4461 non
3375 4407 3589 4460 inﬁrmo

2009 4505 2204 4567 solum,
2238 4502 2331 4557 sed
2362 4516 2534 4569 neque
2565 4499 2817 4555 incolumi
2852 4517 2864 4552 ε
2892 4501 3030 4569 quod
3056 4500 3125 4552 ibi
3157 4515 3261 4552 non
3299 4498 3487 4552 idonea
3511 4499 3590 4559 in.

319 4569 563 4649 cmleslis
602 4603 659 4648 et
684 4594 921 4663 angelica
954 4569 1041 4647 est.
1084 4592 1252 4646 virtus
1295 4592 1582 4657 castitatis,
1615 4569 1763 4646 tanto
1792 4607 1905 4659 gra-
1933 4569 1987 4629 θ
2010 4594 2286 4648 ﬁrmorum
2314 4590 2623 4646 sollicitudo
2650 4600 2898 4660 geratur,
2923 4589 3016 4645 sed
3052 4589 3193 4660 quod
3226 4590 3449 4643 multum
3494 4606 3591 4643 ne-

323 4686 565 4740 vioribus
587 4686 655 4741 ab
681 4686 897 4740 inimico
931 4685 1137 4740 insidiis
1162 4696 1519 4758 oppugnatur.
1543 4686 1900 4754 Quamobrem

320 4791 518 4829 curare
559 4775 820 4831 debemus
861 4792 966 4830 non
1007 4775 1165 4830 modo
1211 4785 1268 4831 ut
1305 4777 1550 4846 corporis
1596 4788 1902 4847 temperan-

324 4866 454 4919 tiam
486 4880 793 4933 servemus,
824 4867 917 4921 sed
966 4867 1125 4920 etiam
1156 4868 1535 4922 contritionem
1579 4867 1759 4921 cordis
1784 4908 1799 4933 ,
1841 4880 1905 4921 ac

322 4955 638 5024 frequentes
679 4973 799 5012 cum
849 4958 1140 5027 gemitibus
1175 4960 1443 5012 orationes
1473 4958 1788 5023 fundamus;
1830 4957 1903 5012 ita

322 5056 381 5100 ut
441 5054 641 5100 nostra
706 5050 882 5101 carnis
929 5047 1160 5115 fornax,
1202 5064 1358 5116 quam
1408 5064 1504 5105 rex
1551 5049 1907 5120 Babylonicus

320 5136 557 5190 stimulis
580 5138 1034 5207 concupiscentiae
1062 5139 1299 5208 quotidie
1327 5139 1588 5204 accendit,
1613 5155 1739 5195 rore
1770 5155 1907 5209 prac-

322 5228 517 5281 sentiae
562 5230 729 5284 sancti
778 5230 1010 5300 Spiritus
1051 5235 1436 5302 exstinguatur.
1476 5231 1556 5287 Ad
1589 5233 1703 5287 lucc
1733 5234 1909 5288 maxi-

323 5333 471 5372 mum
506 5320 660 5374 nobis
691 5322 852 5376 lelttm
882 5323 1146 5378 adversus
1176 5323 1440 5394 ejusmodi
1472 5324 1679 5379 hostem
1712 5340 1909 5394 suppe-

323 5409 406 5472 tit,
436 5412 630 5482 vigilia:
670 5414 878 5469 scilicet
918 5416 970 5469 in
1010 5416 1118 5470 Deo
1166 5427 1415 5470 servatae.
1441 5415 1905 5483 Quemadmodum

322 5500 470 5553 enim
491 5503 711 5558 castitas
722 5505 980 5559 etdiurna
994 5505 1237 5559 custodia
1254 5515 1572 5560 nocturnam
1599 5518 1907 5575 przeparaut

320 5593 691 5658 sanctitatem,
717 5594 791 5649 ita
820 5606 1098 5650 nocturnas
1121 5597 1173 5649 in
1192 5595 1301 5649 Deo
1314 5597 1507 5665 vigiliae
1533 5596 1798 5652 diurnam.
1825 5640 1838 5653 .
1867 5639 1881 5652 .

391 5681 448 5736 '5.
476 5682 495 5751 (
520 5683 665 5737 Cass.
696 5682 829 5740 Inst.
865 5685 903 5739 f'.
931 5700 1020 5750 vn,
1052 5702 1097 5739 c.
1132 5686 1155 5739 1
1184 5693 1229 5739 et
1252 5685 1421 5755 seqq.)
1465 5685 1706 5742 Tertium
1754 5689 1909 5744 nobis

324 5781 409 5828 est
439 5784 712 5833 certamen
748 5786 936 5834 contra
982 5778 1227 5849 Spiritum
1258 5778 1494 5834 avaritiae
1527 5796 1539 5832 :
1587 5790 1904 5837 extraneum

2008 4684 2296 4754 gligantur,
2355 4683 2491 4737 adeo
2532 4691 2588 4735 ut
2618 4682 2661 4736 si
2693 4680 2827 4734 nihil
2865 4681 2979 4734 auri
3003 4680 3139 4735 clam
3180 4686 3460 4750 suppetat,
3489 4678 3591 4731 ιιιί-

2010 4790 2133 4830 sere
2165 4773 2537 4829 intereuudum
2566 4773 2657 4827 sit.
2725 4773 2945 4825 Demum
2991 4771 3240 4841 subjicit,
3299 4788 3403 4825 non
3437 4781 3597 4839 posse

2010 4866 2064 4921 in
2106 4865 2435 4919 monasterio
2457 4864 2546 4918 diu
2571 4862 2903 4932 perseverari
2929 4863 2997 4916 ob
3024 4862 3340 4932 gravitatem
3370 4876 3591 4930 operum

2010 4964 2065 5010 et
2096 4955 2164 5008 ob
2193 4956 2359 5024 patris
2388 4953 2751 5009 severitatem.
2801 4955 2878 5007 Ac
2916 4968 3036 5007 cum
3078 4953 3340 5022 ejusmodi
3387 4953 3591 5020 cogita-

2011 5048 2247 5103 tionibus
2277 5048 2511 5101 animum
2536 5046 2864 5109 subornarit,
2917 5054 2973 5099 ut
3000 5046 3084 5099 vel
3117 5045 3396 5098 denarium
3426 5058 3591 5096 unum

2008 5141 2261 5204 retineat,
2304 5148 2415 5192 tum
2462 5137 2651 5193 suadet
2694 5139 2768 5192 illi
2797 5148 2851 5191 ut
2888 5138 3025 5192 clam
3064 5136 3256 5190 abbate
3282 5144 3449 5189 artem
3475 5135 3591 5188 edi-

2011 5241 2147 5298 scat,
2179 5247 2280 5302 qua
2312 5234 2506 5300 poterit
2542 5230 2779 5285 studiose
2821 5238 3151 5283 asscrvatam
3187 5242 3381 5296 angere
3430 5241 3590 5295 pecu-

2012 5326 2151 5380 niam
2182 5341 2196 5390 ;
2242 5324 2458 5378 demum
2492 5324 2697 5378 occulta
2728 5337 2821 5391 spe
2848 5323 3103 5376 miserum
3136 5319 3335 5387 decipit
3358 5360 3371 5381 ,
3422 5319 3588 5387 subji-

2010 5415 2203 5471 cienda
2229 5416 2433 5469 lucrum
2457 5429 2523 5469 ex
2550 5424 2664 5470 arte
2689 5427 2785 5468 sua
2806 5413 3187 5472 obventurum,
3217 5410 3449 5480 hincque
3475 5410 3586 5464 fore

2011 5508 2270 5577 quietem,
2303 5505 2649 5574 animumque
2673 5503 2818 5559 curis
2843 5518 3089 5556 vacuum.
3124 5505 3191 5555 Ac
3214 5501 3431 5555 demum
3458 5500 3591 5554 lucri

2011 5600 2343 5669 cogitatione
2372 5599 2680 5667 colligatus,
2708 5596 3067 5651 nihiladversi
3094 5594 3401 5648 considerat
3438 5611 3449 5645 :
3484 5607 3587 5645 nun

2010 5701 2204 5762 quanta
2237 5689 2409 5746 futura
2445 5692 2514 5746 sit
2552 5691 2659 5751 ira,
2693 5698 2925 5755 quantus
2958 5687 3104 5741 furor
3127 5729 3142 5749 ι
3168 5687 3211 5740 si
3236 5685 3508 5752 contingat
3538 5686 3594 5737 ιιι

2014 5784 2402 5839 detrimentum
2463 5780 2678 5851 aliquod
2728 5780 3005 5846 incidere;
3063 5788 3261 5850 quanta
3311 5776 3584 5840 uttxstitia,
