3910 6168
365 313 473 370 883

1348 301 1406 354 S.
1452 297 1776 356 EL'CllERIl
1815 290 2290 351 LUGDUNENSIS
2329 289 2636 346 EPISCOPI

3505 283 3609 338 83‘

366 435 595 496 quantus
621 423 794 483 dolor.
836 420 878 474 si
907 420 1059 474 lucro
1090 417 1267 488 operis
1293 417 1374 470 sui
1409 416 1647 485 privetur
1679 433 1691 467 :
1723 411 1818 468 sed
1860 418 1935 468 si-
1963 413 2012 470 Α
2040 407 2155 462 nias
2192 422 2464 462 resumere
2504 420 2669 475 quas.
2710 412 2834 458 ante
2869 411 2926 454 ut
2959 397 3240 455 Dominum
3277 411 3607 466 sequeretur,

365 532 458 576 cut
484 519 602 574 aliis
634 527 816 572 venter
837 516 975 569 Deus
998 555 1012 579 ,
1044 513 1266 585 perinde
1298 514 1372 568 illi
1401 529 1590 568 aurum
1624 523 1725 566 est.
1787 510 1937 578 Quo-

366 611 508 665 circa
535 624 655 664 cum
693 607 740 660 id
767 606 936 677 probe
961 614 1143 661 nosset
1173 605 1233 660 Β.
1264 605 1496 670 Paulus,
1527 619 1630 656 non
1667 601 1826 657 modo
1846 615 1937 655 ra-

364 701 534 754 dicem
564 700 802 752 omnium
827 697 1111 762 malorum,
1137 697 1230 752 sed
1257 697 1415 751 etiam
1442 694 1794 750 idololatriam
1817 707 1935 746 eam

365 789 711 856 nuncupavit.
756 788 1158 857 Perpendamus
1184 786 1363 856 itaque
1394 787 1446 840 in
1490 795 1744 855 quantam
1785 783 1938 837 mali-

366 879 487 930 tiam
514 877 599 932 hic
620 879 837 933 morbus
869 878 1139 932 hominem
1180 877 1486 947 p:rtrahat,
1527 884 1587 929 ut
1611 877 1700 945 qui
1731 889 1851 928 eum
1883 874 1934 928 in

364 970 722 1025 idololatriam
755 971 1027 1040 conjiciat.
1077 971 1364 1040 Postquam
1395 971 1536 1024 enim
1566 982 1762 1023 avarus
1784 983 1934 1022 men-

366 1073 472 1116 tem
502 1077 654 1116 suam
685 1063 755 1116 ab
773 1078 957 1118 amore
989 1063 1078 1116 Dei
1103 1063 1320 1128 avulsit,
1369 1063 1629 1131 imagines
1658 1062 1934 1115 hominum

365 1167 496 1207 auro
539 1153 832 1222 insculptas
858 1155 1038 1223 diligit
1069 1173 1082 1206 :
1115 1153 1488 1222 eiusmodique
1525 1153 1936 1222 cogitationibus

364 1243 748 1298 ohtenebratus
778 1245 1076 1298 monachus
1095 1285 1110 1308 ,
1134 1244 1260 1298 dum
1285 1244 1350 1297 ad
1381 1243 1564 1314 pejora
1593 1255 1932 1312 augmen'um

363 1333 577 1402 accipit,
611 1334 808 1387 nullam
840 1333 1094 1404 deinceps
1120 1334 1496 1400 humilitatem,
1523 1333 1721 1387 nullam
1737 1333 1934 1386 habere

366 1434 541 1496 potest
582 1426 974 1493 obedientiam;
1022 1426 1117 1480 sed
1163 1427 1440 1490 irascitur,
1475 1425 1812 1494 indignatur,
1865 1423 1932 1478 ad

364 1515 641 1585 quodlibet
679 1533 812 1588 opus
851 1527 1182 1583 murmurat,
1228 1527 1516 1586 repugnat,
1543 1516 1687 1570 nulla
1718 1515 1932 1570 demum

364 1621 574 1663 servata
604 1608 945 1678 verecundia,
996 1610 1148 1679 quasi
1192 1609 1632 1664 eﬂ'renatissimus
1658 1623 1826 1677 equus
1879 1606 1930 1660 in

366 1701 650 1769 praecipitia
685 1701 884 1768 fertur,
915 1716 1013 1756 nec
1037 1702 1228 1755 diurno
1259 1703 1398 1754 victu
1425 1707 1742 1764 contentus,
1782 1696 1934 1751 deni-

2040 499 2328 567 abjecerat,
2356 514 2460 551 non
2477 497 2646 550 solum
2664 510 2786 549 cum
2810 492 2875 548 ad
2891 491 3100 547 Domini
3126 490 3476 558 proditionem
3503 494 3610 543 ani-

2042 606 2187 644 mum
2209 589 2520 658 appulisset,
2539 602 2606 641 ex
2635 585 2801 639 choro
2830 582 3208 652 Apostolorum
3239 590 3488 635 extrusus
3509 589 3607 642 est,

2039 682 2130 735 sed
2163 681 2333 748 ipsam
2362 677 2631 732 carnalem
2657 676 2817 728 vitam
2848 673 3085 727 violenta
3109 680 3279 725 morte
3308 670 3611 725 terminavit

2040 771 2256 842 (Matth.
2288 785 2453 833 xxvtt,
2477 770 2557 840 5).
2592 766 2828 821 Ananias
2850 775 2905 820 et
2927 762 3209 833 Sapphim,
3231 776 3350 816 cum
3373 759 3606 830 quadam

2037 883 2104 923 ex
2131 869 2193 922 iis
2219 882 2340 938 qua:
2374 864 2604 918 Domino
2631 868 3006 917 conser-raraut
3057 863 3454 918 reservassent,
3482 867 3610 921 apo-

2036 958 2229 1014 stolico
2255 972 2350 1011 ore
2380 956 2566 1010 mortis
2614 966 2828 1022 pinnam
2880 951 3037 1004 luunt
3079 948 3225 1014 (Act.
3255 947 3344 1015 v).
3394 945 3611 1013 Magnus

2036 1057 2214 1102 autem
2265 1046 2356 1100 ille
2395 1044 2603 1114 Moyses
2643 1042 2696 1095 in
2740 1038 3160 1094 Deuteronomio
3199 1036 3480 1106 mysticum
3525 1031 3612 1088 dat

2037 1144 2363 1208 praceptum
2392 1135 2457 1188 iis
2479 1135 2567 1203 qui
2605 1130 2804 1185 mundo
2829 1127 3187 1184 renuntiaturi
3217 1133 3374 1191 sunt,
3408 1133 3466 1178 et
3485 1139 3612 1193 quo-

2039 1228 2162 1283 dam
2203 1224 2518 1278 difﬁdentize
2557 1230 2700 1276 metu
2733 1218 2963 1274 terrenis
2996 1217 3170 1270 adhuc
3205 1215 3510 1269 inhaerent:
3554 1215 3611 1268 Si

2038 1319 2150 1390 quis
2169 1317 2320 1370 homo
2341 1314 2549 1368 timidus
2576 1314 2642 1366 sit
2671 1321 2718 1366 et
2739 1311 2893 1364 corde
2927 1311 3170 1378 pavidus,
3193 1308 3236 1360 is
3262 1323 3362 1360 non
3394 1306 3612 1376 prodibit

2035 1410 2105 1464 ad
2133 1409 2349 1463 bellum:
2379 1407 2526 1459 abeat
2545 1403 2750 1458 domum
2775 1402 2940 1470 ibique
2961 1397 3186 1453 molliter
3211 1396 3385 1466 degat,
3404 1413 3470 1450 ne
3487 1397 3612 1461 forte

2037 1517 2271 1571 pavorem
2303 1499 2516 1553 incutiat
2561 1495 2798 1550 cordibus
2829 1497 3048 1564 fratrum
3075 1505 3282 1543 suorum
3307 1488 3500 1555 (Deut.
3523 1503 3608 1548 xx,

2034 1593 2116 1666 8).
2167 1594 2331 1648 Estne
2370 1589 2642 1660 quidpiam
2692 1586 2795 1640 hoc
2836 1582 3143 1638 testimonio
3181 1579 3426 1634 securius
3457 1588 3611 1646 atque

2038 1683 2337 1754 liquidius?
2389 1681 2578 1736 Nonne
2619 1679 2686 1733 iis
2729 1674 2908 1730 verbis
2951 1671 3240 1727 ediscimus
3276 1671 3364 1738 qui
3410 1667 3611 1721 mundo

363 1805 464 1858 que
485 1791 798 1845 testiﬁcatur
825 1808 884 1846 se
917 1807 1020 1847 non
1053 1806 1212 1861 posse
1239 1792 1379 1845 ultra
1408 1790 1676 1844 sustinere
1706 1763 1733 1842 :7
1751 1789 1933 1857 aitque
1963 1774 2010 1835 Β
2038 1778 2427 1837 renuntiamus,
2460 1773 2615 1828 nobis
2643 1771 2883 1839 perfecte
2911 1763 3324 1822 renuntiandum
3348 1773 3517 1832 atque
3541 1763 3608 1815 ita

366 1896 468 1934 non
497 1881 605 1936 illic
633 1891 835 1937 tantum
858 1898 980 1940 esse
1001 1883 1192 1948 Deum,
1219 1897 1322 1937 nec
1349 1883 1576 1938 salutem
1602 1895 1752 1935 suam
1784 1894 1850 1934 eo
1879 1881 1929 1934 in

363 1973 482 2027 loco
511 1974 767 2028 inclusam
796 1990 947 2040 esse;
973 1975 1067 2030 sed
1091 1974 1288 2044 ubique
1320 1973 1485 2028 Deum
1510 1987 1540 2026 a
1569 1972 1931 2043 quaerentibus

360 2081 419 2120 se
439 2067 664 2122 inveniri
695 2084 708 2121 :
752 2067 1046 2135 periturum
1089 2081 1149 2122 se
1183 2065 1285 2122 nisi
1317 2080 1384 2121 eo
1419 2063 1745 2120 monasterio
1773 2077 1934 2118 exce-

361 2157 480 2222 dat;
522 2167 574 2213 et
602 2158 679 2214 sic
704 2174 824 2213 cum
867 2159 932 2212 ad
975 2168 1246 2226 corruptae
1286 2157 1481 2212 mentis
1521 2169 1633 2210 suae
1673 2153 1929 2208 auxilium

362 2255 608 2316 suppetat
641 2247 912 2304 recondita
939 2247 1351 2318 pecunia,quasi
1377 2245 1700 2317 quibusdam
1723 2245 1930 2299 levatus

363 2340 497 2406 alis,
529 2341 899 2410 meditnnsque
937 2355 1090 2396 suum
1121 2356 1187 2394 ex
1217 2341 1542 2394 monasterio
1564 2339 1766 2392 exitum
1795 2381 1808 2405 ,
1841 2351 1932 2390 su-

367 2431 530 2498 perbe
555 2432 806 2500 deinceps
834 2441 993 2501 atque
1013 2446 1202 2500 aspere
1224 2430 1290 2484 ad
1317 2430 1499 2486 omnia
1521 2429 1670 2498 iussa
1701 2442 1927 2496 re~pon-

363 2524 476 2592 det,
501 2537 662 2592 seque
689 2525 833 2577 velut
861 2523 1200 2592 peregrinum
1238 2529 1396 2590 atque
1425 2529 1740 2575 extraneum
1773 2531 1934 2586 repu-

344 2621 482 2666 ‘tans
504 2655 518 2678 ,
545 2614 587 2667 si
611 2614 737 2679 quid
759 2614 811 2668 in
844 2612 1170 2668 monasterio
1200 2610 1571 2668 emendatione
1597 2610 1812 2678 dignum
1852 2608 1933 2664 vi-

361 2704 522 2768 derit,
547 2703 677 2758 nihil
706 2715 877 2768 curat,
908 2705 1072 2758 immo
1105 2703 1351 2770 despicit.
1385 2701 1587 2756 Dehinc
1617 2701 1806 2770 quazrit
1836 2714 1927 2754 oc-

360 2794 605 2849 casiones
629 2794 916 2849 iracundiae
939 2804 1028 2848 attt
1057 2794 1314 2864 querelae,
1345 2803 1492 2848 utne
1523 2792 1766 2846 videatur
1795 2790 1933 2845 levi-

363 2897 442 2941 ter
471 2897 524 2942 et
561 2887 760 2957 absque
790 2901 949 2942 causa
975 2885 1156 2956 egredi
1187 2901 1255 2940 ex
1295 2883 1562 2940 coenobio.
1616 2881 1727 2938 Nec
1753 2896 1818 2937 eo
1841 2880 1932 2937 ille

360 2980 517 3034 modo
544 2995 602 3034 se
631 2995 820 3049 gerere
849 2978 1088 3043 dubitat,
1131 2986 1189 3032 ut
1222 2977 1403 3032 delicti
1431 2976 1510 3030 sui
1545 2974 1926 3045 opitulatorem

361 3071 614 3125 inveniat.
659 3069 732 3122 lta
761 3086 918 3138 porro
949 3069 1200 3125 seductus
1230 3083 1424 3122 avarus
1446 3081 1662 3121 suarum
1693 3065 1814 3135 igne
1837 3080 1926 3134 pec

2035 1868 2100 1922 ad
2138 1866 2334 1922 bellum
2373 1860 2769 1932 procedendum
2802 1872 2951 1923 esse,
2993 1870 3061 1910 ne
3095 1853 3234 1908 forte
3269 1869 3336 1907 ex
3369 1853 3526 1907 molli
3561 1863 3611 1905 et

2033 1966 2287 2024 corrupto
2316 1953 2467 2009 initio
2489 1952 2622 2006 alios
2650 1951 2716 2006 ab
2742 1946 3049 2018 evangelica
3085 1943 3420 2015 perfectione
3464 1957 3609 1996 aver-

2034 2048 2248 2104 tamus?
2275 2041 2712 2114 Quandoquidem
2734 2053 2862 2095 vero
2885 2037 3013 2090 illud
3050 2034 3217 2103 probe
3248 2032 3299 2086 in
3334 2032 3607 2100 Scriptura

2031 2143 2230 2197 dictum
2260 2181 2275 2207 ,
2310 2138 2517 2193 Beatius
2539 2145 2610 2190 est
2639 2134 2763 2188 dare
2785 2147 2934 2201 quam
2962 2130 3190 2200 accipere
3213 2127 3351 2194 (Act.
3371 2140 3470 2189 xx,
3497 2123 3605 2194 35),

2033 2232 2171 2286 male
2191 2232 2404 2301 quidam
2435 2229 2880 2294 interpretantur,
2912 2223 3128 2289 vimque
3154 2218 3349 2272 litterae
3381 2217 3606 2278 faciunt,

2031 2333 2192 2393 atque
2225 2322 2292 2376 ad
2323 2319 2592 2391 propriam
2629 2315 2872 2370 fraudem
2911 2319 2966 2366 et
2998 2311 3065 2365 ad
3090 2311 3328 2378 pecunize
3355 2308 3610 2374 concupi-

2037 2415 2297 2470 scentiam
2330 2411 2456 2467 dicti
2490 2407 2809 2464 sententiam
2853 2405 3208 2472 detorquent,
3260 2415 3476 2454 necnon
3510 2399 3607 2453 Do-

2033 2507 2161 2561 mini
2184 2502 2505 2566 doctrinam,
2534 2513 2654 2566 quae
2683 2498 2762 2551 sic
2796 2495 2955 2550 habet
2983 2511 2996 2547 :
3025 2493 3086 2548 Si
3111 2493 3185 2545 vis
3205 2492 3462 2563 perfectus
3487 2478 3607 2554 esse,

2031 2598 2186 2653 vende
2214 2595 2384 2650 omnia
2420 2607 2534 2663 qua
2570 2589 2721 2643 habes
2757 2596 2806 2642 et
2831 2587 2900 2640 da
2937 2584 3244 2655 pauperibus
3265 2623 3279 2647 ,
3321 2591 3367 2635 et
3405 2579 3610 2634 habebis

2031 2694 2322 2748 thesaurum
2345 2689 2396 2742 in
2433 2688 2588 2752 ctelo,
2633 2693 2683 2739 et
2707 2684 2842 2749 veni,
2892 2695 3098 2749 sequere
3130 2695 3208 2732 me
3234 2676 3466 2749 (Matth.
3504 2692 3605 2739 xtx,

2030 2786 2156 2857 2t);
2180 2791 2234 2838 et
2255 2782 2496 2853 iudicant
2525 2778 2832 2832 divitiarum
2863 2773 3168 2828 facultatem
3197 2776 3522 2840 paupertate
3546 2767 3608 2820 fe-

2031 2879 2269 2934 liciorem
2299 2887 2441 2936 esse,
2466 2884 2631 2939 seque
2659 2884 2726 2923 ex
2761 2863 3066 2934 huiusmodi
3096 2859 3428 2917 abundantia
3456 2874 3604 2929 posse

2031 2970 2395 3042 indigentibus
2438 2964 2661 3034 largiri;
2701 2962 2872 3017 sciant
2909 2956 3214 3026 huiusmodi
3259 2954 3513 3008 homines
3551 2967 3606 3006 se

2033 3063 2271 3118 nondum
2304 3057 2501 3112 mundo
2521 3054 2881 3116 renuntiasse,
2909 3062 3084 3114 neque
3111 3045 3388 3099 ambulare
3421 3043 3480 3098 in
3503 3057 3608 3096 mo-

361 3162 662 3223 cuniarum,
681 3175 967 3228 numquam
1001 3161 1051 3213 in
1081 3159 1407 3213 monasterio
1430 3165 1605 3227 potest
1625 3157 1924 3227 quiescere,
1954 3135 2002 3200 (ἶ
2032 3153 2232 3209 nastica
2263 3149 2613 3219 perfectione,
2642 3141 2893 3214 quamdiu
2924 3138 3249 3194 erubescunt
3271 3151 3366 3205 pro
3394 3135 3608 3190 Christo

360 3264 448 3311 aut
470 3253 571 3307 sub
597 3253 776 3320 regula
805 3253 1003 3305 vivere.
1059 3249 1190 3305 Cum
1226 3261 1400 3304 autem
1431 3249 1581 3304 illum
1609 3247 1818 3302 dmmon
1860 3263 1928 3304 ex

360 3343 484 3396 ovili
513 3343 662 3410 quasi
685 3341 846 3411 lupus
868 3339 1191 3410 abripuerit,
1231 3347 1390 3406 atque
1419 3354 1484 3393 ex
1528 3338 1651 3390 ovili
1683 3351 1927 3406 segrega—

362 3441 493 3499 tum,
523 3445 554 3488 a
581 3449 638 3487 se
655 3431 1013 3499 devorandum
1041 3431 1327 3501 acceperit,
1358 3439 1468 3484 tum
1494 3439 1648 3484 curat
1678 3440 1731 3483 ut
1762 3442 1928 3497 Opera

359 3544 478 3597 qua:
507 3528 659 3582 statis
687 3525 830 3580 horis
862 3526 912 3579 in
944 3525 1190 3580 cmnobio
1215 3522 1519 3594 negligebat
1543 3521 1762 3576 omnino
1782 3561 1796 3586 ,
1833 3536 1928 3575 ea-

360 3622 480 3674 dem
513 3629 668 3674 nocte
693 3628 746 3672 et
776 3617 863 3672 die
894 3633 1083 3688 magna
1112 3633 1248 3676 cum.
1269 3618 1542 3672 alacritate
1565 3617 1620 3671 in
1652 3617 1789 3672 cella
1830 3630 1927 3670 sua

360 3711 634 3781 perﬁciat;
682 3726 853 3780 neque
879 3710 1008 3764 sinit
1041 3725 1160 3764 eum
1194 3724 1412 3780 precum
1457 3707 1923 3777 consuetudinem,

357 3805 678 3874 ieiuniorum
709 3817 937 3866 morem,
984 3803 1278 3872 vigiliarum
1323 3817 1564 3856 normam
1605 3803 1924 3867 observare;

359 3896 450 3951 sed
481 3897 549 3950 illi
574 3894 808 3949 avaritiae
822 3896 1003 3949 furore
1025 3896 1296 3965 colligato,
1328 3895 1516 3949 suadet
1535 3893 1602 3948 ad
1618 3908 1750 3963 opus
1769 3908 1923 3946 suum

360 4003 519 4043 omne
541 3988 799 4054 studium,
841 4003 1052 4043 omnem
1082 3988 1314 4042 laborem
1340 3986 1664 4055 impendere.
1695 3984 1928 4054 Huiusce

359 4093 489 4132 vero
528 4078 700 4132 morbi
746 4088 853 4132 tres
874 4087 998 4132 sunt
1027 4078 1165 4131 modi
1202 4092 1229 4129 a
1267 4075 1461 4130 divinis
1489 4075 1782 4142 Scripturis
1811 4085 1862 4129 et
1895 4090 1927 4129 a

363 4170 574 4224 Patrum
606 4169 847 4224 doctrina
869 4183 1019 4237 reque
1042 4167 1316 4236 prohibiti.
1348 4167 1575 4231 Primus,
1607 4165 1675 4222 de
1701 4182 1807 4236 quo
1833 4181 1925 4221 su-

364 4264 544 4330 pertus
572 4259 908 4326 scripsimus,
937 4259 1024 4328 qui
1054 4263 1204 4312 curat
1235 4266 1290 4309 ut
1312 4256 1515 4321 miseri,
1545 4269 1608 4310 ea
1638 4269 1757 4325 quze
1779 4269 1847 4310 ne
1874 4255 1927 4308 in

364 4351 564 4407 mundo
608 4349 822 4421 quidem
867 4349 1129 4414 habuere,
1165 4346 1445 4418 acquirant
1483 4355 1538 4400 et
1566 4345 1923 4399 accumulent.

363 4446 514 4503 Alter
557 4446 608 4500 id
639 4445 746 4516 agit
795 4453 853 4499 ut
887 4459 978 4499 eos
999 4444 1086 4514 qui
1117 4443 1355 4513 pecuniis
1393 4441 1764 4496 renuntiarunt
1804 4438 1926 4493 facti

2030 3245 2318 3317 gloriosam
2349 3256 2470 3296 cum
2510 3234 2768 3308 Apostolo
2792 3244 3068 3287 assumere
3105 3236 3506 3298 paupertatem,
3527 3235 3604 3279 at-

2031 3350 2136 3406 que
2173 3350 2241 3388 ex
2287 3346 2455 3402 opere
2499 3341 2753 3384 manuum
2781 3322 2883 3378 sibi
2948 3319 3240 3392 egenisque
3297 3317 3604 3372 subvenire.

2029 3427 2181 3496 Quod
2209 3425 2254 3478 si
2277 3422 2586 3479 desiderent
2611 3416 2957 3472 monasticam
2987 3425 3151 3481 operc
3180 3410 3464 3480 complere
3494 3423 3607 3478 pro-

2031 3518 2364 3582 missionem,
2393 3524 2449 3570 et
2473 3527 2595 3567 cum
2623 3509 2880 3578 Apostolo
2907 3504 3130 3576 gloriam
3175 3503 3451 3569 accipere,
3499 3500 3604 3553 dis-

2030 3610 2246 3665 tributis
2285 3605 2558 3660 veteribus
2595 3599 2796 3657 divitiis
2837 3600 2888 3652 in
2925 3595 3098 3659 fame,
3137 3594 3224 3648 siti
3259 3603 3314 3647 et
3343 3592 3604 3654 nuditate,

2029 3715 2149 3754 cum
2182 3698 2345 3753 Paulo
2369 3697 2642 3751 decertent
2672 3691 2868 3746 bonum
2897 3697 3167 3742 certamen
3191 3680 3604 3752 (llTim.tv,7).

2029 3791 2162 3846 Nam
2185 3791 2230 3844 si
2256 3789 2322 3843 ad
2351 3785 2758 3857 perfectionem,
2782 3776 3138 3835 necessariam
3162 3782 3474 3843 reputasset
3500 3773 3608 3840 ipse

2033 3881 2323 3952 Apostolus
2361 3887 2603 3931 veterum
2642 3872 2948 3927 divitiarum
2987 3866 3384 3937 possessionem
3411 3902 3430 3928 ,
3471 3861 3607 3931 prio-

2027 3995 2144 4036 rem
2167 3992 2320 4034 suam
2351 3973 2661 4043 dignitatem
2689 3968 2906 4023 minime
2919 3961 3254 4032 despexisset
3284 3976 3298 4010 :
3323 3972 3383 4011 se
3409 3955 3606 4025 quippe

2027 4070 2290 4125 illustrem
2307 4065 2541 4121 etclvem
2561 4062 2724 4116 fuisse
2745 4059 3042 4112 Romanum
3059 4060 3285 4107 testatur
3311 4047 3455 4119 (Act.
3476 4061 3606 4109 xxn,

2028 4161 2143 4232 25).
2186 4159 2286 4227 Qui
2334 4165 2514 4213 autem
2558 4152 2912 4222 Jerosolymte
2962 4147 3152 4202 domos
3200 4139 3511 4197 vendebant
3554 4146 3606 4191 et

2029 4253 2227 4326 praedia
2249 4265 2369 4317 sua,
2419 4257 2475 4304 et
2513 4245 2579 4300 ad
2635 4243 2799 4314 pedes
2849 4238 3214 4308 apostolorum
3262 4233 3608 4304 deponebant

2034 4349 2171 4418 (Aet.
2196 4361 2279 4415 tv,
2309 4344 2434 4415 '55),
2462 4354 2794 4411 nequaquam
2823 4335 2956 4392 illud
2986 4335 3243 4406 egissent,
3285 4332 3330 4385 si
3361 4336 3603 4392 nossent,

2031 4440 2298 4495 aestimare
2344 4434 2622 4504 apostolos
2675 4430 2884 4486 felicius
2932 4443 3053 4483 esse
3096 4423 3334 4495 pecuniis
3389 4423 3506 4476 suis
3540 4418 3606 4473 ali

366 4538 622 4606 paeniteat
643 4504 1148 4604 ;vsuadetque'illis
1178 4544 1232 4586 ut
1267 4531 1544 4602 requirant
1577 4544 1638 4584 ea
1669 4543 1790 4598 qua:
1820 4528 1928 4584 Deo
1958 4504 2006 4562 D
2030 4546 2188 4600 quam
2229 4529 2414 4584 labore
2456 4523 2672 4596 pr0prio
2701 4531 2756 4576 et
2795 4533 3047 4575 manuum
3094 4529 3277 4585 opere.
3330 4511 3606 4580 Liquidius

362 4627 626 4683 obtulere.
667 4626 877 4681 Tertius
904 4625 946 4678 is
977 4625 1164 4689 estqui
1187 4637 1306 4676 cum
1331 4620 1484 4676 initio
1507 4621 1823 4675 monachum
1856 4620 1932 4674 in-

361 4717 696 4774 credulitatis
737 4715 1013 4785 tepiditate
1049 4714 1297 4784 illigarit,
1346 4728 1451 4766 non
1491 4711 1620 4766 sinit
1652 4728 1773 4767 eum
1803 4726 1928 4780 per-

363 4812 499 4866 fecto
528 4808 809 4865 mundanis
837 4807 1210 4862 abrenuntiare
1235 4805 1418 4871 rebus,
1442 4804 1622 4860 animo
1642 4805 1932 4874 subiiciens

362 4915 560 4958 metum
585 4897 914 4969 paupertatis
955 4905 1114 4965 atque
1146 4894 1493 4950 difﬁdentiam
1524 4893 1619 4948 Dei
1646 4893 1933 4962 providen-

360 4996 483 5060 tiae;
509 4992 761 5062 illumque
789 4989 1172 5060 promissorum
1205 4986 1518 5042 violatorem
1548 4984 1764 5040 exhibet
1783 4998 1924 5048 esse,

359 5101 546 5143 eorum
570 5086 780 5142 scilicet
823 5097 941 5164 qua:
969 5080 1239 5151 professus
1274 5089 1356 5134 est
1382 5079 1510 5134 dum
1550 5076 1751 5132 mundo
1771 5075 1928 5130 abre-

361 5183 652 5238 nuntiaret.
699 5180 900 5235 llorum
929 5191 1090 5241 porro
1117 5174 1274 5229 trium
1299 5171 1580 5227 modorum
1607 5169 1850 5236 exempla
1874 5167 1927 5222 in

361 5273 540 5330 divina
577 5271 845 5339 Scriptura
891 5265 1199 5324 abscondita
1237 5264 1555 5330 reperimus.
1617 5258 1748 5314 Nam
1781 5258 1928 5313 Giesi

362 5363 502 5432 quod
531 5364 783 5433 pecunias
799 5376 928 5432 quas
953 5366 1077 5414 ante
1097 5373 1202 5412 non
1226 5357 1485 5412 habuerat
1510 5352 1926 5421 concupivisset,

365 5455 598 5523 privatus
623 5465 705 5510 est
734 5453 1025 5522 prophetiae
1052 5452 1219 5521 gratia
1240 5490 1254 5513 ,
1284 5463 1442 5518 quam
1472 5445 1689 5500 volebat
1718 5444 1793 5497 illi
1822 5459 1932 5498 ma-

355 5546 525 5615 gister
545 5548 659 5617 eius
691 5546 1018 5602 haereditatis
1054 5546 1173 5601 loco
1198 5543 1536 5612 relinquere;
1567 5548 1620 5592 et
1648 5551 1744 5607 pro
1770 5536 1932 5591 bene-

361 5638 616 5701 dictione,
647 5653 740 5707 per
773 5639 1042 5705 propheta
1071 5634 1414 5692 maledictum
1452 5639 1708 5686 aeternam
1742 5641 1929 5696 posse-

371 5727 445 5786 dit
472 5724 670 5802 lepram
699 5729 786 5799 (Ν
822 5730 941 5802 Reg.
969 5727 1041 5799 ν).
1080 5725 1244 5784 Iudas
1287 5740 1412 5781 vero
1441 5736 1562 5780 cum
1588 5720 1743 5778 vellet
1761 5735 1921 5790 pecu-

2030 4631 2208 4677 autem
2230 4635 2348 4676 eam
2379 4632 2492 4672 rem
2520 4617 2680 4671 docet
2707 4611 2994 4682 Apostolus
3022 4610 3072 4663 in
3113 4621 3206 4662 sua
3237 4604 3301 4660 ad
3331 4604 3605 4658 Romanos

2031 4711 2269 4780 Epistula
2300 4728 2315 4764 :
2347 4707 2502 4764 Nunc
2519 4715 2687 4760 autem
2722 4702 3018 4772 proficiscar
3053 4699 3106 4750 in
3151 4693 3476 4759 Jerusalem,
3509 4693 3603 4744 mi-

2033 4804 2253 4858 nistrare
2316 4798 2525 4854 sanctis.
2597 4795 2944 4849 Probaveruul
3005 4789 3136 4842 enim
3200 4783 3509 4838 Macedonia
3562 4789 3606 4834 et

2033 4895 2226 4951 Achaia
2247 4935 2263 4960 ,
2287 4891 2607 4948 collationem
2632 4888 2858 4956 aliquam
2896 4886 3060 4954 facere
3106 4880 3160 4933 in
3196 4891 3448 4946 pauperes
3491 4889 3606 4926 sane

2035 4996 2255 5048 ctorum,
2305 4982 2393 5052 qui
2433 4987 2549 5034 sunt
2595 4978 2648 5032 in
2683 4974 2968 5030 Jerusalem
3011 4968 3186 5041 (Rom.
3207 4983 3299 5031 xv,
3319 4964 3438 5033 25).
3490 4961 3605 5027 Ipse

2035 5083 2211 5130 autem
2232 5072 2441 5127 vinctus
2463 5069 2777 5137 plerumque
2795 5072 2848 5117 et
2870 5062 2922 5116 in
2945 5057 3267 5122 carceribus,
3291 5053 3604 5121 itinerisque

2035 5162 2388 5221 incommodis
2411 5158 2674 5215 subditus.
2707 5163 2867 5225 atque
2892 5167 2958 5207 eo
2987 5149 3301 5217 impeditus,
3327 5159 3396 5199 ne
3417 5145 3492 5196 uti
3514 5155 3603 5195 so-

2035 5256 2210 5320 lebat,
2237 5251 2470 5322 propriis
2505 5246 2752 5302 manibus
2787 5241 3087 5300 necessaria
3120 5238 3221 5292 sibi
3267 5242 3510 5305 pararet,
3542 5244 3601 5283 ea

2035 5361 2094 5402 se
2119 5344 2390 5414 accepisse
2409 5341 2567 5396 docet
2592 5339 2659 5391 ab
2687 5337 2750 5390 iis
2775 5335 2865 5404 qui
2896 5348 2928 5388 e
2966 5327 3271 5386 Macedonia
3311 5333 3466 5380 erant
3503 5322 3602 5374 fra-

2036 5439 2225 5506 tribus,
2250 5411 2446 5507 quique
2467 5448 2526 5487 se
2545 5433 2929 5490 convenerant,
2947 5424 3098 5477 aiens
3132 5437 3147 5474 :
3178 5419 3312 5474 Nam
3326 5415 3463 5486 quod
3479 5411 3601 5465 mihi

2034 5505 2592 5597 deeratrsuppleuerunt
2612 5524 2795 5593 fratres
2831 5519 2915 5585 qui
2957 5521 3197 5570 uenerunt
3237 5529 3269 5564 a
3302 5505 3600 5564 Macedonia

2033 5622 2097 5691 (ll
2130 5619 2247 5676 Cor.
2281 5593 2355 5681 ii,
2387 5616 2464 5684 9).
2505 5615 2571 5670 Et
2611 5611 2677 5667 ad
2725 5610 3102 5676 Philippenses
3133 5621 3146 5656 :
3181 5600 3333 5668 Quod
3373 5599 3423 5650 in
3459 5593 3598 5691 prin-

1965 5715 1974 5718 ”
2030 5715 2163 5784 cipio
2212 5708 2477 5780 Evangelii
2531 5722 2644 5760 cum
2683 5703 2826 5757 nulla
2875 5698 3105 5754 Ecclesia
3143 5687 3507 5750 coutinunicari
3547 5683 3597 5738 in
