3910 6168
370 240 481 299 885

1352 236 1695 295 EPITOMES
1732 232 2014 291 OPi‘IllUil
2054 234 2368 293 CASSIANI
2408 236 2537 291 UB.
2569 236 2630 291 ll.

3521 241 3622 297 886

373 351 571 403 ratione
597 348 705 403 dati
732 357 819 401 aut
861 347 1075 419 accepti,
1116 347 1215 401 nisi
1243 346 1497 401 vobiscum
1542 345 1666 401 solis
1696 363 1715 401 :
1742 348 1864 414 quia
1899 354 1946 398 et
1974 352 2021 406 Α
2052 360 2194 412 mur,
2218 346 2472 418 scriptum
2504 347 2697 417 quippe
2729 356 2805 404 est
2836 366 2848 401 :
2874 348 2952 403 lra
2995 349 3152 405 etiam
3190 352 3477 420 prudentes
3512 356 3627 408 dis—

374 440 749 496 Thessalonica
786 442 941 495 semel
991 451 1037 494 et
1066 440 1139 494 bis
1167 443 1218 492 in
1250 455 1398 492 usum
1426 440 1551 492 mihi
1580 439 1748 508 fuistis
1790 437 1946 507 (Plii-

376 536 503 602 lipp.
538 547 611 599 tv,
646 532 753 597 i5).
804 532 921 586 Sint
986 531 1162 597 itaque
1198 530 1376 589 avari.
1434 528 1586 597 quIa
1637 545 1788 582 suam
1827 544 1950 583 sen-

376 627 631 691 tentiam,
669 624 925 693 Apostoiu
973 623 1274 688 beatiores;
1318 622 1752 692 quandoquidem
1817 621 1950 691 ipsis

376 734 438 772 cx
469 718 679 787 prepria
707 715 1026 780 substantia,
1053 731 1169 785 qua:
1196 716 1295 768 sibi
1330 716 1627 768 necessaria
1650 723 1795 778 sunt,
1819 730 1949 782 sup-

377 809 703 879 peditantur.
766 809 871 865 Sed
916 824 1075 863 nemo
1112 808 1213 863 nisi
1253 806 1306 861 in
1348 818 1644 862 extremam
1687 806 1950 861 deciderit

374 902 686 967 amentiam,
720 900 771 954 id
795 900 1036 970 proferre
1063 915 1222 954 ausus
1252 898 1438 954 fuerit.
1488 898 1544 954 Si
1576 900 1822 954 volumus
1851 901 1948 954 ita-

376 1007 478 1061 que
524 991 891 1060 evangelicum
932 1000 985 1045 et
1009 990 1360 1058 apostolicum
1398 990 1547 1059 sequi
1593 999 1942 1058 praeceptum,

374 1092 536 1150 atque
565 1083 867 1136 universam
900 1097 1061 1150 supra
1088 1082 1360 1149 apostolos
1399 1082 1465 1136 ab
1500 1082 1652 1136 initio
1677 1081 1945 1135 fundatam

376 1172 699 1239 Ecclesium,
753 1186 820 1227 ne
857 1172 1199 1241 Opinionibns
1242 1173 1442 1227 nostris
1485 1171 1943 1242 obtemperemus,

375 1278 475 1318 nec
503 1279 564 1318 ea
586 1279 704 1334 qua:
726 1263 893 1334 probe
913 1263 1052 1319 dicta
1082 1274 1207 1319 sunt
1249 1279 1531 1335 perperam
1562 1264 1945 1333 intelligamus,

372 1370 436 1408 ac
464 1357 740 1424 repudiato
759 1355 1044 1425 tepido-illo
1065 1366 1224 1423 atque
1249 1356 1530 1411 incredqu
1546 1356 1707 1410 animi
1724 1355 1942 1422 aﬂ‘ectu,

370 1455 681 1501 accuratum
711 1446 979 1516 Evangelii
999 1447 1233 1501 studium
1255 1462 1628 1513 assequamur.
1658 1448 1730 1502 Ea
1748 1448 1945 1518 quippe

373 1538 582 1591 ratione
607 1538 900 1592 valebimus
925 1549 1233 1593 sanctorum
1260 1538 1477 1593 Patrum
1501 1539 1750 1608 subsequi
1784 1538 1946 1594 vesti-

368 1628 475 1695 gia,
491 1637 692 1697 atquea
715 1629 947 1685 cenabii
964 1631 1188 1684 scientia
1204 1639 1252 1683 et
1276 1630 1516 1683 instituto
1540 1644 1827 1697 numquam
1849 1628 1944 1683 ab-

2055 442 2263 510 perdit;
2322 455 2494 510 neque
2530 440 2753 510 justitia:
2794 441 3156 510 gubernacula
3195 443 3431 513 vigilanti
3463 448 3625 499 corde

2050 534 2283 586 retinere
2314 533 2553 586 valemus
2573 546 2691 585 cum
2716 532 2969 598 scriptum
3002 535 3069 586 sit
3099 551 3111 586 :
3140 531 3230 586 Ira
3261 536 3351 587 viri
3371 537 3623 604 jus'itiam

2050 621 2146 677 Dei
2174 638 2273 676 non
2303 634 2541 694 aperatur
2573 621 2777 693 (Jacob.
2810 638 2848 689 ι,
2879 623 3016 692 20);,
3058 640 3233 690 neque
3273 626 3507 679 omnium
3531 644 3624 680 ore

2049 714 2372 768 celebratam
2399 713 2713 767 modestiam
2743 714 3149 784 decentiatnque
3175 716 3417 770 obtinere
3445 733 3634 785 po-su-

2050 818 2206 856 nius:
2256 803 2684 872 quandoquidem
2738 804 2995 873 scriptum
3026 813 3150 859 est:
3201 804 3294 858 Vir
3347 807 3623 861 iracundus

2049 897 2306 949 modestus
2337 913 2436 949 non
2465 905 2539 948 est
2570 894 2755 964 (Prov.
2792 911 2868 963 ιι,
2899 893 3011 966 25).
3065 894 3165 965 Qui
3218 898 3448 953 voluerit
3496 914 3626 967 ctgo

2047 985 2115 1040 ad
2167 986 2548 1054 perfectionem
2595 987 2889 1055 attingere,
2944 987 3032 1057 qui
3083 998 3304 1058 exoptat
3349 991 3623 1059 spirituale

2046 1088 2321 1133 certamen
2347 1078 2581 1147 legitime
2620 1078 2806 1146 obire,
2851 1079 2922 1134 ob
2959 1080 3105 1133 omni
3134 1080 3330 1135 delicto
3364 1084 3455 1136 inc
3486 1085 3621 1137 furu-

2046 1170 2189 1225 risve
2217 1170 2424 1226 alienus
2454 1172 2546 1235 sit,
2579 1172 2868 1241 audiatque
2891 1172 3017 1241 quid
3051 1174 3325 1241 jirmcipiat
3356 1174 3453 1227 Vas
3493 1174 3620 1229 illud

2046 1262 2330 1318 electionis
2365 1278 2379 1315 :
2409 1262 2590 1316 Omnis
2636 1264 2922 1317 amaritudo
2953 1272 3001 1318 et
3037 1266 3113 1317 ira
3143 1275 3189 1318 et
3231 1266 3537 1338 indignatio,
3576 1278 3620 1323 et

2046 1354 2260 1419 clamor,
2287 1363 2335 1407 et
2358 1353 2671 1423 blasphemia
2693 1355 2908 1408 tollatur
2935 1371 2965 1407 a
2996 1354 3132 1408 vobis
3154 1373 3265 1409 cum
3296 1359 3434 1410 omni
3477 1360 3620 1411 mali-

2046 1446 2118 1499 tia
2148 1444 2365 1516 (Epltes.
2398 1460 2469 1510 tv,
2495 1445 2609 1516 51).
2651 1447 2781 1499 Cum
2830 1447 2903 1499 ait
2932 1456 3112 1501 autem
3139 1462 3338 1501 omnem
3358 1489 3372 1515 ,
3423 1450 3619 1503 nullam

2046 1537 2197 1591 nobis
2221 1536 2599 1605 indignationis
2648 1538 3007 1606 occasionem,
3057 1538 3139 1593 vel
3187 1539 3339 1608 quasi
3381 1555 3619 1594 arcessa-

2043 1628 2207 1689 riam,
2263 1627 2345 1681 vel
2376 1628 2526 1696 quasi
2574 1638 2989 1683 consentaneum
3031 1628 3264 1697 reliquit.
3314 1629 3414 1694 Qui
3460 1630 3619 1699 igitur

369 1716 629 1784 scedere,
687 1718 922 1787 itemque
969 1733 1149 1772 revera
1179 1717 1303 1772 huic
1364 1717 1566 1772 mundo
1609 1719 1940 1773 renuntiare.
1974 1709 2016 1769 Β
2044 1724 2315 1770 errantem
2344 1718 2559 1770 fratrem
2587 1718 2860 1786 corripere
2881 1719 3383 1786 autcastigatiouem
3407 1720 3505 1788 ipsi
3540 1721 3608 1774 in-

367 1806 558 1875 Operce
579 1818 755 1863 autem
797 1812 1022 1876 pretium
1048 1807 1207 1861 fuerit
1238 1807 1338 1862 hoc
1370 1808 1489 1863 loco
1509 1823 1814 1864 sanctorum
1844 1810 1941 1864 Pa-

367 1907 510 1951 trum
555 1898 691 1952 dicta
731 1913 1053 1953 memorare.
1109 1898 1299 1953 Fertur
1339 1900 1515 1968 itaque
1554 1901 1725 1955 sancti
1765 1900 1942 1956 Basilii

367 1990 607 2059 episcopi
643 1990 902 2048 Cmsareze
945 1989 1299 2060 Cappadocia:
1339 2006 1517 2046 sermo
1551 1991 1617 2045 ad
1656 1992 1940 2062 quemdam

365 2088 697 2141 senatorium
750 2087 956 2153 virum,
1002 2088 1091 2156 qui
1145 2087 1322 2157 tepide
1362 2088 1561 2143 mundo
1597 2088 1941 2144 abrenuntia-

366 2179 461 2241 vit,
498 2186 553 2232 et
598 2179 689 2249 qui
735 2194 799 2233 ex
866 2179 1103 2248 pecuniis
1142 2180 1255 2235 suis
1292 2180 1562 2253 quidpiam
1610 2183 1937 2251 reservavit,

362 2271 566 2324 dictum
584 2272 845 2339 ejusmodi
877 2289 890 2324 :
918 2273 980 2325 Et
1000 2274 1323 2327 senatorium
1352 2274 1651 2342 perdidisti,
1675 2285 1728 2329 et
1748 2291 1940 2329 mona-

361 2364 522 2415 chum
554 2377 657 2416 non
688 2363 878 2417 fecisti.
919 2364 1139 2433 Oportet
1160 2364 1320 2433 igitur
1339 2365 1480 2417 omni
1508 2379 1633 2419 cura
1654 2380 1725 2419 ex
1757 2377 1939 2419 nostra

362 2454 679 2509 exscindere
722 2456 896 2508 anitna
945 2454 1177 2511 radicem
1205 2471 1269 2511 ac
1297 2456 1621 2527 principium
1674 2459 1936 2513 malorum

361 2545 624 2608 omnium,
650 2545 923 2599 avaritiam
948 2545 1189 2600 scilicet:
1222 2547 1704 2616 compertissimum
1739 2548 1940 2602 baben-

362 2644 464 2701 tes,
497 2645 748 2690 manente
791 2635 988 2701 radice,
1042 2650 1223 2692 ramos
1267 2637 1558 2705 pullulare,
1613 2636 1938 2705 difficileque

362 2740 481 2779 esse
514 2726 761 2780 virtutem
785 2741 1059 2797 exercere,
1094 2727 1197 2782 nisi
1230 2727 1281 2781 in
1303 2728 1550 2783 (tenobio
1571 2727 1846 2798 degamus.
1881 2730 1935 2785 in

361 2816 481 2885 ipso
511 2819 653 2872 enim
682 2818 842 2873 etiam
867 2818 934 2873 de
960 2818 1279 2883 necessariis
1316 2820 1475 2874 rebus
1506 2819 1637 2872 nihil
1665 2834 1935 2875 curamus.

363 2910 583 2964 Anania:
607 2922 659 2964 et
680 2910 959 2980 Sapphica:
985 2911 1385 2967 damnationem
1414 2912 1553 2980 (Act.
1584 2909 1638 2983 ν)
1673 2926 1779 2979 pra:
1808 2926 1938 2966 ocu-

363 3002 425 3055 lis
465 3002 763 3067 habentes,
825 3004 1140 3058 horreamus
1194 3003 1264 3058 de
1317 3002 1548 3073 antiquis
1597 3002 1937 3059 facultatibus

360 3094 631 3161 quidpiam
661 3095 814 3149 nobis
842 3109 1135 3150 reservare.
1177 3093 1434 3151 Similiter
1461 3094 1610 3151 Giezi
1631 3095 1932 3164 exemplum

362 3184 449 3252 (iV
474 3183 602 3255 Reg.
628 3183 683 3257 v)
715 3186 1171 3253 pertimescamus,
1201 3186 1289 3253 qui
1316 3187 1554 3242 avaritia:
1582 3202 1743 3241 causa
1775 3196 1933 3243 aeter—

362 3291 442 3327 nzc
482 3276 642 3344 leprae
685 3276 910 3331 traditus
939 3286 1039 3331 est.
1091 3274 1392 3333 Caveamus
1417 3294 1484 3331 ne
1525 3279 1677 3333 nobis
1712 3277 1934 3347 hujusce

362 3370 480 3419 vitm.
511 3368 761 3435 pecunias
795 3368 1217 3436 accumnlemus,
1246 3383 1381 3439 quas
1417 3383 1483 3424 ne
1515 3370 1566 3422 in
1594 3370 1694 3425 hoc
1717 3370 1932 3438 quidem

360 3456 557 3510 mundo
586 3458 939 3524 possedimus.
965 3458 1271 3513 Timeamus
1292 3459 1498 3523 itidem,
1523 3458 1714 3514 ludam
1741 3459 1932 3531 laqueo

361 3562 670 3618 pereuntem
696 3554 970 3608 nobiscum
1000 3563 1331 3622 reputantes,
1362 3570 1430 3611 ne
1458 3555 1728 3625 quidpiam
1749 3571 1930 3612 serve-

359 3659 477 3699 mus
495 3646 638 3700 exiis
659 3647 906 3703 omnibus
923 3648 1116 3717 quibus
1146 3663 1265 3703 cum
1283 3659 1592 3717 contemptu
1606 3649 1931 3704 renuntiavi-

359 3754 497 3793 mus.
517 3740 597 3795 Ad
627 3740 738 3797 haec
766 3741 940 3795 omnia
957 3758 1065 3811 prae
1083 3744 1250 3798 oculis
1272 3757 1486 3814 semper
1507 3745 1766 3800 habentes
1794 3760 1933 3799 mor-

363 3834 429 3884 tis
453 3832 713 3885 incertam
748 3831 1259 3895 horam.cavcamus
1285 3850 1371 3901 ne,
1411 3850 1513 3905 qua
1546 3838 1676 3890 hora
1698 3851 1802 3891 non
1832 3851 1930 3905 ρη-

360 3933 534 3975 tamus
584 3922 757 3978 veniat
805 3922 1101 3991 Dominus,
1153 3924 1643 3996 conscientiamque
1688 3936 1928 3982 nostram

360 4013 597 4069 inveniat
641 4013 866 4071 avaritia
921 4018 1262 4082 maculatam,
1313 4018 1563 4088 dicatque
1604 4018 1759 4074 nobis
1798 4018 1927 4074 illud

356 4104 497 4167 quod
519 4105 670 4159 diviti
694 4106 769 4160 illi
801 4107 855 4161 iu
894 4104 1182 4175 Evangelio
1203 4108 1404 4164 dictum
1432 4116 1516 4163 est
1544 4126 1557 4161 ε
1598 4107 1803 4176 Stulte,
1832 4108 1930 4164 hac

356 4205 500 4250 nocte
524 4212 558 4251 α
584 4204 632 4251 te
663 4206 895 4269 repetunt
934 4198 1163 4252 animam
1183 4206 1352 4267 tuam,
1384 4216 1497 4271 qua
1533 4209 1702 4255 autem
1730 4200 1930 4271 parasti

355 4290 502 4358 cujus
529 4296 673 4343 erunt
701 4286 852 4361 (Luc.
876 4303 973 4354 xu,
1004 4286 1143 4360 20)?
1922 4350 1931 4373 ³

425 4380 480 4433 4.
511 4378 532 4449 (
558 4376 703 4434 Cass.
734 4377 872 4433 Inst.
904 4378 943 4437 ι.
974 4394 1085 4448 vnt,
1114 4395 1161 4435 c.
1198 4379 1225 4434 1
1251 4390 1298 4436 et
1324 4379 1495 4451 seqq.)
1542 4381 1801 4446 Quartum
1833 4396 1928 4436 no-

355 4469 530 4525 bisest
551 4479 822 4525 certamen
842 4472 1102 4526 adversus
1118 4471 1365 4541 spiritum
1388 4473 1675 4526 iracundiae
1691 4514 1705 4539 ,
1724 4483 1782 4527 ut
1801 4487 1923 4527 cunt

356 4560 464 4615 Deo
500 4559 834 4617 mortiferum
882 4561 1038 4631 hujus
1068 4577 1333 4618 venenum
1377 4578 1443 4617 ex
1497 4562 1685 4616 intimo
1733 4563 1925 4617 animus

353 4664 549 4708 nostrze
577 4653 971 4709 exscindamus.
1016 4656 1093 4709 Eo
1118 4654 1261 4709 enim
1287 4656 1424 4709 intra
1450 4669 1545 4709 cor
1574 4665 1814 4708 nostrum
1837 4669 1924 4709 re-

352 4748 559 4817 posito,
586 4762 651 4802 ac
677 4747 977 4803 tenebrosis
1020 4748 1333 4802 tumultibus
1362 4747 1578 4802 oculum
1610 4747 1806 4803 mentis
1830 4762 1925 4801 ex-

351 4850 587 4894 czccante
605 4880 622 4908 ,
647 4840 844 4894 nullam
865 4856 1052 4895 eorum
1081 4855 1197 4910 qua:
1213 4850 1573 4896 censentanea
1598 4840 1752 4894 nobis
1796 4848 1923 4896 sunt

349 4930 726 4985 discretionem
750 4931 948 4987 habere
976 4932 1214 4987 valemus
1232 4971 1249 4999 ,
1292 4947 1465 5001 neque
1491 4931 1785 5001 spiritualis
1824 4947 1919 4987 co-

347 5023 602 5091 gnitionis
630 5022 1167 5091 comprehensionem
1197 5023 1441 5078 invenire
1461 5062 1477 5087 ,
1502 5037 1601 5077 nec
1631 5038 1771 5077 verae
1798 5023 1924 5077 vita:

350 5114 640 5183 participes
660 5114 824 5182 efﬁci,
851 5129 948 5169 nec
974 5130 1125 5168 mens
1156 5124 1336 5169 nostra
1366 5115 1564 5169 divinrc
1595 5129 1660 5169 ac
1689 5129 1829 5170 vera:
1852 5115 1928 5169 lu-

349 5203 424 5257 cis
451 5217 621 5272 capax
652 5203 777 5258 erit.
822 5204 977 5272 Nam,
1010 5204 1262 5258 Turbatus
1289 5214 1385 5271 est,
1416 5207 1510 5271 ait,
1549 5222 1581 5259 a
1607 5209 1781 5276 furore
1802 5223 1923 5260 ocu-

350 5293 427 5347 lus
454 5309 595 5347 meus
629 5293 855 5363 (Psalm.
888 5310 958 5358 vt,
988 5293 1065 5363 8).
1112 5293 1295 5363 Neque
1335 5296 1609 5364 sapientia:
1641 5296 1927 5365 participes

350 5385 574 5453 erimus,
601 5385 810 5440 etiamsi
840 5386 990 5439 nobis
1018 5383 1148 5455 ipsis
1188 5386 1456 5455 sapientes
1485 5387 1785 5455 videamur,
1808 5403 1929 5442 cum

354 5478 608 5547 scriptum
648 5477 755 5532 sit:
787 5475 962 5531 Furor
1003 5477 1058 5531 in
1108 5478 1226 5530 sinu
1268 5478 1609 5548 insipientium
1641 5477 1930 5545 habitabit;

355 5570 445 5622 sed
470 5584 644 5640 neque
668 5570 933 5625 salutares
952 5570 1293 5625 discretionis
1333 5571 1512 5625 radios
1535 5570 1795 5640 consequi
1818 5585 1933 5639 pos-

357 5677 557 5730 sumus,
574 5664 677 5719 etsi
698 5662 767 5719 ab
787 5663 1088 5719 hominibus
1107 5679 1363 5735 perquam
1388 5665 1656 5734 sapientes
1667 5662 1930 5720 existime-

2042 1807 2186 1862 ferre
2226 1808 2491 1875 voluerit,
2557 1809 2766 1862 studeat
2812 1824 2871 1863 se
2921 1810 3297 1865 commotionis
3340 1810 3615 1879 perturba-

2044 1899 2308 1969 tionisque
2332 1907 2607 1965 espertem
2658 1898 2966 1965 custodire;
3019 1915 3088 1955 ne
3119 1900 3247 1954 dum
3296 1901 3458 1954 alium
3504 1900 3611 1953 vult

2039 2003 2245 2052 curare,
2282 1989 2526 2042 morbum
2558 1988 2659 2043 sibi
2693 1990 2869 2044 trahat
2917 2006 3051 2045 neve
3073 1991 3280 2046 dicatur
3309 1993 3357 2046 ei
3386 2007 3611 2061 exauge-

2039 2081 2197 2137 licum
2230 2080 2357 2135 illud
2391 2097 2406 2134 :
2439 2081 2655 2149 Mediae,
2687 2098 2807 2135 cura
2836 2082 3052 2151 teipsum
3082 2082 3241 2153 (Luc.
3275 2099 3344 2147 tv,
3374 2085 3520 2150 ‘25);
3552 2099 3613 2139 ac

2041 2188 2253 2227 rursum
2280 2190 2294 2227 :
2328 2173 2465 2240 Quid
2494 2182 2547 2227 tu
2585 2174 2724 2228 rides
2752 2174 2999 2245 festucam
3030 2176 3081 2227 in
3137 2176 3286 2229 oculo
3315 2175 3487 2243 fratris
3516 2178 3609 2240 tui,

2040 2266 2229 2316 trabem
2257 2271 2425 2317 autem
2452 2264 2505 2317 in
2533 2265 2683 2318 oculo
2709 2274 2794 2318 tuo
2816 2281 2917 2319 non
2951 2266 3332 2336 intelligis?aut
3359 2270 3613 2331 quomodo

2039 2358 2173 2412 dices
2188 2358 2338 2428 fratri
2359 2367 2445 2412 tuo
2459 2373 2479 2413 :
2493 2358 2636 2423 Sine,
2658 2360 2859 2431 ejiciam
2872 2360 3118 2428 festucam
3151 2375 3213 2412 ea:
3232 2359 3378 2413 oculo
3400 2370 3507 2423 tuo,
3530 2361 3613 2429 qui

2039 2450 2232 2502 trabem
2261 2448 2313 2502 in
2342 2450 2551 2520 proprio
2564 2451 2712 2504 oculo
2729 2449 2885 2504 habes
2912 2450 3215 2521 operientem
3242 2451 3391 2504 illum
3423 2452 3611 2521 (Marc.

2039 2556 2131 2605 vn,
2163 2540 2291 2611 23)?
2341 2540 2588 2609 Qualibet
2615 2541 2758 2597 enim
2790 2543 2857 2597 de
2883 2557 3067 2608 causa,
3115 2543 3207 2597 ira
3237 2550 3415 2597 motus
3457 2545 3612 2599 ellcr-

2038 2643 2243 2699 ve~cat,
2273 2635 2468 2690 mentis
2498 2636 2682 2689 oculos
2704 2646 2961 2698 excareat,
2995 2650 3167 2703 neque
3192 2637 3317 2690 sinit
3344 2635 3611 2692 hominem

2041 2728 2309 2796 respicere
2351 2727 2530 2781 Solem
2557 2728 2798 2796 justitize.
2849 2729 3309 2794 Quemadmodum
3349 2732 3491 2785 enim
3523 2734 3611 2801 qui

2039 2819 2214 2873 oeulis
2242 2819 2463 2887 imponit
2490 2834 2650 2873 aurea
2673 2829 2726 2873 et
2752 2820 2996 2888 plumbea
3023 2821 3236 2875 metalla
3261 2862 3278 2889 ,
3317 2838 3468 2891 mque
3511 2825 3612 2878 im-

2041 2908 2185 2976 pedit
2212 2908 2426 2964 videndi
2458 2909 2763 2964 facultatem
2790 2952 2803 2973 ,
2838 2925 2938 2965 nec
2964 2911 3114 2967 aurei
3145 2913 3345 2967 metalli
3387 2915 3610 2983 pretium

2038 3006 2274 3075 aliquam
2307 3006 2433 3061 facit
2463 3007 2715 3062 cmcitatis
2738 3007 3093 3063 differentiam
3120 3050 3136 3075 ,
3182 3009 3254 3063 ita
3283 3024 3345 3062 ex
3376 3007 3610 3078 qualibet

2037 3114 2199 3154 causa
2226 3098 2320 3153 ira:
2347 3100 2639 3153 commotio
2664 3100 2987 3154 accendatur
3012 3142 3025 3165 ,
3072 3101 3267 3155 anima:
3292 3099 3504 3155 videndi
3536 3098 3610 3151 fa-

2036 3192 2289 3247 cultatem
2318 3190 2655 3246 obteuebrat.
2689 3190 2839 3245 Tunc
2879 3192 3049 3245 solum
3076 3192 3227 3260 juxta
3256 3201 3499 3245 naturam
3534 3189 3610 3243 in-

2037 3284 2346 3355 dignatione
2373 3285 2593 3345 utimur,
2622 3299 2744 3337 cum
2767 3283 3026 3338 adversus
3053 3286 3272 3340 vitiosas
3297 3294 3349 3339 ct
3373 3287 3610 3353 volupta-

2035 3374 2142 3429 rias
2169 3375 2520 3444 cogitationes
2546 3389 2662 3428 eam
2696 3391 2991 3430 movemus.
3042 3376 3095 3429 ld
3136 3377 3332 3446 quippe
3360 3392 3456 3430 nos
3487 3392 3609 3444 pro-

2037 3464 2192 3534 pheta
2211 3464 2374 3519 David
2401 3465 2555 3519 docet
2584 3481 2703 3519 cum
2725 3464 2794 3519 ait
2815 3462 3142 3517 :Irascimini
3167 3478 3213 3517 et
3231 3464 3389 3518 nolite
3404 3483 3609 3536 peccare

2034 3552 2259 3623 (Psalm.
2292 3570 2365 3621 tv,
2393 3553 2486 3624 5);
2527 3554 2578 3608 id
2609 3571 2690 3608 ρει
2716 3596 2730 3618 ,
2766 3556 3022 3609 adxcrsus
3065 3556 3308 3623 preprias
3336 3560 3609 3622 pass‘ones

2034 3644 2166 3697 iram
2200 3653 2411 3699 movete
2433 3685 2448 3708 ,
2483 3659 2583 3699 nec
2609 3661 2711 3697 non
2741 3644 2995 3699 adversus
3025 3658 3213 3713 pravas
3234 3645 3606 3711 cogitationes.

2033 3753 2205 3808 neque
2234 3736 2442 3808 agendo
2474 3752 2592 3806 qua:
2615 3737 2765 3791 vobis
2794 3746 3156 3804 suggeruntur
3175 3736 3244 3792 ab
3273 3737 3396 3800 illis,
3422 3752 3607 3806 prece-

2034 3831 2103 3884 tis
2144 3843 2349 3898 :quam
2399 3828 2557 3898 plane
2604 3828 3097 3895 interpretationem
3145 3828 3418 3893 declarat,
3465 3830 3605 3896 qunti

2030 3921 2271 3990 sequitur
2297 3938 2312 3976 :
2342 3919 2472 3985 Qua:
2496 3920 2666 3973 dicitis
2692 3960 2705 3982 ,
2736 3918 2947 3988 inquit,
2976 3919 3028 3972 in
3057 3917 3293 3972 cordibus
3316 3921 3489 3973 t'estris
3510 3961 3523 3982 ,
3553 3921 3606 3972 in

2031 4013 2281 4070 cubilibus
2324 4015 2505 4068 vestris
2550 4013 2953 4083 compungimini
3000 4009 3228 4083 (lbid.);
3262 4011 3309 4063 id
3341 4022 3459 4075 est,
3482 4026 3602 4066 eum

2029 4106 2374 4162 ascenderint
2400 4121 2577 4174 pravae
2606 4103 2959 4175 cogitationes
2987 4102 3041 4157 in
3070 4116 3164 4158 cor
3194 4113 3431 4157 vestrum
3455 4147 3470 4171 ,
3513 4103 3607 4170 eji-

2030 4199 2135 4254 eite
2180 4198 2337 4265 illas,
2387 4199 2723 4253 concitantes
2752 4195 3010 4250 adversus
3036 4209 3129 4250 eas
3160 4196 3291 4249 iram
3345 4205 3604 4259 vestram;

2030 4278 2311 4363 postquam
2341 4305 2472 4346 vero
2515 4290 2702 4358 ejecta!
2731 4289 2967 4351 itterint,
3018 4287 3169 4355 quasi
3216 4287 3270 4342 in
3324 4286 3463 4341 lecto
3511 4301 3605 4341 seu

2034 4387 2360 4452 qniete,tum
2386 4381 2807 4451 compungimini
2837 4381 2902 4434 ad
2931 4379 3428 4448 pmnitentiamJlis
3449 4394 3611 4449 porro

2033 4485 2295 4531 consonat
2322 4475 2517 4530 beatus
2546 4471 2764 4536 Paulus,
2786 4473 2875 4540 qui
2900 4471 3122 4539 hujusce
3142 4472 3268 4526 dicti
3303 4473 3607 4525 testimonio

2026 4575 2110 4621 est
2133 4580 2262 4620 usus
2286 4606 2302 4630 ,
2335 4574 2494 4634 atque
2522 4564 2649 4618 illud
2679 4562 2879 4630 adjecit
2917 4578 2929 4616 :
2961 4560 3057 4617 Sol
3097 4579 3199 4616 non
3229 4562 3426 4615 occidat
3455 4577 3606 4627 super

2024 4655 2348 4711 iracundiam
2370 4665 2608 4723 vestram,
2646 4652 2803 4707 nolite
2822 4653 2947 4707 dare
2970 4653 3139 4707 locum
3165 4652 3372 4706 diabolo
3393 4649 3604 4721 (Epties.

2024 4761 2098 4813 tv,
2115 4745 2208 4818 ‘26)
2225 4763 2241 4812 ;
2260 4746 2314 4801 id
2336 4754 2441 4811 est,
2462 4762 2529 4801 ne
2563 4745 2740 4814 pravis
2761 4745 3176 4814 cogitationibus
3198 4744 3603 4806 conscnticndn,

2027 4838 2207 4894 Solem
2235 4838 2458 4908 iustitia:
2482 4834 2753 4893 Christum
2776 4837 3069 4901 irritantes,
3102 4836 3350 4891 efficiatis
3378 4844 3434 4889 ut
3466 4833 3603 4887 μερὶς

2026 4931 2118 4985 dat
2150 4932 2201 4986 in
2223 4930 2477 4985 cordibus
2506 4930 2733 4994 vestris;
2761 4937 2906 4984 utne
2932 4930 3048 4997 ejus
3075 4927 3319 4982 discessu
3352 4927 3523 4979 locum
3556 4925 3604 4977 in

2027 5024 2182 5079 vobis
2232 5022 2465 5078 inveniat
2511 5021 2779 5077 diabolus.
2826 5023 2898 5076 De
2946 5022 3047 5075 isto
3077 5019 3201 5074 Sole
3230 5018 3307 5071 ait
3340 5017 3482 5071 Deus
3511 5030 3603 5084 per

2029 5115 2343 5185 prophetam
2366 5132 2379 5167 :
2407 5113 2716 5167 Timentibus
2740 5128 2921 5167 nomen
2944 5126 3109 5164 meum
3134 5111 3323 5163 orietur
3345 5106 3440 5163 Sol
3452 5108 3603 5178 justi-

2031 5211 2134 5273 τίω,
2165 5216 2214 5262 et
2244 5205 2490 5259 medicina
2513 5206 2605 5258 erit
2626 5206 2679 5258 in
2701 5202 2800 5257 alis
2821 5204 2931 5272 ejus
2959 5199 3215 5273 (Maluch.
3248 5197 3416 5268 tv,2).
3454 5197 3605 5265 Quod

2031 5299 2075 5353 si
2103 5300 2302 5352 dictum
2334 5295 2461 5351 illud
2493 5294 2786 5365 (Apostoli)
2816 5293 2884 5348 ad
2909 5292 3141 5346 litteram
3170 5288 3511 5358 accipiamus,
3538 5303 3605 5341 no

2030 5390 2244 5459 quidem
2273 5388 2339 5441 ad
2384 5401 2634 5442 occasum
2665 5399 2833 5453 usque
2866 5382 2994 5437 solis
3032 5381 3340 5437 conceditur
3369 5378 3523 5434 nobis
3549 5388 3604 5435 ut

2033 5479 2163 5532 iram
2196 5492 2500 5533 servemus.
2528 5475 2663 5543 Quid
2689 5476 2845 5544 igitur
2868 5472 2935 5528 de
2959 5473 3065 5527 illis
3094 5472 3333 5527 dicemus
3360 5470 3449 5540 qui
3478 5469 3601 5523 feri-

2034 5580 2142 5625 tate
2170 5582 2329 5638 atque
2383 5566 2581 5620 insania
2612 5566 2776 5618 vitiati
2800 5562 3043 5628 aﬂ'ectus,
3071 5579 3173 5616 non
3199 5562 3262 5613 ad
3291 5575 3456 5630 usque
3477 5560 3603 5611 Solis

2034 5664 2255 5731 hujusce
2274 5677 2521 5719 occasum
2542 5656 2910 5714 tantummodo
2932 5667 3145 5711 servant
3162 5653 3424 5719 iratn,sed
3444 5653 3603 5707 ctiau
