3910 6168
321 261 425 318 887

1300 251 1356 305 s.
1400 245 1726 305 EUCIlERtl
1764 237 2243 298 Lt’ooUNEsts
2286 204 2592 293 EPISCOPI

3470 237 3562 292 889

324 382 389 430 ad
421 374 618 431 nmltos
656 371 770 427 dies
802 367 1099 440 producunt
1137 378 1253 418 eam
1283 403 1296 425 ,
1327 377 1356 416 a
1399 369 1587 414 mutuo
1630 356 1900 422 colloquio
1932 359 1974 414 Α
2006 367 2110 423 que
2142 352 2207 405 iis
2237 351 2440 406 sentire
2470 346 2716 440 concedit
2763 345 2960 416 quibus
2988 346 3090 440 sint
3116 347 3452 440 passionibns
3475 354 3560 404 oh~

326 468 686 523 abstinentes:
717 476 889 528 neque
910 458 1088 512 verbis
1115 455 1342 510 ulterius
1368 451 1699 507 iracundiam
1733 449 1907 516 expri-

327 568 475 613 tnnnt
498 570 645 610 suam
675 595 689 619 ,
716 552 809 606 sed
843 551 1057 604 silentio
1097 547 1162 600 ad
1200 547 1426 599 invicem
1471 552 1705 606 servato,
1757 540 1904 594 virus

327 646 602 702 memoria:
629 642 942 712 injuriarum
973 639 1038 692 ad
1070 652 1222 690 suam
1258 635 1548 702 perniciem
1575 630 1904 687 accendunt:

228 773 240 790 .
329 740 637 806 ignorantes
668 747 775 786 non
807 730 966 785 modo
1003 747 1030 782 a
1072 736 1290 797 peccato
1320 724 1464 795 quod
1509 738 1673 792 opere
1719 737 1902 792 perpe-

330 838 500 880 tratur
528 821 906 878 abstinendum
940 833 1094 882 esse,
1142 816 1234 874 sed
1267 818 1428 870 etiam
1466 816 1532 868 ab
1568 829 1636 868 eo
1674 812 1812 882 quod
1854 811 1905 865 in

330 929 510 975 mente
530 917 859 986 concipitur;
912 928 977 967 ne
1005 912 1239 966 tenebris
1274 908 1661 963 recordationis
1690 905 1894 974 injuria.

332 1029 448 1068 rum
470 1013 749 1066 obscurata
779 1021 952 1082 piens,
985 1003 1198 1059 excidat
1225 1017 1254 1054 a
1282 1000 1480 1053 lumine
1508 996 1829 1066 cognitionis
1850 992 1912 1050 ac

337 1101 702 1162 discretionis,
737 1110 899 1169 atque
948 1098 1192 1166 privetur
1223 1095 1393 1150 sancti
1431 1095 1666 1163 Spiritus
1695 1092 1909 1148 habita-

340 1196 510 1247 tione.
533 1190 895 1256 Quamobrem
924 1189 1079 1259 jubet
1108 1189 1366 1242 Dominus
1398 1187 1449 1239 in
1476 1184 1780 1254 Evangeliis
1824 1198 1913 1237 re-

341 1285 512 1352 linqui
531 1298 903 1350 munussuper
918 1279 1519 1345 altare,etreconciliari
1542 1276 1911 1345 fratri(Matth.

343 1373 666 1442 v.9..i):quorl
685 1372 796 1426 fieri
820 1382 1055 1440 nequeat
1073 1383 1353 1439 acceptum
1379 1384 1574 1421 munus
1594 1382 1736 1431 esse,
1757 1365 1918 1419 nobis

347 1465 425 1516 ira
447 1478 508 1516 ac
525 1462 848 1531 injuriarum
873 1459 1135 1512 memoria
1153 1459 1450 1524 occupatis.
1479 1457 1768 1524 Apostolus
1784 1469 1914 1510 vero

347 1565 471 1602 cum
487 1551 583 1611 ait,
603 1547 720 1601 sine
750 1546 1154 1600 intermissione
1173 1545 1433 1598 orandum
1457 1559 1578 1597 esse
1607 1544 1644 1611 (l
1667 1543 1842 1597 Thess.
1861 1559 1918 1608 ν,

350 1638 460 1704 i7),
494 1638 546 1696 in
577 1636 833 1703 omnique
864 1635 985 1688 loco
1013 1634 1304 1689 elevandas
1327 1647 1447 1686 esse
1479 1642 1696 1686 sanctas
1721 1647 1918 1686 manus

2011 441 2189 505 noxii;
2221 441 2523 506 quinimmo
2555 437 2620 491 iis
2646 451 2782 506 quas
2810 438 3046 507 suggerit
3075 438 3369 506 phantasiis
3395 440 3567 494 suadet

2011 534 2143 604 ipsis
2180 531 2322 602 quod
2365 528 2851 599 aequanimitatem,
2894 529 3038 598 quod
3083 529 3431 585 humilitatem
3471 535 3564 585 sint

2009 625 2241 678 assecuti
2271 663 2286 687 ,
2314 621 2490 676 donec
2517 621 2678 675 adest
2716 635 2876 674 nemo
2904 621 2992 690 qui
3031 623 3265 675 concitet
3309 632 3362 676 et
3395 624 3564 692 probet

2009 717 2186 783 ipsos;
2211 730 2334 770 cum
2363 714 2562 770 accidit
2588 723 2767 768 autem
2797 714 3013 768 occasio
3041 730 3140 781 qua
3172 717 3495 770 concitentur
3520 726 3566 770 et

2011 815 2402 873 exerceantur,
2451 805 2748 861 reconditae
2777 805 2957 860 statim
3005 821 3070 860 ac
3113 806 3323 874 pridem
3363 809 3566 862 occulta.-

2012 901 2315 969 passiones,
2346 913 2448 953 ceu
2470 896 2707 952 ell'renes
2737 897 2859 967 equi
2882 912 2950 951 ex
2972 897 3198 951 stabulis
3224 909 3564 966 erumpentes,

2010 1009 2073 1045 ac
2105 993 2260 1062 longa
2295 991 2475 1062 quiete
2502 1000 2556 1045 et
2582 991 2862 1046 otiositate
2911 991 3145 1060 perpasti
3173 1031 3192 1056 ,
3225 991 3570 1046 vehementius

2012 1084 2396 1152 eli'e'atinsque
2425 1083 2660 1150 equitem
2695 1082 2747 1135 in
2781 1082 3075 1152 perniciem
3104 1082 3415 1150 conjiciunt.
3458 1083 3570 1138 Pas-

2011 1175 2195 1228 siones
2223 1174 2422 1242 quippe
2465 1173 2657 1227 in-otio
2698 1187 2872 1241 neque
2901 1172 3150 1226 excitata:
3182 1174 3249 1227 ab
3293 1173 3570 1228 hominibus

2013 1265 2185 1334 magis
2232 1263 2527 1319 efferantur
2565 1264 2617 1318 in
2662 1263 2860 1319 nobis:
2895 1265 3178 1332 ipsamque
3227 1265 3486 1334 patientiae
3525 1274 3572 1319 et

2012 1353 2433 1421 aequanimitatis
2477 1353 2721 1408 umbram
2746 1396 2761 1420 ,
2807 1369 2969 1424 quam
3000 1353 3283 1423 phantasia
3314 1363 3500 1409 tantum
3524 1365 3572 1408 et

2012 1445 2268 1514 opinione
2297 1447 2622 1514 tenemus,si
2647 1443 2904 1498 fratribus
2929 1459 3028 1498 nos
3050 1444 3463 1513 immisceamus,
3492 1460 3573 1514 per

2013 1541 2322 1595 solitudinis
2353 1542 2546 1606 otium,
2569 1541 2640 1596 ob
2669 1542 3051 1610 negligentiam
3081 1543 3411 1597 exercitandi
3439 1547 3573 1597 amit-

2017 1633 2210 1686 timus.
2240 1631 2705 1698 Quemadmodum
2757 1633 2898 1686 enim
2927 1643 3196 1687 venenata
3229 1632 3466 1687 animalia
3487 1674 3502 1699 ,
3529 1634 3572 1687 in

350 1730 388 1797 (Ι
420 1729 576 1794 Tim.,
613 1744 671 1792 ιι,
707 1727 784 1798 8),
815 1727 1020 1796 absque
1061 1726 1161 1791 ira,
1204 1725 1415 1779 etiamsi
1454 1725 1505 1777 in
1554 1724 1668 1778 sola
1713 1724 1921 1793 cogita-
1949 1726 1991 1784 Β
2017 1722 2232 1777 deserto
2253 1734 2306 1777 et
2337 1724 2387 1777 in
2416 1724 2684 1778 cubilibus
2725 1725 2837 1778 suis
2868 1725 3266 1793 recumbentis,
3301 1737 3418 1780 tunc
3447 1725 3575 1780 furo-

350 1824 496 1876 tione
521 1819 610 1885 sit,
641 1819 691 1872 id
712 1818 978 1888 agendum
1004 1833 1124 1873 esse
1142 1817 1321 1871 docet.
1349 1816 1536 1870 Restat
1558 1815 1724 1885 igitur
1748 1824 1808 1869 ut
1837 1814 1920 1869 vel

335 1921 622 1976 munqnam
651 1921 887 1972 oremus,
914 1917 1071 1974 atque
1092 1905 1160 1958 ita
1189 1905 1404 1959 obnoxii
1428 1906 1598 1958 simus
1618 1903 1914 1973 apostolico

337 2010 608 2068 prwccpto
633 2039 648 2063 ,
681 2007 772 2051 aut
798 1999 841 2051 si
881 2006 1141 2066 prtecepta
1183 2011 1402 2052 servare
1427 2011 1678 2051 curemus
1698 2036 1713 2060 ,
1737 2004 1797 2050 ut
1819 1997 1911 2050 ah-

335 2107 467 2160 sque
499 2092 573 2144 ira
597 2101 649 2143 et
675 2090 1050 2144 recordatione
1081 2089 1393 2158 injuriarum
1418 2088 1545 2143 illud
1572 2102 1816 2156 agamus.
1845 2089 1916 2142 At

335 2181 765 2252 quandoquidem
794 2182 1107 2252 plerumque
1148 2181 1530 2250 contingitut,
1584 2179 1914 2233 contriStatis

335 2283 428 2326 aut
470 2273 795 2340 perturbatis
845 2271 1143 2339 fratribus,
1191 2287 1291 2325 nos
1335 2287 1448 2326 rem
1506 2281 1916 2326 contemnamus

336 2375 496 2431 atque
524 2363 764 2417 dicamus
791 2377 894 2417 non
926 2379 1024 2416 nos
1057 2365 1106 2417 in
1147 2378 1304 2418 causa
1335 2378 1458 2418 esse
1487 2363 1628 2430 quod
1661 2362 1738 2416 illi
1786 2377 1913 2416 con.

339 2453 650 2518 tt-istentur;
680 2453 980 2506 animarum
1005 2452 1268 2519 medicus,
1295 2461 1353 2506 ut
1374 2454 1467 2507 irae
1493 2452 1804 2507 occasiones
1830 2467 1916 2505 ra-

339 2542 536 2596 dicitus
551 2542 750 2597 evellat
769 2557 833 2596 ex
857 2542 1021 2597 corde
1047 2552 1256 2608 nostro,
1277 2559 1383 2598 non
1407 2543 1589 2609 modo,
1609 2546 1654 2598 si
1673 2559 1769 2598 nos
1790 2558 1917 2598 con-

341 2632 534 2687 tristati
561 2641 616 2687 et
641 2633 759 2687 irati
785 2634 952 2688 simus
986 2634 1040 2688 in
1084 2634 1304 2690 fratrem
1337 2643 1580 2689 nostrum
1607 2675 1622 2700 ,
1664 2634 1817 2703 jubet
1861 2643 1916 2688 ut

341 2741 536 2781 munus
561 2726 950 2796 relinquamus,
978 2736 1032 2782 et
1058 2728 1473 2783 reconciliemur
1492 2729 1591 2796 ipsi
1617 2727 1834 2799 (Matth.
1857 2743 1913 2796 v,

341 2825 566 2896 armed
585 2820 796 2874 etiamsi
829 2820 944 2889 ipse
967 2820 1019 2874 in
1050 2834 1148 2874 nos
1169 2819 1292 2890 jure
1313 2837 1384 2874 an
1412 2820 1606 2889 injuria
1629 2821 1917 2888 irascatur,

341 2924 400 2970 nt
441 2914 794 2971 excusatione
837 2923 1022 2970 nostra
1059 2915 1192 2970 iram
1218 2918 1334 2986 ejus
1365 2915 1620 2972 sedemus
1642 2957 1657 2981 ,
1709 2924 1764 2971 et
1793 2925 1919 2970 tunc

344 3021 538 3061 munus
581 3005 894 3060 offeramus.
934 3006 1039 3061 Sed
1081 3006 1209 3076 quid
1251 3006 1456 3061 diutius
1497 3007 1827 3077 evangelicis
1865 3015 1919 3062 et

2017 1829 2130 1869 rem
2162 1829 2316 1869 suum
2342 1814 2756 1879 demonstrant,
2785 1829 2908 1868 cum
2938 1815 3287 1870 accedentem
3319 1816 3572 1886 quemdam

2015 1905 2233 1972 Cupiunt
2261 1946 2275 1968 ,
2306 1907 2380 1958 ita
2411 1905 2657 1958 homines
2685 1904 3034 1975 passionibus
3064 1906 3286 1960 obnoxii
3315 1949 3328 1971 ,
3359 1923 3455 1961 non
3480 1910 3572 1961 vir-

2017 1996 2144 2048 tutis
2166 1994 2384 2061 aﬂectu,
2400 1997 2496 2049 sed
2520 2012 2583 2050 ex
2601 1997 2802 2050 deserti
2828 1997 2934 2051 loci
2966 2000 3274 2053 necessaria
3299 2000 3575 2053 conditione

2015 2086 2388 2152 quiescentes,
2419 2098 2528 2139 tum
2562 2087 2758 2141 animai
2785 2087 2934 2141 virus
2965 2100 3271 2155 evomunt,
3301 2105 3414 2145 cum
3442 2104 3573 2144 acce-

2016 2177 2230 2252 dentem
2265 2180 2570 2249 quempiam
2612 2187 2668 2234 et
2691 2179 2996 2236 irritantem
3037 2197 3096 2236 se
3119 2183 3569 2254 apprehenderint.

2015 2268 2378 2334 Quamobrem
2409 2271 2499 2338 qui
2532 2272 2964 2327 mansuetudinis
2988 2276 3372 2342 perfecuonem
3407 2277 3573 2344 exqui-

2018 2371 2165 2428 runt,
2181 2377 2276 2430 par
2290 2361 2515 2416 omnino
2542 2375 2622 2418 est
2651 2373 2710 2418 ut
2739 2379 2848 2419 non
2868 2365 3026 2420 modo
3044 2366 3334 2424 adversum
3355 2367 3572 2423 homines

2017 2471 2124 2510 non
2152 2455 2476 2523 irascantur,
2507 2458 2600 2512 sed
2633 2473 2808 2528 neque
2838 2459 3094 2514 adversus
3125 2460 3310 2529 bruta,
3341 2461 3492 2515 immo
3517 2476 3573 2516 ne

2017 2550 2581 2605 adversusinanimata
2595 2551 2831 2620 quidem.
2849 2553 3066 2607 Memini
3093 2570 3185 2608 me
3203 2570 3322 2609 cum
3341 2555 3391 2609 in
3411 2569 3571 2610 eremo

2019 2645 2268 2715 degerem
2297 2687 2314 2712 ,
2362 2654 2548 2699 contra
2576 2645 2841 2700 calamum
2891 2645 3024 2699 iram
3055 2647 3375 2716 concepisse
3399 2687 3411 2710 .
3448 2645 3572 2717 quod

2020 2740 2136 2808 ejus
2163 2737 2324 2792 modo
2353 2739 2614 2802 densitas,
2644 2737 2808 2791 modo
2835 2738 3068 2792 tenuitas
3098 2738 3432 2809 displiceret;
3460 2753 3571 2791 con-

2021 2841 2101 2886 tra
2140 2829 2342 2900 lignum
2373 2830 2522 2896 item,
2545 2828 2687 2899 quod
2709 2829 3026 2884 exscindere
3054 2845 3183 2884 cum
3209 2831 3415 2896 vellem,
3445 2829 3566 2884 cele-

2019 2925 2154 2978 riter
2183 2938 2287 2976 non
2309 2937 2520 2992 possem
2549 2938 2564 2987 ;
2592 2937 2804 2976 rursum
2831 2929 3018 2976 contra
3053 2922 3340 2990 igniarium
3371 2923 3569 2984 silicem,

2023 3015 2186 3086 quod,
2222 3030 2306 3069 tne
2330 3015 2616 3068 festinante
2647 3015 2822 3084 ignem
2846 3015 3100 3080 educere,
3125 3029 3236 3069 non
3255 3015 3425 3068 statim
3449 3013 3575 3068 exsi-

343 3095 656 3162 apostolicis
682 3096 965 3164 praceptis
989 3096 1356 3160 immorentur,
1375 3113 1496 3151 cum
1516 3111 1582 3152 ex
1599 3097 1765 3151 veteri
1790 3097 1917 3150 item

2025 3107 2154 3161 liret
2177 3106 2529 3172 scintilla;ita
2555 3106 2804 3159 nimirum
2833 3115 3110 3175 grassatur
3143 3107 3321 3169 ira,ut
3342 3105 3402 3159 ad
3429 3118 3571 3174 usque

347 3189 462 3256 lege
497 3189 656 3242 liceat
683 3188 784 3242 hoc
811 3186 1083 3242 ediscere:
1109 3204 1226 3258 qua:
1253 3189 1466 3243 tametsi
1503 3205 1572 3244 ex
1594 3189 1685 3243 illa
1715 3188 1923 3243 severi-

347 3293 454 3334 tate
473 3279 760 3334 deﬂeCIere
786 3295 843 3333 ac
861 3296 980 3335 sese
999 3288 1361 3350 attemperare
1379 3281 1590 3336 videtur
1604 3325 1618 3349 ,
1641 3282 1711 3334 ita
1731 3280 1920 3334 habet:

351 3372 432 3427 Ne
461 3373 631 3426 oderis
660 3375 868 3442 fratrem
894 3381 1041 3426 tuum
1068 3373 1118 3425 in
1150 3373 1301 3425 corde
1323 3383 1408 3424 tuo
1436 3371 1621 3442 (Leuit.
1651 3388 1764 3440 ιιι,
1798 3372 1922 3441 17);

347 3481 410 3519 ac
442 3478 684 3518 rursum:
732 3463 844 3518 Vite
871 3479 1043 3516 eorum
1070 3464 1157 3534 qui
1183 3463 1495 3531 injuriarum
1524 3465 1823 3516 memoriam
1852 3474 1923 3516 te-

297 3561 300 3565 ’
348 3568 486 3620 nent,
512 3559 580 3610 ad
601 3567 817 3611 mortem
846 3555 1029 3628 (Prov.
1067 3571 1161 3622 xtt,
1187 3553 1302 3628 28).
1350 3556 1464 3611 Hoc
1494 3557 1636 3611 enim
1669 3555 1790 3612 loco
1818 3573 1924 3612 non
1970 3580 1982 3591 ·

349 3652 508 3705 modo
531 3665 648 3706 eam
671 3665 792 3721 quae
815 3651 866 3704 in
885 3665 1021 3720 opus
1049 3649 1369 3720 prorumpit,
1397 3650 1492 3704 sed
1515 3666 1631 3705 eam
1659 3650 1786 3706 item
1808 3666 1928 3721 quae

351 3755 529 3799 mente
557 3745 827 3800 retinetur
847 3744 1005 3812 iram,
1031 3753 1177 3800 vetat
1206 3753 1367 3813 atque
1389 3745 1694 3799 ulciscitur.
1728 3746 1928 3812 Quam-

351 3839 536 3892 obrem
561 3845 775 3907 oportet
804 3835 1001 3890 divinis
1032 3835 1239 3906 legibus
1269 3837 1614 3903 inhaerentes,
1635 3837 1765 3893 tosis
1798 3837 1926 3892 viri-

356 3931 453 3984 bus
468 3939 655 3984 contra
677 3929 926 4000 Spiritum
954 3927 1049 3982 ira:
1077 3929 1657 3994 decertare,etcontra
1682 3932 1926 3985 morbum

353 4023 500 4076 illum
534 4024 675 4076 intra
713 4037 812 4076 nos
855 4021 1050 4076 silum:
1079 4037 1254 4089 neque
1294 4032 1481 4076 contra
1514 4021 1760 4078 homines
1793 4024 1928 4077 iram

353 4114 649 4179 cont-itare,
675 4129 738 4168 ac
763 4113 884 4167 ideo
906 4113 1250 4166 solitudinem
1274 4123 1328 4167 et
1349 4115 1774 4182 segregationem
1801 4131 1930 4170 con-

353 4205 585 4267 sectari;
626 4217 734 4272 quo
777 4202 986 4256 scilicet
1029 4201 1246 4255 nemine
1277 4201 1347 4255 ibi
1381 4211 1648 4271 prasente
1693 4204 1782 4272 qui
1832 4221 1933 4260 nos

353 4293 590 4349 concitet
616 4293 680 4348 ad
711 4294 867 4361 iram,
895 4293 1072 4349 virtus
1095 4293 1514 4362 acquanimitatis
1545 4293 1704 4349 facile
1729 4295 1782 4350 in
1805 4299 1932 4351 soli-

356 4385 540 4440 tudine
567 4398 920 4440 exerceatur:
953 4400 1073 4438 nam
1107 4393 1215 4439 tum
1247 4401 1315 4441 ex
1344 4385 1616 4455 superbia,
1648 4393 1757 4439 tum
1787 4387 1930 4456 quod

2025 3198 2355 3254 insensibilia
2371 3206 2426 3253 et
2446 3198 2731 3252 inanimata
2745 3196 3092 3252 eﬂ'eralur.Si
3118 3199 3396 3267 cupiamus
3420 3195 3575 3264 itaque

2026 3291 2280 3359 Consequi
2309 3289 2700 3344 beatitudinem
2732 3288 2930 3343 Christi
2956 3330 2972 3355 ,
2999 3303 3105 3342 non
3139 3290 3303 3343 modo
3329 3288 3450 3342 iram
3475 3299 3574 3354 quas

2026 3379 2092 3433 ad
2146 3393 2280 3448 opus
2312 3378 2637 3448 prorumpit,
2663 3378 2743 3432 uti
2780 3393 2942 3447 supra
2971 3378 3179 3433 dictum
3210 3389 3293 3435 est
3315 3420 3328 3444 ,
3352 3391 3575 3432 coercere

2026 3471 2284 3526 debemus
2310 3510 2326 3538 ,
2369 3470 2465 3526 sed
2518 3486 2636 3525 eam
2669 3485 2883 3540 quoque
2906 3486 3026 3540 quae
3073 3483 3258 3526 mente
3285 3470 3573 3537 concipitur.

2028 3561 2143 3617 Non
2183 3562 2328 3617 enim
2370 3561 2701 3616 tantumdem
2742 3559 2903 3616 aﬂ‘ert
2941 3561 3192 3617 utilitatis
3235 3577 3296 3616 os
3329 3561 3575 3615 continere

2030 3669 2183 3708 suum
2202 3693 2218 3720 ,
2247 3663 2300 3709 et
2329 3653 2588 3708 furiosum
2619 3654 2923 3722 quodquam
2955 3653 3161 3707 dictum
3191 3669 3295 3708 non
3324 3651 3540 3722 proferre
3559 3687 3572 3712 .

2030 3754 2288 3815 quantum
2335 3758 2430 3798 cor
2476 3759 2704 3814 purgare
2749 3744 2816 3798 ab
2863 3744 3180 3814 injuriarum
3232 3744 3492 3806 memoria,
3532 3748 3578 3792 cl

2032 3852 2224 3907 pravas
2253 3853 2357 3892 non
2390 3837 2572 3892 fovere
2602 3838 2976 3907 cogitationes.
3008 3838 3179 3891 Docet
3208 3838 3351 3893 enim
3380 3847 3575 3902 evange.

2033 3929 2134 3984 lica
2173 3929 2416 3983 doctrina
2463 3928 2673 3982 excisas
2725 3939 2979 3998 oportere
3007 3937 3348 3997 peccatorum
3396 3925 3577 3980 radices

2032 4022 2210 4090 porius
2239 4036 2398 4090 quam
2429 4035 2629 4096 ramos.
2688 4020 2878 4073 Excisa
2909 4021 3106 4088 quippe
3135 4035 3167 4072 a
3200 4019 3361 4075 corde
3397 4017 3482 4071 irte
3509 4029 3579 4068 ra-

2034 4113 2176 4177 dice,
2205 4113 2408 4167 nullutn
2431 4112 2637 4178 odium,
2663 4111 2809 4166 nulla
2841 4111 3040 4166 invidia
3068 4112 3135 4165 ad
3168 4128 3303 4182 opus
3329 4124 3485 4180 usque
3509 4111 3581 4160 de-

2034 4203 2292 4257 ducetur:
2327 4219 2450 4258 nam
2497 4204 2589 4273 qui
2618 4203 2731 4256 odit
2761 4202 2976 4258 fratrem
3006 4217 3160 4256 suum
3191 4201 3447 4258 homicida
3473 4206 3579 4260 est,

2036 4295 2286 4348 nimirum
2315 4295 2490 4363 quoad
2525 4295 2775 4350 aﬂ‘ectum
2803 4296 2910 4350 odii
2949 4296 3146 4349 occidit
3170 4311 3314 4351 eum.
3357 4293 3578 4348 Occisum

2037 4397 2214 4440 autem
2245 4387 2387 4440 videt
2418 4387 2564 4440 illum
2595 4386 2768 4440 Deus:
2800 4387 2952 4452 cujus
2973 4386 3292 4455 sanguinem
3317 4428 3331 4450 ,
3361 4399 3458 4437 non
3485 4380 3580 4449 gla-

357 4477 590 4532 nolimus
619 4494 719 4532 nos
747 4479 891 4542 ipsos
920 4476 1169 4532 incusare
1192 4519 1208 4544 ,
1235 4489 1540 4548 nostraeque
1565 4479 1812 4549 segnitiei
1838 4480 1932 4535 ira;
1959 4477 2011 4537 D
2035 4477 2125 4531 dio
2152 4478 2375 4533 effusum
2414 4477 2602 4532 vident
2633 4478 2876 4530 homines
2895 4517 2908 4541 ,
2943 4477 3037 4530 sed
3068 4493 3135 4531 ex
3164 4477 3362 4532 aﬂ'ectu
3389 4471 3488 4527 odii
3509 4469 3581 4521 ille

354 4583 544 4622 causas
574 4569 846 4623 ascribere
875 4610 890 4634 ,
923 4568 1156 4623 efficitur
1183 4579 1240 4621 ut
1268 4579 1589 4638 exoptemus
1609 4585 1639 4624 a
1671 4568 1933 4627 fratribus

355 4659 922 4730 segregari.Qnamdiu
939 4661 1118 4729 itaque
1133 4659 1516 4716 imbecillitatis
1529 4673 1727 4716 nostra:
1740 4679 1931 4721 causas

357 4751 478 4805 aliis
506 4751 855 4819 imputamus,
874 4750 1207 4818 impossibile
1228 4761 1311 4806 est
1334 4766 1430 4807 nos
1449 4752 1515 4806 ad
1542 4753 1929 4822 perfectionem

359 4845 780 4916 :equanimitatis
801 4844 1089 4914 attingere.
1127 4844 1347 4900 Summa
1374 4847 1573 4917 quippe
1600 4849 1936 4904 emendatio-

359 4941 442 4992 Itis
475 4945 696 5004 nostra),
737 4952 846 4991 non
876 4951 941 4990 ex
993 4936 1222 5004 proximi
1251 4952 1375 5004 erga
1404 4952 1504 4991 nos
1533 4939 1935 5007 aequanimitate

357 5030 653 5094 obtinetur,
700 5027 794 5083 sed
821 5043 885 5084 ex
917 5039 1099 5084 nostra
1131 5044 1257 5100 erga
1290 5030 1590 5099 proximum
1617 5032 1939 5102 longanimi-

362 5129 472 5174 tate
500 5135 563 5174 ac
590 5122 904 5188 injuriarum
931 5119 1228 5174 oblivione.
1258 5119 1389 5175 Cum
1413 5131 1591 5177 autem
1623 5125 1936 5191 aequanimi-

362 5211 488 5265 tatis
508 5221 781 5266 certamen
825 5209 1089 5280 fugientes
1119 5226 1360 5265 eremum
1393 5213 1625 5280 petimus
1667 5221 1723 5268 et
1747 5215 1938 5269 solitus

361 5303 942 5374 dinem,quascumque
966 5302 1100 5357 illuc
1123 5303 1357 5357 nondum
1380 5311 1594 5357 curatas
1613 5305 1938 5376 sedatasque

365 5396 640 5462 passiones
668 5395 941 5450 aﬂerimus
963 5437 977 5462 ,
1011 5396 1251 5450 occultas
1281 5411 1373 5450 eas
1397 5440 1409 5463 ,
1437 5411 1542 5450 non
1568 5397 1773 5452 deletas
1813 5413 1937 5456 esse

368 5494 634 5552 putemus.
681 5486 969 5541 Enimvero
1009 5501 1228 5541 eremus
1265 5494 1426 5556 atque
1457 5503 1705 5544 secessus
1729 5475 1800 5545 iis
1849 5492 1938 5561 qni

368 5575 602 5629 nondum
631 5577 1136 5645 passionibusliberi
1170 5587 1315 5642 sunt,
1335 5593 1439 5632 non
1473 5595 1752 5636 reservare
1781 5582 1939 5639 modo

369 5663 823 5738 ttnperl‘octiones,
857 5669 950 5725 sed
981 5684 1070 5727 eas
1101 5671 1374 5726 occultare
1396 5687 1612 5744 quoque
1637 5676 1803 5732 novit.
1841 5675 1943 5730 Ne-

2038 4571 2244 4624 occisus
2289 4569 2410 4624 fuit.
2455 4570 2595 4624 Deus
2624 4570 2802 4638 itaque
2833 4585 2939 4624 non
2977 4568 3139 4623 modo
3187 4584 3283 4637 pro
3318 4563 3578 4636 operibus.

2039 4662 2133 4717 sed
2160 4663 2320 4718 etiam
2348 4677 2444 4733 pro
2475 4661 2893 4732 cogitationibus
2921 4671 2974 4715 et
3001 4661 3281 4729 proposito
3328 4655 3582 4721 unicuique

2039 4770 2267 4810 coronas
2288 4767 2378 4808 aut
2405 4755 2664 4825 supplicia
2690 4755 2952 4809 retribuet
2970 4795 2984 4817 ,
3017 4750 3456 4821 quemadmodum
3487 4748 3583 4814 ipse

2041 4862 2136 4917 per
2164 4850 2481 4918 prophetam
2512 4850 2615 4901 ait:
2642 4847 2751 4917 Ego
2777 4847 2933 4901 venio
2954 4845 3240 4901 collectum
3270 4835 3583 4911 cpera,cogi-

2042 4941 2275 4994 lationes
2295 4948 2348 4995 et
2375 4939 2751 4995 meditationes
2779 4953 2989 4993 eorum.
3011 4941 3084 4992 Ac
3099 4951 3311 4992 rursum
3327 4937 3360 4988 Α
3372 4929 3582 5003 postolus

2041 5030 2120 5083 ait
2153 5047 2165 5082 :
2198 5028 2344 5083 Inter
2366 5047 2421 5084 se
2447 5030 2659 5083 invicem
2687 5029 3080 5100 cogitationibus
3108 5025 3479 5086 accusantibus,
3506 5025 3582 5070 att!

2043 5123 2192 5175 etiam
2223 5123 2627 5192 defendentibus,
2660 5123 2711 5174 in
2737 5122 2819 5175 die
2847 5138 2960 5174 cum
2981 5121 3235 5190 judicabit
3263 5118 3389 5173 Deus
3413 5112 3584 5168 occulta

2043 5212 2303 5266 hominum
2337 5211 2511 5284 (Rom.
2547 5229 2605 5278 tt,
2639 5211 2750 5282 15).
2783 5212 2904 5282 Ipse
2931 5221 3110 5266 autem
3143 5211 3390 5265 Dominus
3411 5206 3582 5259 docens

2044 5314 2300 5374 Oportere
2342 5319 2439 5358 nos
2485 5320 2699 5358 omnem
2733 5303 3063 5358 iracundiam
3095 5303 3361 5372 deponere
3385 5338 3400 5364 ,
3445 5295 3510 5349 ail
3536 5294 3578 5344 in

2043 5398 2346 5465 Evangeliis
2373 5415 2385 5449 :
2419 5395 2567 5462 Quod
2591 5398 2894 5467 quicumque
2915 5395 3154 5448 irascitur
3182 5392 3324 5464 fratri
3351 5403 3456 5454 suo,
3485 5397 3578 5434 rem

2044 5493 2139 5545 erit
2156 5491 2357 5562 judicio
2381 5489 2598 5561 (Matth.
2631 5505 2684 5554 v,
2714 5488 2829 5559 ‘22).
2882 5487 2955 5543 lla
2980 5488 3124 5542 enim
3149 5486 3342 5541 habent
3365 5483 3579 5534 accuralzl

2047 5582 2398 5650 exemplaria:
2450 5595 2571 5636 nam
2625 5581 2714 5634 illa
2761 5594 2888 5643 vox,
2930 5587 3136 5642 temere,
3179 5571 3434 5642 adjectitt'a
3476 5571 3576 5618 ρει.

2051 5673 2187 5746 quod
2219 5674 2389 5744 palam
2431 5683 2512 5729 est
2551 5689 2614 5729 ex
2658 5671 2986 5742 praecedenti
3033 5670 3316 5739 Scriptura:
3352 5657 3572 5718 clausula.
