3910 6168
192 342 302 403 889

1173 347 1511 405 EPITOMES
1553 347 1834 404 OPERUM
1876 348 2193 409 CASSIANI
2246 354 2372 428 LIB.
2415 356 2479 411 11.

3358 366 3463 425 890

192 464 403 531 Senpus
434 477 663 531 namque
694 461 902 517 Domini
935 462 1051 517 vult
1081 478 1181 519 nos
1212 464 1445 521 radicem
1478 481 1542 520 ac
1568 463 1782 519 scintil-
1810 463 1857 523 Α
1890 479 1986 533 pro
2035 482 2213 521 rerum
2251 469 2563 523 conditione
2604 482 2872 528 movente.
2902 474 3242 547 Quapmpter
3275 490 3463 533 contra

193 560 297 612 lant
331 562 426 610 ira:
456 569 676 624 prorsus
705 554 1049 621 abscindere,
1078 570 1141 611 ac
1170 572 1236 611 ne
1268 558 1541 613 minimam
1576 559 1669 612 ira:
1694 573 1783 612 oc-

190 649 468 704 casionem
502 649 642 701 intra
674 661 770 701 nos
797 662 1047 713 servare;
1081 658 1139 701 ut
1168 666 1233 703 ne
1256 650 1465 707 scilicet
1492 652 1534 709 si
1564 666 1627 706 ex
1652 666 1784 705 con-

192 753 453 794 sentanea
486 738 697 793 ratione
727 739 860 791 iram
904 739 1239 795 concitemus
1264 785 1279 807 ,
1310 742 1526 797 demum
1558 744 1607 797 in
1640 744 1780 797 bruti

191 830 360 881 animi
388 828 627 881 furorem
661 827 984 883 incidamus.
1014 829 1246 898 llujusee
1276 848 1436 901 porro
1460 834 1635 888 morbi
1668 834 1782 887 haec

190 934 275 974 est
309 920 548 990 perfecta
579 921 808 988 medela,
840 931 892 975 ut
918 924 1122 978 scilicet
1146 940 1465 994 persuasum
1491 927 1782 981 habeamus

192 1013 354 1067 nobis
384 1029 560 1083 neque
588 1014 728 1082 justa
754 1030 927 1085 neque
959 1016 1151 1084 injusta
1177 1018 1243 1071 de
1268 1034 1430 1073 causa
1455 1019 1621 1073 licere
1646 1019 1784 1073 iudi-

187 1105 507 1173 gttationem
554 1104 831 1159 concitare
867 1116 1129 1160 nostram.
1181 1108 1313 1162 Nam
1354 1108 1398 1162 si
1438 1110 1658 1177 spiritus
1686 1110 1780 1162 ira:

189 1208 429 1250 mentem
461 1196 716 1250 obscuret
743 1196 898 1251 nobis
921 1238 935 1262 ,
966 1214 1139 1267 neque
1167 1200 1254 1253 lttx
1283 1184 1655 1265 discretionis,
1688 1215 1781 1254 nc~

186 1302 292 1357 que
317 1288 452 1341 recti
485 1286 702 1342 consilii
724 1287 1052 1357 juSIitizeque
1081 1289 1504 1358 gubernaculum
1540 1293 1590 1344 in
1624 1291 1780 1346 nobis

189 1380 525 1448 reperietur;
554 1397 726 1450 neque
749 1380 938 1449 spiritu
968 1381 1060 1435 ira:
1090 1382 1405 1451 dominante
1435 1384 1549 1438 fieri
1604 1393 1781 1453 potest

189 1481 245 1524 ttt
277 1471 459 1523 anima
500 1483 685 1525 nostra
726 1471 982 1539 templum
1030 1471 1204 1525 sancti
1237 1473 1467 1541 Spiritus
1490 1472 1777 1529 efﬁciatur.

185 1561 417 1615 Detnum
449 1571 663 1630 Oportet
685 1569 742 1613 ttt
771 1565 1028 1615 incertam
1056 1564 1448 1618 rnortisltoratn
1472 1582 1584 1635 pra:
1608 1568 1779 1621 oculis

190 1652 483 1708 habentes.
517 1650 886 1705 custodiamus
919 1666 1017 1706 nos
1038 1654 1105 1706 ab
1125 1655 1226 1719 ira,
1255 1669 1318 1708 ac
1347 1655 1582 1710 sciamus
1604 1671 1779 1726 neque

183 1746 430 1809 ascesin,
464 1761 637 1815 neque
690 1748 1120 1815 temperantiam.
1158 1764 1330 1814 neque
1378 1749 1775 1805 abdicationem

1887 557 2172 614 interiores
2197 562 2498 630 passiones,
2516 572 2682 617 totum
2713 565 2869 633 nobis
2892 568 2961 621 sit
2981 567 3200 623 bellum.
3225 570 3293 624 lis
3317 577 3459 626 enim

1884 648 1981 703 Dei
2035 651 2239 717 auxilio
2287 652 2498 721 ejectis,
2555 669 2663 710 non
2693 657 2812 710 dico
2840 668 2957 711 cum
2989 659 3313 727 hominibus,
3367 665 3462 717 sed

1884 755 2005 795 cum
2036 742 2164 797 feris
2194 745 2355 798 etiam
2380 745 2534 800 facile
2560 747 2840 816 degamus,
2862 751 3011 819 juxta
3037 751 3165 805 illttd
3188 752 3462 809 beatilobi

1883 834 2119 889 dictum:
2154 834 2413 893 Immanes
2442 842 2565 908 ferte
2594 856 2765 907 pacem
2791 853 2952 894 tecum
2980 842 3229 897 habebunt
3259 843 3460 915 (λθειν,

1882 924 1997 994 25).
2027 924 2082 978 In
2135 928 2319 994 primis
2350 929 2511 997 igitur
2532 931 2871 999 pugnandum
2901 944 3084 987 contra
3108 935 3349 1000 spiritum
3375 935 3464 988 tri-

1886 1016 2072 1081 stitia},
2139 1017 2228 1087 qui
2284 1020 2515 1072 animam
2567 1022 2785 1089 eonjicit
2814 1024 2864 1075 in
2896 1023 3357 1091 desperationem;
3404 1032 3465 1079 ut

1885 1103 2129 1175 (malum)
2161 1108 2287 1160 illud
2322 1124 2391 1162 ex
2426 1110 2588 1163 corde
2623 1121 2807 1165 nostro
2847 1114 3130 1179 pellamus.
3156 1114 3286 1167 Illud
3314 1119 3459 1168 enim

1884 1212 1989 1249 non
2020 1197 2153 1252 sivit
2178 1198 2405 1253 Cainum
2446 1210 2568 1269 post
2597 1201 2780 1256 fratris
2805 1205 3005 1257 caedem
3036 1207 3325 1273 poenitere,
3370 1224 3464 1261 ne—

1881 1300 1986 1355 qne
2027 1287 2219 1343 Judam
2271 1300 2391 1358 post
2441 1292 2656 1346 Domini
2701 1294 3083 1362 proditionem.
3126 1297 3255 1350 Eam
3292 1298 3461 1351 solam

1884 1378 2177 1434 habeamus
2221 1383 2489 1435 tristitiam
2540 1399 2659 1451 quas
2704 1385 3074 1453 paenitentiam
3122 1397 3462 1454 peccatorum

1881 1471 2103 1540 respicit
2132 1513 2145 1537 ,
2178 1487 2297 1526 cum
2331 1473 2468 1526 bona
2504 1488 2599 1542 spe
2642 1475 2979 1544 conjunctam
3006 1516 3020 1540 ,
3063 1488 3116 1530 et
3142 1492 3261 1546 quae
3304 1478 3466 1533 coale-

1882 1565 2045 1617 stium
2082 1563 2343 1617 bonorum
2369 1566 2761 1633 possessionem
2794 1568 3074 1633 conciliat;
3101 1571 3164 1622 de
3194 1585 3292 1638 qua
3325 1571 3467 1627 dixit

1883 1655 2177 1723 Apostolus
2216 1672 2228 1707 :
2263 1655 2391 1719 Qua:
2419 1657 2698 1710 secundant
2728 1657 2894 1711 Deum
2921 1660 3127 1712 tristitia
3148 1670 3218 1713 est
3246 1660 3312 1734 (ll
3340 1662 3460 1716 Cor.

1880 1761 1976 1811 vn,
2002 1745 2283 1815 10)........
2318 1748 2389 1801 Ea
2416 1748 2593 1817 itaque
2626 1749 2841 1802 tristitia
2866 1765 2983 1817 quae
3013 1753 3341 1819 poenitentia:
3367 1768 3464 1821 spe

183 1840 260 1892 rei
293 1838 476 1891 omnis
504 1837 799 1891 materialis
821 1878 839 1911 ι
877 1854 1053 1909 neque
1078 1839 1281 1908 jejttttia
1318 1849 1373 1895 et
1396 1842 1625 1910 vigilias,
1675 1843 1778 1896 uli-
1808 1837 1855 1895 B
1882 1838 1976 1891 alit
2003 1836 2235 1891 animant
2258 1880 2272 1903 ,
2320 1840 2513 1908 gaudio
2555 1844 2845 1895 commixta
2890 1851 2974 1896 est
3000 1859 3012 1893 :
3038 1858 3206 1910 quare
3231 1844 3461 1898 alacrem

186 1930 330 1983 litati
370 1929 530 1982 nobis
580 1929 718 1993 fore,
770 1930 814 1982 si
870 1930 944 1983 ira
1003 1940 1163 1998 atque
1211 1932 1335 1984 odio
1386 1933 1640 2002 correpti,
1697 1935 1775 1990 rei

186 2021 361 2073 simus
386 2018 610 2087 judicio.
642 2018 760 2084 Quo
790 2019 995 2072 utinam
1027 2020 1342 2085 liberemur,
1366 2023 1533 2090 gratia
1571 2025 1777 2079 Domini

188 2111 361 2163 nostri
396 2109 524 2164 Jesu
553 2109 787 2175 Christi,
812 2110 895 2164 cui
923 2110 1090 2180 gloria
1125 2111 1175 2164 in
1206 2112 1400 2166 Saecula
1432 2114 1775 2169 saeculorum.

260 2204 317 2257 5.
354 2202 527 2273 (Cass.
561 2201 694 2256 Inst.
728 2204 767 2257 Ι.
798 2220 851 2258 tx
877 2244 892 2268 ,
928 2222 975 2258 ε.
1009 2206 1033 2259 1
1065 2212 1111 2257 et
1142 2206 1305 2275 seqq.)
1337 2206 1593 2273 Quintum
1625 2208 1779 2263 nobis

188 2300 271 2346 est
295 2301 573 2347 certamen
595 2293 855 2347 adversus
880 2293 1130 2360 spiritum
1162 2295 1415 2359 tristitiae,
1432 2299 1519 2364 qui
1543 2296 1776 2351 animam

189 2386 453 2441 obscurat
503 2395 744 2440 nostram
781 2393 839 2439 ut
867 2386 997 2439 nulli
1028 2387 1195 2455 possit
1243 2388 1509 2456 spirituali
1538 2398 1777 2443 eontem-

188 2478 417 2548 plationi
471 2492 687 2543 vacare,
746 2478 1070 2549 cobibetque
1123 2480 1268 2533 illam
1318 2481 1388 2534 ab
1440 2482 1585 2535 omni
1638 2484 1779 2538 bono

186 2584 376 2637 opere.
407 2566 541 2624 Cum
568 2571 710 2624 enim
739 2584 941 2639 pravus
972 2571 1064 2625 ille
1085 2572 1304 2639 spiritus
1331 2574 1565 2627 animant
1594 2590 1782 2644 apprc-

188 2660 451 2715 henderit
496 2670 771 2731 totamque
817 2661 1211 2729 obscuraverit,
1266 2679 1369 2718 non
1420 2682 1611 2735 preces
1655 2684 1776 2723 cum

186 2752 471 2807 alacritate
498 2751 720 2808 fundere
748 2753 1017 2817 concedit,
1056 2770 1160 2809 non
1186 2755 1237 2809 in
1278 2770 1553 2811 sacrarum
1586 2759 1777 2813 lectio-

185 2859 313 2896 num
345 2844 603 2912 capienda
637 2845 865 2899 utilitate
904 2861 1129 2913 vacare,
1187 2863 1291 2901 non
1326 2847 1583 2903 fratribus
1624 2866 1777 2905 man-

184 2944 401 2989 suetum
433 2946 487 2989 et
517 2937 861 2989 commodum
889 2951 1012 2991 esse
1039 2936 1195 2991 sinit:
1222 2938 1403 2992 odium
1431 2941 1607 2994 omnis
1635 2944 1781 2997 circa

182 3039 349 3094 opera
402 3024 602 3090 studii,
651 3026 932 3096 ipsiusque
957 3030 1079 3081 vita:
1120 3028 1474 3097 professionis
1518 3034 1775 3101 suggerit.

188 3118 326 3170 hum
361 3117 548 3171 omnia
596 3117 826 3188 denique
859 3119 1115 3173 salutaria
1160 3121 1355 3175 animae
1386 3123 1604 3177 consilia
1651 3138 1780 3178 eon-

184 3212 359 3265 fnntlit
396 3212 877 3282 tristitia,ejttsque
907 3214 1212 3269 firmitatem
1238 3231 1300 3269 ac
1325 3218 1777 3285 perseverantiam
1808 3200 1854 3262 C

182 3303 347 3357 solvit
375 3344 389 3365 ,
434 3303 586 3371 quasi
615 3305 833 3358 stultam
863 3305 1010 3358 illam
1055 3313 1110 3360 et
1150 3308 1432 3361 attonitam
1471 3308 1669 3373 efficit,
1715 3326 1780 3366 ac

184 3396 408 3450 demum
442 3411 558 3450 eam
602 3396 995 3466 desperationis
1041 3400 1368 3469 cogitatione
1397 3401 1583 3471 illigat.
1638 3403 1778 3467 Qua-

184 3499 414 3555 propter
442 3502 578 3540 unus
607 3488 763 3542 nobis
808 3490 880 3543 sit
918 3504 1111 3558 scopus
1138 3536 1150 3559 ,
1186 3493 1468 3560 spirituale
1499 3505 1776 3549 certamen

181 3592 421 3641 certare,
453 3580 674 3647 spiritus
708 3580 959 3659 nequitia:
980 3597 1101 3635 cum
1137 3582 1249 3636 Deo
1275 3583 1491 3638 vincere
1513 3626 1528 3649 ,
1557 3596 1611 3639 et
1632 3588 1778 3642 omni

182 3670 432 3728 custodia
486 3686 581 3725 cor
634 3685 877 3727 nostrum
933 3688 1159 3729 servare
1211 3691 1240 3729 a
1300 3676 1490 3745 spiritu
1546 3680 1779 3733 tristitiae

182 3764 373 3836 (Prov.
406 3780 479 3828 tv,
506 3762 619 3834 25).
642 3764 1108 3829 Quemadmodum
1141 3766 1287 3819 enim
1318 3766 1463 3821 tinea
1495 3770 1781 3823 vestimen-

182 3870 321 3923 tum,
351 3866 408 3911 et
436 3859 637 3911 vermis
668 3858 896 3926 lignum,
929 3859 997 3911 ita
1029 3859 1245 3913 tristitia
1270 3860 1510 3915 corrodit
1543 3860 1779 3917 hominis

181 3952 444 4015 animam,
469 3950 594 4003 dum
619 3950 808 4004 suadet
839 3950 918 4004 illi
954 3960 1009 4004 ttt
1030 3951 1099 4005 ab
1130 3952 1278 4007 omni
1312 3953 1481 4021 probo
1507 3959 1779 4009 consortio

177 4042 444 4106 declinet,
475 4057 653 4111 neque
677 4040 926 4096 concedit
952 4042 1030 4095 illi
1060 4052 1115 4096 ut
1155 4058 1183 4097 a
1211 4046 1351 4098 reris
1381 4046 1569 4099 amicis
1597 4047 1777 4101 consi-

185 4134 318 4187 lium
343 4134 709 4202 accipiat,nee
723 4144 781 4188 ut
798 4135 980 4189 mitem
1005 4144 1058 4189 et
1078 4136 1350 4206 paeilicam
1370 4139 1775 4207 responsionem

176 4225 267 4280 det
300 4226 468 4294 ipsis;
502 4225 595 4279 sed
627 4226 860 4279 animant
910 4227 1195 4281 conturbat
1226 4237 1391 4283 totam
1445 4229 1687 4295 tristitia,
1723 4238 1779 4286 et

184 4318 395 4372 incuria
450 4318 663 4385 replet;
711 4328 871 4388 atque
910 4318 1125 4373 demum
1159 4321 1351 4375 suadet
1393 4329 1453 4374 ut
1500 4322 1667 4392 fugiat
1711 4323 1780 4378 ab

178 4408 521 4475 hominibus,
552 4410 704 4477 quasi
731 4410 831 4463 sibi
857 4410 907 4463 in
930 4426 1085 4464 causa
1103 4410 1299 4465 fuerint
1323 4415 1773 4482 perturbationis;

176 4515 358 4568 neque
391 4500 517 4553 sinit
540 4515 659 4555 eam
693 4516 1007 4567 agnoscere,
1038 4518 1141 4555 non
1174 4506 1433 4567 exterius,
1484 4506 1576 4559 sed
1636 4507 1777 4561 inte-

1881 1939 1934 1983 et
1964 1929 2029 1982 ad
2058 1945 2218 1983 omne
2250 1931 2445 1985 bonum
2489 1945 2625 2000 Opus
2665 1933 3051 2002 obsequentem
3094 1935 3268 1990 reddit
3294 1935 3464 1991 homi-

1880 2038 2025 2090 nem,
2058 2037 2279 2078 accessu
2305 2040 2519 2094 quoque
2543 2024 2753 2079 facilem
2777 2034 2831 2079 et
2861 2026 3138 2080 humilem.

1882 2132 1984 2187 Hic
2007 2136 2146 2207 deest
2171 2152 2327 2188 unum
2352 2137 2554 2205 folium,
2585 2138 2776 2190 scilicet
2803 2138 2942 2207 quod
2971 2148 3200 2200 superest
3222 2141 3464 2194 adversus

1951 2205 2171 2280 tristititz
2188 2209 2448 2280 spiritum,
2483 2217 2529 2260 et
2565 2209 2766 2261 initium
2792 2205 2966 2262 eorum
2993 2225 3109 2280 quis
3138 2210 3379 2264 dicuntur
3400 2213 3464 2265 de

1950 2278 2171 2347 torporis
2193 2279 2395 2346 spiritu.

1950 2388 2003 2442 6.
2047 2387 2218 2457 (Cass.
2274 2386 2409 2443 Inst.
2462 2390 2577 2453 ιι,
2633 2408 2681 2445 c.
2724 2392 2791 2447 l3
2836 2402 2882 2445 et
2924 2392 3211 2463 seqq.).....
3262 2393 3460 2448 Panem

1881 2480 2227 2535 manducent.
2256 2481 2550 2537 Audiamus
2572 2499 2729 2551 quam
2749 2485 3021 2553 sapienter
3047 2485 3199 2539 nobis
3216 2487 3464 2541 osiendat

1881 2572 2170 2640 Apostolus
2200 2574 2433 2641 torporis
2465 2575 2687 2640 hujusce
2714 2590 2925 2630 causas.
2972 2575 3233 2647 lnquietos
3266 2580 3463 2648 quippe

1880 2673 2036 2718 vocat
2065 2663 2131 2733 (ll
2174 2663 2351 2718 Thess.
2386 2680 2476 2728 III,
2519 2665 2578 2735 '7)
2615 2680 2710 2720 eos
2739 2667 2827 2736 qui
2859 2684 2965 2720 non
2995 2679 3316 2736 operantur:
3348 2670 3448 2724 hac

1881 2770 1983 2808 una
2007 2770 2139 2810 voce
2164 2757 2385 2811 multam
2416 2757 2697 2811 declarans
2726 2758 3007 2812 malitiam.
3041 2758 3143 2824 Qui
3167 2760 3307 2812 enim
3332 2764 3465 2813 otio-

1880 2861 1973 2902 sus
1991 2856 2094 2914 est,
2122 2849 2303 2903 verbis
2334 2864 2547 2919 quoque
2580 2852 2902 2904 temerarius
2932 2851 3137 2913 existit,
3165 2859 3465 2920 promptus.

1881 2955 1985 3009 que
2010 2940 2075 2994 ad
2104 2941 2515 2996 conviciandum
2538 2982 2552 3007 ,
2584 2956 2647 2996 ac
2673 2941 2889 2996 demum
2923 2942 2987 2995 ad
3016 2943 3253 3012 quietam
3298 2941 3463 2996 vitam

1881 3033 2142 3103 agendam
2164 3034 2397 3103 ineptus,
2427 3042 2485 3089 et
2515 3034 2748 3103 torporis
2776 3048 2985 3088 servus.
3009 3033 3256 3102 Praecipit
3286 3035 3466 3103 itaque

1886 3135 1944 3179 ut
1973 3127 2375 3193 subtrahamus,
2400 3127 2449 3180 id
2480 3137 2582 3191 est,
2603 3142 2947 3197 segregemus
2976 3142 3074 3180 nos
3096 3127 3163 3180 ab
3183 3127 3295 3189 illo,
3314 3126 3463 3195 quasi

1885 3232 1913 3270 a
1947 3216 2202 3285 pestifero
2222 3220 2435 3273 morbo.
2467 3219 2669 3274 Deinde
2685 3219 2810 3288 quid
2842 3220 2944 3271 ait:
2980 3218 3041 3271 Et
3068 3234 3166 3270 non
3188 3218 3466 3270 secundant

1884 3310 2209 3364 traditionem
2236 3326 2389 3374 quam
2428 3321 2728 3383 acceperunt
2758 3327 2791 3363 a
2817 3310 2959 3363 nobis
2985 3309 3051 3377 (Il
3076 3308 3255 3363 Thess.
3278 3323 3358 3378 ιιι,
3383 3307 3463 3378 6),

1884 3416 1947 3456 ac
1979 3416 2074 3471 per
2104 3404 2205 3456 hoc
2234 3403 2435 3457 dictum
2466 3404 2703 3457 ostendit
2732 3419 2827 3457 eos
2858 3418 2980 3458 esse
3010 3403 3276 3473 superbos
3297 3443 3311 3467 ,
3338 3420 3468 3457 con-

1882 3502 2203 3562 temptores,
2236 3504 2290 3549 et
2315 3497 2736 3563 apostolicarum
2770 3494 3118 3549 traditionum
3147 3494 3463 3548 violatores.

1882 3588 1960 3641 Ac
1986 3602 2201 3640 rursum
2238 3604 2251 3637 :
2290 3585 2471 3657 Neque
2498 3587 2658 3657 gratis
2684 3601 2888 3655 panem,
2920 3584 3015 3649 ait,
3047 3583 3466 3636 manducauimus

1882 3679 1948 3730 ab
1981 3680 2181 3748 aliqua,
2212 3679 2303 3733 sed
2338 3680 2392 3731 in
2419 3678 2593 3731 labore
2618 3688 2663 3730 et
2694 3680 2745 3730 in
2777 3678 3100 3748 fatigatione,
3142 3685 3287 3729 nocte
3312 3684 3359 3728 et
3383 3675 3467 3728 die

1884 3782 2186 3839 operantes,
2234 3786 2297 3822 ne
2344 3785 2493 3838 quem
2530 3778 2749 3821 vestrum
2797 3784 3121 3838 graearemus
3157 3765 3347 3837 (Ibid.,
3384 3766 3463 3835 8).

1884 3859 2083 3913 Doctor
2105 3859 2195 3913 ille
2225 3858 2504 3926 Gentium,
2542 3858 2817 3928 Evangelii
2849 3873 3046 3927 praeco,
3100 3860 3191 3928 qui
3224 3857 3467 3911 sublatus

1882 3960 1966 4003 est
1993 3964 2163 4018 usque
2197 3949 2263 4003 ad
2309 3950 2526 4003 tertium
2559 3948 2755 4003 caelum
2781 3946 2849 4020 (ll
2870 3945 2990 4002 Cor.
3034 3963 3125 4015 ιιι,
3162 3947 3243 4018 2),
3275 3948 3363 4017 qui
3393 3950 3467 4004 ait

1878 4044 2105 4113 jussisse
2125 4042 2409 4097 Dominum
2439 4052 2497 4096 ut
2518 4058 2613 4096 eos
2631 4043 2717 4112 qui
2748 4042 3098 4109 Evangelium
3122 4042 3463 4110 anttuntiant,

1881 4151 1946 4190 ex
1978 4136 2268 4205 Evangelio
2309 4136 2495 4189 vivant
2524 4134 2564 4207 (1
2595 4133 2717 4189 Cor.
2754 4152 2806 4189 ts
2828 4175 2843 4201 ,
2872 4134 2981 4203 ts),
3009 4134 3061 4187 in
3096 4134 3276 4187 labore
3306 4143 3464 4187 nocte

1882 4239 1935 4284 et
1960 4229 2049 4283 die
2076 4230 2421 4298 operabatur,
2449 4245 2515 4283 ne
2534 4245 2690 4298 quem
2716 4238 2984 4296 gravaret.
3013 4228 3151 4294 Quid
3185 4227 3344 4296 igitur
3366 4241 3466 4279 nos

1882 4335 2104 4390 agemus
2142 4320 2233 4390 qui
2269 4335 2381 4389 prie
2408 4330 2625 4389 torpore
2652 4335 2787 4387 Opus
2819 4332 3131 4372 aversamnr
3153 4358 3168 4382 ,
3212 4332 3466 4385 corpora-

1882 4412 2096 4481 lemque
2142 4412 2505 4481 perquirimus
2533 4416 2799 4479 quietem;
2832 4412 3024 4479 quibus
3055 4424 3153 4463 nec
3190 4409 3464 4478 Evangelii

1882 4502 2218 4572 praedicatio,
2254 4517 2427 4570 neque
2472 4500 2837 4554 Eccle~iarum
2883 4516 3009 4553 cura
3040 4500 3327 4553 commissa
3357 4510 3459 4564 (πει,

175 4596 295 4648 rius
318 4594 694 4664 aegritudinem
723 4610 844 4649 esse
873 4596 1050 4659 sitam,
1078 4612 1198 4665 quae
1232 4605 1355 4650 tunc
1379 4606 1621 4666 apparet,
1648 4616 1767 4653 cum
1795 4578 1846 4636 Ῐ)
1872 4596 1967 4649 sed
1990 4596 2157 4650 solius
2180 4596 2373 4648 anima:
2391 4594 2621 4662 prOpritn
2634 4593 2943 4647 sollicitudo
2961 4593 3237 4646 incumbit.
3265 4593 3467 4647 Deinde

176 4688 498 4757 ingruentes
527 4688 853 4742 tentationes
884 4690 1255 4757 experimento
1296 4688 1443 4743 illam
1474 4692 1655 4759 palam
1698 4693 1775 4745 fa-

172 4780 343 4834 ciunt.
401 4778 700 4848 Numquam
729 4780 870 4833 enim
923 4779 1085 4833 ltomo
1113 4780 1339 4834 lmdetur
1386 4780 1453 4835 ab
1479 4782 1620 4846 alio,
1672 4784 1776 4839 nisi

177 4871 327 4924 intus
359 4871 521 4924 situm
546 4870 746 4924 habeat
775 4872 1047 4935 morbum,
1079 4872 1285 4925 scilicet
1315 4874 1620 4940 passionum
1651 4889 1777 4929 cau-

172 4974 264 5015 sas
300 4976 461 5029 :qna:
493 4976 651 5015 causa
684 4972 765 5015 est
792 4963 933 5031 quod
962 4962 1208 5016 omnium
1243 4963 1424 5030 opifex
1475 4973 1529 5018 et
1570 4965 1777 5019 anima-

174 5068 298 5105 rum
328 5052 570 5107 medicus
592 5053 855 5122 Deu<,qui
873 5055 1018 5107 solus
1040 5054 1205 5123 probe
1233 5065 1282 5107 et
1302 5066 1553 5110 accurate
1576 5058 1772 5111 anima:

174 5143 398 5198 vulnera
433 5144 615 5212 novit,
664 5160 771 5197 non
825 5145 1100 5198 hominum
1152 5147 1423 5201 consortia
1469 5148 1774 5217 relinquere

176 5235 496 5305 praecipiat,
548 5237 641 5291 sed
674 5238 893 5290 malitiae
922 5252 1111 5293 causas
1157 5239 1207 5292 in
1244 5239 1398 5292 nobis
1426 5239 1775 5309 exscindere,

171 5343 380 5395 gnarus
409 5342 626 5382 causam
659 5330 906 5382 sanitatis
942 5329 1167 5395 animae,
1216 5345 1320 5384 non
1348 5332 1397 5384 in
1430 5333 1772 5399 separatione

175 5423 244 5471 ab
266 5419 580 5474 hominibus
603 5421 860 5488 obtineri,
887 5422 979 5475 sed
1010 5422 1060 5475 in
1086 5424 1497 5478 conversatione
1523 5439 1643 5479 cum
1676 5425 1769 5479 ho-

173 5511 414 5565 minibus
437 5521 493 5567 et
522 5512 574 5566 in
607 5512 1017 5569 exercitatione.
1070 5514 1205 5568 Cum
1234 5515 1410 5585 itaque
1438 5518 1506 5569 ob
1535 5531 1766 5571 consen-

173 5610 363 5657 taneas
393 5604 650 5672 quasdam
682 5606 998 5659 occasiones
1029 5606 1226 5661 fratres
1255 5607 1645 5677 relinquimus,
1678 5624 1765 5664 ne-

167 5710 443 5765 quaquam
478 5697 711 5751 tristitiaa
745 5699 1063 5754 occasiones
1079 5699 1553 5768 praecidimus,sed
1583 5701 1759 5755 solum

166 5788 619 5845 commutavimus
651 5805 771 5857 eas,
816 5791 1005 5847 morbo
1038 5792 1240 5849 scilicet
1277 5792 1425 5848 intus
1455 5794 1637 5858 posito
1669 5810 1759 5849 eas

1873 4689 2073 4743 clarius
2104 4688 2403 4743 03teudens
2447 4696 2706 4757 quantum
2751 4702 2814 4741 ex
2846 4686 2960 4741 orio
2998 4685 3175 4739 damni
3221 4685 3462 4747 accedat,

1874 4780 2179 4850 subjungit:
2218 4779 2366 4834 Nihil
2416 4791 2725 4851 aperantes,
2770 4781 2859 4833 sed
2887 4780 3090 4833 curiose
3138 4788 3344 4848 agentes
3390 4779 3458 4848 (ll

1877 4872 2059 4927 Thess.
2086 4888 2168 4935 nt,
2204 4872 2330 4942 ll);
2361 4889 2423 4926 ex
2449 4872 2562 4926 otio
2593 4874 2939 4937 inordinatio,
2972 4873 3462 4927 exinordinatione

1878 4963 2055 5015 omnis
2080 4961 2281 5015 malitia
2312 4961 2573 5016 exoritur.
2612 4962 2813 5016 Deinde
2847 4964 2971 5015 huic
3004 4962 3298 5015 remedium
3324 4976 3461 5027 pra:-

1881 5071 2072 5123 paratts
2095 5057 2168 5107 ait
2192 5071 2205 5107 :
2235 5053 2310 5107 Iis
2334 5064 2504 5109 autem
2532 5057 2617 5124 qui
2658 5055 2911 5126 ejusmodi
2932 5065 3047 5107 sunt
3074 5054 3459 5114 denuntiamus,

1879 5157 1924 5199 et
1966 5146 2266 5212 hortamur,
2309 5158 2364 5199 ut
2395 5164 2511 5200 cum
2548 5148 2754 5201 silentio
2796 5158 3060 5217 aperantes
3100 5162 3248 5199 suum
3279 5161 3462 5213 panem

1883 5237 2192 5292 manducent
2236 5237 2428 5305 (Ibid.,
2473 5238 2583 5308 12),
2633 5247 2795 5305 atque
2830 5253 2950 5291 cutn
2991 5251 3178 5307 magna
3219 5236 3463 5307 increpa-

1879 5328 2024 5382 tione
2052 5328 2301 5398 subjicit:
2334 5327 2395 5382 Si
2420 5329 2532 5396 quis
2560 5345 2662 5381 non
2686 5328 2792 5381 vult
2823 5328 3040 5399 operari,
3074 5342 3163 5379 nec
3193 5328 3461 5379 manducet

1878 5423 2070 5490 (Ibid,
2102 5422 2216 5493 10).
2247 5422 2407 5476 l-lisce
2436 5422 2746 5491 apostolicis
2778 5422 3055 5489 prarceptis
3085 5421 3252 5474 saneti
3286 5430 3466 5487 patres

1874 5511 2113 5583 Egyptii
2143 5511 2361 5577 eruditi,
2404 5526 2470 5566 ne
2499 5512 2723 5565 minimo
2748 5512 2962 5582 quidem
2996 5519 3243 5580 tempore
3268 5525 3461 5564 conce—

1873 5607 2006 5660 dttnt
2059 5604 2265 5659 otiosos
2322 5618 2444 5660 esse
2502 5607 2829 5670 monachos,
2879 5605 3111 5659 maxime
3167 5604 3457 5673 juniores,

1869 5700 2019 5767 gnari
2068 5713 2129 5754 se
2186 5714 2280 5764 per
2339 5699 2652 5768 patientiam
2712 5699 2914 5769 operis,
2965 5710 3232 5768 torporem
3286 5698 3463 5752 elimi-

1870 5806 2025 5865 nare,
2072 5806 2336 5862 suumque
2392 5791 2493 5848 sibi
2541 5792 2858 5847 alimentum
2914 5807 3249 5861 comparare,
3300 5802 3458 5861 atque
