3910 6168
943 319 1000 375 S.
1045 313 1363 374 EUCllliRll
1404 307 1878 368 Ll‘GDUNENSlS
1917 304 2221 360 EPISCUPI
2265 305 2604 362 EPITOMES
2642 303 2925 362 OPERUM
2967 304 3095 360 LIB.
3137 305 3204 363 ll.

3611 309 3708 365 ωε

456 439 737 508 egentibus
764 434 960 490 auxilio
990 447 1130 488 esse.
1158 431 1272 484 Non
1304 428 1463 483 modo
1489 426 1634 480 enim
1675 439 1770 494 pro
1795 422 1908 478 suis
1932 435 2022 476 ne-
2054 421 2096 477 Α
2128 419 2290 485 mini,
2331 428 2384 474 ut
2426 418 2768 476 ostenderem
2814 419 2866 472 in
2913 432 3168 489 quantam
3219 417 3586 489 insipientiam
3631 422 3711 476 hic

457 529 795 586 cessitatibus
823 535 1135 592 operantur,
1163 523 1256 576 sed
1301 517 1596 590 peregrinis
1615 516 1797 578 etiam,
1821 528 2025 583 paupe-

457 622 626 685 ribus,
645 617 850 672 carceri
873 613 1105 677 traditis,
1137 612 1493 679 omnibusque
1521 607 1704 677 egenis
1726 603 2028 660 necessaria

457 726 522 765 ex
553 724 652 764 suo
680 722 844 776 Opere
872 705 1219 774 suppeditant
1253 720 1266 754 :
1299 700 1634 769 creduntque
1655 697 1892 752 officium
1930 694 2031 749 bu-

455 799 691 869 jusmodi
737 796 1060 852 sacrificium
1100 810 1221 848 esse
1260 793 1374 848 Deo
1409 800 1712 859 acceptum.
1759 788 1872 843 Hoc
1902 788 2030 841 item

457 892 606 944 aiunt
657 891 878 951 Patres,
909 904 1029 940 eum
1062 887 1150 954 qui
1181 893 1452 952 operatur,
1484 898 1603 936 cum
1651 895 1756 934 uno
1785 879 2032 932 daemone

463 997 726 1052 pugnare,
751 995 814 1035 ac
842 981 1155 1048 plerumque
1181 979 1247 1030 ab
1268 977 1360 1030 illo
1388 975 1656 1040 tribulari;
1687 973 1918 1026 otiosum
1944 986 2034 1024 au-

463 1083 566 1126 tem
596 1072 817 1125 infinitis
841 1070 1172 1124 daemonibus
1196 1081 1315 1121 esse
1337 1066 1625 1135 captivum.
1641 1062 1829 1133 Operae
1853 1071 2033 1116 autem

463 1164 697 1228 pretium
722 1161 1092 1215 lueritdictnm
1111 1171 1411 1212 memorare
1430 1156 1638 1210 abbatis
1660 1155 1881 1226 Moysis,
1897 1154 2035 1207 inter

464 1253 655 1306 Patres
695 1247 1108 1319 spectatissimi,
1155 1247 1294 1316 quod
1324 1245 1390 1299 ad
1439 1259 1526 1298 me
1574 1244 1782 1298 locutus
1811 1252 1914 1298 est.
1953 1242 2036 1298 Me

462 1344 657 1410 quippe
703 1341 850 1396 brevi
896 1348 1137 1407 tempore
1179 1336 1456 1392 sedentem
1502 1334 1554 1388 in
1601 1349 1815 1398 eremo,
1849 1343 2037 1402 torpor

473 1432 685 1496 afflixit,
712 1439 874 1500 atque
898 1428 1158 1483 accedens
1181 1427 1246 1480 ad
1275 1427 1445 1491 illum,
1478 1426 1556 1480 sic
1594 1425 1870 1495 alloquor:
1904 1424 2039 1478 Tor-

467 1540 594 1592 pore
620 1523 857 1593 graviter
886 1520 1138 1583 afflictus,
1183 1528 1345 1588 atque
1385 1516 1674 1571 admodum
1713 1517 2036 1580 infirmatus,

467 1631 571 1669 non
603 1616 749 1683 prius
779 1628 846 1668 eo
874 1613 1135 1665 liberatus
1163 1625 1279 1664 sum
1309 1624 1467 1678 quam
1491 1606 1695 1661 abirem
1717 1617 1769 1660 et
1789 1607 2036 1660 abbatem

466 1707 686 1761 Paulum
715 1706 1087 1760 convenirem.
1114 1701 1411 1772 Respondit
1433 1699 1567 1755 mihi
1598 1700 1765 1754 abbas
1786 1699 2034 1769 Moyses:

2130 511 2340 567 dzemon
2377 512 2631 581 conjiciat
2659 512 2953 567 hominem.
2991 512 3090 578 Qui
3120 512 3234 567 vult
3271 513 3451 582 itaque
3481 513 3712 583 perfecte

2130 613 2362 668 certare,
2395 615 2450 658 et
2472 605 2692 671 iustitiae
2707 619 2908 659 corona
2931 603 3197 671 redimiri,
3230 604 3480 659 omnibus
3500 615 3713 674 satagat

2131 695 2305 749 modis
2330 694 2712 750 multiformem
2744 694 2881 748 hanc
2905 710 3160 763 superare
3187 695 3375 761 feram,
3403 711 3515 764 pra:
3550 698 3714 752 oculis

2132 801 2345 855 semper
2376 786 2584 841 habens
2613 787 2813 843 dictum
2856 786 2984 842 illud
3028 787 3203 842 sancti
3235 788 3454 842 Davidis
3486 807 3502 842 :
3540 789 3714 844 Domi-

2136 894 2233 932 nus
2260 878 2649 946 dissipavitossa
2675 893 2849 932 eorum
2875 879 2964 948 qui
2993 878 3283 933 horninibus
3311 878 3517 950 placent
3547 879 3713 949 (Psal.

2135 985 2229 1037 ιιι,
2255 969 2344 1040 6);
2376 970 2619 1040 nihilque
2649 982 2777 1042 agat
2821 972 3018 1026 intuitu
3060 972 3274 1026 laudum
3320 972 3678 1028 humanarum
3698 1016 3713 1038 ,

2135 1065 2230 1118 sed
2254 1063 2555 1119 mercedem
2585 1072 2791 1133 quaerat
2817 1078 2848 1118 a
2882 1065 3010 1131 Deo,
3041 1079 3106 1118 ac
3121 1063 3476 1135 cogitationes
3490 1069 3716 1134 propriae

2136 1155 2330 1224 laudis,
2363 1171 2458 1212 cor
2487 1170 2641 1210 suum
2665 1156 2978 1212 invadentes
3001 1172 3219 1226 semper
3244 1158 3496 1229 abjiciat:
3527 1173 3648 1214 sese
3672 1164 3716 1212 in

2137 1259 2427 1314 conspectu
2453 1247 2546 1303 Dei
2566 1246 2849 1316 deSpiciat.
2869 1248 2982 1302 lioc
3011 1248 3276 1318 siquidem
3312 1259 3468 1318 pacto
3503 1251 3718 1319 poterit,

2138 1338 2253 1394 Deo
2277 1339 2519 1409 juvante,
2542 1339 2760 1395 liberari
2793 1340 3244 1409 abinanisgloria
3260 1340 3528 1407 daemone,
3554 1343 3720 1411 gratia

2141 1430 2353 1485 Domini
2375 1421 2718 1498 nostri'Jesu,
2745 1432 2830 1486 cui
2858 1431 3025 1501 gloria
3051 1432 3104 1486 in
3135 1432 3353 1486 secula.
3387 1431 3583 1488 Amen.

2209 1519 2264 1575 8.
2296 1519 2473 1591 (Cass.
2500 1520 2635 1575 Inst.
2669 1523 2706 1574 ι.
2738 1537 2840 1587 xu,
2869 1520 2964 1575 αἱ
2995 1533 3042 1576 et
3065 1521 3244 1594 seqq.)
3279 1522 3540 1578 Octavum
3574 1523 3722 1579 nobis

2141 1623 2224 1670 est
2251 1625 2526 1670 certamen
2573 1615 2836 1670 adversus
2865 1617 3110 1686 spiritum
3141 1618 3438 1686 superbiae,
3469 1619 3616 1689 quod
3644 1631 3722 1674 est

2143 1707 2357 1777 gravius
2403 1705 2687 1774 acriusque
2733 1707 2942 1762 caeteris
2993 1708 3284 1774 omnibus,
3339 1723 3446 1777 quo
3505 1710 3721 1778 perfecti

467 1797 812 1868 Pcrspertnm
867 1797 1003 1852 habe
1042 1796 1272 1866 teipsum
1317 1792 1538 1848 minime
1567 1792 1633 1846 ab
1668 1806 1736 1847 eo
1778 1791 2036 1846 hactenus
2066 1784 2112 1844 Β
2140 1799 2371 1854 maxime
2407 1810 2815 1870 oppugnantur,
2844 1799 3040 1869 quique
3069 1815 3162 1886 eos
3189 1801 3282 1870 qui
3313 1800 3426 1856 fere
3457 1801 3528 1856 ad
3564 1803 3750 1856 virtu--

467 1891 745 1953 liberasse,
775 1888 941 1943 immo
967 1887 1144 1956 potius
1167 1884 1464 1940 dedititium
1498 1892 1550 1938 te
1565 1892 1727 1954 atque
1752 1897 1965 1938 servum
1988 1883 2037 1937 ei

471 1981 778 2036 tradidisse.
809 1978 955 2034 Scito
972 1978 1129 2048 igitur
1149 1977 1364 2048 gravius
1385 1985 1456 2041 te,
1477 1984 1662 2044 utpote
1682 1975 2037 2040 desertorem,

467 2076 536 2128 ab
561 2086 628 2127 eo
659 2069 1038 2126 debellandum
1082 2083 1225 2137 esse,
1276 2067 1376 2122 nisi
1414 2067 1667 2134 deinceps
1709 2081 1804 2135 per
1830 2066 2038 2134 patien-

474 2167 628 2227 tiam,
672 2162 973 2217 orationem
1005 2170 1062 2218 et
1095 2176 1228 2230 opus
1275 2175 1552 2226 manuum,
1583 2174 1706 2214 eum
1737 2173 2044 2229 oppugnare

398 2258 402 2261 ’
464 2255 756 2310 studueris.

537 2348 590 2401 7.
631 2344 800 2418 (Cass.
825 2342 960 2398 Inst.
990 2343 1078 2399 lib.
1106 2359 1182 2409 ιι,
1207 2360 1257 2397 c.
1280 2343 1306 2397 1
1327 2353 1372 2398 et
1386 2345 1550 2415 seqq.)
1566 2343 1863 2413 Septimum
1891 2343 2048 2397 nobis

465 2448 548 2492 est
576 2447 846 2492 certamen
873 2436 1132 2491 adversus
1159 2435 1405 2504 spiritum
1428 2435 1602 2490 inanis
1625 2435 1837 2504 gloriaz,
1862 2436 2047 2488 multi-

469 2530 694 2582 formem
720 2528 869 2582 illam
898 2541 963 2582 ac
994 2527 1364 2582 tenuissimam
1392 2526 1716 2594 passionem,
1742 2542 1863 2596 qua:
1887 2541 1955 2581 ne
1984 2526 2050 2580 ab

467 2636 533 2676 eo
561 2620 772 2689 quidem
799 2619 892 2689 qui
925 2627 1161 2675 tentatur
1189 2618 1688 2688 comprehenditur.
1720 2620 2050 2674 Cmterarum

467 2714 668 2782 quippe
693 2714 1000 2781 passionum
1027 2713 1373 2782 irruptiones,
1398 2713 1693 2782 apertiores
1720 2721 1866 2780 sunt,
1892 2723 2051 2782 atque

467 2805 678 2859 facilius
700 2820 820 2860 cum
843 2805 908 2859 iis
931 2812 1196 2874 pugnatur
1219 2821 1231 2857 :
1259 2805 1433 2858 anima
1461 2802 1683 2874 quippe,
1708 2818 1826 2858 cum
1849 2803 2049 2857 bellum

467 2893 745 2965 agnoscit,
787 2895 1134 2965 repugnando
1172 2907 1225 2949 et
1259 2895 1465 2950 orando
1499 2904 1735 2963 superat.
1769 2895 1839 2949 At
1875 2893 2053 2949 inanis

465 2989 654 3055 gloria:
684 2989 886 3042 malitia
919 2988 1262 3043 multiformis
1290 3003 1409 3042 cum
1444 2989 1541 3052 sit,
1569 2989 1643 3041 uti
1666 3002 1822 3056 supra
1849 2988 2050 3039 dictum

467 3090 572 3143 est,
605 3088 907 3150 expugnato
937 3080 1172 3134 difficilis
1202 3091 1304 3135 est.
1336 3081 1390 3134 lu
1415 3083 1559 3135 omni
1589 3082 1786 3149 quippe
1815 3079 2049 3134 hominis

466 3171 646 3225 studio
687 3185 924 3239 praesens
963 3186 1022 3225 se
1063 3170 1235 3236 sistit,
1267 3171 1320 3225 in
1355 3171 1543 3226 habitu
1576 3170 1810 3237 scilicet,
1843 3169 2044 3237 forma,

466 3277 682 3330 gressu,
714 3277 992 3328 sermone,
1036 3263 1252 3331 vigiliis,
1286 3262 1525 3331 jejuuiis,
1565 3262 1618 3316 in
1653 3265 1927 3326 oratione,
1973 3263 2048 3316 lc-

467 3359 682 3414 ctinne,
716 3351 928 3421 quiete,
971 3353 1024 3405 in
1063 3352 1482 3420 aequanimitate.
1523 3351 1590 3405 lis
1620 3351 1764 3404 enim
1796 3351 2048 3406 omnibus

469 3452 697 3496 conatur
732 3439 961 3495 militem
996 3441 1197 3496 Christi
1233 3441 1544 3497 confodere.
1583 3441 1750 3508 Quem
1787 3441 1932 3496 enim
1960 3455 2052 3497 ve-

471 3539 846 3593 stimentorum
886 3537 1295 3608 sumptuositate
1337 3537 1585 3607 decipere
1634 3539 1846 3606 nequit,
1890 3546 1946 3592 et
1984 3536 2051 3592 ad

474 3645 663 3684 vanam
710 3630 938 3699 gloriam
979 3629 1300 3694 deflectere,
1341 3645 1464 3684 eum
1502 3629 1808 3685 vestimenti
1844 3629 2052 3686 vilitate

473 3733 661 3778 tentat.
701 3725 764 3778 Et
796 3699 956 3793 quem
997 3740 1100 3776 non
1137 3723 1312 3793 potuit
1342 3724 1574 3790 honore,
1613 3740 1734 3780 eum
1773 3725 2054 3782 dedecoris

445 3803 449 3806 λ
476 3816 729 3883 patientia
761 3816 825 3869 ad
849 3815 1211 3884 insipientiam
1244 3831 1412 3887 usque
1440 3817 1620 3882 inflat;
1648 3833 1802 3886 quem
1829 3817 2055 3872 scientia

475 3907 539 3961 ad
565 3923 754 3962 vanam
774 3908 998 3978 gloriam
1024 3907 1290 3962 deducere
1312 3910 1572 3980 nequivit,
1587 3924 1708 3963 eum
1729 3923 1792 3964 ex
1817 3908 2052 3974 silentio,

480 4001 632 4067 quasi
676 4001 916 4068 quietum
964 3998 1268 4066 hominem,
1317 3999 1566 4069 decipere
1604 4009 1857 4064 conatur;
1897 4014 2055 4068 quem

480 4091 719 4144 ciborum
757 4090 962 4146 lautitia
1013 4091 1078 4144 ad
1120 4091 1396 4146 mollitiem
1443 4092 1662 4149 trahere
1709 4107 1814 4148 non
1859 4094 2056 4158 valuit,

480 4197 601 4236 eum
625 4182 834 4252 jejunio
855 4183 920 4236 ad
950 4183 1164 4238 laudum
1195 4183 1539 4251 cupiditatem
1565 4184 1802 4241 deducit.
1831 4186 2056 4240 Demnm

477 4289 612 4342 opus
633 4289 812 4342 omne,
858 4289 1018 4330 omne
1055 4274 1324 4340 studium,
1372 4274 1496 4329 belli
1544 4275 1881 4330 occasionem
1934 4276 2059 4332 huic

478 4365 710 4422 daemoni
754 4366 975 4434 prebet.
1024 4367 1104 4422 Ad
1149 4365 1265 4421 bzec
1311 4367 1400 4436 qui
1451 4366 1519 4421 ab
1563 4365 1654 4421 illo
1695 4378 2055 4437 oppugnatur,

480 4475 876 4529 nonnumquam
923 4458 1025 4514 sibi
1077 4459 1217 4514 sacri
1266 4459 1468 4516 ordinis
1519 4459 1720 4530 gradus
1772 4462 2048 4531 confingit.

481 4552 692 4606 Memini
721 4551 998 4621 cujusdam
1030 4551 1196 4620 senis,
1225 4552 1338 4622 qui,
1361 4567 1484 4606 cum
1513 4552 1564 4606 in
1595 4551 1752 4607 Scete
1774 4551 2047 4622 degerem,

476 4644 729 4698 cellulam
754 4645 886 4698 adiit
912 4643 1189 4711 cujusdam
1223 4643 1401 4698 fratris
1427 4643 1675 4699 visitandi
1705 4660 1884 4714 causa,
1915 4656 1970 4701 et
1995 4655 2054 4701 ut

477 4737 655 4805 ianua!
683 4736 835 4790 cellae
863 4736 1336 4804 appropinquavit,
1370 4736 1543 4804 ipsum
1569 4737 1770 4792 audivit
1804 4739 1946 4792 intus
1974 4738 2054 4792 lo-

479 4838 763 4892 quentem;
805 4835 1008 4882 etcum
1044 4836 1254 4897 putaret
1291 4843 1456 4884 senex
1491 4827 1764 4898 quidpiam
1804 4829 1950 4884 illum
1987 4845 2053 4884 ex

478 4919 755 4989 Scriptura
788 4928 1052 4984 repetere,
1087 4921 1236 4972 stetit
1263 4920 1679 4983 auscultaturus,
1700 4929 1861 4988 atque
1887 4919 2055 4974 sensit

478 5013 627 5065 illum
658 5027 722 5065 ex
755 5011 898 5064 inani
929 5009 1095 5079 gloria
1123 5009 1375 5072 insanire.
1404 5025 1469 5065 ac
1494 5024 1614 5065 sese
1651 5009 1932 5063 diaconum
1963 5026 2053 5063 or-

477 5107 686 5168 dinare,
727 5103 1234 5172 catechumeni~que
1276 5103 1640 5157 dimissionem
1698 5101 1950 5156 tribuere.
2001 5103 2054 5156 Id

478 5214 599 5250 etim
630 5197 868 5252 audisset
897 5211 1093 5257 senex,
1122 5197 1336 5250 detnuiu
1382 5207 1561 5265 aperta
1589 5194 1751 5263 jauua
1790 5195 2056 5260 introivit,

479 5294 562 5344 cui
597 5289 758 5346 frater
779 5301 1066 5344 occurri-ns
1101 5289 1168 5339 de
1198 5301 1345 5340 more
1369 5285 1620 5339 salutavit
1648 5301 1799 5350 eum,
1830 5285 2060 5354 rogavit-

481 5397 585 5448 que
623 5396 688 5436 an
720 5381 806 5434 diu
843 5379 909 5432 ad
941 5379 1157 5445 januatu
1199 5378 1458 5431 stetisset.
1482 5376 1616 5430 Tum
1650 5391 1812 5431 senex
1850 5376 2059 5443 placide

482 5473 760 5540 respondit
789 5473 861 5526 illi
890 5491 902 5524 :
936 5472 1053 5527 Mos
1089 5471 1284 5532 inquit.
1323 5469 1544 5533 adveni,
1575 5484 1694 5522 cum
1730 5479 1781 5522 tu
1807 5471 2060 5543 catechu-

484 5564 656 5615 nieuis
701 5563 1066 5618 diutis~ionem
1117 5560 1409 5616 tribuebas.
1464 5560 1558 5615 llis
1617 5559 1780 5615 frater
1832 5559 2059 5624 auditis,

485 5653 713 5720 procidit
739 5654 805 5706 ad
837 5653 981 5706 senis
1025 5653 1218 5717 pedes,
1261 5663 1314 5705 ut
1357 5653 1599 5720 precibus
1637 5653 1926 5721 postularet
1960 5651 2058 5705 sibi

485 5742 686 5796 erroris
726 5741 1089 5808 hujuscemodi
1137 5743 1524 5798 liberationem.
1566 5743 1796 5810 Hujusce
1837 5743 1910 5795 rei
1952 5758 2062 5797 mc-

2143 1896 2253 1944 tum
2310 1889 2576 1958 fastigium
2625 1905 2938 1959 pervenere,
2983 1891 3308 1946 subvertere
3361 1904 3621 1958 conatur;
3665 1909 3722 1949 at:

2140 1981 2312 2037 morbi
2343 1981 2582 2052 pestiferi
2606 1984 2775 2038 instar
2815 1997 2919 2036 non
2963 1993 3168 2052 partem
3198 1985 3469 2054 corporis,
3507 1985 3603 2042 sed
3650 1997 3724 2040 to.

2141 2083 2255 2130 tum
2286 2076 2481 2144 perdit.
2519 2074 2588 2129 Et
2625 2073 2746 2129 alia:
2784 2074 3002 2144 quidem
3035 2074 3257 2146 singulm
3291 2075 3608 2146 passiones,
3643 2086 3712 2131 ta-

2143 2166 2300 2220 metsi
2329 2164 2564 2220 animam
2585 2167 2825 2235 turbant,
2857 2166 2981 2236 quia
3014 2176 3191 2220 tamen
3217 2180 3341 2222 cum
3373 2181 3481 2222 una
3523 2175 3724 2222 tantum

2145 2258 2344 2312 virtute
2383 2256 2486 2310 sibi
2519 2257 2763 2326 Opposita
2799 2258 3068 2328 pugnant,
3121 2265 3284 2326 atque
3317 2271 3435 2312 eam
3473 2273 3728 2328 superare

2148 2349 2414 2414 nituntur,
2451 2364 2517 2404 ex
2556 2359 2706 2416 parte
2744 2350 2918 2404 solum
2967 2349 3198 2404 animam
3246 2349 3540 2406 obscurant
3569 2362 3727 2420 atque

2147 2443 2497 2510 conturbant;
2539 2443 2808 2512 superbia
2853 2449 3030 2498 autem
3070 2443 3248 2512 passio
3285 2450 3450 2498 totam
3494 2443 3727 2498 tenebris

2147 2533 2396 2598 offundit,
2419 2542 2474 2589 et
2499 2533 2564 2588 ad
2595 2543 2889 2590 extremam
2924 2533 3146 2589 deducit
3181 2531 3418 2588 ruinam.
3466 2532 3642 2602 thue
3667 2532 3727 2587 li-

2149 2623 2359 2694 quidius
2392 2623 2533 2692 quod
2571 2623 2774 2680 dictum
2823 2634 2909 2679 est
2947 2623 3344 2693 excogitemus,
3389 2624 3492 2679 hac
3527 2624 3727 2678 ratione

2150 2733 2264 2772 rem
2295 2718 2659 2786 speculemur.
2683 2716 2832 2772 Culte
2865 2717 3048 2772 vitium
3082 2715 3460 2771 abstinentiam
3489 2729 3726 2770 corrum-

2153 2825 2281 2879 pere
2307 2811 2523 2880 satagit,
2563 2807 2852 2864 fornicatio
2885 2808 3298 2872 continentiam,
3338 2809 3569 2864 avaritia
3606 2824 3729 2877 pau-

2153 2912 2441 2972 pertatem,
2497 2901 2790 2973 indignatio
2843 2901 3341 2968 mansuetudinem,
3398 2915 3463 2956 ac
3509 2901 3731 2971 reliquae

2153 2993 2360 3061 Species
2387 2993 2626 3058 malitiae,
2655 2993 2953 3048 contrarias
2981 2992 3081 3046 sibi
3106 2991 3358 3056 virtutes;
3387 2999 3440 3047 at
3465 2991 3731 3060 superbia:

2153 3086 2356 3140 malitia
2392 3099 2512 3138 cum
2555 3083 2766 3138 misera:
2804 3083 2997 3137 anima:
3030 3081 3359 3148 dominatur,
3405 3082 3548 3136 haud
3579 3095 3730 3138 secus

2150 3177 2264 3245 agit
2302 3192 2459 3246 quam
2499 3174 2992 3230 truculentissimus
3039 3173 3252 3242 quidam
3299 3182 3596 3244 tyrannus,
3645 3172 3730 3240 qui
3801 3177 3803 3180 ‘

2149 3269 2325 3338 ampla
2357 3279 2411 3324 et
2445 3269 2660 3323 excelsa
2699 3277 2850 3336 capta
2874 3266 3040 3330 urbe,
3073 3274 3239 3318 totam
3264 3264 3430 3318 diruit
3459 3274 3520 3318 et
3556 3278 3588 3317 a
3615 3266 3731 3318 fon-

2150 3358 2415 3414 dantcntis
2440 3359 2652 3414 evertit.
2684 3355 2848 3426 Cujus
2880 3359 2956 3412 rei
2991 3356 3144 3410 testis
3179 3365 3260 3409 est
3299 3355 3526 3424 angelus
3557 3355 3647 3422 qui
3671 3370 3730 3408 ex

2149 3454 2289 3508 coelo
2318 3462 2538 3520 propter
2569 3451 2871 3520 superbiam
2900 3447 3126 3512 cecidit;
3171 3449 3259 3517 qui
3303 3461 3335 3500 a
3371 3447 3483 3500 Deo
3523 3459 3731 3501 creatus

2151 3553 2207 3600 et
2233 3545 2376 3599 omni
2407 3543 2604 3598 virtute
2629 3557 2693 3597 ac
2723 3541 2980 3611 sapientia
3009 3550 3257 3604 ornatus,
3287 3554 3393 3591 non
3421 3539 3519 3592 Dei
3549 3541 3733 3608 gratim

2152 3635 2270 3690 hazc
2299 3633 2568 3688 ascribere
2594 3632 2789 3696 voluit,
2831 3630 2926 3684 sed
2960 3630 3190 3700 proprie
3229 3637 3464 3691 naturai;
3505 3628 3648 3682 unde
3676 3643 3732 3682 se

2155 3728 2268 3783 Deo
2296 3726 2552 3796 aqualem
2583 3740 2706 3780 esse
2741 3723 2940 3792 putavit
2967 3740 2980 3776 :
3011 3738 3166 3792 quam
3198 3721 3314 3791 ejus
3350 3720 3730 3791 cogitationem

2154 3833 2387 3887 arguens
2415 3815 2676 3886 pr0pheta
2706 3816 2874 3872 dicit:
2905 3813 3094 3868 Dia-isti
3117 3815 3172 3867 in
3204 3814 3357 3867 corde
3384 3823 3508 3868 tuo:
3535 3813 3732 3869 Sedabo

2155 3911 2208 3963 in
2237 3917 2404 3964 monte
2430 3905 2632 3962 excelso
2652 3947 2668 3974 ,
2709 3921 2898 3976 ponant
2928 3904 3171 3957 thronum
3196 3919 3365 3958 meum
3401 3921 3559 3968 supra
3583 3903 3735 3956 nubes

2157 4013 2204 4057 e’
2223 4000 2406 4055 similis
2431 4015 2518 4054 ero
2539 3997 2801 4053 Altissimo
2829 3994 2986 4067 (Isai.
3014 4011 3122 4062 ιιν,
3157 3997 3266 4064 i5).
3309 3995 3353 4050 Τ
3359 4015 3389 4048 u
3412 4012 3531 4049 vero
3564 3997 3736 4058 hante,

2158 4107 2203 4146 et
2235 4109 2336 4146 non
2366 4089 2500 4146 Deus
2539 4089 2677 4160 (ld.,
2725 4105 2856 4143 xui
2879 4129 2894 4153 ,
2923 4087 3000 4159 5).
3033 4088 3289 4158 Aliusque
3317 4087 3583 4157 propheta
3631 4090 3734 4141 ait:

2163 4184 2299 4247 Quid
2318 4182 2556 4254 gloriaris
2575 4181 2629 4234 in
2649 4179 2847 4234 malitia
2867 4179 2954 4249 qui
2977 4189 3151 4246 potens
3169 4178 3260 4232 es?
3280 4188 3334 4232 et
3365 4177 3552 4246 paucis
3572 4179 3738 4232 inter-

2155 4274 2315 4342 jectis
2338 4290 2353 4328 :
2385 4271 2623 4327 Dilexisti
2651 4271 2823 4324 omnia
2846 4268 2997 4324 verba
3024 4268 3628 4338 demersionis,linguam
3651 4268 3740 4321 ἀοι

2159 4368 2342 4422 losum.
2375 4364 2655 4434 PrOpterea
2694 4363 2830 4417 Deus
2856 4362 3076 4416 destruet
3106 4371 3153 4414 te
3173 4363 3227 4414 in
3253 4361 3429 4430 ﬁnem,
3475 4363 3662 4416 evellet
3692 4370 3739 4414 te

2161 4468 2207 4511 et
2238 4459 2512 4527 transferet
2531 4463 2580 4509 te
2609 4455 2673 4508 de
2695 4453 3021 4509 tabernaculo
3045 4461 3152 4516 tuo,
3177 4461 3224 4505 et
3251 4450 3481 4506 radicem
3509 4461 3660 4505 tuam
3685 4451 3744 4502 de

2157 4561 2293 4606 terra
2312 4547 2609 4603 viventium.
2648 4544 2899 4599 Videbunt
2934 4544 3067 4612 justi
3095 4551 3142 4596 et
3182 4541 3470 4607 timebunt,
3508 4550 3554 4595 et
3588 4557 3745 4610 super

2158 4657 2274 4696 eum
2299 4639 2537 4693 ridebunt
2580 4647 2628 4691 et
2665 4637 2885 4690 dicent:
2910 4633 3044 4688 Ecce
3086 4632 3237 4688 homo
3281 4633 3371 4703 qui
3415 4650 3518 4686 non
3574 4633 3744 4701 posuit

2161 4732 2326 4787 Deum
2368 4730 2660 4801 adjutorem
2697 4744 2881 4788 suum,
2917 4736 2964 4778 et
3003 4723 3273 4793 pravaluit
3301 4725 3358 4776 in
3389 4723 3627 4777 uanitate
3653 4739 3744 4776 sua

2162 4819 2384 4894 (Psalm.
2416 4816 2516 4890 ιι).
2546 4818 2671 4873 [iam
2696 4833 2818 4871 cum
2849 4817 3110 4880 sciamus,
3150 4813 3436 4868 timeamus
3464 4855 3480 4877 _.
3509 4829 3564 4868 et
3601 4811 3744 4866 omni

2161 4911 2398 4968 custodia
2431 4923 2710 4964 servemus
2743 4922 2839 4962 cor
2875 4914 3115 4960 nostrum
3154 4903 3336 4972 (Prae.
3370 4920 3444 4971 tv,
3479 4905 3577 4975 23)
3611 4920 3641 4956 a
3673 4904 3744 4958 leo

2165 5004 2360 5058 tltifero
2399 5001 2587 5070 spiritu
2627 4999 2894 5068 superbize
2918 5041 2934 5064 ,
2975 4997 3130 5052 nobis
3172 4995 3303 5065 ipsis
3331 4997 3450 5051 haec
3493 4996 3745 5065 Apostoli

2167 5095 2455 5151 recitantes
2477 5131 2494 5159 ,
2525 5091 2738 5162 quando
2768 5090 2978 5144 virtutis
3007 5088 3304 5156 cujuspiam
3333 5103 3472 5155 opus
3500 5104 3592 5157 pet
3611 5088 3747 5142 fecco

2165 5191 2332 5244 rimus
2361 5206 2374 5243 :
2408 5185 2530 5241 Non
2555 5202 2646 5253 ego
2675 5194 2864 5251 autem,
2885 5182 2973 5235 sed
2994 5181 3160 5251 gratia
3183 5179 3276 5232 Dei
3303 5195 3417 5244 qua'
3446 5196 3652 5234 mecum
3680 5187 3747 5232 est

2164 5281 2226 5352 (Ι
2253 5278 2372 5333 Cor.
2403 5292 2494 5342 xv,
2528 5276 2720 5343 10);et
2746 5271 2887 5341 quod
2919 5289 2944 5322 a
2974 5271 3202 5324 Domino
3227 5269 3428 5323 dictum
3459 5283 3545 5322 est
3577 5287 3591 5322 :
3625 5270 3748 5324 Sine

2165 5388 2245 5426 me
2272 5369 2401 5423 nihil
2425 5368 2627 5438 potestis
2649 5364 3010 5435 {acere(loan.
3047 5377 3135 5424 xv,
3168 5361 3259 5430 5):
3305 5372 3355 5413 et
3388 5361 3532 5430 quod
3566 5376 3598 5414 a
3629 5377 3749 5428 pro-

2165 5465 2325 5533 pheta
2349 5461 2551 5514 dictum
2583 5465 2666 5511 est
2690 5473 2704 5509 :
2731 5454 2849 5508 Nisi
2872 5452 3124 5506 Dominus
3147 5450 3475 5518 ludiﬁcaverit
3505 5451 3744 5510 danaum,

2167 5555 2219 5607 in
2245 5567 2428 5606 vanum
2449 5548 2801 5602 laboraverunt
2829 5543 2915 5614 qui
2939 5543 3194 5610 aediﬁcant
3221 5557 3334 5593 eam
3367 5538 3538 5609 (Psal.
3561 5555 3747 5604 cun,

2174 5649 2190 5699 I
2215 5657 2258 5710 );
2290 5647 2587 5710 iterumque
2610 5655 2620 5691 :
2659 5637 2776 5690 Non
2802 5635 3030 5696 volentis,
3057 5649 3212 5696 neque
3235 5631 3505 5690 currentis,
3529 5630 3625 5682 sed
3655 5630 3750 5678 mi-

2171 5736 2380 5791 serentis
2411 5741 2480 5786 cst
2509 5731 2600 5784 Dei
2627 5727 2796 5799 (Ilum.
2832 5740 2905 5790 ιχ,
2944 5725 3046 5792 lli).
3077 5723 3205 5778 Nam
3252 5719 3459 5776 etiamsi
3481 5720 3614 5790 quis
3640 5719 3754 5773 ala-
