3910 6168
205 286 301 343 897

1218 280 1691 339 COMMENTARiI
1734 280 1799 338 IN
1847 282 2170 339 GENESIM.
2224 283 2350 338 LIB.
2392 280 2434 336 Ι.

3366 292 3469 349 893

204 398 598 472 peccatoribus,
647 406 915 464 tamquam
967 410 993 447 a
1043 395 1315 472 tenebris,
1362 396 1781 472 justos‘vocans
1810 402 1856 460 Α
1888 396 2233 472 lidameutnm
2253 407 2556 472 sunctarnm
2583 396 2976 472 scripturarum
3025 401 3465 471 Firmamentum,

201 466 373 537 diem,
405 480 457 523 et
499 469 621 523 illus
662 478 906 531 noctem;
941 482 1060 519 nam
1100 466 1225 537 quia
1269 467 1320 519 in
1362 467 1602 537 Ecclesia
1646 469 1777 521 lucis

203 533 414 597 nomine
449 539 581 606 justi
618 538 977 609 appellentur,
1010 533 1130 589 andi
1159 538 1511 609 Apostolum,
1552 533 1774 609 fuistis,

204 612 402 680 inquit,
429 605 713 680 aliquando
738 608 971 680 tenebrae,
1006 623 1143 660 nunc
1172 616 1341 659 autem
1366 608 1456 662 lux
1477 608 1531 660 in
1560 605 1779 680 Domino

202 674 364 751 (Eph.
505 674 775 747 Sequitur.
806 674 1027 730 Factum
1053 686 1351 752 est_vespere
1378 687 1423 730 et
1451 678 1776 752 mane.»Ves-

205 747 347 822 pere,
430 747 655 822 conditae
696 748 1311 822 creaturzetertninus;
1340 762 1528 822 mane,
1566 747 1777 822 initium

204 817 498 876 condenda:
536 828 795 873 creatura:
833 818 1072 871 alterius.
1118 817 1378 881 Quaerunt
1414 817 1612 884 aliqui,
1654 834 1777 872 cum

208 893 435 960 primum
467 904 781 960 vesperum,
812 896 993 956 postea
1037 902 1193 941 mane
1233 887 1507 960 Scriptura
1545 904 1780 960 comme-

208 962 529 1024 moraverit;
558 976 623 1015 ne
654 959 790 1013 forte
813 968 1022 1011 nectent
1054 960 1201 1025 prius
1223 974 1381 1025 quam
1410 959 1550 1012 diem
1579 959 1783 1027 signiti-

210 1047 334 1088 care
360 1031 602 1084 videatur
632 1048 644 1083 :
675 1045 777 1083 nec
806 1028 1091 1098 adgertunt
1133 1030 1360 1098 primum
1393 1029 1532 1098 quod
1575 1030 1783 1095 praemi-

208 1104 339 1156 Serit
364 1102 537 1165 diem,
567 1100 824 1161 dicendo,
865 1097 926 1151 Et
958 1098 1148 1152 vocavit
1181 1097 1319 1151 Deus
1350 1097 1485 1151 diem
1521 1100 1701 1161 lucem,
1738 1107 1784 1152 et

207 1172 435 1226 tenebras
461 1180 675 1223 noctem.
709 1169 836 1223 lude
865 1177 950 1222 est
980 1170 1119 1237 quod
1147 1182 1363 1230 vestiera
1402 1168 1520 1221 ﬁnis
1554 1168 1661 1221 diei
1692 1169 1781 1234 sit,

208 1255 261 1297 et
290 1258 445 1295 mane
475 1243 593 1295 linis
626 1241 816 1293 noctis.
848 1239 987 1303 Ergo
1028 1249 1085 1291 ut
1124 1238 1441 1293 beneﬁcium
1475 1247 1597 1291 ante
1638 1240 1786 1292 obla-

210 1326 325 1367 tum
354 1313 754 1381 praerogativae,
784 1319 836 1362 et
862 1310 1124 1381 ipiimatns
1156 1310 1446 1363 nativitatis
1475 1309 1581 1363 diei
1612 1310 1782 1372 daret.

212 1386 355 1452 prius
387 1380 545 1436 ﬁnem
573 1381 677 1435 diei
704 1380 1043 1452 signiﬁcavit,
1074 1389 1190 1452 post
1219 1394 1377 1452 quem
1405 1392 1648 1452 secutura
1680 1395 1784 1452 nox

209 1450 375 1507 esset.
406 1452 608 1506 Deinde
636 1461 821 1518 postea
854 1450 1010 1505 ﬁnem
1043 1451 1215 1503 noctis
1244 1450 1508 1519 adjnnxit,
1532 1450 1783 1515 dicendo,

214 1521 532 1589 Factumque
574 1532 646 1575 est
682 1536 912 1592 vespere,
949 1530 995 1574 et
1027 1536 1173 1573 mane
1209 1520 1313 1592 dies
1344 1536 1495 1572 unus.
1533 1520 1653 1573 Dies
1687 1523 1786 1575 iste

211 1608 349 1647 unus
388 1598 535 1661 prior
571 1591 776 1661 factus,
812 1601 1027 1661 propter
1063 1591 1406 1645 Concordiam
1452 1592 1784 1644 residuorum

214 1660 525 1732 angelorum
568 1660 644 1716 sic
682 1660 983 1731 appellatus
1019 1671 1131 1727 est,
1155 1676 1385 1732 quorum
1419 1671 1641 1732 propter,
1667 1661 1786 1714 uni-

213 1730 377 1787 tatem
410 1730 779 1787 insinuandam
808 1747 911 1784 non
942 1731 1059 1785 dies
1088 1731 1318 1796 primus,
1352 1731 1445 1784 sed
1473 1730 1588 1784 dies
1614 1731 1788 1785 dictus

212 1813 297 1859 est
323 1819 479 1867 unus,
508 1812 558 1857 et
594 1803 792 1856 idcirco
816 1801 931 1869 ipse
956 1802 1213 1871 repetitur
1240 1816 1451 1871 semper
1478 1802 1533 1853 in
1559 1815 1787 1855 exsecu-

217 1876 365 1928 tione
392 1884 751 1927 creaturarum
793 1890 805 1925 :
836 1873 958 1941 quia
989 1870 1104 1939 ipse
1137 1871 1286 1936 dies,
1321 1870 1422 1925 hoc
1455 1883 1572 1940 est,
1603 1874 1788 1925 natura

213 1943 547 2012 angelorum,
574 1943 786 2011 quando
808 1952 1109 1995 creaturam
1141 1946 1514 2012 ipSatn,_quam
1548 1942 1685 1995 Deus
1708 1942 1787 1996 fa-

214 2010 391 2067 ciebat
414 2055 429 2076 ,
458 2010 939 2081 contemplabatur,
970 2014 1199 2082 quodam
1243 2010 1400 2065 modo
1443 2026 1792 2080 vesperasce-

218 2085 311 2139 bat
358 2103 371 2137 :
422 2093 820 2148 verumtamen,
866 2084 986 2151 quia
1035 2098 1139 2135 non
1190 2083 1536 2149 permanebat
1581 2085 1632 2134 in
1674 2083 1790 2150 ejns

218 2164 481 2209 creatura:
504 2155 714 2218 intuitu,
740 2154 832 2207 sed
854 2153 1067 2207 laudem
1098 2153 1216 2221 ejus
1245 2152 1312 2205 ad
1339 2151 1505 2205 Deum
1529 2152 1788 2219 referens,

217 2223 390 2294 ipsam
440 2224 718 2294 meliusin
760 2223 941 2277 divina
985 2224 1189 2277 ratione
1226 2222 1623 2294 consuiciebat,
1669 2233 1790 2278 tunc

222 2292 481 2349 continuo
510 2293 660 2364 quasi
685 2309 839 2348 mane
873 2294 1067 2352 ﬁebat;
1098 2309 1217 2346 nam
1256 2292 1301 2345 si
1331 2306 1669 2360 permaneret
1701 2310 1792 2349 ne-

216 2368 392 2433 glecto
414 2364 667 2419 Creatore
698 2367 749 2418 in
779 2375 994 2431 aSpectu
1026 2375 1307 2428 creaturae,
1335 2364 1442 2433 jam
1466 2377 1579 2433 non
1606 2379 1797 2432 vespe-‘

216 2432 300 2497 ra,
347 2438 439 2489 sed
487 2450 589 2489 nox
639 2435 822 2501 utique
868 2435 1037 2487 ﬁeret.
1082 2433 1354 2502 Seqttitur,
1410 2432 1551 2484 Dixit
1595 2450 1793 2501 quoque

218 2503 382 2572 Deus,
407 2504 527 2557 Fiat
549 2507 943 2571 ﬁrmamentum.
968 2503 1313 2557 Firmamcuti
1339 2504 1570 2566 nomine,
1596 2506 1791 2559 C(Billm

222 2576 561 2643 signiﬁcavit,
587 2591 681 2643 pro
702 2591 766 2630 eo
789 2573 930 2642 quod
955 2573 1159 2627 fortiter
1182 2585 1232 2625 et
1258 2574 1407 2625 firme
1434 2575 1791 2640 compositum

220 2642 329 2713 est,
352 2647 686 2712 maximeque
710 2654 989 2712 proiiterea
1013 2651 1253 2697 vocatum
1275 2653 1355 2696 est
1376 2642 1790 2714 firmamentum,

219 2726 440 2785 propter
475 2716 799 2778 ﬁrmitatem,
827 2715 941 2768 sive
976 2714 1446 2776 sustentationem,
1474 2723 1528 2766 et
1556 2713 1789 2770 intrans-

216 2787 553 2856 gressibilem
579 2785 864 2856 terminum
895 2786 1228 2856 εειρετίπυιη
1256 2798 1535 2851 aquarum.

291 2856 474 2924 (Vers.
517 2853 599 2927 7.)
644 2855 707 2908 Et
752 2855 869 2925 fecit
909 2855 1047 2927 Deus
1086 2854 1491 2927 ﬁrmamentum_,
1532 2853 1796 2927 diuisitque

218 2922 380 2995 aquas
402 2927 465 2978 ab
487 2922 650 2993 aquis,
678 2922 790 2995 qua:
809 2934 950 2978 erant
965 2925 1058 2977 sub
1086 2926 1424 2995 ﬁrmamento.
1446 2922 1562 2976 1am
1590 2928 1677 2993 qui
1700 2922 1793 2978 ad-

220 2994 379 3059 didit,
409 2997 472 3050 Et
495 2998 659 3049 divisit
684 3013 840 3063 aquas
865 2995 927 3048 ab
952 2996 1119 3063 aquis,
1143 2994 1485 3064 quirrendum
1510 3004 1590 3047 est
1616 3007 1790 3048 utrum

222 3070 369 3121 hunc
403 3082 580 3121 aerem
620 3067 935 3121 nebulosum
975 3065 1213 3119 nominet
1244 3064 1670 3130 ﬁrmamentum,
1704 3066 1790 3134 qui

220 3137 603 3213 dividitaqpas
625 3135 932 3205 superiores
961 3136 1174 3213 nubium
1196 3135 1263 3187 ab
1285 3134 1643 3213 iuferioribns,
1673 3151 1791 3213 qua:
1821 3151 1865 3213 ρ

219 3208 273 3261 in
306 3210 467 3262 terris
497 3207 695 3271 fluunt;
730 3224 851 3260 nam
884 3220 934 3259 et
966 3206 1079 3270 ipse
1109 3221 1201 3258 aer
1225 3207 1418 3258 ccelnm
1448 3217 1689 3273 vocatur,
1715 3208 1791 3259 si-

217 3291 307 3331 cut
342 3278 607 3347 legimus:
640 3277 884 3330 Volucres
902 3274 1014 3329 εωιί
1036 3274 1207 3347 (Psal.
1239 3282 1386 3343 vni);
1428 3273 1553 3326 dum
1588 3290 1692 3329 non
1728 3278 1795 3330 de

218 3348 313 3401 illo
343 3348 625 3411 superiore
663 3348 889 3411 dicatur,
921 3347 1014 3400 sed
1048 3347 1114 3399 de
1146 3349 1248 3399 isto
1277 3348 1327 3398 in
1368 3359 1473 3413 quo
1500 3360 1628 3399 aves
1659 3348 1793 3400 voli-

220 3428 356 3473 tant.
388 3415 547 3474 Unde
574 3421 736 3486 quzrri
771 3427 941 3486 potest
972 3431 1075 3484 quo
1103 3417 1261 3469 modo
1285 3416 1613 3486 elementum
1644 3432 1795 3486 aqua:

219 3488 393 3557 possit
424 3502 544 3542 esse
573 3485 733 3556 supra
773 3485 970 3549 etislos;
1001 3501 1135 3555 aqua
1166 3489 1310 3539 enim
1348 3485 1491 3557 cedit
1532 3485 1707 3552 terrae,
1743 3498 1797 3542 et

216 3554 314 3612 aer
341 3557 485 3612 cedit
510 3554 683 3627 aquai,
706 3570 760 3612 et
787 3557 922 3627 ignis
946 3554 1087 3610 cedit
1114 3558 1224 3610 aeri
1256 3572 1269 3608 :
1302 3555 1441 3611 unde
1468 3554 1798 3621 impossibile

206 3630 433 3682 videtur
462 3640 519 3681 ut
548 3629 834 3681 secundum
862 3628 1209 3692 elementum,
1244 3627 1383 3689 quod
1422 3634 1504 3678 est
1540 3641 1697 3694 aqua,
1727 3635 1800 3682 si;

213 3713 383 3768 supra
414 3708 685 3766 quartum,
717 3700 856 3766 quod
896 3706 982 3751 est
1012 3698 1177 3768 ignis.
1199 3695 1315 3762 Quo
1345 3694 1504 3747 modo
1530 3706 1583 3768 et
1612 3699 1797 3765 quales

213 3766 327 3822 sint
346 3784 502 3837 aqute
533 3768 657 3833 illas,
679 3784 808 3835 quas
829 3768 1099 3835 Scriptura
1129 3766 1259 3820 dicit
1283 3779 1443 3837 supra
1465 3766 1650 3832 cmlos,
1679 3783 1797 3820 esse

212 3855 311 3892 eas
342 3836 542 3892 ibidem
572 3838 791 3893 minime
818 3838 1120 3891 dubitamus
1145 3852 1262 3903 qua:
1298 3852 1401 3888 non
1430 3836 1667 3889 lociirum
1709 3853 1797 3891 se-

214 3910 401 3977 dibus,
436 3908 531 3963 sed
563 3911 821 3977 dignitate
861 3920 1086 3968 natura»,
1119 3907 1362 3960 videntur
1396 3920 1554 3977 supra
1581 3909 1748 3961 caelos
1782 3924 1796 3961 :

209 3981 355 4033 sicut
377 3974 521 4033 enim
548 3974 714 4034 nubes
737 3982 853 4032 istae
876 3994 993 4047 quae
1017 3978 1209 4046 ubique
1230 3984 1356 4030 sunt
1385 3974 1625 4047 feruntur
1640 3992 1802 4045 super

211 4066 403 4104 aerem
428 4089 445 4115 ,
472 4051 613 4118 quod
642 4060 724 4103 est
755 4044 967 4104 tertium
998 4044 1351 4111 elementum;
1386 4044 1457 4118 ia
1498 4046 1613 4101 ﬁeri
1646 4044 1802 4116 posse

208 4120 461 4174 arbitror
485 4116 544 4173 ut
563 4135 714 4188 aqua;
737 4132 923 4173 tenues
946 4126 1104 4187 atque
1129 4118 1354 4171 subtiles
1385 4116 1621 4172 ferantur
1641 4134 1803 4186 super

213 4192 424 4244 ctelum
464 4209 476 4242 :
510 4206 633 4243 nam
674 4206 741 4243 ex
791 4190 891 4243 hoc
931 4192 1166 4254 pondere
1203 4188 1620 4252 elementorum,
1653 4190 1803 4244 multi

212 4259 670 4328 philosophorum
693 4259 1137 4314 resurrectionem
1163 4259 1340 4312 carnis
1362 4257 1669 4322 illudentes,
1696 4276 1800 4314 non

210 4346 383 4399 posse
417 4330 530 4384 ﬁeri
560 4332 804 4400 inquiunt
840 4342 894 4383 ut
923 4329 1212 4400 homo,qui
1245 4329 1428 4397 utique
1455 4343 1520 4381 ex
1551 4339 1689 4382 terra
1722 4330 1801 4383 fa-

213 4415 347 4455 ctus
376 4412 459 4454 est
480 4444 495 4469 ,
527 4403 593 4453 sit
624 4399 673 4453 in
703 4402 857 4455 caelo.
892 4400 997 4454 Sed
1031 4399 1128 4452 bus
1153 4399 1349 4452 veritas
1379 4399 1679 4463 convincit,
1712 4401 1803 4469 qui

207 4471 351 4525 facit
398 4471 564 4523 multa
610 4472 856 4523 animalia
908 4473 1119 4523 terr'ena
1171 4470 1396 4523 volitare
1455 4470 1505 4521 in
1560 4486 1704 4533 aere,
1751 4481 1805 4525 et

206 4556 415 4609 aquam
450 4556 570 4593 esse
596 4557 754 4609 supra
788 4556 966 4594 acrem
990 4580 1005 4605 ,
1039 4549 1092 4593 et
1119 4540 1316 4608 ignem,
1348 4539 1487 4608 quod
1515 4548 1598 4593 est
1626 4542 1804 4605 utique

207 4623 471 4680 quartum
500 4612 843 4670 elementum,
868 4624 988 4663 esse
1014 4609 1064 4662 in
1090 4618 1250 4663 terra.
1279 4611 1420 4680 Ergo
1443 4609 1534 4661 Dei
1569 4613 1803 4677 potentia

208 4679 341 4749 qua:
372 4683 485 4734 haec
513 4681 688 4734 facere
716 4681 1063 4749 approbatur,
1088 4680 1213 4734 facit
1242 4690 1299 4732 ut
1328 4689 1382 4732 et
1411 4679 1572 4733 homo
1591 4691 1644 4733 et
1666 4697 1801 4749 aqua

210 4753 282 4804 sit
338 4766 497 4818 supra
538 4751 753 4805 caelum.
788 4755 965 4820 Aquas
996 4766 1125 4803 vero
1156 4752 1282 4803 istas
1313 4752 1550 4803 visibiles
1588 4752 1803 4819 quidam

208 4822 388 4889 impie
419 4830 614 4890 negant
643 4820 807 4875 factas
835 4836 954 4875 esse
982 4836 1010 4873 a
1045 4821 1152 4873 Deo
1172 4860 1187 4885 ,
1222 4834 1315 4887 pro
1346 4835 1409 4872 eo
1439 4822 1580 4889 quod
1616 4824 1668 4874 in
1701 4821 1804 4876 Ge-

206 4895 337 4944 nesi
390 4909 495 4943 non
547 4902 1037 4960 commemorantur
1087 4892 1171 4943 ubi
1222 4894 1334 4960 sint
1377 4890 1550 4953 factae,
1596 4906 1692 4960 pro
1737 4906 1804 4946 eo

203 4961 362 5029 quod
396 4963 651 5029 scriptum
686 4976 788 5014 non
819 4971 932 5025 est,
964 4959 1111 5016 Dixit
1143 4960 1282 5013 Dens
1317 4959 1444 5014 ﬁant
1473 4973 1644 5027 aquai.
1677 4961 1803 5026 Qui-

205 5032 321 5100 bus
354 5032 429 5084 ita
461 5031 890 5100 respondendum
931 5043 1057 5084 est:
1099 5030 1230 5098 Quia
1279 5031 1405 5084 dum
1453 5031 1650 5085 dictum
1699 5044 1802 5099 est,

207 5099 283 5154 In
310 5099 572 5169 principio
591 5102 709 5171 fecit
734 5101 867 5154 Deus
892 5102 1075 5155 caelum
1101 5114 1148 5154 et
1178 5108 1402 5165 terram;
1435 5101 1541 5155 illic
1570 5112 1622 5155 et
1652 5118 1803 5171 aqua:

206 5171 585 5240 intelligenda:
616 5179 770 5235 sunt;
802 5187 909 5225 uno
938 5172 1077 5225 enim
1103 5173 1318 5225 nomine
1343 5181 1626 5239 utrumque
1655 5189 1804 5226 com-

206 5246 551 5310 prehensum
574 5252 675 5303 est,
703 5250 858 5312 tropo
888 5244 1265 5311 metunymico,
1291 5245 1438 5311 quasi
1474 5258 1566 5310 per
1592 5259 1653 5297 ea
1684 5260 1803 5311 qua:

208 5313 503 5366 continent
536 5312 582 5364 id
611 5315 751 5378 quod
781 5322 1083 5380 Continetur
1117 5329 1127 5365 :
1165 5330 1282 5364 nam
1327 5312 1489 5376 ipsius
1518 5324 1590 5366 est
1620 5330 1759 5368 mare
1781 5354 1800 5380 ,

202 5389 252 5452 et
283 5381 406 5446 ipse
430 5380 554 5449 fecit
580 5382 711 5435 illud
730 5381 1015 5452 (cxc1v,5).
1036 5379 1636 5452 Sequitur,Vocavitque
1659 5389 1794 5444 Deus

198 5449 611 5519 firmamentum
682 5452 887 5519 cadum.
964 5450 1102 5516 Quid
1144 5464 1225 5504 est
1290 5455 1431 5519 quod
1474 5449 1672 5512 coelum
1716 5459 1795 5514 fa-

206 5528 365 5573 ctum
413 5518 576 5585 dicit,
609 5527 663 5575 et
706 5518 810 5575 hoc
849 5519 1243 5575 ﬁrmamentum
1277 5518 1616 5590 postmodum
1652 5541 1808 5580 voca-

206 5595 342 5642 tur?
373 5592 475 5643 nisi
507 5591 629 5661 quia
661 5598 844 5645 natura
876 5591 1141 5661 angelica,
1164 5608 1282 5660 quae
1314 5594 1455 5658 prius
1490 5597 1806 5651 mirabiliter

206 5668 298 5711 est
330 5660 583 5732 condita,
620 5678 684 5716 ne
725 5663 916 5717 cadere
947 5660 1196 5730 nmquam
1230 5665 1428 5730 possit,
1466 5668 1802 5732 postmodum

209 5738 297 5783 est
332 5730 636 5787 mirabilius
667 5736 1000 5787 C(iiiiil'tlllila.
1036 5730 1480 5800 Firmamentum,
1514 5736 1562 5789 id
1597 5750 1697 5803 est,
1723 5753 1803 5792 so-

1835 4517 1884 4575 Ι)

1886 468 1939 520 in
1979 469 2225 538 Ecclesia
2282 468 2568 531 Scriptura!
2623 469 2819 523 divisus
2875 471 3267 538 intelliguntur;
3331 468 3470 533 sicut

1884 536 2141 605 scriptum
2173 548 2285 603 est,
2320 540 2510 591 Caelum
2542 538 2815 603 plicabitur
2846 541 2973 592 sicut
3004 542 3148 598 liber.
3186 536 3470 602 Discrevit-

1883 624 1987 675 que
2017 623 2176 675 super
2205 609 2306 662 h-c
2338 614 2732 662 ﬁrmamentum
2766 625 2952 678 aquas,
2988 613 3036 664 id
3069 624 3181 678 est,
3216 618 3466 671 C(Blesles

1885 693 1917 745 p
1941 679 2108 744 ipulos
2137 681 2450 747 angelorum
2474 721 2485 739 ,
2519 681 2606 747 qui
2642 696 2745 732 non
2774 696 2906 749 opus
2939 681 3135 735 habent
3167 686 3266 737 hoc
3295 693 3468 742 susci-

1885 763 2013 821 pere
2042 750 2457 821 ﬁrntatnentum,
2492 760 2546 802 ut
2578 751 2815 817 legentes
2844 756 3055 805 audiant
3089 755 3309 809 verbum
3337 756 3466 821 Dei;

1885 817 2070 893 vident
2099 819 2392 893 enim__eum
2425 834 2659 885 semper,
2696 821 2850 893 etdil
2877 835 3024 887 gout.
3064 822 3167 877 Sed
3200 817 3463 893 superpu-l

1883 888 1990 942 suit
2030 889 2202 960 ipsum
2235 889 2628 944 ﬁrmamentum
2672 891 2800 958 legis
2843 906 2952 943 suae
2992 908 3152 960 super
3182 888 3464 951 inﬁrmita-

1886 967 1995 1012 tem
2027 959 2338 1012 inferiorum
2377 962 2722 1027 populorum,
2760 970 2815 1012 ut
2854 961 2923 1014 ibi
2955 959 3338 1029 suspicientes,
3369 982 3463 1020 cu-

1886 1039 2145 1102 gnoscant
2175 1030 2405 1102 qualiter
2434 1030 2743 1083 discernunt
2774 1034 2908 1083 inter
2942 1033 3173 1086 earnalia
3214 1043 3269 1089 et
3309 1039 3467 1102 spiri-

1886 1098 2047 1161 talia,
2091 1100 2242 1167 quasi
2284 1114 2444 1166 super
2489 1115 2653 1164 aquas
2696 1102 3006 1167 superiores
3057 1112 3109 1155 et
3160 1098 3461 1160 inferiores.

1887 1168 2163 1242 Sequitur,
2199 1168 2336 1242 Dixit
2362 1186 2557 1242 quoque
2591 1170 2745 1232 Deus,
2776 1169 3155 1242 Cougregentur
3184 1190 3329 1241 aquae
3356 1192 3469 1242 quas

1887 1240 1980 1292 sub
2010 1239 2134 1292 calo
2162 1240 2360 1311 suntin
2390 1241 2556 1292 locum
2584 1256 2758 1292 unum.
2794 1240 2850 1294 Si
2881 1239 3047 1293 totum
3075 1239 3236 1309 aquis
3255 1261 3266 1311 ι
3287 1239 3464 1298 Ianum

1888 1317 2161 1379 erat,rquo
2190 1310 2349 1362 modo
2381 1320 2627 1378 poterant
2661 1326 2812 1379 aqua:
2842 1314 3153 1377 eongregari
3186 1312 3237 1365 in
3268 1316 3466 1367 unum?

1892 1378 2000 1434 Sed
2026 1378 2136 1446 jam
2168 1381 2414 1446 superius
2443 1380 2643 1433 dictum
2688 1388 2770 1434 est
2811 1383 2951 1449 quod
2983 1398 3141 1449 super
3170 1398 3362 1447 aquam
3394 1389 3473 1440 fe-

1890 1451 2105 1503 rebatur
2138 1450 2368 1515 Spiritus
2410 1450 2533 1514 Dei,
2567 1450 2706 1503 unde
2740 1460 2857 1504 erat
2896 1453 3032 1503 Deus
3063 1456 3239 1506 omnia
3273 1458 3470 1509 forma-

1893 1529 2072 1583 turus;
2104 1536 2245 1574 nunc
2271 1536 2401 1574 vero
2429 1536 2550 1573 cum
2582 1520 2798 1580 dicitur.
2827 1520 3203 1590 Cougregentur
3223 1527 3273 1576 in
3305 1526 3471 1579 lorum

1892 1606 2083 1653 unum,
2119 1590 2219 1643 hoc
2260 1591 2453 1643 dicitur
2502 1598 2559 1642 ut
2605 1590 2691 1643 illa
2723 1595 2941 1644 materia
2977 1595 3330 1658 ineorporalis
3363 1598 3471 1649 for-

1894 1669 2129 1712 tnaretnr
2159 1661 2212 1713 in
2242 1676 2301 1712 ea
2333 1661 2508 1728 Specie
2547 1675 2703 1728 quam
2739 1661 2931 1715 habt-nt
2966 1665 3078 1714 istze
3109 1678 3261 1725 aquae
3290 1668 3471 1721 viSibi-

1894 1729 2001 1787 les;
2036 1730 2164 1805 ipsze
2193 1731 2333 1805 enim
2357 1743 2702 1805 congregatae
2741 1733 2793 1785 in
2824 1749 3019 1805 unum,
3056 1734 3162 1799 ipsi
3195 1747 3278 1789 est
3307 1753 3470 1805 aqua-

1896 1814 2009 1874 rum
2060 1799 2310 1874 formatio
2356 1800 3034 1874 harum,_quas_videmus
3080 1814 3132 1856 et
3180 1799 3467 1874 tangimus

1893 1869 2154 1937 Appareat
2196 1872 2364 1922 arida.
2408 1871 2541 1937 Quid
2588 1871 2672 1925 hic
2721 1872 2861 1925 aliud
2912 1869 3314 1939 intelligendum
3363 1891 3466 1941 est,

1896 1942 1996 1992 nisi
2030 1949 2085 1993 ut.
2113 1941 2199 1993 illa
2234 1944 2455 2017 materia
2497 1942 2725 2017 accipiat
2752 1944 3016 2017 Δνίξίὶὴιιξῃι
3033 1944 3274 2017 [υτ-ιιιιιιη
3307 1963 3466 2017 quam

1895 2023 2037 2063 nunc
2060 2020 2260 2082 terram
2294 2011 2720 2082 istantvidemus
2750 2013 2984 2068 habere?
3028 2012 3286 2082 Superius
3325 2011 3468 2072 enim

1894 2080 2110 2147 quando
2138 2080 2807 2157 cognominabaturterra,
2846 2084 3023 2157 inanis
3052 2080 3290 2139 et‘vacua
3311 2129 3323 2147 ,
3355 2089 3470 2157 ipsa

1896 2165 2072 2204 rerum
2131 2151 2351 2203 materia
2410 2152 2813 2224 nominabatur,
2878 2155 3112 2208 nonduin
3181 2151 3469 2224 generibus

1894 2229 2259 2293 creaturarum
2290 2222 2553 2289 completa
2585 2224 2942 2291 corporilinm
2990 2242 3001 2276 :
3044 2237 3093 2279 et
3124 2222 3264 2293 quod
3299 2246 3471 2282 numi-

1895 2291 2122 2365 nabatur
2159 2305 2315 2359 aqua,
2348 2306 2507 2359 supra
2555 2309 2717 2365 quam
2758 2294 3026 2348 ferebatur
3071 2291 3304 2365 Spiritus
3354 2300 3469 2365 Dei,

1894 2360 2080 2438 eadem
2113 2376 2299 2438 rursus
2326 2365 2544 2415 materia
2580 2364 2974 2438 nominabatur,
3009 2360 3147 2419 nunc
3179 2384 3305 2420 vero
3332 2360 3468 2438 aqua

1896 2430 1993 2503 ista
2025 2441 2079 2503 et
2109 2440 2247 2484 terra
2282 2432 2544 2503 [oriuntur
2572 2450 2634 2486 ex
2669 2433 2761 2487 illa
2793 2438 3038 2503 materia,
3071 2452 3191 2503 qua;
3222 2438 3350 2503 ipsis
3384 2430 3474 2492 ito-

1882 2501 2125 2554 ‘minibus
2155 2502 2543 2575 appellabatur,
2580 2514 2864 2575 antequam
2899 2501 3128 2575 formam
3170 2501 3322 2575 aqua;
3353 2509 3470 2564 ist-te

1894 2584 2029 2639 quas
2070 2585 2210 2646 noue
2254 2572 2493 2646 videmus
2540 2574 2864 2639 acciperent.
2908 2574 2974 2628 Itt
3013 2572 3466 2646 vocavit'aridam,

1893 2647 2104 2716 terram.
2136 2640 2302 2694 Terra
2352 2643 2473 2698 ideo
2504 2654 2727 2697 vocatur
2764 2646 2945 2707 arida,
2978 2644 3098 2709 quia
3149 2648 3288 2702 sicut
3331 2640 3471 2716 ignis

1894 2715 2152 2773 calorem,
2183 2720 2236 2765 et
2262 2726 2290 2763 a
2315 2728 2395 2778 ,ua
2432 2717 2742 2777 humorem;
2775 2716 2845 2768 ita
2880 2725 3017 2768 terra
3050 2715 3370 2773 naturaliter
3389 2723 3472 2771 lia-

1896 2780 1997 2859 be_t_
2022 2781 2808 2859 siccitatem."Conguegationes
2844 2801 3043 2854 quoque
3081 2801 3335 2853 aquarum
3375 2806 3469 2859 up-

1893 2852 2097 2920 pellavit
2127 2852 2306 2923 maria.
2339 2852 2637 2907 Naitandnm
2669 2854 2810 2923 quod
2840 2852 3014 2907 Omnis
3043 2852 3300 2923 aquarum
3337 2852 3469 2913 coii-

1893 2925 2131 2995 gregatio
2162 2926 2212 2995 iu
2245 2922 2467 2995 Hebrtea
2492 2922 2770 2995 locutione
2800 2924 2960 2977 maria
2991 2922 3386 2995 nuncupentur.

1970 2989 2153 3059 (Vers.
2184 2990 2247 3044 10
2274 2993 2451 3061 seqq.)
2483 2993 2546 3047 Et
2568 2995 2697 3065 _vidit
2726 2994 2861 3046 Deus
2885 2998 3005 3065 quia
3029 2998 3156 3049 bona
3174 2989 3277 3053 'est.
3311 3000 3474 3055 Docet

1897 3059 2093 3131 bonum
2136 3076 2256 3114 esse
2296 3059 2440 3131 quod
2481 3063 2633 3124 fecit,
2673 3080 2777 3118 non
2824 3059 3001 3119 discit.
3036 3065 3295 3122 Germiuet
3333 3081 3473 3124 terra

1895 3129 2387 3210 uerbamAvirenteiu,
2422 3142 2468 3186 et
2500 3134 2988 3210 faciuntem-semett,
3020 3148 3067 3210 et
3091 3140 3287 3209 lignum
3307 3143 3472 3210 pomi-

1897 3200 2064 3269 ferum
2104 3203 2294 3271 faciens
2333 3200 2572 3271 fructum.
2608 3205 2890 3260 Benedixit
2932 3200 3150 3262 Iterbitn
3206 3200 3469 3265 virentem

1899 3280 1953 3325 et
1986 3272 2185 3339 lignum
2221 3274 2558 3349 pomiferum.
2588 3274 2756 3349 _Te_rra
2785 3277 2927 3330 arida
2970 3289 3021 3349 et
3062 3278 3355 3345 fructuosa,
3379 3298 3475 3349 per

1901 3352 2183 3415 peccatum
2226 3344 2457 3415 hominis
2498 3346 2805 3413 maledicta,
2853 3348 3096 3415 produxit
3151 3344 3389 3404 tribulos
3418 3363 3472 3407 et

1899 3413 2101 3486 spinas.
2144 3412 2293 3467 Unde
2332 3418 2558 3480 qnteslio
2590 3412 2829 3471 nascitur
2854 3412 2875 3469 ἐ
2907 3416 3037 3471 Cum
3074 3419 3215 3473 Dens
3243 3424 3468 3486 septima

1900 3483 1987 3535 die
2019 3487 2340 3556 requieverit
2383 3486 2451 3538 ab
2488 3488 2632 3556 omni
2675 3502 2841 3546 onere
2869 3503 2985 3549 suo,
3019 3503 3124 3556 qui
3166 3483 3325 3542 modo
3358 3491 3473 3545 hac

1902 3554 2239 3626 postmodum
2286 3555 2521 3626 cundidit
2567 3558 2750 3626 nova't
2783 3554 3209 3624 quamvis'enim
3255 3574 3473 3626 propter

1902 3632 2178 3689 peccatum
2204 3624 2432 3676 hominis
2458 3628 2572 3678 haec
2598 3625 2809 3678 condita
2838 3627 3105 3687 dicantur,
3134 3624 3264 3680 nihil
3293 3624 3468 3683 tamen

1903 3692 2242 3766 postmodum
2260 3704 2510 3766 creatum
2536 3704 2620 3747 est
2650 3710 2866 3766 uovum.
2898 3697 3021 3766 quia
3055 3712 3159 3749 non
3197 3708 3313 3763 post
3343 3713 3465 3766 pec-

1900 3771 2079 3815 eatum
2127 3762 2378 3827 hominis,
2423 3769 2572 3830 quasi
2613 3765 2679 3817 ad
2720 3762 2930 3833 ptBnani
2971 3765 3086 3833 ejus
3124 3762 3360 3821 creatum
3403 3774 3475 3822 sit

1901 3832 2112 3898 aliquod
2139 3848 2357 3895 nuvmn,
2389 3836 2624 3888 maxime
2655 3832 2781 3889 dum
2809 3836 2859 3887 in
2887 3832 3133 3889 eumdem
3164 3838 3338 3891 locum
3365 3856 3468 3893 non

1903 3901 2112 3974 dicatur
2154 3919 2166 3954 :
2210 3901 2402 3974 Spittas
2427 3913 2475 3956 et
2512 3906 2725 3957 tribulos
2753 3908 2920 3974 pariat
2949 3916 3113 3970 terra;
3140 3909 3264 3973 sed,
3300 3907 3473 3963 Pariet

1902 3972 1992 4044 tibi
2013 3980 2168 4044 terra,
2194 3973 2349 4041 quasi
2377 3972 2581 4027 diceret
2606 3993 2617 4028 :
2646 3972 2865 4044 incipiet
2889 3978 2981 4031 tibi
3014 3978 3158 4031 nasci
3183 3972 3255 4032 ad
3276 3979 3475 4033 laboris

1903 4042 2304 4117 exitium_quod
2335 4045 2461 4096 olim
2491 4057 2729 4100 creatum
2759 4042 2849 4101 est
2884 4049 2947 4100 ad
2991 4050 3237 4116 pabulum
3262 4049 3476 4117 jumen-

1906 4119 2102 4166 terum.
2137 4112 2326 4189 Uerba:
2356 4124 2535 4169 autem
2569 4132 2885 4189 venenosae,
2918 4112 3239 4189 quamquam
3263 4112 3330 4172 ad
3365 4137 3470 4189 pa:-

1904 4198 2028 4236 nam
2070 4184 2154 4255 vel
2189 4186 2407 4237 exitium
2439 4188 2743 4241 mortalium
2776 4191 2881 4243 sint
2911 4184 3136 4255 c'reatze',
3174 4184 3474 4245 habent'ta-

1905 4268 2025 4330 meu
2068 4252 2195 4323 ipsa:
2232 4256 2473 4323 qutedam
2516 4260 2751 4330 remedia
2794 4252 3164 4313 salubritatuin
3217 4278 3229 4314 :
3272 4272 3323 4315 et
3358 4278 3476 4330 quae

1904 4326 2293 4399 nonprazstant
2322 4340 2528 4399 escam,
2563 4328 2880 4399 medicinam
2916 4330 3240 4396 miui5trant,
3264 4343 3315 4383 et
3360 4326 3477 4399 que

1906 4396 2065 4467 noxia
2078 4407 2208 4467 sunt
2233 4399 2420 4450 usibus
2442 4396 2739 4467 hominum,
2759 4398 3036 4452 innoxium
3064 4402 3303 4467 priebent
3325 4396 3477 4467 feris,

1907 4472 1963 4517 et
1989 4464 2176 4537 avibus
2214 4467 2490 4532 pabuiutn.
2518 4465 2681 4520 Juxta
2720 4484 2877 4537 genus
2899 4464 3075 4522 suum.
3119 4469 3185 4523 Ut
3218 4481 3362 4524 esset
3388 4464 3484 4523 na;

1909 4536 2181 4588 scenlibus
2210 4537 2433 4611 singulis
2460 4539 2629 4591 virtus
2651 4536 2958 4604 seminaria,
2993 4550 3045 4611 et
3067 4540 3358 4594 secundum
3389 4557 3482 4611 ge-

1910 4620 2009 4658 nus
2036 4620 2219 4659 eorum
2254 4607 2445 4659 similia
2477 4619 2849 4672 nascerentur,
2886 4610 3141 4664 distincta
3170 4607 3481 4664 similitudi-

1910 4690 1998 4739 ne,
2041 4676 2180 4728 sicut
2219 4679 2449 4751 origine.
2490 4677 2619 4732 Post
2660 4680 2794 4747 haec,
2843 4680 2929 4735 die
2970 4686 3151 4745 tertio,
3183 4683 3404 4751 collegit
3432 4683 3484 4736 in

1909 4760 2071 4819 unum
2102 4762 2264 4819 aquas
2291 4748 2571 4802 inferiores
2599 4750 2769 4803 salsas
2803 4768 2816 4805 :
2853 4753 2951 4804 hoc
2983 4762 3103 4819 est,
3134 4748 3376 4806 homines
3407 4756 3487 4806 in-

1909 4817 2122 4890 fideles,
2155 4817 2626 4890 qni_cuiiiditatnm
2658 4831 3007 4890 tempestate,
3041 4817 3098 4876 et
3124 4824 3482 4876 tentationum

1907 4887 2203 4961 earnalium
2245 4887 2492 4961 fluctibus
2521 4887 2856 4961 quatiuntur,
2886 4904 2939 4946 et
2977 4894 3028 4945 in
3072 4896 3298 4961 seipsis,
3332 4892 3485 4958 quasi

1907 4958 2229 5030 amaritudo,
2246 4958 2612 5030 includuntur.
2638 4959 3056 5030 Segregavitque
3076 4958 3235 5017 abeis
3252 4962 3481 5015 aridam.

1908 5026 2165 5102 Populum
2191 5030 2394 5084 scilicet
2419 5029 2623 5084 fontem
2658 5026 2782 5086 ﬁdei
2809 5026 3109 5097 sitientem;
3145 5034 3363 5102 fixitque
3396 5033 3491 5087 de-

1907 5096 2033 5170 hinc
2062 5102 2413 5170 superborum
2442 5103 2663 5167 limites,
2698 5114 2750 5156 et
2777 5102 3021 5157 eoercuit
3049 5096 3163 5170 ees,
3194 5096 3486 5157 ne'turbu-

1907 5169 2069 5224 lentis
2104 5168 2445 5237 iniquitatum
2486 5186 2705 5226 suarum
2740 5172 3010 5235 ﬂuctibus,
3035 5168 3261 5235 aridam,
3298 5172 3348 5226 id
3382 5186 3488 5238 εει,

1906 5240 2134 5293 animam
2180 5241 2446 5296 sitientem
2496 5240 2663 5296 Deum
2709 5244 3033 5299 Conturbent
3073 5260 3086 5295 :
3128 5243 3391 5310 liceatque
3440 5247 3487 5295 ei

1904 5313 2208 5380 germinare
2241 5312 2501 5366 bonorum
2538 5329 2761 5381 operum
2806 5317 3045 5379 fructus,
3078 5314 3367 5366 secundum
3398 5327 3491 5381 gu-

1908 5395 2010 5435 nus
2044 5396 2221 5434 suum.
2255 5381 2492 5451 Diligens
2527 5383 2844 5447 proximum,
2881 5384 2932 5436 in
2962 5382 3216 5437 subsidiis
3247 5386 3487 5436 necessi-

1910 5464 2075 5506 tatum
2100 5454 2417 5515 carnalium.
2449 5454 2651 5507 habens
2684 5456 2733 5509 in
2765 5471 2823 5508 se
2850 5469 3058 5518 semen,
3086 5456 3382 5507 secundum
3413 5452 3487 5505 si-

1908 5524 2261 5577 militudinem
2284 5563 2297 5586 ,
2333 5534 2388 5577 ut
2429 5541 2493 5578 ex
2527 5539 2620 5577 sua
2669 5527 2979 5578 infirmitate
3008 5524 3388 5592 compatiatur,
3421 5522 3488 5575 ad

1907 5594 2333 5647 Subvenicndum
2385 5595 2767 5663 indigentbus.
2818 5593 3148 5655 Producens,
3191 5603 3247 5649 et
3286 5594 3485 5662 lignum

1907 5666 2043 5717 forte
2076 5664 2268 5719 robore
2288 5705 2304 5729 ,
2334 5678 2387 5720 et
2416 5665 2748 5718 fructifcrum
2768 5706 2782 5730 ,
2816 5666 2865 5718 id
2894 5674 3010 5732 cst,
3044 5664 3390 5727 beneﬁcium,
3423 5663 3489 5716 ad

1908 5736 2243 5805 eripiendum
2290 5753 2409 5792 cum
2447 5741 2534 5808 qui
2586 5736 2832 5805 mjariam
2864 5736 3081 5806 patitur,
3105 5736 3169 5791 de
3212 5749 3373 5790 manu
3404 5748 3490 5803 po-
