3910 6168
245 330 345 390 901
1243 328 1717 388 COMMENTARII
1761 333 1789 388 ll

1896 331 2186 391 iENESIM.
2230 337 2353 391 LIB.
2397 336 2434 392 1.
3400 342 3507 397 9ῢὲ

245 443 507 517 mundum
525 442 680 517 quasi
701 441 919 517 domum
945 454 1295 517 praepararet,
1320 452 1372 496 et
1400 445 1477 517 sic
1503 455 1618 513 post
1647 448 1819 517 intro-
1847 452 1891 508 Α
1922 447 2157 517 cipatns;
2190 447 2348 517 hujus
2381 450 2628 517 (χιιι-ροτεί
2654 452 2777 508 εωιί
2815 464 3063 517 ornatus,
3103 453 3305 513 sidera.
3339 457 3419 509 snl
3450 474 3498 512 ιιι

244 521 465 571 duceret
496 513 873 591 habitatorem,
907 512 967 591 id.
990 523 1092 571 est,
1117 512 1392 591 dominum
1422 512 1638 591 donius.
1670 514 1816 569 Fecit
1920 515 2067 591 luna,
2103 512 2331 591 ornatus
2357 512 2533 574 autem
2566 532 2745 587 terrae,
2773 526 2972 589 maria,
3006 512 3181 578 erecta
3217 512 3497 591 montium,

242 588 381 642 Deus
412 583 664 637 hominem
703 582 771 663 ad
809 582 1083 663 imaginem
1121 592 1167 634 et
1211 582 1597 663 similitudinem
1642 603 1811 663 suam.
1917 588 2194 663 subducta
2213 590 2454 663 vallium,
2481 593 2649 647 densa
2674 582 3216 663 camporum,lapsus
3237 582 3496 663 amnium,

240 658 357 712 Non
382 657 525 708 enim
556 654 853 732 secundum
876 652 1127 732 _form_am
1158 660 1405 732 corporis
1438 654 1597 732 homo
1642 656 1815 732 factus
1918 655 2147 711 fontium
2174 652 2455 732 jugitates,
2490 671 2764 730 pratorum
2796 652 3039 732 gemmae.
3073 652 3284 727 frugum
3328 652 3499 722 varie:

233 739 319 782 est
346 727 412 778 ad
459 725 743 800 imaginem
794 721 916 800 Dei,
944 721 1037 800 sed
1090 726 1385 800 secundum
1434 726 1811 800 rationabilem
1916 735 2074 800 tates,
2102 721 2305 782 uuime
2337 721 2615 797 arborum,
2647 721 2846 800 genera
2888 721 3178 797 seminum,
3210 721 3497 791 diversitas

234 806 495 857 urentem,
523 791 675 867 juxta
696 794 836 860 quod
870 791 1262 867 ait_Apo_stolus
1298 810 1310 844 :
1341 793 1676 867 Renovamini
1698 800 1810 867 spi-

228 878 337 923 nm
383 865 562 916 mentis
591 873 811 936 _vestra?,
856 873 905 914 et
948 862 1147 936 induite
1165 878 1377 936 _novum
1407 864 1692 936 hominem,
1722 862 1810 936 qui

230 936 511 991 secundum
578 932 739 985 Deum
786 942 987 985 creatus
1020 942 1099 1002 est
1130 930 1292 1002 (Eph.
1347 934 1444 1002 iv).
1504 935 1567 987 Et
1619 930 1744 989 alioi
1792 955 1804 989 :

231 1006 492 1062 Exumtes
508 1021 611 1065 vos,
636 1003 829 1071 inquit,
848 1013 1057 1054 veterem
1080 1000 1358 1074 hominem,
1378 1000 1579 1058 induite
1601 1023 1804 1074 novum,

224 1081 316 1147 qui
346 1086 617 1130 renovatur
645 1074 1039 1147 irragnitiou'ern
1079 1070 1195 1147 Dei,
1218 1074 1511 1147 secundum
1534 1070 1807 1147 imaginem

225 1140 365 1219 ἐλαι,
414 1146 501 1212 qui
544 1144 729 1224 ereavit
768 1140 885 1195 eum
921 1140 1183 1224 (Col._ttt).
1216 1145 1349 1224 Hinc
1386 1155 1617 1224 apparet
1640 1140 1803 1215 'quod

226 1212 335 1271 non
368 1215 660 1269 secundum
708 1226 926 1278 corpus,
976 1212 1071 1266 sed
1119 1216 1416 1267 Secundum
1467 1212 1803 1278 intellectum

224 1258 549 1347 ἱζιὲἰιῦὲζέιιι
584 1258 870 1352 irnaginertn
911 1258 1003 1362 Dei
1034 1284 1201 1373 factus
1224 1294 1311 1373 est
1343 1284 1526 1344 homo,
1557 1258 1869 1373 (ιιιιιιιινιεξι

220 1368 277 1411 et
299 1359 475 1427 ipsum
497 1351 960 1427 corpus'nostrnm
983 1351 1053 1404 ita
1082 1351 1519 1427 sit_fabricatum,
1548 1351 1803 1409 ulcsten-

222 1422 449 1482 rlat'uos
482 1425 733 1479 meliores
783 1438 903 1478 esse
949 1436 1107 1489 quam
1154 1422 1373 1487 bestias,
1415 1432 1469 1476 et
1518 1434 1799 1492 propterea

219 1498 537 1552 dissimiles.
565 1496 653 1547 Illa
680 1498 826 1549 enim
850 1494 1030 1546 omnia
1057 1492 1305 1545 inclinata
1331 1503 1456 1547 sunt
1483 1497 1549 1546 ad
1576 1506 1798 1558 terram,

221 1568 460 1621 hominis
487 1577 664 1620 autem
696 1579 890 1629 corpus
918 1571 1160 1617 erectum
1193 1575 1274 1615 est
1314 1580 1327 1615 :
1362 1565 1503 1631 quod
1532 1566 1799 1631 signiﬁcat

217 1643 457 1691 animam
507 1644 744 1689 nostrain
790 1636 843 1688 in
891 1632 1164 1700 supernis,
1194 1632 1247 1686 id
1288 1643 1392 1698 est,
1420 1635 1487 1688 ad
1534 1635 1795 1704 spiritalia

216 1705 422 1762 d'ehere
444 1721 657 1772 semper
678 1720 797 1758 e~se
820 1712 1079 1772 erectam.

290 1779 470 1845 (γεῖς.
500 1771 613 1845 27.)
640 1775 717 1826 Ad
741 1776 1013 1844 imaginem
1042 1771 1137 1825 Dei
1158 1773 1341 1826 creavit
1369 1774 1539 1828 illum.
1576 1775 1671 1829 Hic
1695 1780 1787 1827 ho-

214 1865 333 1912 rno,
380 1850 672 1901 secundum
723 1846 987 1909 auimatn,
1031 1845 1235 1896 causali
1286 1848 1494 1899 ratione
1548 1857 1782 1900 creatur.

212 1918 352 1972 Nam
400 1920 573 1969 adhuc
614 1926 879 1982 sequitur,
914 1924 971 1965 ut
997 1912 1067 1965 de
1099 1914 1225 1964 limo
1256 1914 1542 1969 formetur.
1578 1915 1787 1969 Mascu-

211 1991 324 2041 lum
363 2000 408 2040 et
450 1988 689 2055 feminam
720 1986 840 2051 fecit
869 2000 972 2055 eos.
1021 1982 1125 2035 Nec
1152 1982 1277 2035 dum
1321 1987 1463 2039 enim
1511 1986 1617 2039 Eva
1651 1988 1786 2040 facta

209 2054 563 2113 describitur.
590 2070 694 2121 quo
721 2055 883 2108 modo
913 2054 997 2107 hic
1029 2055 1300 2108 masculus
1330 2064 1385 2107 et
1429 2056 1626 2109 femina
1668 2073 1789 2125 per.

212 2128 469 2183 hibetur?
498 2127 592 2180 sed
623 2127 744 2195 quia
778 2126 844 2178 de
872 2126 1061 2178 eodem
1090 2125 1256 2177 latere
1279 2134 1395 2177 erat
1428 2127 1625 2178 femina
1655 2141 1787 2195 pro-

208 2214 459 2261 cessura,
492 2198 544 2251 iu
581 2197 670 2250 illo
706 2195 819 2261 jam
852 2203 1196 2261 computatur
1223 2210 1321 2262 per
1344 2195 1722 2259 substantiam,
1758 2213 1785 2251 a

208 2285 319 2337 quo
347 2280 463 2323 erat
497 2266 845 2337 producenda
874 2280 969 2333 per
994 2263 1273 2337 ‘l'ortuam.
1300 2269 1435 2333 lirgo
1484 2268 1783 2321 secundum

207 2333 506 2409 originem,
530 2339 691 2409 Adam
724 2345 778 2388 et
812 2336 920 2388 Eva
960 2333 1277 2409 simullacti
1304 2347 1454 2409 sunt;
1490 2340 1783 2391 secundum

206 2406 455 2472 Speciem
486 2420 611 2460 vero
658 2406 862 2472 forma),
892 2416 1078 2474 postea
1128 2406 1325 2458 l‘eutina
1375 2408 1441 2460 de
1480 2409 1653 2461 latere
1686 2410 1785 2462 viri

205 2479 437 2532 furtttata
463 2490 561 2531 est.

280 2552 463 2619 (Vt-rs.
494 2546 609 2619 2e.)
642 2546 1005 2619 Bcnedixitque
1035 2545 1137 2598 illis
1168 2544 1325 2612 Deus,
1356 2546 1536 2619 et‘ait,
1564 2544 1786 2619 Cresrite

202 2632 250 2673 et
287 2614 733 2687 multiplicamini,
775 2626 824 2670 et
889 2614 1079 2686 replete
1124 2627 1315 2668 teriam
1409 2614 1636 2686 (Cenes.
1708 2617 1779 2681 ι).

202 2692 437 2756 Quidam
467 2689 654 2751 noStri,
689 2703 790 2740 nou
840 2689 1133 2738 secundum
1171 2687 1441 2740 earualem
1482 2691 1784 2741 fecundita-

204 2771 315 2814 tem
369 2762 553 2813 volunt
586 2758 835 2826 intelligi,
868 2759 959 2810 sed
996 2764 1210 2815 animm,
1243 2768 1296 2808 ut
1328 2767 1413 2810 est
1440 2758 1568 2809 illud
1598 2775 1611 2812 :
1640 2757 1781 2811 Mul-

202 2832 465 2912 tipl-cub-is
484 2830 731 2912 inanima
760 2844 872 2912 mea
893 2828 1228 2912 virtutrnthut
1246 2826 1486 2912 lticquod
1512 2841 1779 2896 sequitur:

202 2897 275 2954 Et
304 2904 509 2973 implete
536 2899 994 2973 terram._'l‘erram
1020 2897 1321 2965 intelligunt
1348 2912 1588 2973 carnem,
1622 2914 1779 2973 quam

201 2968 395 3038 implet
428 2971 621 3035 anima,
658 2979 712 3021 et
738 2969 1223 3038 dominatur,_cutu
1267 2973 1315 3019 in
1363 2969 1559 3022 virtute
1594 2968 1787 3022 mutti-

200 3036 474 3112 plicatur;
522 3040 792 3112 carnalem
840 3046 1017 3112 autem
1070 3036 1234 3112 fetum
1287 3053 1391 3091 non
1433 3051 1602 3112 tunc_
1632 3044 1781 3094 nasci

200 3107 449 3182 potuisse
479 3114 529 3165 in
558 3109 827 3181 paradiso,
860 3107 1114 3182 sedimis
1135 3109 1370 3177 gignere,
1402 3109 1778 3182 sientlacttnu

196 3178 307 3238 est.
346 3186 453 3236 Nos
480 3178 656 3235 autem
699 3194 805 3233 non
849 3178 1181 3258 dubitamus,
1225 3180 1523 3258 sep-trudqu
1557 3180 1774 3258 benedi-
1805 3191 1847 3252 ρ
1883 3181 1923 3245 (Ι
1957 3178 2077 3258 (ἐστι.
2108 3181 2187 3258 ιι).
2215 3181 2365 3258 Quod
2418 3178 2544 3258 \ero
2569 3178 2859 3258 sequitur:

196 3257 444 3307 ctionem
477 3253 590 3316 Dei,
615 3250 967 3317 corporaliter
996 3250 1236 3318 potuisse
1281 3249 1398 3301 illos
1445 3252 1494 3301 in
1530 3251 1778 3318 paradiso

199 3322 585 3393 multiplicari,
610 3322 733 3393 etsi
766 3335 869 3393 non
901 3326 1234 3393 peccassent,
1261 3327 1502 3393 coituros
1529 3324 1645 3393 sine
1677 3324 1782 3374 ulla

200 3390 452 3449 libidinis
489 3392 1019 3461 pertitrbationejrut
1070 3390 1313 3443 membra
1351 3390 1467 3443 sola
1510 3391 1780 3457 Voluntas,

198 3482 313 3520 non
366 3459 535 3519 libido
589 3471 852 3516 moveret.
886 3459 1021 3513 lllud
1074 3468 1252 3514 tamen
1306 3462 1635 3514 credendum
1678 3472 1781 3525 est,

197 3536 347 3606 quod
394 3544 550 3606 tanta
587 3533 871 3606 multitudo
912 3529 1057 3584 nasci
1092 3536 1264 3598 potuit
1303 3531 1578 3584 hominum
1607 3534 1783 3601 quoad

201 3604 377 3674 usque
410 3604 914 3674 prmdcstinatorum
962 3612 1273 3674 sanctorum
1326 3615 1604 3674 numerus
1634 3618 1785 3674 com-

198 3670 469 3745 pleretu'r,
499 3676 685 3745 quanti
718 3682 779 3745 et
822 3685 962 3745 nunc
989 3686 1086 3740 per
1122 3670 1215 3745 Dei
1256 3671 1783 3745 gratiam__c_olligtiu_-

201 3741 311 3801 iur.
350 3746 416 3799 Et
444 3741 781 3798 dominamini
813 3743 1034 3810 piscibus
1064 3742 1242 3804 maris,
1266 3750 1311 3792 et
1339 3741 1628 3796 volatilibus
1647 3743 1782 3809 cwli,

198 3828 249 3871 et
284 3819 537 3871 universis
566 3814 893 3867 animalibus.
922 3812 1083 3866 Salvo
1115 3813 1416 3875 intellectu,
1448 3827 1557 3880 quo
1602 3817 1782 3866 omni-

202 3888 305 3943 bus
356 3887 721 3941 animantibus
764 3884 927 3937 homo
964 3884 1303 3945 dominatur;
1336 3884 1608 3951 spiritales
1655 3899 1785 3937 vero

197 3974 397 4013 omnes
442 3957 781 4015 aliectiones,
813 3966 859 4006 et
897 3960 1074 4006 motus
1104 3955 1320 4015 anitum,
1354 3968 1492 4021 quos
1522 3955 1784 4007 habemus

201 4033 324 4083 istis
368 4029 695 4082 animalibus
736 4025 968 4091 similes,
999 4024 1247 4076 subditos
1288 4025 1579 4088 baberent,
1609 4034 1663 4078 et
1689 4025 1786 4078 do-

197 4102 546 4153 minarentur
591 4110 775 4150 eorum
827 4109 922 4162 per
971 4093 1404 4162 temperantiam.
1453 4098 1569 4158 Quo
1626 4096 1786 4147 modo

195 4174 418 4234 accepit
447 4176 769 4235 potestatem
796 4163 1108 4228 bestiarum,
1142 4179 1263 4217 cum
1302 4165 1579 4217 videamus
1605 4168 1672 4217 ab
1705 4180 1786 4218 eis

196 4242 414 4293 mullus
465 4238 680 4291 θεοιάίῖ
723 4235 846 4289 Post
880 4244 1161 4303 peccatum
1204 4236 1346 4287 enim
1391 4237 1591 4301 primus
1621 4236 1786 4288 homo

194 4313 499 4363 damnatus
528 4308 707 4361 amisit
747 4304 1134 4373 perfectionem
1166 4306 1313 4358 illam
1354 4319 1456 4373 qua
1488 4306 1553 4357 ad
1591 4310 1785 4374 imagi-

194 4397 328 4435 nem
380 4379 475 4433 Dei
530 4378 701 4431 fuerat
749 4379 940 4440 factus,
972 4385 1031 4429 ut
1077 4376 1326 4428 omnibus
1374 4375 1783 4441 dominaretur;

193 4452 408 4505 merito
450 4454 591 4502 enim
640 4458 986 4515 peccatorum
1031 4454 1207 4499 actum
1253 4454 1354 4512 est,
1383 4457 1439 4499 ut
1468 4448 1788 4502 naturaliter

194 4534 470 4591 pro~pera
500 4518 1079 4591 elliCcrrntttr‘homini
1111 4517 1357 4591 adversa.

272 4584 468 4662 (V'ers.
501 4590 616 4659 '51.)
658 4587 797 4662 Vidit
842 4584 977 4662 Deus
1026 4588 1199 4662 omnia
1237 4603 1352 4655 quia
1389 4588 1528 4657 fecit,
1562 4598 1610 4641 et
1643 4599 1788 4642 erant

195 4658 356 4717 valde
394 4664 553 4716 bona.
599 4658 835 4713 Attende
876 4658 1239 4712 universalem
1283 4671 1590 4712 creaturam
1634 4663 1789 4713 valde

200 4734 409 4786 bonam
462 4729 666 4795 vocari,
718 4729 1068 4797 singulariter
1120 4743 1249 4781 vero
1302 4737 1509 4781 tantum
1569 4735 1785 4785 bonam.

197 4806 390 4871 Quare
420 4804 513 4869 ita,
550 4801 651 4854 nisi
680 4800 803 4869 quia
834 4799 1013 4871 omnis
1046 4797 1387 4871 pulchritudo
1417 4816 1540 4867 qum
1579 4802 1633 4854 iu
1668 4817 1789 4869 par-

202 4869 353 4927 tibus
383 4882 597 4926 constat
625 4872 801 4925 minus
830 4881 913 4923 est
944 4869 1232 4922 laudabilis
1264 4869 1315 4922 in
1363 4880 1515 4937 parte
1542 4886 1701 4939 quam
1735 4877 1788 4924 in

200 4956 326 4997 toto
362 4961 376 4996 :
421 4952 562 4997 Sicut
598 4952 654 4998 et
698 4942 942 5011 membra
977 4940 1245 5007 torporis,
1281 4954 1401 4992 cum
1443 4943 1549 4993 siut
1580 4943 1788 5011 singula

199 5016 376 5079 bona,
411 5013 584 5082 majus
615 5024 791 5067 tamen
816 5009 1018 5065 faciunt
1049 5014 1265 5074 bonum,
1289 5012 1415 5064 dum
1445 5026 1608 5065 unum
1638 5009 1791 5066 valde

202 5089 417 5140 bonum
468 5099 665 5153 corpus
705 5082 980 5153 efﬁciunt,
1033 5090 1089 5135 et
1126 5083 1575 5150 pulchritudinem
1636 5098 1789 5138 suam

203 5152 599 5211 universaliter
639 5152 943 5209 conferunt.
981 5154 1120 5206 Ante
1170 5165 1325 5206 erant
1373 5154 1579 5221 singula
1630 5154 1789 5219 bona,

203 5241 441 5295 propter
473 5227 771 5287 hominem,
799 5224 977 5277 omnia
1001 5224 1153 5277 valde
1185 5224 1346 5291 bona,
1376 5228 1501 5293 quia
1530 5225 1708 5278 omnia
1738 5224 1793 5279 in

198 5299 469 5353 decorem
506 5297 736 5351 hominis
766 5308 950 5348 creata
990 5302 1135 5348 sunt.
1180 5295 1353 5364 Homo
1396 5309 1528 5348 vero
1568 5296 1621 5349 in
1670 5297 1793 5364 glo-

201 5372 345 5423 riam
398 5378 456 5421 et
491 5368 703 5423 laudem
742 5365 1036 5436 conditoris
1059 5365 1140 5418 sui
1177 5363 1350 5418 laetus
1379 5374 1486 5419 est.
1519 5363 1793 5436 Sequitur.

277 5438 444 5509 (Cap.
478 5437 545 5493 ll.
570 5467 641 5477 —
670 5438 823 5491 Vers.
857 5434 934 5506 1.)
968 5433 1137 5505 Igitur
1167 5438 1380 5507 perfecti
1422 5448 1540 5491 sunt
1587 5433 1700 5491 c'mli
1745 5448 1795 5493 et

203 5518 368 5564 terra.
400 5511 546 5563 Bene
574 5509 853 5579 pluraliter
882 5516 1050 5562 cimus
1074 5508 1272 5575 posuit,
1302 5512 1416 5561 sive
1440 5510 1569 5562 illud
1597 5510 1795 5566 caelum

204 5581 486 5650 spiritale,
508 5583 651 5650 quod
691 5595 797 5633 non
828 5579 1098 5642 videmus,
1128 5593 1223 5647 per
1252 5579 1395 5648 quod
1428 5582 1603 5649 angeli
1633 5582 1799 5649 signi-

207 5651 361 5706 beati
406 5664 571 5717 sunt;
618 5653 739 5705 sive
785 5654 891 5704 hoc
944 5664 1292 5717 corporeum,
1337 5655 1479 5719 quod
1533 5654 1797 5717 videmus,

206 5725 354 5791 quod
393 5722 790 5776 firmamentum
833 5730 918 5775 est
963 5729 1233 5774 Vocatutn.
1268 5718 1335 5774 Et
1375 5722 1539 5776 omnis
1589 5737 1802 5778 ornatus

215 5810 421 5849 eorum.
456 5795 693 5851 Ornatus
720 5794 975 5867 °piritalis
1007 5794 1158 5863 cmli,
1193 5793 1372 5863 angeli
1400 5804 1526 5848 sunt
1554 5806 1610 5850 et
1658 5798 1804 5866 prin-

1816 4557 1865 4615 D

1914 797 2227 871 animalium
2250 801 2430 868 specie
2451 812 2613 871 atque
2630 797 2829 871 genere
2852 805 3082 858 invicem
3106 806 3493 862 differentium.

1915 868 2271 946 Quodautt-m
2304 868 2551 927 creatura
2589 868 2817 946 hominis
2841 884 2990 928 sexta
3020 876 3114 946 die
3135 876 3367 942 perlecta
3392 892 3496 946 est,

1911 944 2129 989 senario
2186 955 2416 992 numero
2469 944 2767 1006 cctivenit;
2833 954 2889 996 et
2938 944 3183 998 senarius
3238 944 3494 1000 numerus

1913 1007 2096 1061 tuuudi
2123 1018 2205 1061 est
2236 1008 2536 1083 perfectio,
2561 1013 2683 1079 quia
2728 1012 2781 1083 in
2816 1012 2933 1081 ipso
2973 1017 3061 1066 die
3094 1016 3256 1067 totius
3283 1021 3495 1083 gent-ris

1909 1084 2069 1153 atque
2099 1078 2277 1153 opt-ris
2323 1078 2850 1153 sumnra_coinpleta
2872 1091 2954 1153 est
2986 1100 2999 1135 :
3034 1085 3173 1137 unde
3205 1094 3259 1137 et
3286 1078 3489 1153 specia-

1910 1147 2014 1199 lem
2047 1147 2335 1215 quamdam
2362 1158 2519 1220 tenet
2549 1147 2716 1215 hujus
2748 1152 2955 1204 numeri
2982 1154 3243 1220 perfectio
3266 1147 3493 1220 dignita-

1909 1223 2013 1288 tem
2044 1231 2057 1277 ;
2090 1232 2253 1268 unum
2283 1218 2429 1270 enim
2475 1231 2529 1271 et
2561 1222 2666 1272 duo
2693 1233 2743 1273 et
2776 1222 2897 1277 tria.
2929 1218 3021 1274 sex
3072 1218 3491 1288 faciunt;hahet

1907 1285 2049 1355 enim
2082 1296 2192 1338 tres
2225 1299 2403 1355 partes
2431 1288 2589 1351 tales,
2620 1298 2848 1355 sextam,
2875 1294 3086 1345 tertiam
3115 1304 3167 1346 et
3194 1285 3490 1348 dimidiato.

1905 1354 2069 1408 Sexta
2117 1354 2233 1422 ejus
2284 1372 2421 1409 unus
2475 1370 2582 1423 est,
2616 1364 2770 1413 tertia
2820 1354 2944 1426 duo,
2973 1362 3189 1416 dimidia
3238 1374 3368 1418 tres.
3401 1366 3494 1419 lla!

1906 1426 2066 1497 trium
2091 1434 2272 1493 partes
2305 1428 2358 1479 in
2390 1443 2599 1481 summa
2632 1433 2818 1491 ducta,
2855 1433 2903 1484 id
2939 1442 3042 1496 est,
3078 1449 3265 1497 unum,
3296 1436 3403 1489 duo
3440 1449 3493 1487 et

1903 1496 2024 1572 tria,
2058 1498 2216 1549 simul
2250 1497 2498 1551 eumdem
2537 1512 2936 1565 consummant,
2974 1502 3373 1572 perliriuntqoe
3403 1524 3487 1559 se-

1908 1567 2117 1643 narium
2148 1582 2456 1643 numeru_m,
2486 1584 2618 1643 qua;
2640 1582 2727 1643 est
2754 1572 2892 1625 ratio
2925 1567 2987 1623 in
3012 1567 3333 1642 reliquarum
3370 1593 3488 1643 par-

1903 1637 2051 1709 tium
2086 1652 2335 1689 numero.
2374 1639 2539 1706 Igitur
2568 1639 2766 1693 divisio
2796 1646 3022 1694 doorum
3074 1637 3327 1697 io'uuum
3370 1637 3484 1709 i-st;

1899 1704 2092 1758 divisio
2129 1710 2288 1760 trium
2320 1709 2369 1759 in
2404 1704 2577 1761 'umtm
2621 1720 2725 1764 est.
2750 1712 2884 1777 Quid
2923 1712 3066 1765 aliud
3100 1712 3187 1766 hic
3230 1704 3487 1769 numerus

1898 1777 2155 1853 ostendit,
2176 1779 2287 1853 nisi
2312 1778 2660 1853 'l'rinitatem,
2682 1795 2801 1846 qua:
2837 1782 2973 1834 Deus
3006 1782 3119 1835 est?
3146 1798 3266 1851 qum
3296 1800 3484 1853 quam-

1898 1845 1977 1899 vis
2005 1856 2115 1900 tres
2145 1848 2253 1901 sint
2285 1863 2553 1915 personae,
2590 1849 2641 1901 in
2687 1866 2785 1903 una
2822 1863 2997 1906 tamen
3032 1845 3328 1906 creduntur
3358 1860 3477 1907 uui-

1895 1924 2004 1988 tate
2040 1926 2265 1970 naturae.
2297 1917 2468 1971 Unum
2496 1936 2647 1988 ergo,
2669 1932 2724 1974 et
2755 1922 2882 1981 duo,
2908 1937 2955 1974 et
2984 1931 3218 1987 tria,sex
3251 1925 3478 1978 iaciunt:

1891 1986 2121 2059 ideoque
2153 1998 2371 2056 pr0pter
2401 1991 2517 2055 ejus
2551 1986 2764 2045 numeri
2800 1986 3217 2059 perfectionem,
3246 2010 3341 2047 sex
3370 1996 3478 2051 die-

1890 2056 1992 2109 bus
2017 2069 2269 2133 operatus
2310 2067 2394 2111 est
2432 2074 2645 2133 omnem
2681 2056 3017 2115 creaturam.
3044 2066 3182 2133 Tres
3214 2064 3333 2118 ista:
3361 2081 3479 2133 par-

1893 2136 1973 2179 tes
2018 2129 2218 2181 senarii
2268 2130 2474 2182 numeri
2527 2130 2912 2187 demonstrant
2964 2132 3122 2186 nobis
3152 2129 3476 2189 Trinitatem

1891 2196 2102 2272 Domini
2154 2198 2207 2250 in
2247 2199 2490 2253 trinitate
2535 2201 2773 2267 numeri,
2810 2219 3077 2257 mensurae
3122 2212 3176 2256 et
3223 2208 3478 2272 ponderis

1890 2267 2082 2322 feciSse
2137 2283 2352 2322 omnem
2404 2282 2733 2335 creaturam,
2780 2275 2959 2327 omnia
3012 2274 3065 2327 in
3120 2267 3368 2338 min-tero,
3423 2291 3475 2330 et

1889 2351 2165 2414 mensura,
2195 2348 2257 2414 et
2287 2343 2527 2414 pondere
2554 2343 2845 2409 disposuit,
2878 2347 3019 2398 idem
3053 2344 3178 2414 quia
3212 2350 3389 2399 omnia
3423 2349 3475 2401 in

1887 2419 1947 2460 se
1968 2408 2255 2478 diSposuit,
2281 2413 2401 2479 quia
2425 2414 2604 2465 omnia
2632 2408 2751 2481 qua:
2781 2408 2932 2479 fecit,
2960 2408 3304 2479 r.unirros,et
3327 2433 3476 2471 meu-

1887 2490 2093 2542 suram,
2126 2490 2181 2533 et
2215 2483 2422 2546 pondus
2460 2483 2681 2535 habent.
2718 2485 2846 2538 Post
2894 2492 3010 2539 Inec
3039 2485 3164 2538 fecit
3197 2485 3342 2538 Deus
3375 2490 3475 2539 lio-

1887 2551 2088 2621 minem
2111 2550 2175 2602 ad
2203 2551 2488 2618 imaginem
2513 2568 2690 2618 suam,
2718 2559 3017 2621 perlectum
3046 2558 3252 2609 scilicet
3280 2560 3472 2618 virum,

1885 2618 1979 2689 qui
2028 2636 2133 2672 non
2184 2623 2474 2687 quemlibet
2524 2618 2833 2677 sanctorum
2891 2629 3131 2679 virorum
3196 2627 3474 2689 imitando,

1886 2688 1980 2740 sed
2037 2689 2205 2763 ipsam
2282 2690 2595 2763 Veritatem,
2641 2698 3143 2763 contemplabiliter
3190 2688 3473 2762 intuendo,

1886 2771 2139 2835 cperatur
2161 2760 2452 2835 justitiam,
2485 2770 2544 2835 ut
2583 2762 2756 2828 ipsam
2811 2760 3073 2834 intelligat
3104 2777 3154 2820 et
3189 2760 3467 2835 sequatur,

1886 2829 1951 2879 ad
1984 2829 2138 2900 cujus
2174 2831 2460 2900 imaginem
2494 2832 2666 2886 factus
2696 2844 2798 2891 est.
2834 2829 3137 2889 veritatem.
3170 2829 3282 2890 lstc'
3300 2838 3467 2890 etiam

1885 2899 2079 2967 accipit
2106 2899 2425 2968 potestatem
2458 2906 2687 2970 piscium
2724 2904 2888 2958 maris
2914 2916 2966 2960 et
2992 2908 3291 2959 volatilium
3318 2910 3464 2972 coeli,

1888 2983 2145 3046 pecortim
2174 2982 2573 3046 quoquc‘atque
2614 2975 2949 3046 serpentino
2978 2992 2990 3027 :
3021 2977 3271 3046 spiritalis
3314 2993 3463 3046 quis-

1885 3053 1990 3117 que
2019 3040 2262 3117 elfectus,
2294 3055 2346 3093 et
2384 3040 2496 3117 Deo
2523 3040 2721 3117 similis,
2743 3042 2938 3107 facms,
2974 3040 3269 3100 secundum
3314 3040 3465 3117 Apo-

1886 3110 2104 3183 stolum,
2128 3113 2332 3183 judicat
2354 3113 2549 3183 omnia,
2583 3114 2688 3183 ipse
2725 3127 2906 3168 autem
2925 3117 3192 3183 judicatnr
3214 3136 3243 3169 a
3273 3110 3470 3171 nomine

2950 3186 3182 3240 osculum
3225 3197 3271 3240 et
3326 3192 3470 3257 [cmi—

1886 3266 2004 3301 nam
2047 3252 2162 3318 [ecit
2205 3268 2312 3317 eos,
2346 3253 2399 3306 in
2454 3253 2697 3308 EccleSta
2742 3256 3035 3323 spiritales,
3060 3269 3114 3310 et
3153 3252 3469 3313 obedientcs

1885 3323 2157 3394 ostendit:
2191 3323 2312 3389 quia
2355 3326 2496 3376 sicut
2546 3326 2669 3378 viro
2707 3329 2919 3379 subdita
2961 3338 3045 3381 est
3070 3330 3281 3394 mulier,
3316 3330 3392 3385 sic
3418 3343 3469 3383 et

1885 3392 2114 3464 Spiritali
2146 3402 2199 3445 et
2247 3398 2485 3459 perleCto
2530 3396 2643 3447 viro
2682 3398 2941 3451 obetliens
2972 3409 3057 3451 est
3086 3403 3129 3451 is
3161 3392 3469 3464 quiiminus

1887 3463 2157 3527 pet-feetus
2185 3472 2290 3527 est,
2316 3464 2760 3539 sicutApostolus
2787 3477 2861 3520 ait
2892 3485 2903 3519 :
2943 3463 3200 3539 Rogamus
3229 3485 3335 3533 vos,
3362 3473 3467 3538 [ia-

1886 3540 2005 3609 tres,
2032 3543 2083 3609 ut
2110 3538 2426 3609 cognoscatis
2446 3553 2531 3609 eos
2553 3537 2640 3604 qui
2663 3536 2712 3586 in
2737 3539 2871 3609 vobis
2888 3536 3137 3609 laborant
3163 3550 3211 3591 et
3235 3536 3462 3609 praesunt

1888 3604 2027 3653 vobis
2053 3603 2105 3654 in
2150 3602 2376 3674 Domino
2410 3602 2585 3674 (Rom.
2617 3609 2753 3672 XVI).
2790 3607 2992 3659 Dicitur
3019 3608 3161 3660 enim
3198 3602 3276 3662 eis
3305 3624 3320 3660 :
3352 3608 3467 3661 Cre-

1884 3673 2009 3746 scite
2034 3681 2080 3723 et
2109 3673 2529 3746 multiplicamini
2556 3689 2574 3726 :
2601 3674 2723 3746 sive
2750 3676 2801 3726 in
2836 3676 3050 3744 linguis,
3077 3678 3192 3729 sive
3224 3679 3275 3730 in
3307 3682 3466 3746 spiri-

1886 3741 2084 3794 talibus
2132 3742 2499 3811 intelligeutiae
2549 3744 2833 3812 gradibus,
2884 3741 2936 3797 ui
2988 3741 3467 3812 dominentur—per

1886 3813 2110 3865 rationis
2142 3814 2468 3885 intellectum
2498 3830 2742 3885 omnium
2771 3815 3067 3870 carnalium
3100 3817 3464 3885 perturbatio-

1887 3897 2037 3942 num,
2066 3882 2218 3951 quasi
2249 3884 2643 3937 insensibilium
2673 3882 3261 3941 animantinmﬂmnis
3284 3899 3463 3941 autem

1889 3952 2055 4005 berba
2088 3954 2393 4017 seminalis,
2423 3966 2474 4007 et
2509 3970 2668 4008 omne
2701 3958 2902 4024 lignum
2933 3955 3293 4020 fructuosum,
3326 3962 3467 4024 quod

1886 4024 2069 4076 datum
2102 4036 2184 4076 est
2222 4024 2526 4078 hominibus
2559 4028 2609 4077 in
2642 4041 2844 4089 escam,
2878 4026 3060 4082 ﬁdeles
3089 4037 3237 4091 sunt,
3270 4028 3339 4082 de
3367 4029 3467 4080 ob-

1887 4092 2178 4168 lationibus
2228 4104 2537 4168 sanctorum
2580 4110 2833 4168 (otinuun
2858 4110 3043 4151 cantes
3097 4095 3289 4168 (Rom.
3336 4102 3467 4167 xv).

1892 4162 2041 4217 Unde
2072 4174 2125 4216 et
2153 4164 2447 4237 Apostolus
2474 4166 2583 4218 ait:
2612 4166 2749 4219 Nam
2780 4168 2825 4219 si
2867 4172 2915 4219 iu
2948 4162 3274 4235 spiritalibus
3302 4162 3467 4237 parti—

1888 4249 2024 4301 crpes
2052 4233 2177 4303 [acti
2205 4238 2581 4306 sunt'gentiles,
2608 4239 2785 4289 debtnt
2831 4249 2874 4290 et
2908 4239 2959 4289 in
2980 4233 3278 4292 carnalibus
3302 4233 3468 4292 'mini-

1887 4315 2055 4377 strare
2086 4308 2178 4357 eis.
2221 4305 2505 4362 llxc’sunt
2552 4310 2695 4375 ligna
2729 4310 3024 4361 ltuctifcra.
3070 4311 3126 4362 lu
3187 4312 3303 4362 istis
3341 4325 3469 4377 ergo

1888 4376 2144 4444 gradibus
2167 4387 2442 4447 tamquam
2471 4380 2520 4430 in
2548 4378 2864 4447 quibusdam
2895 4380 3087 4431 diebus
3118 4394 3342 4447 vespera
3366 4376 3471 4447 est,

1892 4462 2007 4511 ipsa
2060 4445 2318 4513 perfectio
2362 4445 2696 4517 singulorum
2745 4463 3002 4515 operum;
3054 4458 3109 4503 et
3155 4445 3344 4517 mane,
3389 4445 3470 4502 in;

1892 4517 2110 4570 clinatio
2140 4520 2501 4584 scqtictttiut-e.
2530 4517 2784 4581 Sequitur
2816 4536 2829 4570 :

1965 4586 2146 4660 (Vers.
2170 4583 2249 4654 ἓξ)
2272 4583 2811 4660 Complevitque_Dcns
2829 4588 2909 4640 die
2932 4588 3149 4658 septimo
3172 4605 3300 4660 opus
3323 4605 3477 4642 suum

1892 4657 2028 4727 quod
2065 4657 2277 4727 fecerat.
2307 4660 2619 4727 Arguuntur
2647 4657 2844 4719 Judaei,
2879 4657 3069 4726 qutde
3112 4657 3225 4713 ouo
3267 4662 3475 4713 sabbati

1892 4730 2212 4798 gloriantur,
2241 4741 2362 4780 cum
2403 4742 2455 4781 et
2490 4736 2618 4784 tunc
2661 4733 2713 4782 in
2756 4730 3020 4798 principio
3051 4732 3334 4783 sabbatum
3365 4732 3474 4783 itis-

1892 4800 2127 4852 solutum
2156 4807 2259 4862 est,
2280 4801 2403 4851 dum
2426 4798 2567 4868 Deus
2590 4814 2846 4867 operatur
2871 4817 2921 4852 tu
2950 4800 3178 4853 sabbato
3199 4801 3480 4868 completis

1895 4872 1948 4922 in
1978 4885 2043 4923 eo
2069 4884 2233 4935 opera
2261 4883 2380 4922 sua.
2410 4867 2773 4935 Requievitque
2798 4871 2933 4924 Deus
2956 4870 3018 4922 ab
3039 4872 3276 4923 universo
3302 4867 3475 4942 opere.

1895 4943 2020 4996 Sive
2041 4942 2508 5007 translatogeuere
2526 4943 2832 5004 locutionis,
2851 4942 2964 5006 ipse
2990 4944 3332 5009 requiescere
3355 4956 3471 4993 cre-

1899 5012 2067 5074 ditur,
2092 5012 2305 5077 quando
2332 5025 2429 5064 nos
2461 5012 2510 5064 in
2541 5028 2598 5064 se
2627 5012 2752 5065 facit
2784 5015 3159 5080 requiescere;
3194 5010 3309 5064 sive
3333 5012 3473 5079 quod

1900 5084 2036 5150 ipse,
2069 5096 2163 5148 per
2188 5095 2346 5161 quem
2388 5083 2564 5160 omnia
2596 5082 2734 5136 facta
2763 5094 2910 5146 sunt,
2946 5083 3059 5149 ipsa
3093 5080 3181 5135 dte
3215 5083 3269 5134 in
3301 5083 3481 5162 sepul-

1900 5169 1994 5206 cro
2022 5152 2261 5220 qtnevit;
2293 5156 2407 5206 sive
2446 5154 2567 5221 quia
2600 5170 2839 5207 otttnttutt
2880 5162 3253 5205 creaturarum
3304 5152 3374 5204 ita
3426 5168 3477 5203 tu

1901 5222 2029 5291 ipsis
2056 5238 2150 5277 sex
2189 5223 2385 5276 diebus
2414 5230 2649 5291 exp'evtt
2685 5226 2972 5293 originem,
3007 5234 3067 5275 ut
3100 5237 3293 5274 novam
3332 5224 3482 5274 deli.-

1904 5311 2030 5363 ceps
2073 5310 2178 5347 non
2210 5295 2469 5347 conderet
2498 5305 2826 5348 creaturam.
2860 5294 2965 5347 Sed
2990 5293 3258 5358 quomodo
3286 5306 3494 5363 Cll—"Vt-

1909 5360 2023 5419 niat
2068 5365 2218 5426 illud,
2243 5364 2384 5432 quod
2425 5363 2684 5418 Dominus
2734 5366 2787 5418 in
2841 5365 3129 5431 Evangelia
3174 5363 3252 5432 ait
3285 5379 3298 5415 :
3328 5360 3407 5414 Pa
3434 5380 3495 5415 tr

1906 5452 2231 5503 meus'usque
2260 5430 2418 5487 “modo
2462 5447 2723 5511 operatur,
2759 5446 2805 5511 et
2842 5449 2938 5501 ego
2975 5430 3160 5511 operor
3196 5430 3378 5511 idean.
3405 5443 3481 5511 ι),

1902 5526 2027 5561 rum
2058 5508 2157 5561 hoc
2182 5509 2322 5575 quod
2352 5509 2448 5570 ait,
2482 5509 2746 5575 requievit
2786 5508 2927 5558 Deus
2962 5506 3030 5575 ab
3057 5504 3312 5572 operibus
3352 5506 3462 5555 Sitis

1903 5574 2445 5648 Requtevit'scdtcet,
2477 5574 2599 5644 quia
2631 5579 2887 5643 deinceps
2915 5574 3116 5628 nullam
3139 5589 3330 5627 novam
3359 5588 3438 5627 con
3463 5602 3489 5618 ο

1903 5654 2041 5706 didit
2069 5661 2401 5712 creaturam;
2435 5659 2690 5715 operatur
2731 5657 2911 5700 autem
2958 5659 3130 5714 usque
3178 5658 3340 5708 nunc,
3365 5660 3484 5710 quia

1906 5724 2088 5777 omnia
2125 5735 2192 5772 ex
2232 5724 2311 5772 eis
2339 5718 2469 5772 facit
2499 5733 2618 5787 qum
2647 5719 2697 5772 itt
2734 5717 2841 5771 illis
2880 5730 2975 5771 sex
3012 5715 3206 5770 diebus
3252 5717 3490 5785 mystich

1908 5795 2050 5850 fecit.
2084 5792 2222 5860 Ergo
2271 5786 2533 5860 requiem
2563 5805 2591 5844 a
2639 5788 2933 5845 condendis
2965 5786 3257 5859 generibus
3284 5800 3487 5843 creatu-
