4070 6490
411 1119 534 1260 m
604 1159 1232 1270 HOMILIAM
1293 1159 1480 1246 ΒΕ·
1533 1144 2545 1246 RESURRECTIONE
2638 1147 3422 1245 MORTUORUM

1511 1648 2306 1847 MONITUM.

343 2520 464 2589 Quo
496 2529 741 2590 tempore
765 2518 908 2573 hanc
938 2516 1195 2572 habuerit
1217 2516 1499 2572 homiliam
1524 2515 1859 2587 Chrysosto-

275 2642 424 2687 “IIIS.
455 2623 568 2695 ipse
598 2640 626 2678 a
662 2623 936 2694 principio
979 2636 1078 2676 nec
1103 2621 1336 2676 obscure
1376 2621 1581 2674 indicat
1611 2619 1698 2674 his
1740 2634 1860 2673 ver-

272 2735 376 2797 nis,
413 2734 549 2803 Περὶ
581 2733 865 2803 δογμάτων
891 2731 1018 2800 ὑμῖν
1043 2731 1352 2802 ἔμπροσθεν
1378 2729 1732 2800 διελέχθημεν
1764 2726 1859 2780 καὶ

268 2839 368 2908 τῆς
400 2837 495 2891 τοῦ
522 2836 843 2908 μονογενοῦς
869 2835 1000 2888 Υἰοῦ
1039 2835 1131 2887 τοῦ
1173 2833 1310 2887 Θεοῦ
1353 2835 1533 2905 δόξης,
1569 2831 1859 2900 ἐπιστομί-

271 2946 458 3009 ζοντες
485 2943 612 3006 τοὺς
645 2940 1046 3012 καθαιροῦντας
1088 2938 1254 2993 αὐτοῦ
1298 2939 1397 3009 τὴν
1429 2939 1606 3005 ἁξὶαν,
1635 2943 1732 2994 καὶ
1762 2939 1858 2996 τοῦ

268 3046 662 3118 γεγεννηκότος
692 3045 856 3100 αὑτὸν
894 3043 1336 3116 ἁλλοτριοῦντας,
1388 3044 1460 3098 De
1507 3045 1632 3114 ﬁdei
1666 3055 1861 3100 nostra:

267 3151 630 3222 dogmatibus,
663 3151 826 3221 deque
857 3151 1029 3222 gloria
1059 3150 1321 3220 unigeniti
1361 3148 1493 3204 Filii
1527 3150 1624 3204 Dei
1651 3151 1861 3219 pridem

269 3257 413 3325 apud
444 3272 532 3311 vos
576 3255 966 3320 disseruimus;
1015 3255 1321 3308 obturantes
1379 3271 1558 3307 corum
1590 3271 1703 3321 θνα,
1768 3255 1859 3326 qui

271 3364 496 3434 gloriam
531 3362 612 3415 illi
644 3362 970 3416 detrahunt:
1031 3371 1079 3416 ct
1110 3379 1143 3415 a
1181 3362 1414 3433 genitore
1481 3379 1576 3416 suo
1625 3363 1860 3418 alienant

271 3468 479 3520 dicunt.
522 3466 830 3522 Conciones
855 3483 985 3521 vero
1013 3465 1168 3539 [ηε]
1199 3475 1389 3523 contra
1413 3466 1735 3534 Anommos,
1763 3468 1858 3541 qui

274 3571 502 3640 gloriam
555 3567 830 3641 Unigeniti
868 3571 1194 3628 labefactare
1231 3573 1553 3639 curabant,‘
1585 3574 1675 3635 hic
1707 3589 1864 3630 com-

278 3685 568 3740 memorat,
599 3691 738 3745 quas
768 3678 991 3733 ineunte
1024 3693 1171 3733 anno
1227 3679 1333 3734 586
1387 3679 1644 3744 absolvit.
1713 3689 1774 3736 ut
1807 3681 1862 3738 in

278 3779 482 3835 Monito
507 3779 574 3834 ad
607 3781 827 3837 easdem
855 3773 1227 3853 probavimus.
1276 3781 1412 3838 Hinc
1445 3800 1578 3840 vero
1611 3785 1866 3854 arguitur

278 3882 420 3939 hanc
441 3885 720 3938 homiliam
744 3885 848 3939 sub
875 3886 1094 3942 initium
1120 3887 1250 3943 anni
1267 3888 1370 3944 587
1393 3889 1637 3946 habitam
1665 3890 1860 3960 fuisse,

272 4000 328 4044 et
359 3990 581 4061 quidem
619 3999 746 4046 ante
770 3989 1263 4062 Quadragesimam
1304 3994 1455 4050 illius
1495 3997 1646 4064 anni,
1684 4013 1850 4067 quam

569 5934 819 5993 T’arnot.
875 5935 988 5995 (in.
1032 5943 1092 6006 1,,

1968 2523 2138 2568 totam
2175 2513 2228 2569 in
2268 2514 2620 2584 deplorantlis
2669 2515 3136 2569 Antiochenorum
3178 2525 3308 2584 post
3338 2527 3559 2571 eversas

1970 2627 2181 2674 statuas
2212 2620 2622 2676 calamitatibus
2672 2621 3036 2691 consumpsit.
3100 2619 3235 2674 Vide
3290 2618 3556 2676 Mouitum

1967 2726 2033 2777 ad
2063 2723 2316 2777 humilius
2351 2724 2470 2780 illas
2509 2725 2562 2778 in
2600 2725 2830 2795 hujusce
2867 2725 2995 2780 tomi
3030 2725 3318 2794 principio.

2043 2829 2283 2900 llujusce
2311 2845 2475 2901 porro
2508 2832 2795 2889 concionis
2825 2816 3218 2903 argumentum
3251 2833 3305 2887 in
3332 2832 3562 2887 exordio

1965 2937 2158 2991 statuit
2195 2935 2252 2989 S.
2290 2934 2512 2992 Doctor.
2565 2938 2762 3009 Agitur
2807 2938 2874 2992 de
2931 2935 3358 2994 Rcsurrcctione
3413 2953 3561 2992 mor-

1968 3049 2213 3106 tuorum,
2257 3043 2416 3112 cujus
2457 3043 2661 3098 veritas
2704 3043 2910 3114 passim
2942 3043 3253 3100 asseritur:
3302 3043 3368 3098 de
3403 3044 3560 3099 insti-

1972 3148 2172 3201 tuenda
2243 3147 2548 3203 secundum
2607 3149 2777 3204 Deum
2810 3149 2957 3206 vita:
2995 3151 3064 3206 de
3117 3150 3383 3206 adeundis
3430 3167 3559 3222 pcr-

1967 3267 2135 3324 pcnsa
2165 3253 2376 3322 praemii
2415 3253 2794 3324 niagnitudine
2846 3254 3128 3311 laboribus
3160 3276 3172 3311 :
3237 3255 3558 3311 nonnullam

1972 3361 2242 3415 bonorum
2269 3375 2498 3430 onerum
2536 3364 2846 3419 mercedem
2875 3364 3042 3420 etiam
3076 3364 3131 3420 in
3173 3365 3278 3420 hac
3319 3365 3429 3420 vita
3463 3364 3561 3420 tri-

1965 3468 2083 3533 bui,
2124 3455 2282 3521 Pauli
2316 3469 2570 3538 cxcn'iplo
2630 3469 3044 3540 comprobatur.
3072 3471 3358 3528 Maniclmi
3392 3472 3557 3528 etiam

1967 3573 2147 3629 obiter
2176 3573 2552 3640 confutantur,
2587 3576 2682 3646 qui
2715 3592 2946 3648 corpora
2980 3586 3036 3634 et
3065 3589 3316 3636 naturam
3360 3581 3560 3635 huma-

1968 3693 2095 3732 nam
2134 3693 2229 3748 per
2257 3693 2317 3734 se
2357 3680 2557 3734 malam
2590 3696 2714 3737 csse
2743 3681 3167 3738 mentiebantur.

2042 3784 2556 3854 lnterpretationem
2609 3786 2806 3842 incerti
2853 3787 3144 3858 cujusdam
3197 3789 3323 3856 viri,
3375 3790 3561 3844 multis

1968 3887 2026 3943 in
2091 3888 2232 3944 locis
2274 3890 2628 3962 castigatam,
2679 3907 2710 3946 ο
2753 3892 2979 3964 regione
3037 3891 3212 3952 Graeci
3265 3902 3558 3949 contextus

1969 3992 2265 4049 edidimus.
