  <div class='ocr_page' id='page_1' title='image "/cluster/home/n/w/nwhite01/storage/ocr_20150623/50/ien.35556001660778/016.png"; bbox 0 0 4070 6506; ppageno 0'>
   <div class='ocr_carea' id='block_1_1' title="bbox 215 441 416 496">
    <p class='ocr_par' dir='ltr' id='par_1_1' title="bbox 215 441 416 496">
     <span class='ocr_line' id='line_1_1' title="bbox 215 441 416 496; baseline -0.02 0"><span class='ocrx_word' id='word_1_1' title='bbox 215 441 307 496; x_wconf 70' lang='grc'><strong>417</strong></span> <span class='ocrx_word' id='word_1_2' title='bbox 339 449 416 494; x_wconf 79' lang='lat' dir='ltr'><strong>ter</strong></span> 
     </span>
    </p>
   </div>
   <div class='ocr_carea' id='block_1_2' title="bbox 1212 421 2436 488">
    <p class='ocr_par' dir='ltr' id='par_1_2' title="bbox 1212 421 2436 488">
     <span class='ocr_line' id='line_1_2' title="bbox 1212 421 2436 488; baseline -0.012 0"><span class='ocrx_word' id='word_1_3' title='bbox 1212 434 1300 488; x_wconf 74' lang='lat' dir='ltr'><strong>DE</strong></span> <span class='ocrx_word' id='word_1_4' title='bbox 1341 426 1926 487; x_wconf 72' lang='lat' dir='ltr'><strong>BESURRECTIONE</strong></span> <span class='ocrx_word' id='word_1_5' title='bbox 1969 421 2307 482; x_wconf 68' lang='lat' dir='ltr'><strong>MOKTUOR</strong></span> <span class='ocrx_word' id='word_1_6' title='bbox 2319 423 2353 478; x_wconf 75' lang='grc' dir='ltr'><strong>[Ι</strong></span> <span class='ocrx_word' id='word_1_7' title='bbox 2367 421 2436 474; x_wconf 69' lang='grc' dir='ltr'><strong>Μ.</strong></span> 
     </span>
    </p>
   </div>
   <div class='ocr_carea' id='block_1_3' title="bbox 3250 410 3470 464">
    <p class='ocr_par' dir='ltr' id='par_1_3' title="bbox 3250 410 3470 464">
     <span class='ocr_line' id='line_1_3' title="bbox 3250 410 3470 464; baseline -0.014 -1"><span class='ocrx_word' id='word_1_8' title='bbox 3250 410 3356 464; x_wconf 74' lang='lat' dir='ltr'><strong>H8</strong></span> <span class='ocrx_word' id='word_1_9' title='bbox 3393 419 3470 460; x_wconf 80' lang='lat' dir='ltr'><strong>ter</strong></span> 
     </span>
    </p>
   </div>
   <div class='ocr_carea' id='block_1_4' title="bbox 224 675 2404 709">
    <p class='ocr_par' dir='ltr' id='par_1_4' title="bbox 224 675 2404 709">
     <span class='ocr_line' id='line_1_4' title="bbox 224 675 2404 709; baseline 0 -26"><span class='ocrx_word' id='word_1_10' title='bbox 224 675 2404 709; x_wconf 52' lang='grc' dir='ltr'><em>Μ</em></span> 
     </span>
    </p>
   </div>
   <div class='ocr_carea' id='block_1_5' title="bbox 1781 1439 1902 1511">
    <p class='ocr_par' dir='ltr' id='par_1_5' title="bbox 1781 1439 1902 1511">
     <span class='ocr_line' id='line_1_5' title="bbox 1781 1439 1902 1511; baseline 0.017 -2"><span class='ocrx_word' id='word_1_11' title='bbox 1781 1439 1902 1511; x_wconf 81' lang='lat' dir='ltr'><strong>DE</strong></span> 
     </span>
    </p>
   </div>
   <div class='ocr_carea' id='block_1_6' title="bbox 627 1938 3072 2111">
    <p class='ocr_par' dir='ltr' id='par_1_6' title="bbox 627 1938 3072 2111">
     <span class='ocr_line' id='line_1_6' title="bbox 627 1938 3072 2111; baseline -0.007 -1"><span class='ocrx_word' id='word_1_12' title='bbox 627 1974 1948 2111; x_wconf 78' lang='lat' dir='ltr'><strong>RESURRECTIONE</strong></span> <span class='ocrx_word' id='word_1_13' title='bbox 2046 1967 3072 2099; x_wconf 80' lang='lat' dir='ltr'><strong>MORTUORUM</strong></span> 
     </span>
    </p>
   </div>
   <div class='ocr_carea' id='block_1_7' title="bbox 1556 2571 2135 2677">
    <p class='ocr_par' dir='ltr' id='par_1_7' title="bbox 1556 2571 2135 2677">
     <span class='ocr_line' id='line_1_7' title="bbox 1556 2571 2135 2677; baseline 0 0"><span class='ocrx_word' id='word_1_14' title='bbox 1556 2571 2135 2677; x_wconf 84' lang='lat' dir='ltr'><strong>HOMILIA.</strong></span> 
     </span>
    </p>
   </div>
   <div class='ocr_carea' id='block_1_8' title="bbox 305 4108 1816 4183">
    <p class='ocr_par' dir='ltr' id='par_1_8' title="bbox 305 4108 1816 4183">
     <span class='ocr_line' id='line_1_8' title="bbox 305 4108 1816 4183; baseline -0.006 -13"><span class='ocrx_word' id='word_1_15' title='bbox 305 4116 354 4170; x_wconf 79' lang='grc' dir='ltr'><strong>Ι.</strong></span> <span class='ocrx_word' id='word_1_16' title='bbox 398 4113 586 4170; x_wconf 82' lang='lat' dir='ltr'><strong>Futurt&#39;</strong></span> <span class='ocrx_word' id='word_1_17' title='bbox 628 4111 821 4183; x_wconf 58' lang='grc' dir='ltr'><strong>,ἱκάὶοῆ</strong></span> <span class='ocrx_word' id='word_1_18' title='bbox 865 4120 1032 4166; x_wconf 80' lang='lat' dir='ltr'><strong>metus</strong></span> <span class='ocrx_word' id='word_1_19' title='bbox 1080 4110 1153 4164; x_wconf 85' lang='lat' dir='ltr'><strong>ad</strong></span> <span class='ocrx_word' id='word_1_20' title='bbox 1207 4111 1372 4164; x_wconf 75' lang='lat' dir='ltr'><strong>vitam</strong></span> <span class='ocrx_word' id='word_1_21' title='bbox 1429 4108 1816 4164; x_wconf 70' lang='lat' dir='ltr'><strong>instituendam</strong></span> 
     </span>
    </p>
   </div>
   <div class='ocr_carea' id='block_1_9' title="bbox 220 4211 1814 4288">
    <p class='ocr_par' dir='ltr' id='par_1_9' title="bbox 220 4211 1814 4288">
     <span class='ocr_line' id='line_1_9' title="bbox 220 4211 1814 4288; baseline -0.005 -15"><span class='ocrx_word' id='word_1_22' title='bbox 220 4231 399 4288; x_wconf 68' lang='lat' dir='ltr'><strong>Juvat.</strong></span> <span class='ocrx_word' id='word_1_23' title='bbox 431 4248 502 4258; x_wconf 92' lang='lat'><em>--</em></span> <span class='ocrx_word' id='word_1_24' title='bbox 537 4217 613 4271; x_wconf 88' lang='lat' dir='ltr'><strong>De</strong></span> <span class='ocrx_word' id='word_1_25' title='bbox 645 4217 766 4272; x_wconf 84' lang='lat' dir='ltr'><strong>ﬁdei</strong></span> <span class='ocrx_word' id='word_1_26' title='bbox 798 4225 1000 4271; x_wconf 65' lang='lat' dir='ltr'><strong>nostra:</strong></span> <span class='ocrx_word' id='word_1_27' title='bbox 1040 4215 1402 4284; x_wconf 77' lang='lat' dir='ltr'><strong>dogmatibus.</strong></span> <span class='ocrx_word' id='word_1_28' title='bbox 1433 4214 1610 4282; x_wconf 80' lang='lat' dir='ltr'><strong>deque</strong></span> <span class='ocrx_word' id='word_1_29' title='bbox 1641 4211 1814 4283; x_wconf 79' lang='lat' dir='ltr'><strong>gloria</strong></span> 
     </span>
    </p>
   </div>
   <div class='ocr_carea' id='block_1_10' title="bbox 229 4318 1814 4393">
    <p class='ocr_par' dir='ltr' id='par_1_10' title="bbox 229 4318 1814 4393">
     <span class='ocr_line' id='line_1_10' title="bbox 229 4318 1814 4393; baseline -0.004 -16"><span class='ocrx_word' id='word_1_30' title='bbox 229 4323 499 4393; x_wconf 81' lang='lat' dir='ltr'><strong>unigeniti</strong></span> <span class='ocrx_word' id='word_1_31' title='bbox 541 4321 660 4375; x_wconf 85' lang='lat' dir='ltr'><strong>Filii</strong></span> <span class='ocrx_word' id='word_1_32' title='bbox 707 4320 801 4374; x_wconf 83' lang='lat' dir='ltr'><strong>Dei</strong></span> <span class='ocrx_word' id='word_1_33' title='bbox 859 4319 1068 4388; x_wconf 85' lang='lat' dir='ltr'><strong>pridem</strong></span> <span class='ocrx_word' id='word_1_34' title='bbox 1101 4319 1244 4388; x_wconf 88' lang='lat' dir='ltr'><strong>apud</strong></span> <span class='ocrx_word' id='word_1_35' title='bbox 1281 4334 1378 4372; x_wconf 87' lang='lat' dir='ltr'><strong>vos</strong></span> <span class='ocrx_word' id='word_1_36' title='bbox 1428 4318 1814 4382; x_wconf 78' lang='lat' dir='ltr'><strong>disseruimus,</strong></span> 
     </span>
    </p>
   </div>
   <div class='ocr_carea' id='block_1_11' title="bbox 227 4424 1818 4495">
    <p class='ocr_par' dir='ltr' id='par_1_11' title="bbox 227 4424 1818 4495">
     <span class='ocr_line' id='line_1_11' title="bbox 227 4424 1818 4495; baseline -0.002 -13"><span class='ocrx_word' id='word_1_37' title='bbox 227 4428 555 4482; x_wconf 90' lang='lat' dir='ltr'><strong>obturantes</strong></span> <span class='ocrx_word' id='word_1_38' title='bbox 585 4426 962 4481; x_wconf 66' lang='lat' dir='ltr'><strong>haereticorum</strong></span> <span class='ocrx_word' id='word_1_39' title='bbox 1018 4441 1132 4488; x_wconf 83' lang='lat' dir='ltr'><strong>ora,</strong></span> <span class='ocrx_word' id='word_1_40' title='bbox 1171 4424 1263 4493; x_wconf 86' lang='lat' dir='ltr'><strong>qui</strong></span> <span class='ocrx_word' id='word_1_41' title='bbox 1321 4424 1543 4495; x_wconf 78' lang='lat' dir='ltr'><strong>gloriam</strong></span> <span class='ocrx_word' id='word_1_42' title='bbox 1589 4425 1666 4478; x_wconf 89' lang='lat' dir='ltr'><strong>illi</strong></span> <span class='ocrx_word' id='word_1_43' title='bbox 1719 4425 1818 4479; x_wconf 88' lang='lat' dir='ltr'><strong>de-</strong></span> 
     </span>
    </p>
   </div>
   <div class='ocr_carea' id='block_1_12' title="bbox 229 4528 1816 4595">
    <p class='ocr_par' dir='ltr' id='par_1_12' title="bbox 229 4528 1816 4595">
     <span class='ocr_line' id='line_1_12' title="bbox 229 4528 1816 4595; baseline -0.002 -10"><span class='ocrx_word' id='word_1_44' title='bbox 229 4533 485 4595; x_wconf 84' lang='lat' dir='ltr'><strong>trahunt,</strong></span> <span class='ocrx_word' id='word_1_45' title='bbox 519 4539 574 4584; x_wconf 84' lang='lat' dir='ltr'><strong>et</strong></span> <span class='ocrx_word' id='word_1_46' title='bbox 609 4546 638 4583; x_wconf 90' lang='lat' dir='ltr'><strong>a</strong></span> <span class='ocrx_word' id='word_1_47' title='bbox 669 4529 928 4585; x_wconf 86' lang='lat' dir='ltr'><strong>Genitore</strong></span> <span class='ocrx_word' id='word_1_48' title='bbox 972 4545 1071 4583; x_wconf 92' lang='lat' dir='ltr'><strong>suo</strong></span> <span class='ocrx_word' id='word_1_49' title='bbox 1122 4529 1271 4582; x_wconf 90' lang='lat' dir='ltr'><strong>illum</strong></span> <span class='ocrx_word' id='word_1_50' title='bbox 1305 4529 1541 4583; x_wconf 89' lang='lat' dir='ltr'><strong>alienum</strong></span> <span class='ocrx_word' id='word_1_51' title='bbox 1585 4528 1773 4584; x_wconf 88' lang='lat' dir='ltr'><strong>dicunt</strong></span> <span class='ocrx_word' id='word_1_52' title='bbox 1802 4547 1816 4583; x_wconf 89' lang='lat'><strong>:</strong></span> 
     </span>
    </p>
   </div>
   <div class='ocr_carea' id='block_1_13' title="bbox 228 4634 1822 4703">
    <p class='ocr_par' dir='ltr' id='par_1_13' title="bbox 228 4634 1822 4703">
     <span class='ocr_line' id='line_1_13' title="bbox 228 4634 1822 4703; baseline -0.001 -12"><span class='ocrx_word' id='word_1_53' title='bbox 228 4636 399 4692; x_wconf 86' lang='lat' dir='ltr'><strong>hodie</strong></span> <span class='ocrx_word' id='word_1_54' title='bbox 433 4636 503 4690; x_wconf 91' lang='lat' dir='ltr'><strong>de</strong></span> <span class='ocrx_word' id='word_1_55' title='bbox 533 4635 796 4697; x_wconf 88' lang='lat' dir='ltr'><strong>moribus,</strong></span> <span class='ocrx_word' id='word_1_56' title='bbox 838 4635 1015 4703; x_wconf 91' lang='lat' dir='ltr'><strong>deque</strong></span> <span class='ocrx_word' id='word_1_57' title='bbox 1066 4635 1176 4688; x_wconf 84' lang='lat' dir='ltr'><strong>vita</strong></span> <span class='ocrx_word' id='word_1_58' title='bbox 1230 4634 1563 4690; x_wconf 88' lang='lat' dir='ltr'><strong>instituenda</strong></span> <span class='ocrx_word' id='word_1_59' title='bbox 1608 4651 1822 4690; x_wconf 86' lang='lat' dir='ltr'><strong>sermo-</strong></span> 
     </span>
    </p>
   </div>
   <div class='ocr_carea' id='block_1_14' title="bbox 228 4740 1820 4810">
    <p class='ocr_par' dir='ltr' id='par_1_14' title="bbox 228 4740 1820 4810">
     <span class='ocr_line' id='line_1_14' title="bbox 228 4740 1820 4810; baseline 0 -12"><span class='ocrx_word' id='word_1_60' title='bbox 228 4759 359 4798; x_wconf 87' lang='lat' dir='ltr'><strong>nem</strong></span> <span class='ocrx_word' id='word_1_61' title='bbox 391 4742 446 4795; x_wconf 93' lang='lat' dir='ltr'><strong>in</strong></span> <span class='ocrx_word' id='word_1_62' title='bbox 478 4741 716 4795; x_wconf 83' lang='lat' dir='ltr'><strong>medium</strong></span> <span class='ocrx_word' id='word_1_63' title='bbox 743 4740 938 4795; x_wconf 76' lang='lat' dir='ltr'><strong>afferre</strong></span> <span class='ocrx_word' id='word_1_64' title='bbox 971 4750 1026 4795; x_wconf 91' lang='lat' dir='ltr'><strong>et</strong></span> <span class='ocrx_word' id='word_1_65' title='bbox 1055 4742 1109 4794; x_wconf 90' lang='lat' dir='ltr'><strong>in</strong></span> <span class='ocrx_word' id='word_1_66' title='bbox 1135 4755 1332 4810; x_wconf 80' lang='lat' dir='ltr'><strong>genere</strong></span> <span class='ocrx_word' id='word_1_67' title='bbox 1377 4743 1673 4798; x_wconf 87' lang='lat' dir='ltr'><strong>admonere</strong></span> <span class='ocrx_word' id='word_1_68' title='bbox 1722 4743 1820 4798; x_wconf 85' lang='lat' dir='ltr'><strong>de-</strong></span> 
     </span>
    </p>
   </div>
   <div class='ocr_carea' id='block_1_15' title="bbox 226 4846 1822 4914">
    <p class='ocr_par' dir='ltr' id='par_1_15' title="bbox 226 4846 1822 4914">
     <span class='ocr_line' id='line_1_15' title="bbox 226 4846 1822 4914; baseline 0.001 -11"><span class='ocrx_word' id='word_1_69' title='bbox 226 4847 530 4903; x_wconf 82' lang='lat' dir='ltr'><strong>crevimus.</strong></span> <span class='ocrx_word' id='word_1_70' title='bbox 586 4846 696 4899; x_wconf 91' lang='lat' dir='ltr'><strong>lmo</strong></span> <span class='ocrx_word' id='word_1_71' title='bbox 765 4861 946 4900; x_wconf 89' lang='lat' dir='ltr'><strong>sermo</strong></span> <span class='ocrx_word' id='word_1_72' title='bbox 1005 4861 1116 4900; x_wconf 87' lang='lat' dir='ltr'><strong>non</strong></span> <span class='ocrx_word' id='word_1_73' title='bbox 1187 4847 1406 4900; x_wconf 79' lang='lat' dir='ltr'><strong>moralis</strong></span> <span class='ocrx_word' id='word_1_74' title='bbox 1461 4847 1665 4914; x_wconf 89' lang='lat' dir='ltr'><strong>solum,</strong></span> <span class='ocrx_word' id='word_1_75' title='bbox 1727 4851 1822 4905; x_wconf 92' lang='lat' dir='ltr'><strong>sed</strong></span> 
     </span>
    </p>
   </div>
   <div class='ocr_carea' id='block_1_16' title="bbox 230 4949 1824 5020">
    <p class='ocr_par' dir='ltr' id='par_1_16' title="bbox 230 4949 1824 5020">
     <span class='ocr_line' id='line_1_16' title="bbox 230 4949 1824 5020; baseline 0.001 -14"><span class='ocrx_word' id='word_1_76' title='bbox 230 4953 405 5008; x_wconf 79' lang='lat' dir='ltr'><strong>etiam</strong></span> <span class='ocrx_word' id='word_1_77' title='bbox 457 4950 792 5020; x_wconf 79' lang='lat' dir='ltr'><strong>dogmaticus</strong></span> <span class='ocrx_word' id='word_1_78' title='bbox 841 4949 945 5003; x_wconf 88' lang='lat' dir='ltr'><strong>erit</strong></span> <span class='ocrx_word' id='word_1_79' title='bbox 976 4963 992 5002; x_wconf 77' lang='grc' dir='ltr'><em>τ</em></span> <span class='ocrx_word' id='word_1_80' title='bbox 1023 4957 1244 5016; x_wconf 90' lang='lat' dir='ltr'><strong>paratus</strong></span> <span class='ocrx_word' id='word_1_81' title='bbox 1278 4950 1424 5004; x_wconf 90' lang='lat' dir='ltr'><strong>enim</strong></span> <span class='ocrx_word' id='word_1_82' title='bbox 1475 4966 1617 5015; x_wconf 90' lang='lat' dir='ltr'><strong>sum,</strong></span> <span class='ocrx_word' id='word_1_83' title='bbox 1661 4963 1721 5006; x_wconf 86' lang='lat' dir='ltr'><strong>ut</strong></span> <span class='ocrx_word' id='word_1_84' title='bbox 1757 4955 1824 5008; x_wconf 90' lang='lat' dir='ltr'><strong>ad</strong></span> 
     </span>
    </p>
   </div>
   <div class='ocr_carea' id='block_1_17' title="bbox 230 5053 1826 5123">
    <p class='ocr_par' dir='ltr' id='par_1_17' title="bbox 230 5053 1826 5123">
     <span class='ocr_line' id='line_1_17' title="bbox 230 5053 1826 5123; baseline 0.001 -13"><span class='ocrx_word' id='word_1_85' title='bbox 230 5057 525 5110; x_wconf 79' lang='lat' dir='ltr'><strong>materiam</strong></span> <span class='ocrx_word' id='word_1_86' title='bbox 569 5053 639 5108; x_wconf 89' lang='lat' dir='ltr'><strong>de</strong></span> <span class='ocrx_word' id='word_1_87' title='bbox 667 5054 1063 5108; x_wconf 85' lang='lat' dir='ltr'><strong>resurrectione</strong></span> <span class='ocrx_word' id='word_1_88' title='bbox 1102 5053 1450 5108; x_wconf 82' lang='lat' dir='ltr'><strong>descendam.</strong></span> <span class='ocrx_word' id='word_1_89' title='bbox 1506 5055 1659 5123; x_wconf 88' lang='lat' dir='ltr'><strong>Quod</strong></span> <span class='ocrx_word' id='word_1_90' title='bbox 1697 5073 1826 5111; x_wconf 88' lang='lat' dir='ltr'><strong>sane</strong></span> 
     </span>
    </p>
   </div>
   <div class='ocr_carea' id='block_1_18' title="bbox 230 5158 1825 5230">
    <p class='ocr_par' dir='ltr' id='par_1_18' title="bbox 230 5158 1825 5230">
     <span class='ocr_line' id='line_1_18' title="bbox 230 5158 1825 5230; baseline -0.003 -13"><span class='ocrx_word' id='word_1_91' title='bbox 230 5168 625 5230; x_wconf 70' lang='lat' dir='ltr'><strong>argumentum</strong></span> <span class='ocrx_word' id='word_1_92' title='bbox 663 5160 872 5212; x_wconf 71' lang='lat' dir='ltr'><strong>varium</strong></span> <span class='ocrx_word' id='word_1_93' title='bbox 925 5167 1009 5212; x_wconf 85' lang='lat' dir='ltr'><strong>est</strong></span> <span class='ocrx_word' id='word_1_94' title='bbox 1057 5166 1114 5212; x_wconf 85' lang='lat' dir='ltr'><strong>et</strong></span> <span class='ocrx_word' id='word_1_95' title='bbox 1144 5158 1428 5228; x_wconf 84' lang='lat' dir='ltr'><strong>copiosum</strong></span> <span class='ocrx_word' id='word_1_96' title='bbox 1459 5177 1470 5211; x_wconf 94' lang='lat'>:</span> <span class='ocrx_word' id='word_1_97' title='bbox 1507 5175 1630 5213; x_wconf 89' lang='lat' dir='ltr'><strong>nam</strong></span> <span class='ocrx_word' id='word_1_98' title='bbox 1666 5169 1720 5213; x_wconf 83' lang='lat' dir='ltr'><strong>et</strong></span> <span class='ocrx_word' id='word_1_99' title='bbox 1773 5162 1825 5214; x_wconf 93' lang='lat' dir='ltr'><strong>in</strong></span> 
     </span>
    </p>
   </div>
   <div class='ocr_carea' id='block_1_19' title="bbox 228 5264 1827 5336">
    <p class='ocr_par' dir='ltr' id='par_1_19' title="bbox 228 5264 1827 5336">
     <span class='ocr_line' id='line_1_19' title="bbox 228 5264 1827 5336; baseline 0 -15"><span class='ocrx_word' id='word_1_100' title='bbox 228 5267 326 5333; x_wconf 86' lang='lat' dir='ltr'><strong>iis,</strong></span> <span class='ocrx_word' id='word_1_101' title='bbox 358 5283 483 5336; x_wconf 77' lang='lat' dir='ltr'><strong>qua:</strong></span> <span class='ocrx_word' id='word_1_102' title='bbox 521 5265 642 5320; x_wconf 83' lang='lat' dir='ltr'><strong>ﬁdei</strong></span> <span class='ocrx_word' id='word_1_103' title='bbox 672 5275 823 5328; x_wconf 87' lang='lat' dir='ltr'><strong>sunt,</strong></span> <span class='ocrx_word' id='word_1_104' title='bbox 865 5280 968 5319; x_wconf 86' lang='lat' dir='ltr'><strong>nos</strong></span> <span class='ocrx_word' id='word_1_105' title='bbox 1017 5264 1215 5334; x_wconf 75' lang='lat' dir='ltr'><strong>dirigit,</strong></span> <span class='ocrx_word' id='word_1_106' title='bbox 1266 5274 1321 5318; x_wconf 90' lang='lat' dir='ltr'><strong>et</strong></span> <span class='ocrx_word' id='word_1_107' title='bbox 1367 5265 1534 5319; x_wconf 74' lang='lat' dir='ltr'><strong>vitam</strong></span> <span class='ocrx_word' id='word_1_108' title='bbox 1584 5279 1827 5321; x_wconf 86' lang='lat' dir='ltr'><strong>nostram</strong></span> 
     </span>
    </p>
   </div>
   <div class='ocr_carea' id='block_1_20' title="bbox 228 5368 1830 5440">
    <p class='ocr_par' dir='ltr' id='par_1_20' title="bbox 228 5368 1830 5440">
     <span class='ocr_line' id='line_1_20' title="bbox 228 5368 1830 5440; baseline 0.001 -15"><span class='ocrx_word' id='word_1_109' title='bbox 228 5369 546 5440; x_wconf 80' lang='lat' dir='ltr'><strong>componit,</strong></span> <span class='ocrx_word' id='word_1_110' title='bbox 587 5377 643 5422; x_wconf 91' lang='lat' dir='ltr'><strong>et</strong></span> <span class='ocrx_word' id='word_1_111' title='bbox 695 5368 932 5423; x_wconf 90' lang='lat' dir='ltr'><strong>divinam</strong></span> <span class='ocrx_word' id='word_1_112' title='bbox 988 5368 1390 5438; x_wconf 81' lang='lat' dir='ltr'><strong>providentiam</strong></span> <span class='ocrx_word' id='word_1_113' title='bbox 1450 5371 1518 5424; x_wconf 91' lang='lat' dir='ltr'><strong>ab</strong></span> <span class='ocrx_word' id='word_1_114' title='bbox 1573 5371 1830 5426; x_wconf 75' lang='lat' dir='ltr'><strong>omnibus</strong></span> 
     </span>
    </p>
   </div>
   <div class='ocr_carea' id='block_1_21' title="bbox 231 5473 1828 5544">
    <p class='ocr_par' dir='ltr' id='par_1_21' title="bbox 231 5473 1828 5544">
     <span class='ocr_line' id='line_1_21' title="bbox 231 5473 1828 5544; baseline 0.002 -15"><span class='ocrx_word' id='word_1_115' title='bbox 231 5473 730 5529; x_wconf 81' lang='lat' dir='ltr'><strong>calumniatoribus</strong></span> <span class='ocrx_word' id='word_1_116' title='bbox 786 5474 1044 5542; x_wconf 70' lang='lat' dir='ltr'><strong>vindicat,</strong></span> <span class='ocrx_word' id='word_1_117' title='bbox 1077 5473 1143 5528; x_wconf 79' lang='lat' dir='ltr'><strong>Et</strong></span> <span class='ocrx_word' id='word_1_118' title='bbox 1193 5476 1648 5544; x_wconf 86' lang='lat' dir='ltr'><strong>quemadmodum</strong></span> <span class='ocrx_word' id='word_1_119' title='bbox 1706 5494 1828 5532; x_wconf 82' lang='lat' dir='ltr'><strong>cum</strong></span> 
     </span>
    </p>
   </div>
   <div class='ocr_carea' id='block_1_22' title="bbox 233 5578 1833 5653">
    <p class='ocr_par' dir='ltr' id='par_1_22' title="bbox 233 5578 1833 5653">
     <span class='ocr_line' id='line_1_22' title="bbox 233 5578 1833 5653; baseline 0.003 -20"><span class='ocrx_word' id='word_1_120' title='bbox 233 5596 355 5633; x_wconf 89' lang='lat' dir='ltr'><strong>non</strong></span> <span class='ocrx_word' id='word_1_121' title='bbox 401 5579 670 5640; x_wconf 86' lang='lat' dir='ltr'><strong>creditur,</strong></span> <span class='ocrx_word' id='word_1_122' title='bbox 719 5578 886 5631; x_wconf 80' lang='lat' dir='ltr'><strong>vitam</strong></span> <span class='ocrx_word' id='word_1_123' title='bbox 938 5587 1180 5632; x_wconf 85' lang='lat' dir='ltr'><strong>nostram</strong></span> <span class='ocrx_word' id='word_1_124' title='bbox 1221 5581 1511 5644; x_wconf 80' lang='lat' dir='ltr'><strong>subvertit,</strong></span> <span class='ocrx_word' id='word_1_125' title='bbox 1568 5583 1833 5653; x_wconf 85' lang='lat' dir='ltr'><strong>malisque</strong></span> 
     </span>
    </p>
   </div>
   <div class='ocr_carea' id='block_1_23' title="bbox 234 5683 1834 5756">
    <p class='ocr_par' dir='ltr' id='par_1_23' title="bbox 234 5683 1834 5756">
     <span class='ocr_line' id='line_1_23' title="bbox 234 5683 1834 5756; baseline 0.003 -18"><span class='ocrx_word' id='word_1_126' title='bbox 234 5685 520 5739; x_wconf 71' lang='lat' dir='ltr'><strong>sexcentis</strong></span> <span class='ocrx_word' id='word_1_127' title='bbox 551 5683 758 5750; x_wconf 84' lang='lat' dir='ltr'><strong>implet,</strong></span> <span class='ocrx_word' id='word_1_128' title='bbox 793 5698 1010 5737; x_wconf 81' lang='lat' dir='ltr'><strong>sursum</strong></span> <span class='ocrx_word' id='word_1_129' title='bbox 1054 5684 1419 5756; x_wconf 82' lang='lat' dir='ltr'><strong>deorsumque</strong></span> <span class='ocrx_word' id='word_1_130' title='bbox 1461 5687 1617 5741; x_wconf 76' lang='lat' dir='ltr'><strong>factis</strong></span> <span class='ocrx_word' id='word_1_131' title='bbox 1658 5691 1834 5742; x_wconf 80' lang='lat' dir='ltr'><strong>omni-</strong></span> 
     </span>
    </p>
   </div>
   <div class='ocr_carea' id='block_1_24' title="bbox 1920 4103 3501 4176">
    <p class='ocr_par' dir='ltr' id='par_1_24' title="bbox 1920 4103 3501 4176">
     <span class='ocr_line' id='line_1_24' title="bbox 1920 4103 3501 4176; baseline 0.003 -17"><span class='ocrx_word' id='word_1_132' title='bbox 1920 4103 2024 4161; x_wconf 86' lang='lat' dir='ltr'><strong>bus</strong></span> <span class='ocrx_word' id='word_1_133' title='bbox 2051 4122 2063 4158; x_wconf 93' lang='lat'><strong>:</strong></span> <span class='ocrx_word' id='word_1_134' title='bbox 2093 4104 2165 4161; x_wconf 88' lang='lat' dir='ltr'><strong>ita</strong></span> <span class='ocrx_word' id='word_1_135' title='bbox 2189 4121 2312 4161; x_wconf 89' lang='lat' dir='ltr'><strong>cum</strong></span> <span class='ocrx_word' id='word_1_136' title='bbox 2340 4104 2601 4172; x_wconf 87' lang='lat' dir='ltr'><strong>creditur,</strong></span> <span class='ocrx_word' id='word_1_137' title='bbox 2640 4105 3040 4176; x_wconf 80' lang='lat' dir='ltr'><strong>providentiam</strong></span> <span class='ocrx_word' id='word_1_138' title='bbox 3069 4107 3256 4165; x_wconf 87' lang='lat' dir='ltr'><strong>multis</strong></span> <span class='ocrx_word' id='word_1_139' title='bbox 3277 4108 3501 4165; x_wconf 83' lang='lat' dir='ltr'><strong>rationi-</strong></span> 
     </span>
    </p>
   </div>
   <div class='ocr_carea' id='block_1_25' title="bbox 1919 4211 3506 4285">
    <p class='ocr_par' dir='ltr' id='par_1_25' title="bbox 1919 4211 3506 4285">
     <span class='ocr_line' id='line_1_25' title="bbox 1919 4211 3506 4285; baseline 0.001 -19"><span class='ocrx_word' id='word_1_140' title='bbox 1919 4212 2024 4266; x_wconf 90' lang='lat' dir='ltr'><strong>bus</strong></span> <span class='ocrx_word' id='word_1_141' title='bbox 2046 4211 2300 4276; x_wconf 83' lang='lat' dir='ltr'><strong>adstruit,</strong></span> <span class='ocrx_word' id='word_1_142' title='bbox 2316 4219 2371 4267; x_wconf 88' lang='lat' dir='ltr'><strong>et</strong></span> <span class='ocrx_word' id='word_1_143' title='bbox 2393 4226 2497 4266; x_wconf 87' lang='lat' dir='ltr'><strong>nos</strong></span> <span class='ocrx_word' id='word_1_144' title='bbox 2517 4211 2584 4266; x_wconf 91' lang='lat' dir='ltr'><strong>ad</strong></span> <span class='ocrx_word' id='word_1_145' title='bbox 2600 4211 2914 4282; x_wconf 80' lang='lat' dir='ltr'><strong>diligentem</strong></span> <span class='ocrx_word' id='word_1_146' title='bbox 2933 4212 3152 4268; x_wconf 77' lang='lat' dir='ltr'><strong>virtutis</strong></span> <span class='ocrx_word' id='word_1_147' title='bbox 3175 4229 3360 4269; x_wconf 88' lang='lat' dir='ltr'><strong>curam</strong></span> <span class='ocrx_word' id='word_1_148' title='bbox 3383 4229 3506 4285; x_wconf 27' lang='lat' dir='ltr'><strong>pros</strong></span> 
     </span>
    </p>
   </div>
   <div class='ocr_carea' id='block_1_26' title="bbox 1923 4297 3508 4389">
    <p class='ocr_par' dir='ltr' id='par_1_26' title="bbox 1923 4297 3508 4389">
     <span class='ocr_line' id='line_1_26' title="bbox 1923 4297 3508 4389; baseline 0 -19"><span class='ocrx_word' id='word_1_149' title='bbox 1923 4297 2128 4379; x_wconf 78' lang='lat' dir='ltr'><strong>movet,</strong></span> <span class='ocrx_word' id='word_1_150' title='bbox 2163 4316 2290 4371; x_wconf 82' lang='lat' dir='ltr'><strong>vilia</strong></span> <span class='ocrx_word' id='word_1_151' title='bbox 2325 4331 2522 4386; x_wconf 77' lang='lat' dir='ltr'><strong>magno</strong></span> <span class='ocrx_word' id='word_1_152' title='bbox 2566 4315 2751 4370; x_wconf 87' lang='lat' dir='ltr'><strong>studio</strong></span> <span class='ocrx_word' id='word_1_153' title='bbox 2780 4317 3022 4386; x_wconf 85' lang='lat' dir='ltr'><strong>expellit,</strong></span> <span class='ocrx_word' id='word_1_154' title='bbox 3059 4319 3240 4373; x_wconf 85' lang='lat' dir='ltr'><strong>omnia</strong></span> <span class='ocrx_word' id='word_1_155' title='bbox 3273 4320 3508 4389; x_wconf 75' lang='lat' dir='ltr'><strong>denique.</strong></span> 
     </span>
    </p>
   </div>
   <div class='ocr_carea' id='block_1_27' title="bbox 1923 4404 3505 4490">
    <p class='ocr_par' dir='ltr' id='par_1_27' title="bbox 1923 4404 3505 4490">
     <span class='ocr_line' id='line_1_27' title="bbox 1923 4404 3505 4490; baseline 0.001 -17"><span class='ocrx_word' id='word_1_156' title='bbox 1923 4418 2316 4488; x_wconf 88' lang='lat' dir='ltr'><strong>tranquillitate</strong></span> <span class='ocrx_word' id='word_1_157' title='bbox 2341 4404 2580 4490; x_wconf 73' lang='lat' dir='ltr'><strong>complet</strong></span> <span class='ocrx_word' id='word_1_158' title='bbox 2618 4436 2681 4475; x_wconf 90' lang='lat' dir='ltr'><strong>ac</strong></span> <span class='ocrx_word' id='word_1_159' title='bbox 2711 4436 2864 4490; x_wconf 87' lang='lat' dir='ltr'><strong>pace.</strong></span> <span class='ocrx_word' id='word_1_160' title='bbox 2899 4422 3136 4488; x_wconf 81' lang='lat' dir='ltr'><strong>Etenim,</strong></span> <span class='ocrx_word' id='word_1_161' title='bbox 3165 4433 3227 4477; x_wconf 88' lang='lat' dir='ltr'><strong>ut</strong></span> <span class='ocrx_word' id='word_1_162' title='bbox 3252 4424 3399 4477; x_wconf 87' lang='lat' dir='ltr'><strong>nulla</strong></span> <span class='ocrx_word' id='word_1_163' title='bbox 3432 4425 3505 4477; x_wconf 87' lang='lat' dir='ltr'><strong>illi</strong></span> 
     </span>
    </p>
   </div>
   <div class='ocr_carea' id='block_1_28' title="bbox 1921 4525 3509 4598">
    <p class='ocr_par' dir='ltr' id='par_1_28' title="bbox 1921 4525 3509 4598">
     <span class='ocr_line' id='line_1_28' title="bbox 1921 4525 3509 4598; baseline 0.004 -19"><span class='ocrx_word' id='word_1_164' title='bbox 1921 4525 2146 4581; x_wconf 79' lang='lat' dir='ltr'><strong>virtutis</strong></span> <span class='ocrx_word' id='word_1_165' title='bbox 2179 4541 2306 4580; x_wconf 89' lang='lat' dir='ltr'><strong>cura</strong></span> <span class='ocrx_word' id='word_1_166' title='bbox 2332 4534 2436 4588; x_wconf 89' lang='lat' dir='ltr'><strong>est,</strong></span> <span class='ocrx_word' id='word_1_167' title='bbox 2462 4525 2554 4594; x_wconf 92' lang='lat' dir='ltr'><strong>qui</strong></span> <span class='ocrx_word' id='word_1_168' title='bbox 2595 4526 3057 4581; x_wconf 86' lang='lat' dir='ltr'><strong>resurrectionem</strong></span> <span class='ocrx_word' id='word_1_169' title='bbox 3078 4543 3188 4582; x_wconf 89' lang='lat' dir='ltr'><strong>non</strong></span> <span class='ocrx_word' id='word_1_170' title='bbox 3205 4538 3509 4598; x_wconf 76' lang='lat' dir='ltr'><strong>ex5pectat.</strong></span> 
     </span>
    </p>
   </div>
   <div class='ocr_carea' id='block_1_29' title="bbox 1923 4630 3512 4702">
    <p class='ocr_par' dir='ltr' id='par_1_29' title="bbox 1923 4630 3512 4702">
     <span class='ocr_line' id='line_1_29' title="bbox 1923 4630 3512 4702; baseline -0.001 -16"><span class='ocrx_word' id='word_1_171' title='bbox 1923 4630 2125 4702; x_wconf 86' lang='lat' dir='ltr'><strong>quique</strong></span> <span class='ocrx_word' id='word_1_172' title='bbox 2169 4632 2344 4687; x_wconf 86' lang='lat' dir='ltr'><strong>credit</strong></span> <span class='ocrx_word' id='word_1_173' title='bbox 2388 4646 2448 4685; x_wconf 88' lang='lat' dir='ltr'><strong>se</strong></span> <span class='ocrx_word' id='word_1_174' title='bbox 2485 4647 2594 4686; x_wconf 87' lang='lat' dir='ltr'><strong>non</strong></span> <span class='ocrx_word' id='word_1_175' title='bbox 2645 4632 2982 4688; x_wconf 88' lang='lat' dir='ltr'><strong>redditurum</strong></span> <span class='ocrx_word' id='word_1_176' title='bbox 3025 4633 3295 4688; x_wconf 88' lang='lat' dir='ltr'><strong>rationem</strong></span> <span class='ocrx_word' id='word_1_177' title='bbox 3337 4634 3405 4688; x_wconf 91' lang='lat' dir='ltr'><strong>de</strong></span> <span class='ocrx_word' id='word_1_178' title='bbox 3444 4634 3512 4686; x_wconf 68' lang='lat' dir='ltr'><strong>iis</strong></span> 
     </span>
    </p>
   </div>
   <div class='ocr_carea' id='block_1_30' title="bbox 1924 4732 3509 4809">
    <p class='ocr_par' dir='ltr' id='par_1_30' title="bbox 1924 4732 3509 4809">
     <span class='ocr_line' id='line_1_30' title="bbox 1924 4732 3509 4809; baseline -0.002 -16"><span class='ocrx_word' id='word_1_179' title='bbox 1924 4755 2045 4809; x_wconf 70' lang='lat' dir='ltr'><strong>qua:</strong></span> <span class='ocrx_word' id='word_1_180' title='bbox 2059 4737 2148 4793; x_wconf 89' lang='lat' dir='ltr'><strong>hic</strong></span> <span class='ocrx_word' id='word_1_181' title='bbox 2164 4732 2421 4808; x_wconf 85' lang='lat' dir='ltr'><strong>operatus</strong></span> <span class='ocrx_word' id='word_1_182' title='bbox 2443 4748 2545 4805; x_wconf 88' lang='lat' dir='ltr'><strong>est,</strong></span> <span class='ocrx_word' id='word_1_183' title='bbox 2565 4739 2659 4793; x_wconf 92' lang='lat' dir='ltr'><strong>sed</strong></span> <span class='ocrx_word' id='word_1_184' title='bbox 2677 4738 2932 4808; x_wconf 78' lang='lat' dir='ltr'><strong>opinatur</strong></span> <span class='ocrx_word' id='word_1_185' title='bbox 2952 4754 3040 4793; x_wconf 87' lang='lat' dir='ltr'><strong>res</strong></span> <span class='ocrx_word' id='word_1_186' title='bbox 3063 4749 3277 4795; x_wconf 81' lang='lat' dir='ltr'><strong>nostras</strong></span> <span class='ocrx_word' id='word_1_187' title='bbox 3301 4748 3509 4793; x_wconf 87' lang='lat' dir='ltr'><strong>tantum</strong></span> 
     </span>
    </p>
   </div>
   <div class='ocr_carea' id='block_1_31' title="bbox 1926 4843 3509 4913">
    <p class='ocr_par' dir='ltr' id='par_1_31' title="bbox 1926 4843 3509 4913">
     <span class='ocr_line' id='line_1_31' title="bbox 1926 4843 3509 4913; baseline -0.001 -17"><span class='ocrx_word' id='word_1_188' title='bbox 1926 4843 2070 4897; x_wconf 86' lang='lat' dir='ltr'><strong>inter</strong></span> <span class='ocrx_word' id='word_1_189' title='bbox 2084 4851 2345 4913; x_wconf 82' lang='lat' dir='ltr'><strong>angustos</strong></span> <span class='ocrx_word' id='word_1_190' title='bbox 2361 4843 2648 4912; x_wconf 81' lang='lat' dir='ltr'><strong>praesentis</strong></span> <span class='ocrx_word' id='word_1_191' title='bbox 2659 4844 2782 4897; x_wconf 70' lang='lat' dir='ltr'><strong>vita:</strong></span> <span class='ocrx_word' id='word_1_192' title='bbox 2803 4843 3002 4897; x_wconf 89' lang='lat' dir='ltr'><strong>limites</strong></span> <span class='ocrx_word' id='word_1_193' title='bbox 3021 4844 3310 4909; x_wconf 85' lang='lat' dir='ltr'><strong>contineri,</strong></span> <span class='ocrx_word' id='word_1_194' title='bbox 3333 4859 3509 4913; x_wconf 82' lang='lat' dir='ltr'><strong>neque</strong></span> 
     </span>
    </p>
   </div>
   <div class='ocr_carea' id='block_1_32' title="bbox 1927 4948 3508 5018">
    <p class='ocr_par' dir='ltr' id='par_1_32' title="bbox 1927 4948 3508 5018">
     <span class='ocr_line' id='line_1_32' title="bbox 1927 4948 3508 5018; baseline -0.001 -17"><span class='ocrx_word' id='word_1_195' title='bbox 1927 4948 2068 5002; x_wconf 89' lang='lat' dir='ltr'><strong>ultra</strong></span> <span class='ocrx_word' id='word_1_196' title='bbox 2106 4964 2163 5002; x_wconf 90' lang='lat' dir='ltr'><strong>se</strong></span> <span class='ocrx_word' id='word_1_197' title='bbox 2189 4949 2485 5004; x_wconf 80' lang='lat' dir='ltr'><strong>extendere</strong></span> <span class='ocrx_word' id='word_1_198' title='bbox 2514 4966 2526 5001; x_wconf 88' lang='lat'><strong>:</strong></span> <span class='ocrx_word' id='word_1_199' title='bbox 2555 4949 2828 5018; x_wconf 90' lang='lat' dir='ltr'><strong>quomodo</strong></span> <span class='ocrx_word' id='word_1_200' title='bbox 2875 4949 3024 5004; x_wconf 82' lang='lat' dir='ltr'><strong>enim</strong></span> <span class='ocrx_word' id='word_1_201' title='bbox 3052 4949 3270 5004; x_wconf 84' lang='lat' dir='ltr'><strong>virtutis</strong></span> <span class='ocrx_word' id='word_1_202' title='bbox 3303 4950 3408 5003; x_wconf 88' lang='lat' dir='ltr'><strong>ulla</strong></span> <span class='ocrx_word' id='word_1_203' title='bbox 3463 4950 3508 5003; x_wconf 82' lang='lat' dir='ltr'><strong>ei</strong></span> 
     </span>
    </p>
   </div>
   <div class='ocr_carea' id='block_1_33' title="bbox 1928 5055 3514 5123">
    <p class='ocr_par' dir='ltr' id='par_1_33' title="bbox 1928 5055 3514 5123">
     <span class='ocr_line' id='line_1_33' title="bbox 1928 5055 3514 5123; baseline 0.001 -15"><span class='ocrx_word' id='word_1_204' title='bbox 1928 5070 2056 5108; x_wconf 92' lang='lat' dir='ltr'><strong>cura</strong></span> <span class='ocrx_word' id='word_1_205' title='bbox 2085 5063 2249 5117; x_wconf 86' lang='lat' dir='ltr'><strong>esset,</strong></span> <span class='ocrx_word' id='word_1_206' title='bbox 2284 5055 2374 5123; x_wconf 91' lang='lat' dir='ltr'><strong>qui</strong></span> <span class='ocrx_word' id='word_1_207' title='bbox 2410 5055 2613 5109; x_wconf 90' lang='lat' dir='ltr'><strong>nullam</strong></span> <span class='ocrx_word' id='word_1_208' title='bbox 2641 5055 2888 5110; x_wconf 90' lang='lat' dir='ltr'><strong>laborum</strong></span> <span class='ocrx_word' id='word_1_209' title='bbox 2938 5056 3357 5111; x_wconf 82' lang='lat' dir='ltr'><strong>retributionem</strong></span> <span class='ocrx_word' id='word_1_210' title='bbox 3409 5055 3514 5110; x_wconf 83' lang='lat' dir='ltr'><strong>sibi</strong></span> 
     </span>
    </p>
   </div>
   <div class='ocr_carea' id='block_1_34' title="bbox 1934 5159 3515 5230">
    <p class='ocr_par' dir='ltr' id='par_1_34' title="bbox 1934 5159 3515 5230">
     <span class='ocr_line' id='line_1_34' title="bbox 1934 5159 3515 5230; baseline 0.001 -18"><span class='ocrx_word' id='word_1_211' title='bbox 1934 5159 2226 5229; x_wconf 82' lang='lat' dir='ltr'><strong>repositam</strong></span> <span class='ocrx_word' id='word_1_212' title='bbox 2259 5160 2574 5230; x_wconf 76' lang='lat' dir='ltr'><strong>exspectat?</strong></span> <span class='ocrx_word' id='word_1_213' title='bbox 2594 5175 2772 5230; x_wconf 89' lang='lat' dir='ltr'><strong>neque</strong></span> <span class='ocrx_word' id='word_1_214' title='bbox 2794 5176 3020 5230; x_wconf 87' lang='lat' dir='ltr'><strong>peccare</strong></span> <span class='ocrx_word' id='word_1_215' title='bbox 3043 5161 3276 5225; x_wconf 87' lang='lat' dir='ltr'><strong>desinet,</strong></span> <span class='ocrx_word' id='word_1_216' title='bbox 3310 5170 3366 5215; x_wconf 92' lang='lat' dir='ltr'><strong>et</strong></span> <span class='ocrx_word' id='word_1_217' title='bbox 3389 5176 3515 5216; x_wconf 88' lang='lat' dir='ltr'><strong>cum</strong></span> 
     </span>
    </p>
   </div>
   <div class='ocr_carea' id='block_1_35' title="bbox 1933 5260 3514 5334">
    <p class='ocr_par' dir='ltr' id='par_1_35' title="bbox 1933 5260 3514 5334">
     <span class='ocr_line' id='line_1_35' title="bbox 1933 5260 3514 5334; baseline 0.001 -18"><span class='ocrx_word' id='word_1_218' title='bbox 1933 5265 2066 5318; x_wconf 89' lang='lat' dir='ltr'><strong>nihil</strong></span> <span class='ocrx_word' id='word_1_219' title='bbox 2097 5265 2481 5334; x_wconf 86' lang='lat' dir='ltr'><strong>suppliciorum</strong></span> <span class='ocrx_word' id='word_1_220' title='bbox 2512 5265 2798 5320; x_wconf 86' lang='lat' dir='ltr'><strong>iuuninere</strong></span> <span class='ocrx_word' id='word_1_221' title='bbox 2823 5265 2936 5319; x_wconf 88' lang='lat' dir='ltr'><strong>suis</strong></span> <span class='ocrx_word' id='word_1_222' title='bbox 2961 5266 3104 5319; x_wconf 88' lang='lat' dir='ltr'><strong>male</strong></span> <span class='ocrx_word' id='word_1_223' title='bbox 3125 5265 3260 5319; x_wconf 88' lang='lat' dir='ltr'><strong>actis</strong></span> <span class='ocrx_word' id='word_1_224' title='bbox 3291 5260 3474 5321; x_wconf 71' lang='lat' dir='ltr'><strong>credat</strong></span> <span class='ocrx_word' id='word_1_225' title='bbox 3501 5283 3514 5327; x_wconf 87' lang='lat'><strong>;</strong></span> 
     </span>
    </p>
   </div>
   <div class='ocr_carea' id='block_1_36' title="bbox 1933 5371 3515 5443">
    <p class='ocr_par' dir='ltr' id='par_1_36' title="bbox 1933 5371 3515 5443">
     <span class='ocr_line' id='line_1_36' title="bbox 1933 5371 3515 5443; baseline 0 -17"><span class='ocrx_word' id='word_1_226' title='bbox 1933 5372 2200 5441; x_wconf 88' lang='lat' dir='ltr'><strong>permittit</strong></span> <span class='ocrx_word' id='word_1_227' title='bbox 2218 5387 2336 5426; x_wconf 89' lang='lat' dir='ltr'><strong>sese</strong></span> <span class='ocrx_word' id='word_1_228' title='bbox 2357 5371 2516 5426; x_wconf 71' lang='lat' dir='ltr'><strong>{aedis</strong></span> <span class='ocrx_word' id='word_1_229' title='bbox 2529 5373 3016 5443; x_wconf 74' lang='lat' dir='ltr'><strong>concupiscentiis,</strong></span> <span class='ocrx_word' id='word_1_230' title='bbox 3036 5382 3090 5428; x_wconf 90' lang='lat' dir='ltr'><strong>et</strong></span> <span class='ocrx_word' id='word_1_231' title='bbox 3109 5374 3160 5427; x_wconf 89' lang='lat' dir='ltr'><strong>in</strong></span> <span class='ocrx_word' id='word_1_232' title='bbox 3179 5373 3386 5428; x_wconf 88' lang='lat' dir='ltr'><strong>nullum</strong></span> <span class='ocrx_word' id='word_1_233' title='bbox 3403 5388 3515 5427; x_wconf 87' lang='lat' dir='ltr'><strong>non</strong></span> 
     </span>
    </p>
   </div>
   <div class='ocr_carea' id='block_1_37' title="bbox 1934 5477 3516 5549">
    <p class='ocr_par' dir='ltr' id='par_1_37' title="bbox 1934 5477 3516 5549">
     <span class='ocr_line' id='line_1_37' title="bbox 1934 5477 3516 5549; baseline -0.002 -16"><span class='ocrx_word' id='word_1_234' title='bbox 1934 5479 2191 5548; x_wconf 83' lang='lat' dir='ltr'><strong>peccandi</strong></span> <span class='ocrx_word' id='word_1_235' title='bbox 2211 5493 2382 5548; x_wconf 82' lang='lat' dir='ltr'><strong>genus</strong></span> <span class='ocrx_word' id='word_1_236' title='bbox 2401 5479 2529 5532; x_wconf 90' lang='lat' dir='ltr'><strong>ruit.</strong></span> <span class='ocrx_word' id='word_1_237' title='bbox 2551 5477 2625 5532; x_wconf 88' lang='lat' dir='ltr'><strong>Ita</strong></span> <span class='ocrx_word' id='word_1_238' title='bbox 2647 5488 2701 5532; x_wconf 90' lang='lat' dir='ltr'><strong>ct</strong></span> <span class='ocrx_word' id='word_1_239' title='bbox 2720 5479 2809 5548; x_wconf 88' lang='lat' dir='ltr'><strong>qui</strong></span> <span class='ocrx_word' id='word_1_240' title='bbox 2831 5479 2930 5533; x_wconf 89' lang='lat' dir='ltr'><strong>sibi</strong></span> <span class='ocrx_word' id='word_1_241' title='bbox 2957 5481 3250 5549; x_wconf 89' lang='lat' dir='ltr'><strong>persuadet</strong></span> <span class='ocrx_word' id='word_1_242' title='bbox 3267 5479 3516 5532; x_wconf 79' lang='lat' dir='ltr'><strong>futurum</strong></span> 
     </span>
    </p>
   </div>
   <div class='ocr_carea' id='block_1_38' title="bbox 1935 5582 3514 5654">
    <p class='ocr_par' dir='ltr' id='par_1_38' title="bbox 1935 5582 3514 5654">
     <span class='ocr_line' id='line_1_38' title="bbox 1935 5582 3514 5654; baseline -0.003 -16"><span class='ocrx_word' id='word_1_243' title='bbox 1935 5585 2225 5654; x_wconf 85' lang='lat' dir='ltr'><strong>aliquando</strong></span> <span class='ocrx_word' id='word_1_244' title='bbox 2250 5584 2537 5652; x_wconf 86' lang='lat' dir='ltr'><strong>judicium,</strong></span> <span class='ocrx_word' id='word_1_245' title='bbox 2569 5596 2625 5638; x_wconf 86' lang='lat' dir='ltr'><strong>et</strong></span> <span class='ocrx_word' id='word_1_246' title='bbox 2654 5595 2779 5640; x_wconf 85' lang='lat' dir='ltr'><strong>ante</strong></span> <span class='ocrx_word' id='word_1_247' title='bbox 2821 5584 3010 5638; x_wconf 89' lang='lat' dir='ltr'><strong>oculos</strong></span> <span class='ocrx_word' id='word_1_248' title='bbox 3047 5584 3235 5639; x_wconf 90' lang='lat' dir='ltr'><strong>statuit</strong></span> <span class='ocrx_word' id='word_1_249' title='bbox 3270 5582 3514 5637; x_wconf 90' lang='lat' dir='ltr'><strong>terribile</strong></span> 
     </span>
    </p>
   </div>
   <div class='ocr_carea' id='block_1_39' title="bbox 1938 5689 3521 5760">
    <p class='ocr_par' dir='ltr' id='par_1_39' title="bbox 1938 5689 3521 5760">
     <span class='ocr_line' id='line_1_39' title="bbox 1938 5689 3521 5760; baseline -0.001 -18"><span class='ocrx_word' id='word_1_250' title='bbox 1938 5690 2067 5742; x_wconf 83' lang='lat' dir='ltr'><strong>illud</strong></span> <span class='ocrx_word' id='word_1_251' title='bbox 2103 5690 2356 5753; x_wconf 84' lang='lat' dir='ltr'><strong>tribunal,</strong></span> <span class='ocrx_word' id='word_1_252' title='bbox 2394 5699 2446 5744; x_wconf 89' lang='lat' dir='ltr'><strong>et</strong></span> <span class='ocrx_word' id='word_1_253' title='bbox 2492 5690 2901 5744; x_wconf 78' lang='lat' dir='ltr'><strong>indeclinabiles</strong></span> <span class='ocrx_word' id='word_1_254' title='bbox 2932 5689 3395 5760; x_wconf 80' lang='lat' dir='ltr'><strong>expostulationes</strong></span> <span class='ocrx_word' id='word_1_255' title='bbox 3417 5727 3431 5751; x_wconf 97' lang='lat'><strong>,</strong></span> <span class='ocrx_word' id='word_1_256' title='bbox 3466 5697 3521 5740; x_wconf 87' lang='lat' dir='ltr'><strong>et</strong></span> 
     </span>
    </p>
   </div>
  </div>
