4070 6430
578 390 680 443 ue
1204 452 1214 462 ,

571 498 922 553 ιιιιξνίιιὼὶιειιι
969 497 1281 551 sententiam
1321 515 1332 550 :
1365 498 1406 550 is
1444 495 1613 548 modis
1644 493 1888 546 omnibus
1922 489 2141 544 conabi-

571 601 675 651 tur,
705 597 761 640 ut
803 588 1012 642 studeat
1041 587 1401 654 temperantiae
1444 594 1498 639 et
1544 583 1775 651 a-quitati
1821 592 1978 650 atque
2027 579 2145 633 aliis

571 678 869 743 virtutibus,
900 685 953 731 ct
997 676 1210 746 effugiat
1257 674 1733 743 intemperantiam,
1796 671 2143 725 temeritatem

570 769 848 835 omniaque
894 766 994 820 alia
1038 767 1160 819 vitia
1192 786 1205 818 .
1240 765 1428 832 hic-,ue
1477 762 1669 833 patet-it
1716 777 1901 830 magna
1951 760 2146 813 virtute

570 859 825 929 repellere
856 872 969 924 eos,
1018 858 1105 925 qui
1154 856 1387 909 divinam
1432 853 1817 908 calumniantur
1862 852 2145 921 providen-

569 951 714 1004 tiam.

644 1038 965 1092 Providentia
990 1036 1083 1090 Dei
1104 1037 1407 1108 defenditur.
1468 1065 1534 1074 —-
1586 1032 1793 1086 Etenim
1846 1047 1973 1084 vero
2024 1046 2148 1083 sum

571 1130 831 1193 nonnulli,
861 1129 948 1199 qtti
976 1128 1064 1181 ubi
1093 1127 1323 1182 viderint
1360 1134 1634 1179 mansuete
1660 1133 1711 1177 et
1741 1132 1884 1175 caste
1912 1131 1965 1175 et
2005 1121 2147 1188 juste

570 1223 805 1274 viventes
836 1220 1109 1273 modestiis
1148 1228 1200 1272 et
1246 1217 1525 1272 ealumniis
1574 1216 1761 1284 premi,
1792 1215 1876 1266 viv
1900 1226 2146 1266 necessa-

571 1314 702 1365 rium
752 1312 944 1364 vietum
996 1311 1226 1375 habere,
1258 1325 1398 1379 saepe
1440 1309 1596 1361 ctiam
1652 1306 1837 1359 morbo
1887 1305 2042 1373 longo
2094 1314 2147 1356 ct

569 1404 713 1471 gravi
739 1403 1038 1457 valetudine
1064 1402 1340 1463 macerari,
1372 1408 1424 1453 et
1450 1399 1502 1451 in
1530 1411 1733 1451 summa
1754 1439 1766 1458 ,
1793 1396 1936 1449 omni
1965 1408 2147 1447 carere

568 1495 838 1557 subsidio;
884 1504 936 1548 et
976 1509 1004 1547 c
1046 1494 1257 1547 diverso
1283 1494 1549 1546 malelicos
1571 1500 1623 1544 et
1654 1490 1880 1559 pollutos
1908 1488 2147 1540 homines

570 1586 828 1653 planeque
852 1584 1138 1653 ﬂagitiosos
1166 1583 1388 1637 afﬂuere
1424 1582 1617 1636 divitiis
1638 1622 1653 1647 ,
1685 1580 1941 1645 deliciari,
1968 1577 2148 1631 nitidis

565 1678 803 1731 vestibus
832 1677 1056 1742 amiciri,
1087 1676 1499 1729 domesticiirum
1523 1689 1710 1743 agmen
1749 1683 1864 1741 post
1884 1686 1939 1725 se
1968 1670 2146 1723 trahe-

565 1782 646 1834 ro,
671 1769 721 1822 in
746 1768 1090 1822 admiratione
1118 1782 1257 1833 esse,
1300 1768 1636 1836 magistratus
1678 1780 1859 1835 gerere
1883 1805 1895 1825 ,
1930 1763 2145 1816 nudam

574 1861 712 1927 apud
766 1858 1140 1927 Imperatorem
1192 1857 1434 1909 liduciatn
1483 1855 1698 1917 habere,
1750 1870 1869 1906 tuox
1915 1851 2144 1906 divinam

570 1958 795 2018 arguunt
821 1948 1223 2017 providentiam,
1258 1958 1311 2000 et
1340 1946 1521 2000 dicunt
1557 1962 1567 1997 :
1605 1944 1827 1999 L'binatn
1861 1944 2146 2010 providen-

568 2040 641 2092 tia
668 2038 789 2092 illa?
814 2048 903 2090 attt
934 2038 1021 2091 ubi
1040 2038 1238 2105 justum
1263 2037 1518 2104 judicium
1541 2038 1562 2087 ?
1584 2035 1792 2088 sobrius
1820 2045 1871 2087 et
1896 2037 2147 2086 innocens

570 2129 709 2182 male
741 2129 919 2195 habet,
950 2128 1308 2201 intemperans
1338 2136 1390 2179 et
1434 2138 1711 2194 corruptus
1750 2125 1971 2178 feliciter
1996 2126 2101 2193 agit
2131 2142 2143 2174 :

568 2230 621 2273 et
648 2220 734 2272 hic
762 2219 973 2288 quidem
995 2218 1332 2272 admirationi
1353 2226 1454 2281 est,
1486 2217 1570 2270 ille
1600 2234 1724 2269 vero
1759 2216 1982 2269 ludibrio
2018 2233 2028 2267 :
2062 2214 2148 2267 hic

568 2313 726 2365 variis
753 2311 942 2364 fruitur
966 2310 1168 2365 deliciis
1188 2352 1202 2375 ,
1233 2310 1319 2363 ille
1348 2322 1522 2363 autem
1555 2310 1708 2377 inops
1746 2308 1999 2362 extremis
2032 2322 2148 2375 pes—

573 2400 848 2454 sumdatur
875 2400 1242 2454 incommodis.
1283 2399 1415 2452 Tum
1461 2399 1617 2468 igitur
1644 2401 1683 2450 is
1706 2439 1720 2460 ,
1754 2398 1839 2466 qui
1869 2397 1934 2450 de
1964 2398 2147 2450 futuris

567 2491 787 2550 dubitat.
836 2491 1274 2544 conticescctzat
1317 2491 1406 2558 qui
1462 2491 1529 2543 de
1584 2491 1975 2543 resurrectione
2014 2489 2147 2541 bene

566 2581 825 2646 senserit,
853 2591 907 2633 et
938 2579 1206 2649 sapienter
1232 2580 1498 2647 disputare
1532 2580 1733 2633 noverit
1757 2621 1770 2644 ,
1802 2579 1951 2632 facile
1997 2579 2149 2647 quid-

566 2671 691 2739 quid
721 2671 769 2723 id
807 2681 887 2724 est
914 2671 1255 2739 blaSphemize
1282 2670 1475 2734 diluet,
1500 2680 1553 2725 ct
1588 2672 1691 2724 illis
1716 2682 1820 2725 tam
1846 2669 2147 2724 stomacha-

566 2762 743 2816 bunde
771 2762 1157 2832 disputantibus
1183 2762 1323 2817 dicet
1356 2780 1369 2815 :
1404 2764 1732 2832 Compescitc
1776 2764 2005 2832 linguam
2053 2778 2144 2817 ve-

566 2864 753 2918 stram,
803 2863 856 2906 et
904 2854 1158 2908 adversus
1214 2854 1402 2919 Deum,
1455 2856 1542 2923 qui
1588 2869 1685 2909 vos
1737 2855 1878 2920 fecit,
1924 2870 2147 2910 eamne

564 2946 907 2999 exacueritis.
948 2944 1063 2999 Non
1106 2945 1248 3000 cnim
1294 2960 1380 2999 res
1410 2956 1601 2999 nostra:
1630 2946 1680 2998 in
1712 2946 1811 2999 hac
1840 2946 2009 2999 solum
2042 2946 2146 2999 vita

568 3039 783 3102 durant,
812 3038 901 3093 sed
927 3038 1239 3092 festinamus
1268 3037 1334 3091 ad
1366 3037 1522 3091 vitam
1562 3038 1721 3092 aliaat
1752 3040 1917 3093 multo
1945 3039 2147 3107 longio-

566 3146 701 3196 rem,
748 3132 855 3184 imo
894 3132 1053 3186 linem
1103 3133 1321 3186 minime
1366 3130 1675 3193 habentem;
1717 3142 1771 3184 et
1809 3131 1876 3185 ibi
1931 3133 2147 3185 omnino

566 3236 765 3293 pauper
789 3225 917 3289 istc,
943 3225 1029 3293 qui
1056 3224 1198 3293 juste
1230 3223 1384 3287 vivit,
1413 3222 1652 3275 laborum
1700 3237 1914 3275 suorum
1944 3237 2150 3277 merce-

566 3316 686 3369 dem
715 3325 1027 3385 accepturus
1048 3326 1128 3370 est
1155 3331 1168 3369 :
1199 3316 1559 3383 intemperans
1588 3324 1763 3367 autem
1792 3324 1846 3368 et
1874 3314 2146 3369 maleficus

565 3404 780 3459 malitia:
807 3420 920 3461 suae
949 3404 1249 3474 illicitmque
1273 3404 1555 3473 voluptatis
1583 3404 1801 3457 daturus
1832 3414 1913 3459 est
1936 3420 2142 3474 pinnas.

565 3497 795 3552 Proinde
824 3512 977 3551 nona
1002 3498 1353 3568 praesentibus
1382 3496 1553 3551 solum
1580 3496 1647 3551 de
1666 3496 1839 3549 divina
1861 3498 2145 3566 providen-

566 3588 637 3640 tia
660 3579 976 3642 sententiam
1007 3587 1259 3651 feramus,
1293 3586 1386 3642 sed
1410 3588 1616 3641 etiama
1647 3588 1836 3641 futuris
1870 3603 1884 3639 :
1915 3604 2160 3657 prcescn-

564 3678 634 3729 tia
659 3684 928 3731 certamen
958 3677 1222 3748 quoddam
1255 3688 1396 3744 sunt,
1448 3686 1500 3732 et
1540 3677 1768 3743 labores,
1799 3686 1853 3733 et
1880 3680 2143 3745 stadium;

566 3765 741 3819 futura
767 3781 893 3821 vero
943 3766 1181 3835 praemia,
1227 3783 1459 3834 coronae,
1505 3777 1560 3824 et
1598 3769 1797 3823 bra‘via.
1836 3771 1985 3824 Sicut
2019 3786 2146 3839 ergo

562 3857 776 3910 athleta:
806 3857 855 3910 in
885 3856 1111 3923 theatro,
1140 3865 1195 3911 ct
1228 3859 1279 3911 iu
1308 3858 1500 3913 sudore
1520 3900 1535 3924 ,
1571 3869 1624 3913 et
1655 3863 1902 3928 pulvere,
1934 3870 1986 3913 et
2014 3870 2145 3913 mstu

563 3946 750 4011 multo,
782 3956 835 4001 et
869 3946 1141 4002 laboribus
1182 3957 1234 4003 et
1264 3948 1515 4002 mrunmis
1557 3950 1891 4018 pugnandum
1923 3960 2004 4003 est
2036 3966 2050 4002 :
2078 3951 2146 4004 ita

564 4045 620 4091 ct
637 4035 838 4105 justum
870 4036 956 4090 hic
986 4037 1149 4090 multa
1176 4038 1441 4090 sustinere
1465 4046 1693 4105 oportet,
1722 4047 1777 4092 et
1802 4037 1939 4091 terre
1967 4040 2145 4091 omnia

565 4128 811 4194 viriliter,
836 4126 1094 4196 siquidem
1122 4127 1404 4197 praeclaras
1426 4127 1533 4181 illic
1553 4137 1865 4196 accepturus
1894 4138 1974 4183 est
1994 4144 2150 4183 coro-

556 4234 685 4273 .nas.
729 4218 793 4272 Et
840 4217 1030 4272 sisunt
1060 4218 1318 4283 nonnulli,
1356 4232 1491 4287 quos
1541 4220 1813 4287 perturbat
1864 4219 2146 4288 impiorum

569 4309 792 4364 felicitas
815 4350 829 4375 ,
863 4308 916 4362 hi
946 4324 1124 4364 secum
1152 4311 1501 4379 perpendam,
1530 4308 1671 4379 quod
1699 4312 2147 4379 quemadmodum

566 4409 622 4453 et
641 4399 894 4465 latrones,
940 4408 995 4454 et
1025 4400 1390 4470 sepulcrorum
1434 4398 1736 4467 elfossores,
1760 4410 1813 4455 et
1843 4400 2144 4468 homicidae,

563 4500 620 4545 et
643 4491 823 4559 pirata:
853 4491 1154 4561 priusquam
1175 4490 1239 4545 ad
1260 4489 1494 4561 iudicem
1520 4491 1792 4545 trahantur
1810 4533 1824 4556 ,
1858 4492 2035 4546 multis
2055 4494 2149 4548 dc-

569 4580 704 4635 lic’iis
730 4580 977 4635 fruuntur
1002 4623 1017 4647 ,
1050 4591 1103 4636 et
1131 4596 1196 4635 ex
1229 4582 1398 4637 aliena
1429 4580 1731 4635 calamitate
1770 4598 1917 4635 suam
1948 4584 2145 4638 ωειδιί-

560 4678 777 4727 tuentes
798 4672 1173 4725 abundantiam
1195 4714 1209 4739 ,
1242 4672 1558 4741 injustisque
1586 4672 1777 4741 Opibus
1803 4672 2144 4743 locupletati,

567 4762 805 4832 quotidie
829 4761 1192 4829 inebriantur;
1224 4763 1312 4817 ubi
1363 4772 1539 4818 autem
1583 4762 1776 4832 judicis
1829 4768 2146 4819 sententiam

569 4855 849 4922 subibunt,
879 4856 1114 4911 omnium
1156 4856 1363 4911 illorum
1418 4858 1563 4912 luent
1617 4872 1826 4926 pteuam
1858 4874 1871 4912 :
1900 4860 1967 4913 ita
1996 4872 2048 4914 et
2076 4861 2150 4915 illi

566 4946 656 5015 qui
673 4956 845 4999 scorta
868 4956 1192 5014 mercantur,
1216 4957 1269 5001 et
1288 4947 1835 5018 Sybariticasmensas
1860 4952 2148 5025 instruunt,

569 5045 626 5090 et
648 5037 930 5105 supercilia
956 5038 1245 5108 surriguut,
1274 5050 1327 5093 et
1350 5038 1488 5093 fastu
1516 5040 1566 5093 in
1594 5037 1709 5094 foro
1728 5040 1865 5109 pleni
1890 5056 2152 5113 pauperes

474 5166 485 5173 -
571 5130 917 5199 opprimunt;
948 5131 1155 5200 quando
1177 5133 1476 5201 unigenitus
1506 5133 1597 5185 Dei
1625 5132 1790 5187 Filius
1836 5135 2006 5189 aderit
2032 5151 2151 5189 cum

569 5222 772 5290 angelis
796 5223 939 5287 suis,
967 5231 1023 5276 et
1056 5222 1247 5276 sedens
1282 5238 1443 5290 super
1474 5221 1719 5278 thronum
1750 5226 1894 5279 illttm
1915 5267 1930 5292 ,
1968 5227 2151 5280 urbem

573 5323 837 5366 terrarum
878 5313 929 5366 in
979 5312 1229 5367 medium—
1262 5313 1543 5368 adduxerit
1578 5332 1590 5367 :
1625 5324 1749 5370 tunc
1774 5317 1898 5370 tutdi
1928 5328 1981 5372 et
2010 5321 2153 5373 otuni

572 5420 671 5459 suo
695 5406 978 5474 splendore
1004 5404 1241 5460 destituti
1267 5407 1617 5475 adducentur,
1648 5418 1700 5463 et
1726 5410 1927 5463 nullum
1955 5410 2036 5465 vel
2064 5411 2155 5466 ad-

571 5506 852 5562 vocatum,
885 5496 968 5551 vel
1012 5507 1288 5566 patronum
1333 5498 1589 5554 habentes
1616 5541 1630 5563 ,
1663 5500 1865 5570 absque
1909 5504 2059 5555 venia
2104 5504 2154 5557 in

564 5588 758 5657 igneos
779 5586 964 5643 ﬂuvios
983 5590 1345 5659 projicieutur.
1372 5593 1705 5662 Quapmptcr
1725 5610 1895 5665 neque
1913 5594 2009 5650 hos
2032 5597 2157 5652 bea-

573 5692 658 5737 tos
686 5678 887 5735 dixeris
912 5682 979 5735 ob
1010 5692 1298 5751 pstesentes
1324 5683 1576 5749 delicias,
1610 5686 1703 5739 sed
1736 5688 1910 5755 putius
1938 5688 2075 5743 delle
2106 5699 2159 5745 et

574 5770 792 5839 deplora
820 5771 887 5825 ob
917 5770 1089 5827 futura
1118 5773 1379 5845 supplicia
1404 5793 1421 5841 ;
1451 5792 1621 5847 neque
1644 5776 1848 5847 justum
1879 5779 2024 5835 illum
2056 5781 2154 5836 mi-

1320 386 1377 440 S.
1418 379 1689 440 JOANN‘ES
1715 375 2185 435 Ciill‘t'SOSTUlll
2228 373 2545 431 AllCllZlil‘.
2588 374 3125 433 CONSTANTINOP.

3737 377 3848 428 αὔξη)

2255 503 2432 541 serum
2463 489 2846 543 existimaveris
2872 490 2941 543 ob
2966 497 3281 559 praesentem
3311 496 3673 558 paupertatem
3701 532 3716 554 .
3748 495 3844 545 sed

2250 595 2348 650 pro
2380 582 2532 633 beato
2565 581 2697 633 habe
2724 582 2793 634 ob
2821 581 3207 648 subsei‘ptentes
3235 581 3495 635 bonorum
3524 581 3758 648 divitias,
3785 596 3843 637 et

2251 672 2302 724 iu
2332 681 2421 725 tuo
2446 672 2623 725 animo
2645 687 2941 726 sermonem
2967 672 3106 725 hunc
3129 671 3195 728 de
3217 675 3605 727 resurrectione
3629 675 3839 727 radices

2250 778 2407 829 agere
2434 779 2560 816 cura
2592 782 2603 813 :
2636 774 2691 814 ut
2720 763 2762 815 si
2794 763 2962 816 bonus
2988 764 3155 817 fueris
3184 774 3239 817 et
3279 764 3535 828 teuteris,
3571 764 3846 831 probatior

2249 854 2461 916 evadas,
2491 854 2851 923 tnajoremque
2882 854 3207 909 alacritatem
3236 870 3331 924 per
3357 870 3505 926 spem
3536 856 3842 908 futurorum

2250 947 2477 1013 accipias
2504 965 2514 999 :
2540 949 2621 999 sin
2651 948 2817 999 malus
2842 988 2855 1011 ,
2889 963 2918 1000 a
2951 948 3148 1000 malitia
3176 948 3405 1001 desistas
3428 988 3442 1013 ,
3472 956 3527 1001 et
3555 947 3843 1001 continen-

2251 1037 2351 1088 tior
2378 1036 2472 1090 fias
2500 1038 2567 1100 ob
2596 1038 2837 1091 timorem
2868 1037 3023 1091 futuri
3052 1039 3315 1109 supplicii.

2320 1126 2373 1179 Ξ.
2409 1127 2607 1182 idcirco
2634 1137 2684 1183 et
2717 1130 2911 1185 I‘aulus
2936 1130 3002 1185 de
3029 1131 3419 1185 resurrectione
3443 1131 3591 1185 nobis
3613 1131 3845 1186 subinde

2250 1217 2409 1271 verba
2441 1217 2582 1283 facit,
2612 1219 3061 1287 quemadmodum
3092 1230 3144 1273 ct
3177 1220 3335 1274 hodie
3364 1221 3639 1275 audivistis
3666 1223 3840 1291 ipsum

2248 1310 2562 1362 clamantem
2585 1351 2599 1373 ,
2631 1320 2685 1364 et
2710 1310 2972 1365 dicentem
3006 1330 3016 1363 :
3048 1311 3249 1365 Scimus
3275 1314 3404 1365 enim
3435 1312 3569 1380 qttod
3602 1314 3647 1366 si
3687 1323 3843 1383 terre-

2249 1410 2349 1454 stre
2381 1412 2605 1455 nostrum
2642 1401 2949 1457 domicilium
2984 1403 3295 1456 tabernaculi
3323 1406 3473 1470 hujus
3510 1405 3835 1466 dissolvatur,

2250 1491 2450 1544 domum
2477 1508 2539 1544 ea:
2565 1491 2670 1545 Deo
2693 1493 2930 1546 habemus
2966 1510 3065 1546 non
3096 1498 3439 1564 manufarlam
3458 1537 3471 1560 ,
3501 1506 3758 1559 tetu-nam,
3787 1497 3843 1546 iu

2249 1584 2383 1637 aclis
2407 1582 2481 1653 (2.
2508 1583 2621 1636 Cor.
2648 1584 2700 1637 5.
2726 1584 2800 1653 l).
2835 1582 2943 1636 lmo
2970 1585 3128 1637 altius
3156 1599 3456 1639 sermonem
3486 1586 3760 1650 ducamus,
3785 1595 3842 1639 et

2250 1674 2525 1727 videamus
2569 1675 2836 1742 quomodo
2887 1675 2937 1728 in
2984 1689 3286 1729 sermonem
3332 1676 3400 1730 de
3449 1678 3843 1731 resurrectione

2252 1764 2515 1818 inciderit.
2544 1765 2721 1833 Neque
2749 1765 2889 1818 enim
2922 1766 3233 1833 simpliciter
3262 1784 3431 1834 neque
3461 1766 3676 1821 fortuito
3703 1770 3843 1823 hanc

2251 1854 2401 1907 nobis
2431 1854 2624 1908 all‘erre
2654 1854 2790 1908 solet
2816 1854 3111 1909 doctrinam
3147 1876 3159 1910 :
3190 1856 3280 1910 sed
3312 1858 3435 1926 quia
3466 1858 3619 1910 simul
3648 1858 3844 1912 docere

2251 1947 2361 2000 vult
2389 1964 2505 2015 qua:
2533 1948 2701 2000 futura
2749 1958 2871 2001 sunt
2902 1990 2916 2012 ,
2950 1958 3004 2002 ct
3033 1948 3258 2003 athletas
3286 1950 3497 2017 pietatis
3522 1950 3844 2003 conlirmaro

2251 2038 2445 2092 studet.
2474 2037 2623 2091 Nunc
2652 2039 2860 2107 quidem
2892 2039 3059 2108 gratia
3094 2040 3185 2094 Dei
3214 2041 3377 2093 multa
3412 2056 3541 2109 pace
3571 2040 3795 2094 fruimur
3824 2057 3837 2090 :

2252 2134 2445 2187 etenim
2496 2134 2846 2200 Imperatores
2892 2136 3030 2203 piam‘
3073 2134 3381 2202 religionem
3432 2144 3743 2197 sectantur,
3786 2146 3842 2187 ct

2255 2226 2519 2293 principes
2540 2226 2808 2279 veritatem
2830 2235 3176 2293 agnoverunt,
3200 2236 3252 2279 et
3277 2226 3476 2294 populi,
3501 2236 3552 2279 ct
3575 2226 3840 2287 civitates,

2252 2330 2298 2372 et
2323 2333 2507 2388 gentes
2531 2320 2798 2372 erroribus
2821 2319 3049 2381 liberati,
3074 2319 3343 2372 Christum
3366 2334 3553 2371 omnes
3572 2320 3797 2371 adorant
3824 2336 3839 2369 :

2253 2419 2376 2463 tunc
2417 2420 2593 2464 autem
2645 2410 2695 2462 in
2737 2410 2995 2479 principio
3038 2411 3431 2478 prtedieationis
3456 2451 3470 2473 ,
3508 2426 3627 2464 cum
3672 2426 3845 2478 nuper

2251 2502 2458 2569 pictatis
2497 2501 2697 2555 semina
2736 2503 2874 2570 jacta
2916 2509 3093 2554 essent
3119 2542 3131 2563 ,
3166 2517 3412 2570 magnum
3455 2501 3695 2569 pra-lium
3726 2512 3845 2555 erat

2251 2594 2631 2663 multiplexque
2672 2610 2734 2647 ac
2774 2595 2999 2647 varium.
3053 2594 3181 2649 Nam
3213 2595 3479 2663 principes
3507 2604 3559 2647 et
3597 2609 3750 2663 reges
3787 2605 3845 2649 ct

2249 2682 2524 2737 domestici
2557 2696 2607 2737 et
2652 2688 2861 2754 cognati
2895 2697 2943 2739 et
2976 2701 3161 2739 omnes
3198 2687 3576 2755 impugnabant
3608 2689 3789 2740 ﬁdeles
3825 2707 3839 2740 :

2250 2785 2303 2827 et
2330 2784 2658 2844 repugnante
2705 2786 2887 2830 natura
2942 2777 3053 2844 ipsa
3101 2777 3295 2830 bellum
3339 2776 3627 2830 oriebatur.
3684 2778 3843 2832 l'aler

2250 2870 2391 2922 enim
2423 2870 2585 2921 lilitnn
2616 2869 2857 2922 tradebat
2878 2884 3038 2937 smpe,
3064 2878 3117 2922 et
3150 2869 3307 2921 tiliam
3336 2878 3522 2929 mater,
3549 2881 3601 2922 et
3625 2884 3839 2921 servum

2250 2958 2433 3013 herus.
2482 2960 2661 3030 Neque
2694 2961 2835 3013 enim
2877 2961 3115 3013 civitates
3153 2960 3278 3013 sol-.e
3304 3001 3317 3024 ,
3352 2976 3523 3029 neque
3556 2962 3799 3029 regiones
3827 2998 3857 3021 ,-

2250 3048 2343 3102 sed
2379 3059 2432 3102 et
2466 3048 2656 3102 domus
2689 3064 3081 3119 nonnumquam
3117 3049 3167 3101 in
3202 3049 3402 3117 seipSaS
3442 3059 3599 3103 sech
3639 3062 3792 3104 erant
3825 3093 3839 3114 ,

2251 3150 2471 3212 eratque
2502 3142 2756 3197 tumultus
2776 3184 2799 3206 ι
2820 3144 2907 3212 qui
2945 3128 3067 3195 tunc
3106 3142 3357 3195 sceviebat
3384 3184 3398 3205 ,
3426 3144 3655 3197 atrocior
3682 3160 3841 3212 quant

2253 3232 2557 3286 intestinum
2584 3234 2807 3302 quodvis
2837 3232 3056 3287 bellum.
3089 3232 3218 3286 Nam
3250 3232 3526 3289 facultates
3554 3234 3839 3302 rapieban-

2252 3332 2355 3388 tur,
2387 3324 2601 3377 Iibcrtas
2627 3322 2963 3378 auferebatur
2984 3364 2997 3385 ,
3030 3333 3083 3377 et
3108 3325 3227 3377 vitae
3255 3323 3549 3392 periculum
3589 3326 3841 3379 immine-

2251 3416 2337 3469 bat
2364 3457 2379 3481 ,
2413 3430 2516 3468 non
2544 3415 2684 3484 quod
2713 3414 2921 3468 barbari
2954 3415 3004 3467 in
3039 3429 3135 3468 nos
3168 3415 3523 3469 incursionem
3554 3414 3792 3470 facerent
3823 3459 3837 3477 ,

2251 3508 2343 3560 sed
2384 3508 2470 3575 qui
2502 3506 2815 3559 videbantur
2840 3506 2995 3560 nobis
3024 3521 3251 3575 pra'esse
3276 3517 3327 3560 et
3357 3507 3654 3569 dominari,
3688 3507 3845 3576 pejus

2251 3612 2372 3666 erga
2418 3597 2659 3649 subditos
2685 3638 2698 3661 ,
2731 3612 2887 3665 quam
2929 3597 3214 3651 bellatores
3253 3611 3440 3650 omnes
3466 3596 3635 3650 allecti
3665 3612 3838 3651 erant.

2251 3689 2316 3741 Et
2344 3688 2443 3739 hoc
2474 3687 2708 3740 declarat
2733 3688 2947 3751 Paulus,
2978 3702 3041 3741 ac
3067 3687 3194 3742 dicit
3217 3704 3231 3741 :
3258 3686 3420 3740 Grave
3446 3697 3697 3741 certamen
3726 3707 3843 3757 pas-

2256 3781 2453 3831 sionum
2497 3778 2801 3831 sustinuistis
2842 3794 2861 3831 .'
2890 3788 2936 3831 et
2977 3779 3027 3830 in
3056 3780 3214 3837 altera
3253 3778 3450 3843 quidem
3481 3778 3763 3847 opprobriis
3796 3790 3845 3830 rt

2252 3870 2655 3921 tribulationibus
2690 3869 3031 3937 spectaculum
3059 3869 3178 3937 facti
3203 3885 3220 3921 :
3241 3871 3292 3921 in
3322 3870 3480 3921 altera
3518 3877 3684 3922 autem
3719 3873 3845 3922 socii

2211 4022 2222 4031 _
2257 3960 2425 4013 taliter
2452 3962 2849 4014 conrcrsanlium
2880 3960 3061 4027 eﬂ'ecti.
3098 3960 3235 4014 Nam
3256 3972 3300 4015 ct
3324 3962 3535 4014 vinculis
3562 3964 3682 4016 meis
3705 3978 3847 4014 com-

2255 4052 2648 4120 paticbamini,ct
2660 4052 2987 4120 direptionem
3005 4052 3303 4120 facultatum
3316 4062 3589 4105 vestrarum
3602 4069 3712 4105 cum
3725 4069 3846 4124 gau-

2255 4141 2340 4194 dio
2366 4140 2548 4195 tulistis
2571 4140 2754 4212 (Hebr.
2782 4142 2867 4196 10.
2889 4142 3103 4211 52-54).
3134 4143 3214 4196 Ad
3240 4142 3454 4198 Galatas
3478 4152 3652 4197 autem
3676 4143 3804 4197 dicit
3827 4161 3841 4197 :

2261 4230 2423 4283 Tanta
2452 4234 2587 4300 passi
2611 4233 2731 4285 estis
2757 4236 2965 4301 frustra,
2988 4234 3032 4286 si
3061 4234 3210 4301 modo
3234 4243 3277 4285 et
3304 4237 3493 4303 frustra
3520 4232 3661 4304 (Gul.
3685 4236 3737 4288 3.
3760 4236 3844 4301 ι).

2253 4320 2819 4378 Thessalonicensibus
2847 4338 3058 4393 quoque
3084 4363 3098 4384 .
3127 4334 3181 4378 et
3209 4322 3638 4392 Philippensibus
3661 4366 3677 4392 ,
3708 4335 3762 4379 et
3791 4328 3845 4381 in

2253 4428 2450 4482 genere
2473 4416 2740 4482 omnibus,
2765 4416 2959 4471 Paulus
2984 4415 3247 4480 scribens.
3276 4416 3440 4469 multa
3469 4414 3729 4485 ejusmodi
3759 4430 3844 4473 tc-

2254 4515 2443 4561 statur.
2488 4508 2672 4577 Neque
2702 4508 2803 4562 hoc
2833 4508 3006 4563 solum
3038 4517 3153 4562 erat
3180 4522 3340 4578 grave
3362 4548 3377 4573 ,
3404 4506 3545 4577 quod
3573 4506 3701 4562 foris
3737 4507 3847 4563 fte-

2254 4614 2424 4668 quens
2463 4599 2657 4653 bellum
2690 4598 2973 4668 gerebatur
2997 4640 3011 4666 ,
3042 4607 3094 4654 et
3122 4598 3430 4653 continuum
3455 4616 3470 4664 ;
3499 4598 3593 4653 sed
3622 4598 3762 4668 quod
3795 4608 3851 4654 et

2256 4691 2395 4746 inter
2436 4690 2619 4746 fideles
2650 4690 2793 4759 ipsos
2819 4699 3004 4745 exorta
3040 4691 3254 4744 fuerunt
3282 4689 3532 4743 nonnulla
3564 4688 3849 4754 scandala,

2256 4790 2309 4835 et
2337 4781 2475 4846 lites,
2503 4788 2558 4833 et
2582 4779 2969 4844 contentiones,
2999 4790 3051 4834 et
3077 4780 3443 4834 a-mulationes
3472 4799 3486 4833 :
3512 4796 3628 4848 quze
3654 4791 3704 4834 et
3734 4780 3851 4849 ipsa

2257 4871 2560 4926 manifestat
2587 4871 2780 4925 Paulus
2806 4872 2988 4926 dicens
3019 4888 3030 4923 :
3064 4870 3215 4925 Foris
3236 4887 3439 4940 pugnat,
3474 4870 3607 4923 intus
3645 4871 3853 4926 timores

2260 4963 2333 5031 (9..
2358 4961 2474 5015 Cor.
2502 4962 2553 5015 7.
2581 4964 2660 5034 5).
2694 4961 2886 5016 Verum
2920 4962 3058 5015 istud
3089 4960 3259 5029 ipsum
3294 4961 3492 5014 bellum
3519 4960 3687 5013 multo
3707 4970 3851 5015 atro-

2261 5056 2373 5110 cius
2403 5066 2515 5111 crat
2545 5066 2598 5109 et
2637 5055 2862 5109 subditis
2890 5066 2943 5109 et
2974 5054 3391 5123 praeceptoribus
3424 5070 3437 5106 :
3470 5052 3710 5121 profecto
3744 5070 3853 5108 non

2260 5156 2464 5200 tantum
2488 5146 2821 5200 inimicorum
2852 5144 3067 5197 insidias
3087 5144 3405 5198 formidabat
3435 5142 3653 5209 Paulus,
3676 5159 3853 5215 quan-

2263 5247 2373 5291 tum
2398 5236 2737 5301 domesticas,
2760 5244 2814 5290 et
2832 5250 2949 5305 qua:
2972 5234 3106 5288 intra
3132 5234 3425 5289 Ecclesium
3447 5234 3852 5303 contingebant,

2264 5330 2444 5384 ruinas
2472 5339 2525 5383 et
2555 5329 3024 5406 transgressiones.
3070 5327 3202 5382 Nam
3228 5344 3349 5382 cum
3381 5328 3519 5398 apud
3550 5326 3856 5381 CorTuthios

2264 5430 2524 5477 scortatus
2549 5434 2691 5477 esset
2716 5423 2931 5493 quidam
2962 5422 3037 5490 (l.
3062 5420 3179 5475 Cor.
3208 5422 3261 5476 5.
3292 5430 3335 5474 et
3360 5421 3414 5474 2.
3443 5419 3558 5474 Cor.
3587 5418 3675 5490 2),
3706 5422 3856 5474 omni

2267 5525 2506 5586 tempore
2537 5516 2682 5569 illum
2711 5516 2897 5586 lugens
2924 5515 3315 5585 perseverabat,
3346 5515 3498 5569 itaut
3530 5515 3732 5568 viscera
3758 5528 3855 5569 sua

2272 5607 2642 5677 iisrumperet,
2672 5618 2726 5663 et
2754 5623 2935 5661 amare
2959 5608 3200 5676 ejularet.

2337 5698 2640 5753 Christiana:
2665 5698 2779 5752 eine
2804 5698 3063 5767 perfectio.
3083 5728 3153 5738 —-
3180 5697 3310 5753 Erat
3353 5706 3408 5753 et
3444 5696 3656 5752 tertium
3688 5712 3858 5767 genus

2270 5788 2536 5859 quoddam
2568 5804 2673 5845 non
2704 5790 2880 5845 minus
2903 5790 3269 5845 molestiarum
3290 5831 3305 5857 ,
3334 5803 3490 5859 quam
3520 5788 3720 5843 dictum
3750 5798 3856 5852 est,
