4070 6424
287 440 378 494 set
1349 432 1436 488 ne
1476 420 2046 485 RESUltBECTtOXE
2087 408 2538 478 lilOftTlT-ORUM.

284 552 525 605 ﬁdelibus
543 551 789 616 atferens,
808 549 918 618 ipsa
944 548 1145 603 scilicet
1169 563 1344 602 rerum
1372 556 1581 610 natura,
1612 560 1729 612 qua:
1761 540 1848 594 fro

280 654 503 712 quentes
526 643 735 697 labores
752 651 805 695 et
822 640 1042 694 sudores
1059 639 1322 708 exigebat.
1343 637 1520 707 Neque
1542 635 1683 690 enim
1705 634 1872 688 facilis

285 743 340 787 ct
395 734 526 788 levis
581 741 697 786 erat
747 733 858 798 via,
917 731 980 784 ad
1029 746 1186 799 quam
1256 729 1376 782 illos
1424 727 1691 782 ducebam
1741 739 1872 792 apo-

281 825 402 877 stoli
435 843 448 876 :
477 822 570 877 sed
601 838 787 894 aspera
815 833 868 877 et
897 821 1200 892 inexpedita
1231 861 1244 884 ,
1278 836 1396 889 qua:
1426 820 1658 873 animam
1691 817 1870 886 requi-

281 917 428 969 rebat
469 917 736 980 sobriam,
783 927 840 970 et
879 917 1127 985 vigilem,
1169 931 1222 968 et
1261 915 1495 982 undique
1539 912 1870 981 diligentem.

281 1008 570 1076 Propterea
600 1017 653 1062 et
681 1007 924 1061 (.‘bris‘tus
950 1017 1229 1075 augustam
1261 1015 1314 1060 et
1337 1015 1540 1060 arctam
1577 1007 1743 1074 ipsam
1775 1018 1872 1056 vo-

277 1101 438 1153 cavit.
469 1100 652 1169 Neque
681 1100 823 1154 enim
856 1100 1033 1153 vivere
1065 1100 1290 1153 licenter
1320 1109 1374 1152 et
1396 1098 1598 1166 absque
1625 1107 1765 1168 metu
1796 1095 1875 1150 fas

278 1201 428 1256 erat,
452 1193 587 1245 sicut
611 1191 749 1260 apud
775 1200 962 1259 gentes
990 1191 1040 1244 in
1070 1189 1394 1257 turpitudine
1416 1200 1465 1244 et
1494 1190 1754 1244 ebrietate
1776 1229 1790 1250 ,
1821 1197 1876 1242 et

281 1282 638 1349 belluatione,
673 1291 725 1337 et
746 1283 980 1344 deliciis,
1010 1292 1064 1336 et
1095 1281 1218 1335 lusu
1248 1299 1260 1337 :
1286 1281 1380 1335 sed
1411 1280 1689 1349 oportebat
1711 1281 1872 1334 etiam

281 1364 491 1428 frenare
519 1373 844 1427 iracundiam
865 1415 879 1439 ,
906 1382 960 1427 et
982 1374 1245 1442 imperare
1277 1371 1473 1426 illicita:
1495 1371 1877 1438 concupiscen-

280 1469 364 1520 tiae
389 1507 404 1530 ,
430 1476 484 1520 et
509 1465 785 1534 despicere
805 1481 935 1534 opes
961 1507 975 1530 ,
1007 1473 1058 1519 et
1081 1465 1394 1518 conculcarc
1415 1464 1636 1533 gloriam
1659 1504 1674 1527 ,
1705 1471 1757 1515 ct
1782 1477 1872 1514 su-

279 1560 540 1626 periorem
572 1573 690 1610 esse
722 1557 914 1610 invidia
946 1566 998 1610 et
1021 1556 1204 1608 livore.
1236 1554 1366 1620 Qua:
1396 1553 1605 1623 qualem
1636 1552 1872 1605 laborem

280 1649 592 1717 requirunt,
634 1649 815 1702 sciunt
856 1648 920 1712 ii,
951 1647 1038 1715 qui
1077 1661 1198 1700 cum
1229 1646 1333 1706 illis
1373 1643 1611 1714 quotidie
1645 1651 1872 1698 certant.

277 1740 414 1806 Quid
443 1739 584 1792 enim
607 1781 620 1804 ,
651 1738 758 1804 die,
789 1753 906 1799 oro.
936 1738 1177 1792 infestius
1212 1738 1389 1790 illicita
1418 1735 1873 1805 concupiscentia,

277 1846 396 1896 quin
428 1829 588 1882 veluti
623 1828 837 1882 rabidus
876 1828 1024 1882 canis
1063 1829 1112 1880 in
1156 1841 1252 1880 nos
1296 1826 1551 1880 continuo
1578 1825 1775 1889 insilit,
1821 1835 1875 1879 et

276 1922 519 1990 quotidie
548 1936 644 1974 nos
671 1920 954 1986 obturbat,
979 1927 1139 1988 atque
1166 1917 1462 1986 adeoopus
1491 1911 1647 1972 habet
1677 1931 1868 1986 perpe-

279 2023 371 2064 tuo
400 2011 633 2080 vigilanti
660 2011 878 2064 anima?
921 2009 1036 2063 Iam
1064 2008 1191 2078 quid
1219 2009 1455 2063 amarius
1485 2008 1604 2060 ira?
1630 2008 1758 2060 Nam
1785 2007 1874 2076 ju-

277 2106 517 2155 cundum
543 2101 757 2170 quidem
782 2109 870 2155 est
894 2099 1073 2155 ulcisci
1104 2113 1260 2160 eum,
1290 2097 1378 2166 qui
1406 2112 1502 2149 nos
1532 2097 1719 2166 injuria
1749 2096 1876 2150 all'e-

279 2194 388 2258 cit,
424 2202 475 2246 at
509 2193 610 2247 hoc
639 2207 745 2246 non
774 2191 987 2245 licebat.
1020 2189 1156 2257 Quid
1193 2188 1346 2254 dico,
1391 2203 1496 2242 non
1539 2188 1755 2243 licuisse
1799 2188 1876 2242 ul-

277 2282 450 2335 cisci?
495 2281 604 2335 imo
630 2281 913 2351 oportebat
941 2289 996 2334 et
1036 2279 1487 2335 contristantibus.
1517 2276 1834 2334 benefacere
1854 2320 1872 2344 ,

278 2383 335 2428 et
364 2373 684 2427 scommatis-
704 2371 1218 2426 nos-incessantibus
1238 2369 1588 2434 benedicere,
1619 2378 1673 2424 et
1703 2384 1770 2424 ne
1797 2370 1879 2423 ul-

281 2466 391 2519 lum
421 2463 634 2534 quidem
668 2468 916 2533 umquam
939 2478 1178 2517 amarum
1202 2461 1419 2517 verbum
1451 2460 1712 2532 proferre.
1738 2461 1876 2529 Quin

278 2565 337 2612 et
366 2555 747 2610 continentiam
780 2569 884 2608 non
911 2553 963 2607 in
991 2554 1120 2608 solis
1141 2553 1392 2622 operibus
1411 2591 1426 2617 ,
1461 2552 1555 2606 sed
1587 2562 1641 2606 et
1669 2552 1874 2622 cogita-

281 2649 429 2703 tione
454 2647 569 2717 ipsa
599 2655 899 2701 monstrare
919 2655 1150 2714 oportet.
1179 2644 1293 2698 Non
1320 2645 1461 2698 enim
1492 2645 1662 2698 solum
1693 2642 1761 2697 ab
1791 2643 1874 2697 in-

279 2738 627 2794 continentiae
657 2752 851 2807 opere,
885 2737 978 2792 sed
1008 2745 1062 2792 et
1082 2753 1112 2790 a
1144 2737 1230 2790 tali
1255 2728 1470 2805 aspectu
1500 2734 1874 2790 abstinendum

278 2840 364 2886 est
388 2872 402 2896 ,
427 2847 598 2900 neque
623 2847 688 2885 ex
717 2830 949 2885 formoso
971 2829 1251 2883 mulierum
1274 2839 1494 2898 aspectu
1516 2829 1760 2899 voluptas
1785 2843 1878 2883 ao-

280 2922 527 2994 eipienda
557 2940 571 2978 :
601 2939 723 2977 nam
750 2934 803 2978 et
839 2923 914 2977 ob
945 2920 1103 2976 talem
1147 2920 1652 2990 contemplationem
1693 2930 1874 2975 extre.

282 3031 428 3069 mum
457 3015 774 3083 supplicium
803 3014 1087 3084 irrogatur.
1111 3008 1244 3066 Cum
1275 3012 1432 3081 igitur
1452 3022 1506 3066 et
1528 3020 1732 3066 tantum
1762 3008 1875 3066 bel-

283 3107 396 3159 lum
427 3105 494 3159 ab
525 3106 622 3172 iis,
667 3120 786 3174 qua:
814 3103 978 3170 foris,
1023 3113 1076 3158 et
1117 3112 1296 3157 tantus
1339 3103 1498 3156 timor
1527 3103 1591 3156 ab
1622 3102 1716 3170 iis,
1758 3116 1877 3171 quc

282 3196 424 3251 intus
448 3213 462 3249 :
489 3209 708 3265 magnus
737 3208 948 3264 quoque
972 3202 1086 3248 erat
1111 3193 1261 3247 labor
1290 3193 1341 3248 in
1364 3191 1690 3247 exercendis
1709 3192 1878 3246 virtu-

280 3287 445 3342 tibus.
479 3287 698 3342 Accedit
716 3298 894 3342 autem
922 3297 974 3340 et
995 3294 1262 3356 quartum‘.
1287 3284 1417 3340 Nam
1441 3284 1700 3354 inexperti
1723 3294 1876 3339 erant

279 3379 594 3432 certaminis
624 3378 788 3442 tanti,
819 3377 960 3447 quod
986 3375 1298 3431 certandum
1325 3384 1439 3431 erat
1469 3393 1483 3431 :
1517 3391 1691 3446 neque
1732 3377 1876 3431 enim

277 3470 510 3539 aposwli
539 3485 665 3537 eos,
702 3471 790 3539 qui
831 3485 859 3523 a
891 3468 1320 3539 progenitoribus
1357 3469 1467 3522 suis
1501 3470 1751 3537 pietatem
1779 3483 1874 3523 ex-

278 3570 571 3633 ceperant,
619 3559 940 3614 erudieudos
978 3559 1151 3614 sortiti
1195 3567 1356 3624 sunt,
1398 3557 1491 3612 sed
1531 3557 1784 3613 educatos
1824 3559 1876 3612 in

281 3654 506 3707 mollitie
528 3663 582 3707 et
605 3652 842 3718 deliciis,
886 3661 942 3706 et
977 3650 1273 3717 ebrietate,
1316 3660 1372 3706 et
1413 3649 1780 3720 turpitudine,
1822 3660 1878 3705 et

283 3742 711 3811 intemperantia.
743 3741 924 3810 Neque
952 3740 1053 3794 hoc
1077 3740 1223 3810 parvi
1245 3740 1503 3794 momenti
1532 3748 1669 3806 erat,
1691 3749 1745 3794 ut
1769 3739 1873 3794 dif-

283 3833 475 3887 [icilius
505 3830 818 3886 redderetur
839 3842 1110 3887 certamen
1132 3872 1145 3897 ,
1172 3831 1314 3901 quod
1336 3846 1453 3885 eam
1482 3831 1873 3900 philosOphiam

281 3938 458 3993 neque
479 3923 755 3992 superiora
777 3931 1036 3991 tempora,
1065 3936 1239 3992 neque
1265 3931 1515 3991 parentes
1538 3921 1836 3978 docncrant
1859 3941 1872 3976 :

281 4014 378 4068 sed
425 4023 550 4068 tunc
588 4015 817 4084 primum
858 4013 925 4068 ad
970 4013 1271 4084 hujusmodi
1310 4013 1602 4068 certamina
1648 4013 1878 4070 instrue-

281 4104 500 4159 bantur.

359 4217 414 4270 3.
443 4215 575 4270 Cum
607 4213 768 4286 igitur
799 4226 939 4271 tanta
970 4225 1095 4272 tunc
1121 4227 1262 4273 esset
1288 4219 1524 4274 certandi
1559 4219 1875 4292 difﬁcultas,

280 4309 509 4373 Paulus,
542 4320 598 4363 ut
624 4310 890 4365 solaretur
914 4312 1229 4366 certantium
1263 4311 1496 4366 laborem
1519 4353 1534 4376 ,
1562 4313 1788 4368 subinde
1811 4313 1878 4368 de

280 4402 678 4456 resurrectione
706 4416 1007 4456 sermonem
1039 4403 1286 4458 movebat
1316 4421 1328 4456 :
1363 4413 1416 4458 ct
1445 4420 1547 4457 non
1578 4403 1676 4456 hac
1702 4407 1874 4458 solum

280 4492 668 4546 adhortabatur
717 4493 946 4547 athletas
977 4534 991 4558 ,
1052 4495 1145 4549 sed
1193 4503 1247 4548 et
1295 4509 1511 4548 suarum
1568 4497 1875 4564 passionum

278 4585 624 4640 cam-ratione
659 4604 672 4640 :
701 4600 870 4656 eaque
897 4587 962 4641 de
991 4601 1147 4641 causa
1176 4597 1458 4657 antequam
1491 4589 1541 4642 in
1573 4603 1874 4643 sermonem

288 4675 359 4729 de
387 4676 776 4730 resurrectione
808 4677 1036 4741 incidat,
1067 4693 1188 4731 suas
1219 4679 1496 4746 passiones
1526 4681 1772 4748 exponit,
1802 4679 1878 4734 sic

277 4765 508 4819 dicens:
543 4763 608 4818 In
649 4765 877 4821 omnibus
922 4769 1215 4835 premimur,
1262 4779 1317 4821 at
1369 4787 1470 4823 non
1514 4772 1654 4824 anxii
1705 4772 1879 4824 reddi-

279 4872 396 4909 mur
421 4873 439 4910 :
468 4855 755 4912 laboramus
775 4900 790 4926 ,
819 4868 872 4911 at
914 4876 1013 4911 non
1043 4860 1360 4914 destiterimur
1391 4877 1409 4913 .'
1439 4867 1877 4931 perseqnntt'onem

277 4948 538 5017 patimur,
570 4959 621 5001 at
655 4965 761 5002 non
792 4951 845 5003 in
887 4949 1248 5005 ea'deserimur
1278 4968 1296 5007 :
1328 4954 1624 5023 dt'jicimur,
1676 4965 1728 5008 at
1776 4973 1877 5010 non

279 5041 504 5109 perimus
527 5040 544 5072 ¹
576 5040 635 5110 (2
659 5040 777 5096 Cor.
809 5043 860 5097 ι.
887 5047 937 5097 8.
966 5043 1043 5116 9).
1086 5044 1288 5112 Quibus
1317 5035 1494 5100 verbis
1540 5049 1876 5117 quotidianas

276 5143 482 5186 mortes
510 5132 786 5204 designat,
817 5150 882 5190 eo
912 5136 1051 5205 quod
1088 5138 1241 5207 quasi
1277 5139 1492 5192 animati
1524 5141 1717 5193 mortui
1745 5156 1879 5211 quo-

267 5220 408 5279 tidie
434 5225 500 5279 ad
531 5237 756 5281 mortem
781 5227 1144 5284 tradebantur
1171 5247 1185 5285 :
1213 5243 1333 5284 cum
1362 5244 1490 5299 ergo
1525 5230 1638 5284 haec
1674 5231 1878 5302 inﬂige-

276 5327 467 5369 rentur
488 5357 504 5381 ,
549 5316 674 5370 hinc
709 5332 1013 5372 sermonem
1051 5318 1194 5373 hunc
1228 5319 1295 5373 de
1326 5321 1718 5375 resurrectione
1763 5338 1878 5376 mo-

275 5416 372 5474 νῃ.
405 5393 668 5461 Credimus
699 5410 831 5462 enim
853 5451 868 5475 ,
902 5410 1008 5476 ait,
1042 5412 1178 5479 quod
1213 5411 1255 5465 is
1283 5413 1368 5480 qui
1398 5414 1657 5465 suscitavit
1694 5412 1872 5467 Domi-

279 5516 402 5553 num
431 5508 658 5553 nostrum
686 5499 866 5554 Iesum
891 5502 1180 5568 Christum,
1205 5514 1250 5556 et
1276 5519 1374 5557 nos
1397 5521 1486 5573 per
1508 5491 1682 5557 Iesum
1709 5506 1875 5557 susci-

279 5589 403 5644 tabit
424 5629 440 5654 ,
464 5599 509 5644 et
539 5591 790 5644 uobiscum
812 5593 1079 5647 constituet
1109 5608 1127 5646 .'
1156 5603 1420 5664 propterea
1451 5595 1597 5648 malis
1625 5611 1723 5647 non
1755 5611 1872 5649 suc-

269 5765 547 5889 ‘uiagatbq
580 5779 790 5831 premor,
827 5778 880 5820 et
913 5772 988 5821 sic
1003 5772 1152 5822 totius
1173 5773 1436 5835 sequentia
1456 5772 1690 5836 pbraseos
1713 5771 1759 5821 in
1775 5773 1874 5823 sinv-

3467 415 3572 468 4’2!

1985 538 2266 590 cnmbimus
2289 579 2304 600 ,
2352 538 2622 589 maximam
2653 536 2703 588 in
2737 533 3089 588 certaminibus
3119 532 3240 601 ipsis
3269 531 3571 583 consolatio-

1986 625 2376 692 nem/tabentes,
2392 643 2530 696 spent
2547 625 2918 695 futurorumﬁl
2932 624 3055 679 Cor.
3071 625 3122 678 Δ.
3144 627 3224 678 te.
3249 625 3357 694 lli).
3377 626 3440 679 Et
3455 642 3561 681 nou

1985 716 2120 771 dixit
2147 717 2212 770 ad
2251 719 2395 788 ipsos
2423 719 2647 787 Propter
2675 718 2819 786 quod
2852 732 2920 771 ne
2948 717 3317 771 succumbatis
3354 719 3515 771 malis
3545 734 3562 771 :

1979 812 2071 866 sed
2101 811 2226 882 Quid
2265 812 2330 864 ait
2350 811 2380 866 ι
2408 809 2627 882 Propter
2667 810 2803 880 quod
2845 827 2946 864 non
2988 810 3361 866 succumbimus
3401 813 3570 866 malis.

1983 903 2226 956 Declarat
2247 917 2304 957 se
2324 917 2537 972 quoque
2559 902 2610 956 in
2639 902 2908 956 continuis
2926 901 3409 956 conﬂictationibus
3432 916 3570 956 esse.

1981 994 2271 1048 Enimvero
2294 996 2344 1048 in
2367 995 2656 1066 Olympicis
2683 993 3062 1049 certaminibus
3081 994 3280 1048 athleta
3310 996 3444 1048 intra
3469 1006 3568 1048 sta-

1980 1084 2125 1137 dium
2157 1094 2362 1150 certat,
2411 1085 2664 1155 magister
2702 1095 2880 1139 autem
2929 1085 3037 1138 ludi
3084 1084 3219 1140 foris
3252 1085 3539 1140 considens
3563 1126 3579 1149 ,

1980 1175 2328 1229 sermonibus
2362 1175 2517 1229 alfert
2564 1175 2855 1242 auxilium,
2905 1185 3232 1247 .atenusque
3280 1185 3577 1232 certantem

1983 1265 2259 1320 dumtaxat
2283 1266 2468 1334 juvat,
2498 1276 2760 1335 quatenus
2794 1267 3269 1323 acclamationibus
3310 1283 3578 1325 sermoni-

1982 1357 2186 1428 busque
2213 1350 2350 1412 valet
2377 1377 2389 1411 :
2420 1373 2592 1428 neque
2613 1359 2754 1413 enim
2778 1359 2881 1413 ulla
2902 1359 2950 1414 ei
2973 1360 3087 1430 lege
3109 1360 3432 1430 permittitur
3451 1376 3577 1432 pro-

1983 1450 2100 1518 pius
2129 1451 2381 1504 assiStcre
2402 1459 2455 1503 et
2477 1450 2720 1505 manibus
2745 1452 2891 1505 illum
2917 1451 3192 1521 adjuvare.
3220 1455 3286 1507 At
3311 1468 3465 1510 secus
3491 1470 3578 1510 res

1983 1541 2179 1596 habent
2222 1544 2525 1612 iii-pietatis
2563 1545 2966 1599 certaminibus.
3016 1545 3160 1600 Idem
3207 1547 3351 1601 enim
3399 1557 3483 1602 est
3526 1557 3581 1605 et

1983 1633 2180 1688 athleta
2221 1644 2274 1688 et
2319 1637 2574 1704 magister
2611 1635 2718 1689 ludi
2752 1653 2765 1687 :
2794 1645 2849 1691 et
2891 1637 3092 1693 idcirco
3121 1654 3227 1692 non
3269 1648 3417 1694 extra
3464 1649 3577 1696 sta-

1981 1723 2129 1778 dium
2166 1725 2319 1780 sedet
2349 1742 2364 1778 :
2393 1727 2487 1780 sed
2516 1726 2784 1797 ingressus
2810 1728 2878 1782 ad
2901 1729 3196 1784 certamina
3223 1730 3335 1800 ipsa
3359 1772 3374 1794 ,
3401 1731 3580 1786 ﬁrmat

1982 1816 2310 1885 compngilcs
2333 1857 2349 1882 ,
2380 1817 2564 1872 dicens
2594 1835 2606 1871 :
2642 1816 2863 1887 Propter
2883 1821 3021 1891 quod
3045 1821 3196 1876 matis
3223 1837 3323 1876 non
3347 1838 3581 1876 succutit-

1986 1907 2170 1962 bimus.
2206 1909 2271 1963 Et
2302 1925 2408 1964 non
2449 1910 2630 1977 dixit,
2677 1911 2904 1982 Propter
2937 1914 3079 1983 quod
3120 1914 3278 1969 malis
3319 1930 3424 1970 non
3452 1931 3577 1971 suc-

1981 1999 2208 2062 cumbo,
2257 2000 2389 2068 sed,
2431 1999 2588 2056 Malis
2627 2018 2730 2055 non
2762 2002 3411 2060 succumbinms-laudibus
3438 2007 3582 2076 ipsos

1982 2091 2189 2159 erigere
2219 2092 2426 2148 volens.
2455 2092 2562 2148 Sed
2581 2096 2807 2164 quamvis
2833 2096 2990 2150 ltomo‘
3016 2107 3185 2151 noster
3212 2109 3447 2154 externus
3471 2117 3582 2156 σοι-α

1982 2191 2252 2250 rumpatur
2275 2223 2289 2247 ,
2333 2193 2500 2237 tamen
2538 2185 2769 2240 internus
2808 2196 3080 2241 renovatur
3119 2189 3172 2242 in
3213 2190 3320 2245 dies
3356 2192 3582 2262 singulos

1984 2271 2210 2344 (Ibid.).
2265 2273 2397 2329 Vide
2449 2287 2647 2346 quanta
2713 2277 2782 2331 sit
2823 2277 3068 2348 Apostoli
3132 2280 3434 2350 prudentia.
3469 2283 3585 2338 Ad-

1982 2364 2188 2442 monuit
2224 2365 2453 2434 primum
2497 2381 2591 2421 eos
2617 2367 2686 2421 ab
2710 2366 3091 2425 afflictionibus
3120 2386 3253 2441 quas
3292 2371 3536 2428 ferebant
3565 2417 3580 2442 ,

1981 2451 2166 2508 dicens
2199 2471 2212 2506 :
2245 2452 2311 2509 In
2339 2455 2572 2511 omnibus
2597 2458 2874 2527 premimur
2899 2505 2916 2526 ,
2942 2472 2993 2514 at
3018 2477 3120 2515 non
3149 2463 3291 2516 anxii
3317 2463 3580 2518 reddimur

1982 2542 2089 2614 (Ib.
2110 2561 2139 2598 υ
2159 2546 2256 2618 .8).
2277 2546 2566 2602 Admonuit
2585 2550 2708 2605 item
2731 2566 2762 2604 a
2787 2553 3181 2609 resurrectione
3207 2554 3356 2622 Iesu,
3374 2556 3581 2624 dicens,

1984 2633 2124 2688 Nam
2148 2637 2236 2707 qui
2257 2639 2514 2694 suscitauit
2537 2639 2715 2696 Iesum
2735 2683 2751 2709 ,
2775 2651 2821 2696 et
2852 2659 2943 2696 nos
2968 2645 3226 2699 suscitabit
3251 2643 3355 2716 (Ib.
3385 2626 3440 2702 ii.
3467 2649 3581 2719 N).

2055 2727 2227 2783 Etiam
2265 2731 2319 2786 in
2345 2731 2440 2786 hac
2468 2735 2569 2786 vita
2595 2751 2783 2788 merces
2814 2735 3057 2789 bonorum
3083 2752 3292 2805 operum
3319 2739 3582 2793 tribuitur.

1979 2848 2053 2860 -—
2077 2819 2229 2876 Nunc
2268 2823 2426 2876 aliam
2460 2824 2746 2894 quamdam
2790 2825 3109 2882 adhortandi
3143 2830 3404 2885 rationem
3433 2829 3584 2884 indu-

1980 2911 2074 2968 cit.
2122 2911 2564 2984 Quandoquidem
2611 2917 2756 2972 enim
2807 2919 3054 2974 homines
3100 2920 3342 2990 plerique
3390 2923 3582 2991 pusillo

1982 3003 2161 3057 animo
2187 3013 2348 3070 sunt,
2378 3013 2431 3059 et
2458 3005 2685 3073 infirmi,
2720 3023 2784 3062 ac
2825 3009 3045 3076 miseri,
3078 3026 3140 3066 ac
3185 3011 3310 3066 licet
3335 3027 3574 3070 resurre-

1980 3095 2215 3150 ctionem
2246 3097 2387 3151 docti
2422 3098 2749 3177 negligentes
2775 3110 2922 3169 sunt,
2946 3111 3009 3156 et
3023 3101 3384 3174 obitemporis
3409 3104 3578 3177 longi-

1984 3187 2221 3242 tudinem
2249 3173 2602 3246 vacillant‘ae
2641 3192 2924 3247 recidunt:
2954 3192 3075 3248 ideo
3104 3173 3264 3249 aliam
3303 3195 3410 3250 illis
3450 3173 3578 3255 ante

1981 3279 2427 3335 resurrectionem
2447 3283 3047 3339 constituit-mercedem
3067 3300 3130 3339 ac
3154 3288 3580 3344 retributionem.

1983 3370 2321 3442 ELqua‘nam
2348 3374 2430 3428 illa
2445 3375 2475 3429 ?'
2490 3373 2714 3431 Tametsi
2729 3387 2970 3433 externus
2992 3379 3153 3433 homo
3163 3390 3332 3435 noster
3350 3398 3581 3453 corrum-

1985 3464 2122 3532 pitur
2139 3506 2153 3528 ,
2182 3466 2408 3520 internus
2425 3476 2599 3521 tanien
2627 3469 2896 3522 innovatur
2921 3471 3356 3543 indieuingutos
3391 3473 3496 3547 (Ib.
3527 3493 3578 3531 ο.

1986 3548 2097 3618 16).
2128 3549 2418 3603 Externum
2448 3551 2717 3606 hominem
2746 3567 2939 3623 corpus
2959 3597 2974 3620 ,
3011 3555 3277 3611 internum
3301 3599 3317 3624 ,
3344 3559 3578 3613 animam

1984 3650 2160 3694 vocat.
2205 3640 2354 3708 Quod
2394 3652 2571 3696 autem
2612 3642 2742 3698 dicit
2782 3644 3085 3714 hujnsmodi
3127 3656 3212 3701 est
3245 3664 3256 3700 :
3294 3657 3582 3718 antequam

1984 3745 2364 3803 resurgamus,
2411 3742 2467 3787 et
2513 3741 2798 3803 antequam
2849 3733 3091 3790 fruamur
3138 3737 3305 3807 gloria
3361 3739 3577 3805 futura,

1985 3821 2144 3875 etiam
2192 3836 2298 3876 non
2344 3837 2505 3892 parva
2550 3824 2637 3879 hic
2678 3824 2922 3879 laborum
2971 3829 3334 3883 remuneratio
3377 3830 3574 3898 datur,

1982 3925 2105 3967 cum
2137 3912 2275 3966 inter
2304 3913 2578 3982 angustias
2622 3914 2763 3984 ipsas
2802 3915 2980 3970 anima
3024 3927 3205 3972 nostra
3248 3918 3462 3987 junior,
3494 3935 3583 3976 sa-

1985 4004 2214 4072 pientior
2240 4006 2484 4074 etmagis
2513 4006 2598 4075 pia
2628 4007 2841 4074 evadit,
2873 4007 3077 4079 majore
3107 4009 3273 4078 pollet
3303 4011 3579 4081 patientia,

1985 4107 2040 4152 et
2081 4097 2269 4152 fortior
2307 4108 2467 4168 atque
2511 4101 2847 4155 constantior
2873 4102 3131 4172 persistit.
3161 4102 3291 4157 Nam
3329 4104 3468 4160 sicut
3503 4105 3580 4171 ii,

1983 4191 2070 4261 qui
2103 4192 2153 4245 in
2183 4192 2447 4262 corporali
2477 4194 2771 4249 certamine
2797 4203 3065 4265 pugnant,
3089 4204 3216 4252 ante
3240 4213 3495 4253 coronam
3516 4209 3583 4254 et

1986 4283 2223 4338 bravium
2273 4285 2323 4338 iu
2374 4285 2762 4343 exercitatione
2807 4296 2859 4341 et
2899 4289 3582 4361 poliestravipsamagnam

1987 4377 2258 4447 accipiunt
2288 4379 2591 4433 mercedem
2615 4420 2630 4444 ,
2673 4396 2738 4432 co
2767 4379 2910 4449 quod
2951 4396 3175 4450 corpora
3217 4397 3310 4435 sua
3345 4381 3580 4437 firmiora

1985 4479 2039 4524 et
2093 4469 2352 4524 validiora
2404 4470 2753 4525 exercitando
2811 4472 3052 4537 faciunt,
3105 4482 3159 4526 et
3214 4472 3578 4530 inﬁrmitatem

1987 4575 2200 4615 omnem
2247 4560 2509 4631 elfugiunt
2544 4581 2554 4616 :
2590 4564 2657 4616 ita
2686 4571 2738 4616 et
2781 4578 2880 4616 nos
2907 4563 3122 4618 virtutis
3161 4575 3433 4620 certamen
3468 4582 3585 4620 ccr-

1988 4660 2161 4706 tantes
2186 4693 2200 4714 ,
2249 4653 2559 4722 priusquam
2602 4654 2872 4722 aperiatur
2896 4655 3083 4709 caelum
3107 4697 3121 4721 ,
3154 4657 3460 4726 priusquam
3497 4656 3583 4712 Fi-

1986 4740 2087 4795 lius
2117 4741 2207 4795 Dei
2234 4742 2389 4806 adsit,
2428 4743 2734 4813 priusquam
2767 4743 3145 4799 retributiones
3184 4747 3335 4800 nobis
3364 4747 3582 4812 duntur,

1987 4849 2232 4903 magnam
2265 4835 2566 4891 mercedem
2611 4836 2940 4905 accipimus,
2991 4853 3055 4892 eo
3098 4839 3240 4907 quod
3277 4841 3452 4896 anima
3500 4857 3586 4895 sa-

1988 4925 2202 4996 pientia:
2234 4925 2326 4978 fiat
2353 4927 2639 4980 amantior.
2673 4927 2880 4982 Etenim
2919 4929 3008 4998 qui
3041 4944 3188 4984 mare
3229 4932 3539 5000 navigarunt
3567 4975 3582 4998 ,

1984 5029 2039 5072 et
2059 5009 2368 5073 innumeras
2395 5020 2657 5089 procellas
2689 5021 2952 5084 tulerunt,
2981 5031 3034 5076 et
3059 5023 3256 5078 multas
3288 5033 3581 5096 tempesta-

1987 5116 2066 5163 tes
2098 5110 2337 5180 perpessi
2381 5120 2541 5178 sunt,
2583 5122 2786 5166 etcum
2830 5113 3009 5168 multis
3037 5114 3223 5170 bestiis
3263 5125 3538 5171 certarunt
3565 5161 3578 5181 .
3619 5174 3622 5177 _

1985 5209 2108 5255 ante
2120 5216 2350 5257 mercem
2373 5203 2538 5271 ipsam
2558 5221 2662 5258 non
2688 5220 2905 5274 parvqu
2922 5223 2951 5260 c
2973 5221 3132 5274 parva
3153 5210 3581 5278 peregrinatione

1986 5293 2084 5348 ista
2139 5306 2414 5365 reportant
2467 5297 2707 5363 lucrum,
2755 5298 3028 5354 conlidsre
3071 5302 3280 5356 scilicet
3338 5313 3390 5358 et
3435 5321 3582 5359 mare

1985 5393 2248 5450 temnere,
2279 5401 2341 5441 ac
2364 5387 2647 5457 intrepide,
2683 5390 2789 5443 imo
2814 5404 2935 5450 cum
2964 5390 3238 5460 voluptate
3266 5397 3580 5447 transmari-

1984 5494 2081 5532 nas
2119 5479 2240 5533 illas
2269 5495 2426 5550 agere
2469 5482 2968 5550 peregrinationes:
3005 5484 3075 5537 ita
3117 5494 3169 5538 et
3215 5485 3302 5552 qui
3347 5476 3396 5538 in
3440 5502 3577 5554 pra-.-

1983 5571 2120 5625 senti
2162 5571 2264 5624 vita
2295 5581 2511 5640 propter
2539 5571 2810 5626 Christum
2854 5573 3048 5626 multas
3089 5574 3189 5627 fert
3218 5575 3533 5630 alllictiones
3559 5619 3574 5639 ,

1983 5664 2255 5733 multaque
2281 5664 2458 5731 gravia
2491 5665 2704 5732 patitur,
2736 5663 3050 5720 etiamante
3081 5681 3298 5734 regnum
3323 5667 3573 5720 eielorum

1983 5769 2236 5824 magnam.
2257 5754 2401 5808 illam
2430 5754 2840 5810 retributionem
2864 5756 3165 5824 assequitur
3195 5775 3208 5810 :
3237 5755 3361 5809 dum
3386 5770 3575 5825 magna

1989 5847 2074 5903 hic
2103 5849 2301 5919 potitur
2331 5846 2545 5918 ﬁducia,
2577 5848 2918 5920 animamque
2940 5863 3089 5904 suam
3118 5849 3185 5904 ita
3209 5848 3474 5904 excelsam
3508 5849 3574 5906 of»
