4070 6460
545 424 651 479 425

541 535 649 591 Iieit
673 574 688 600 ,
719 541 773 588 ut
800 530 1019 603 posthac
1058 530 1230 600 gravia
1261 529 1436 583 omnia
1463 526 1611 597 quasi
1649 542 1679 580 e
1707 523 1918 579 sublimi
1958 522 2102 577 deri-

542 627 681 681 deat.

610 714 768 768 Pauli
793 728 975 767 merces
997 720 1111 765 ante
1133 711 1557 765 resurrectionem.
1579 736 1654 749 —-
1675 707 1746 764 Ut
1766 716 1941 761 autem
1963 704 2105 775 quod

538 807 784 871 dicimus,
813 804 984 858 adhuc
1027 801 1357 856 manifestius
1405 809 1582 872 pateat
1612 842 1629 867 ,
1688 799 1931 867 exemplo
1978 796 2107 852 illud

540 898 811 953 declarare
836 894 1097 949 volumus.
1134 893 1325 948 Paulus
1352 894 1458 957 ille,
1488 894 1771 948 exantlatis
1812 891 2107 945 innumeris

541 988 712 1052 malis,
742 1000 918 1040 nonne
946 984 1177 1053 insignes
1204 983 1579 1038 retributiones
1603 982 1807 1057 accepit
1835 995 1954 1034 eum
1980 979 2106 1033 irri-

536 1077 689 1132 deret
734 1086 1002 1146 tyrannos,
1046 1088 1170 1127 eum
1222 1071 1531 1126 furibundos
1573 1071 1793 1140 populos
1842 1070 2104 1134 incitaret,

536 1186 657 1225 cum
701 1183 889 1223 omnes
933 1182 1118 1238 ptenas
1162 1174 1545 1229 contemneret,
1603 1166 2003 1236 impavidusque
2054 1174 2108 1218 et

537 1259 888 1329 imperculsus
921 1266 1160 1313 maneret
1197 1266 1380 1311 contra
1425 1257 1643 1321 bestias,
1672 1268 1857 1311 Contra
1883 1258 2102 1321 ferrum,

536 1354 588 1405 in
614 1351 769 1415 mari,
794 1351 845 1403 in
876 1350 1197 1418 praecipitiis,
1221 1349 1273 1401 in
1298 1346 1662 1413 seditionibus,
1692 1348 1742 1399 in
1764 1347 1987 1411 insidiis,
2014 1347 2107 1400 de-

538 1442 696 1512 nique
725 1442 778 1494 in
807 1440 959 1494 malis
991 1437 1275 1493 omnibus?
1304 1437 1439 1507 Quid
1471 1436 1592 1490 huic
1619 1435 1849 1490 conferri
1900 1435 2108 1505 potest?

536 1533 823 1589 Enimvero
870 1533 1135 1587 hominem
1178 1545 1284 1585 non
1326 1531 1690 1595 exercitatum,
1720 1538 1774 1583 et
1814 1528 1942 1583 nihil
1985 1528 2108 1582 mali

539 1634 811 1694 expertum
841 1624 923 1677 vel
950 1623 1084 1678 levia
1122 1638 1345 1692 quaeque
1376 1623 1586 1677 turbare
1628 1622 1837 1676 solent:
1865 1622 1972 1676 into
2002 1635 2105 1675 non

538 1716 709 1769 solum
738 1729 824 1769 res
861 1716 1010 1784 ipsae,
1040 1712 1134 1768 sed
1161 1720 1214 1767 et
1244 1713 1387 1768 leves
1423 1712 1864 1781 exSpeetationes,
1902 1720 1955 1766 et
1981 1711 2105 1781 quid

537 1806 655 1859 dico
682 1804 827 1859 leves
854 1804 1310 1873 exspectationes?
1339 1805 1497 1858 etiam
1521 1817 1695 1859 rerum
1728 1804 1925 1857 umbrae
1955 1805 2105 1872 pavi-

539 1894 664 1949 dum
692 1894 922 1951 reddunt
946 1904 1002 1949 et
1022 1903 1341 1963 perterrent.
1373 1893 1569 1947 Verum
1596 1893 1683 1962 qui
1710 1894 2029 1947 exercitatus
2055 1893 2106 1946 in

535 1994 804 2040 certamen
838 1985 1145 2054 ingreditur,
1192 1999 1255 2038 ac
1301 1984 1463 2037 multa
1506 1991 1630 2037 ante
1659 1982 1794 2036 mala
1826 1998 2107 2052 perpessus

540 2087 643 2141 est,
674 2077 719 2131 is
747 2078 993 2131 omnibus
1017 2084 1201 2147 postea
1230 2075 1473 2145 superior
1499 2076 1658 2140 fit,et,
1690 2085 1960 2142 tamquam
1984 2089 2131 2142 εῖδει--

541 2170 687 2225 culos
710 2170 1046 2233 crocitantes,
1091 2181 1185 2222 eos
1208 2168 1298 2236 qui
1327 2167 1612 2231 minantur,
1650 2166 1959 2219 contemnit.
1991 2164 2109 2218 Non

537 2272 701 2328 parva
736 2266 915 2313 autem
945 2267 1027 2311 est
1056 2257 1171 2311 haec
1199 2272 1419 2323 corona,
1461 2271 1634 2325 neque
1658 2256 1849 2326 exigua
1880 2270 2102 2319 merces,

537 2350 677 2419 quod
707 2350 852 2404 illum
880 2349 1011 2406 nihil
1046 2349 1395 2403 humanarum
1435 2364 1614 2403 rerum
1656 2363 1870 2402 movere
1899 2348 2059 2417 possit
2093 2367 2105 2400 :

539 2453 661 2492 nam
690 2454 806 2507 quin
835 2438 952 2491 aliis
985 2434 1218 2492 multum
1266 2438 1591 2491 formidanda
1623 2438 1883 2503 videntur,
1916 2439 1981 2492 ab
2010 2438 2109 2492 hoc

538 2528 687 2582 facile
719 2536 1130 2582 contemnuntur
1157 2545 1170 2579 :
1204 2539 1255 2581 et
1287 2539 1501 2597 propter
1528 2544 1643 2596 qum
1684 2530 1770 2581 alii
1798 2537 2026 2581 tremunt
2056 2538 2109 2582 et

536 2626 681 2670 metu
721 2617 1118 2686 obstupescunt,
1161 2632 1223 2671 ea
1262 2619 1480 2670 multum
1520 2619 1657 2671 ridet
1694 2619 1825 2688 ipse,
1870 2620 1987 2687 quia
2018 2635 2108 2687 per

537 2708 884 2763 excellentem
923 2709 1225 2777 patientiam
1267 2709 1621 2777 angeliearum
1649 2710 1899 2762 virtutum
1932 2709 2105 2778 philo-

536 2798 777 2867 sophiam
806 2811 888 2853 est
926 2799 1168 2869 adeptus.
1214 2800 1269 2854 Si
1311 2801 1450 2854 enim
1489 2816 1679 2870 corpus
1722 2810 1865 2855 recte
1894 2802 2103 2854 beatum

536 2888 781 2955 dicimus,
830 2890 966 2958 quod
999 2899 1171 2959 potest
1208 2892 1405 2960 absque
1446 2891 1643 2945 offensa
1676 2891 1813 2946 ferre
1843 2891 2023 2961 frigus,
2053 2899 2107 2946 et

535 2979 787 3043 calorem,
822 2988 876 3032 ct
904 2981 1115 3045 famem,
1157 2992 1209 3034 et
1255 2981 1508 3049 inopiam,
1538 2993 1591 3043 et,
1618 2982 1716 3035 vim
1745 2982 2099 3048 difficultates,

536 3082 903 3137 mrumnasque
954 3069 1085 3122 alias
1132 3085 1146 3122 :
1190 3080 1388 3139 quanto
1434 3071 1600 3140 magis
1650 3070 1855 3124 beatam
1910 3086 2103 3126 vocare

535 3166 745 3225 oportet
797 3158 1024 3211 animam
1081 3176 1198 3229 qua:
1262 3161 1482 3214 viriliter
1534 3176 1597 3215 ac
1652 3161 1856 3215 fortiter
1917 3177 2104 3218 omnes

533 3246 769 3299 omnium
809 3246 1172 3301 molestiarum
1220 3245 1354 3303 ferre
1394 3250 1654 3314 incursus,
1707 3260 1760 3305 et
1799 3267 1891 3319 per
1930 3253 2104 3306 omnia

534 3353 753 3394 servare
794 3355 887 3393 cor
926 3355 1076 3394 suum
1121 3341 1248 3395 nulli
1278 3342 1516 3396 servituti
1562 3344 1846 3396 obnoxium
1892 3344 2103 3411 potest?

536 3426 696 3484 Plane
740 3428 829 3482 hic
868 3431 1032 3498 magis
1080 3446 1171 3483 rex
1209 3441 1309 3498 est,
1356 3447 1512 3500 quam
1552 3431 1655 3501 ipsi
1693 3448 1860 3502 reges.
1905 3434 2101 3503 Regem

531 3518 673 3571 enim
700 3518 977 3584 satellites,
1008 3519 1218 3581 milites,
1269 3522 1423 3573 amici
1464 3530 1517 3576 et
1547 3522 1742 3577 inimici
1791 3539 1930 3577 nunc
1976 3524 2103 3578 insi-

530 3609 749 3674 diando,
778 3626 916 3664 nunc
941 3618 1126 3682 aperte
1151 3612 1253 3665 vim
1281 3611 1521 3667 faciendo
1547 3614 1814 3669 offendere
1842 3628 2058 3684 possunt
2084 3638 2098 3672 :

532 3700 657 3755 huic
698 3710 901 3766 autem,
943 3701 1027 3754 cui
1070 3702 1277 3762 animus
1318 3704 1525 3771 qualem
1570 3721 1709 3759 nunc
1754 3706 1882 3772 dixi,
1930 3723 2101 3776 neque

532 3804 644 3853 rex,
678 3806 849 3861 neque
878 3792 1117 3860 stipator,
1152 3809 1322 3862 neque
1354 3794 1645 3862 familiaris,
1675 3813 1844 3867 neque
1875 3800 2093 3864 amicus,

530 3897 705 3950 neque
744 3884 1011 3973 inimicus,
1038 3899 1204 3954 neque
1232 3886 1471 3942 diabolus
1510 3889 1621 3957 ipse
1637 3884 1819 3958 ’aliqua
1861 3906 1923 3944 ex
1952 3902 2099 3959 parte

531 3976 723 4042 poterit
749 3976 1089 4041 nocentium
1129 3978 1268 4031 enim
1296 3989 1492 4046 posset,
1526 3995 1645 4033 cum
1680 3982 1723 4033 is
1752 3984 1893 4034 omni
1923 3982 2099 4036 Studio

530 4066 581 4118 in
615 4066 715 4118 hoc
745 4064 1030 4132 incttmbat,
1063 4083 1129 4123 ne
1157 4068 1294 4128 inter
1318 4071 1453 4121 mala
1482 4078 1770 4137 computet,
1799 4086 1917 4140 quae
1943 4072 2098 4142 vulgo

530 4157 664 4210 mala
693 4157 882 4210 haberi
906 4158 1111 4212 solent?

600 4247 652 4297 4.
696 4246 837 4299 Talis
867 4257 980 4299 erat
1010 4248 1191 4301 beatus
1222 4248 1433 4315 Paulus,
1463 4260 1620 4320 atque
1645 4264 1921 4319 prepterea
1952 4253 2093 4308 dice-

526 4334 616 4387 bat
648 4353 658 4387 :
687 4335 812 4399 Quis
855 4354 943 4389 nos
979 4339 1224 4405 separabit
1250 4356 1281 4391 (ι
1320 4343 1525 4393 caritate
1562 4338 1785 4395 Christi?
1821 4345 2092 4408 tribulatio,

525 4425 603 4477 ecl
630 4427 881 4494 angustia,
914 4428 986 4479 vel
1010 4430 1341 4495 perscquulio,
1373 4432 1451 4483 vel
1474 4435 1649 4500 fontes,
1677 4432 1753 4485 vel
1779 4434 1997 4495 auditas,
2023 4435 2097 4486 uel

524 4515 744 4584 gladius,
784 4517 856 4568 vel
888 4518 1201 4582 periculum?
1228 4518 1369 4573 Sicut
1395 4522 1633 4590 scriptum
1677 4534 1749 4576 est
1772 4539 1788 4577 :
1813 4522 1945 4587 Quia
1972 4541 2093 4593 pro-

524 4614 633 4671 pter
672 4614 718 4656 te
758 4616 913 4657 morte
954 4607 1244 4675 con/icimur
1289 4619 1391 4661 tota
1436 4610 1535 4676 die,
1584 4615 1800 4681 reputati
1836 4631 2007 4667 sumus
2042 4623 2095 4667 ut

524 4713 633 4747 eras
662 4699 976 4751 martationis
998 4714 1012 4750 :
1038 4700 1124 4751 sed
1174 4702 1225 4753 in
1255 4702 1356 4753 illis
1382 4703 1607 4755 omnibus
1634 4708 1823 4775 egregie
1852 4708 2093 4760 vincimus

522 4796 725 4853 propter
746 4805 873 4847 eum.
901 4789 987 4858 qui
1013 4808 1102 4843 nos
1133 4792 1303 4844 dilexit
1335 4792 1505 4863 (Rom.
1536 4795 1590 4848 8.
1620 4795 1709 4850 55.
1734 4798 1915 4862 56.57;
1942 4798 2089 4853 Psal.

519 4876 725 4943 45,22).
747 4878 887 4931 Istud
907 4881 1070 4938 etiam.
1084 4882 1183 4935 hoc
1204 4882 1319 4937 loco
1338 4882 1609 4939 insinuans
1626 4886 1831 4941 dicebat
1852 4889 2092 4942 :Tamctsi

518 4976 749 5020 externus
779 4969 926 5022 homo
956 4982 1120 5025 noster
1156 4977 1512 5043 corrumpitur,
1560 4980 1784 5032 internus
1816 4991 1979 5035 tamen
2013 4999 2092 5035 re-

518 5066 727 5109 novatur
755 5059 806 5111 in
836 5060 938 5112 dies
975 5060 1199 5131 singulos
1239 5063 1315 5133 (2.
1351 5065 1466 5118 Cor.
1496 5068 1549 5120 4.
1578 5068 1691 5137 lli).
1722 5068 1987 5139 Inlirnium
2034 5072 2091 5127 fit.

518 5162 729 5215 corpus,
756 5150 849 5210 ait,
880 5150 973 5204 sed
1001 5154 1222 5207 validior
1248 5164 1302 5210 et
1331 5160 1592 5225 potentior
1620 5162 1848 5224 animus,
1878 5162 2005 5231 quin
2037 5173 2089 5217 et

518 5237 687 5289 multo
716 5239 939 5295 alacrior
968 5250 1021 5295 et
1058 5243 1263 5312 agilior.
1305 5246 1370 5300 Et
1406 5250 1545 5303 sicut
1582 5251 1755 5314 miles,
1797 5253 1839 5306 si
1870 5256 2087 5321 gesmrit

517 5341 661 5381 arma
684 5343 802 5383 sese
828 5333 1119 5400 gravantia,
1146 5335 1270 5390 licet
1294 5338 1575 5393 admodum
1603 5351 1847 5395 strenuus
1868 5346 1933 5396 sit
1956 5355 2007 5397 et
2032 5348 2082 5399 in

518 5418 697 5471 militia
755 5422 1100 5491 exercitatus,
1156 5442 1261 5480 non
1318 5438 1400 5483 est
1446 5432 1637 5484 terrori
1683 5431 1940 5498 hostibus,
1996 5436 2083 5503 qui

520 5510 686 5564 sciunt
713 5523 998 5569 armaturze
1024 5520 1331 5584 gravitatem
1362 5521 1552 5590 pedum
1576 5524 1841 5580 velocitati
1884 5537 1937 5581 et
1965 5528 2081 5582 bel-

520 5602 655 5654 .andi
679 5605 790 5657 usui
833 5606 1022 5661 obesse
1049 5626 1061 5661 :
1090 5609 1179 5669 sin.
1216 5611 1347 5665 levia
1395 5601 1661 5685 acceperil
1686 5626 1736 5671 et
1766 5619 2079 5684 tractabilia,

518 5696 645 5747 sicut
670 5696 781 5750 avis
807 5699 976 5767 aliqua
1008 5700 1223 5755 obvium
1254 5718 1311 5757 se
1338 5705 1469 5759 feret
1498 5705 1759 5763 hostibus.
1794 5710 1879 5764 Sic
1911 5721 1962 5763 et
1990 5712 2078 5780 qui

514 5796 722 5840 :arnem
763 5804 914 5850 suam
940 5806 1049 5851 non,
1070 5794 1326 5851 ebrietate
1356 5814 1527 5867 neque
1558 5802 1880 5873 indulgentia
1910 5820 2078 5875 neque

1235 419 1289 475 s.
1329 415 1600 475 Joauxts
1635 390 2105 471 ettavsosrout
2142 408 2455 466 ARCHIEP.
2495 407 3025 465 CONSTANTINOP.

3673 405 3778 461 ηδ

2215 519 2422 574 deliciis
2450 520 2776 584 incrassarit,
2822 518 3170 587 sedjejuniis,
3219 528 3273 573 et
3312 518 3558 589 precibus
3584 518 3787 576 diutor

2213 626 2387 681 naque
2412 611 2758 666 alllictionum
2790 611 3067 666 tolerantia
3096 611 3346 665 leviorem
3395 620 3447 665 et
3492 613 3787 667 tenuiorem
3836 611 3843 617 ’

2214 701 2451 756 effecerit
2480 718 2492 752 :
2548 700 2684 755 sicut
2706 700 2934 754 volucris
2959 700 3133 769 aliqua
3163 715 3389 768 superne
3417 702 3689 766 devolans,
3718 706 3791 757 ita

2213 793 2389 847 valido
2430 793 2631 862 impetu
2658 793 2709 845 in
2739 793 3024 862 phalanges
3054 793 3356 846 dmmonum
3402 795 3574 858 irruit,
3610 803 3664 849 et
3692 796 3793 849 atl-

2214 886 2475 940 versarias
2520 886 2737 940 virtutes
2781 884 2934 939 facile
2974 886 3171 939 invadit
3213 888 3421 956 sibique
3457 888 3689 957 sobjieit.
3733 890 3794 944 ιο

2212 994 2355 1034 nunc
2384 979 2596 1033 modum
2641 987 2696 1032 et
2735 978 2929 1032 Paulus
2958 981 3137 1032 multis
3176 979 3402 1033 affectus
3440 980 3625 1049 plagis,
3658 993 3710 1036 et
3739 982 3795 1035 in

2213 1070 2419 1125 vincula
2463 1070 2754 1139 eonjectus,
2823 1081 2878 1125 et
2929 1072 3114 1140 ligneis
3165 1072 3374 1125 vinctus
3421 1073 3792 1141 compedibus,

2212 1179 2406 1233 corpus
2431 1165 2641 1235 quidem
2684 1165 2868 1220 habuit
2905 1166 3057 1220 valde
3096 1164 3381 1227 infirmum,
3416 1166 3795 1237 laboribusque

2211 1265 2589 1321 ennaceratum,
2613 1256 2841 1309 animam
2868 1271 2995 1310 vero
3024 1256 3213 1309 fortem
3239 1264 3293 1309 et
3314 1257 3561 1309 invictam
3592 1274 3604 1309 :
3634 1269 3794 1327 atque

2213 1344 2346 1397 adeo
2378 1344 2528 1398 fortis
2555 1356 2668 1400 erat
2688 1347 2917 1413 vinctus,
2944 1357 2998 1400 ut
3026 1346 3091 1399 ad
3120 1348 3285 1398 solam
3313 1346 3429 1415 ejus
3457 1362 3639 1402 vocem
3671 1350 3795 1403 fun-

2212 1436 2455 1491 damenta
2484 1438 2714 1492 carceris
2741 1446 3222 1501 commoverentur,
3273 1448 3325 1491 et
3354 1438 3587 1492 solutum
3613 1454 3795 1495 came-

2213 1529 2286 1580 ris
2312 1529 2584 1583 custodem
2611 1531 2842 1584 vinctum
2873 1529 2938 1582 ad
2963 1529 3126 1600 pedes
3168 1544 3292 1582 suos
3329 1529 3634 1596 adduceret,
3670 1547 3797 1602 ape.

2213 1618 2547 1686 rireuturque
2570 1619 2749 1687 janua:
2775 1619 2990 1673 clausze.
3020 1620 3197 1689 Itaque
3223 1619 3363 1673 haud
3396 1635 3612 1688 parvam
3638 1623 3796 1676 nobis

2212 1713 2627 1766 consolationem
2661 1712 2853 1767 Paulus
2896 1711 3161 1774 exhibuit,
3204 1726 3427 1780 eamque
3464 1713 3621 1765 etiam
3669 1723 3797 1767 ante

2214 1802 2681 1867 resurrectionem,
2714 1816 2902 1869 nempe
2940 1801 3081 1870 quod
3125 1801 3504 1855 tentationibus
3545 1801 3795 1856 meliores

2212 1900 2267 1943 et
2316 1892 2667 1959 sapientiores
2720 1891 3008 1947 reddantur
3048 1909 3062 1943 :
3109 1890 3309 1944 idcirco
3357 1890 3537 1944 dicit:
3580 1888 3795 1961 Afﬂictis

2215 1982 2501 2049 patientiam
2527 1990 2784 2049 aperatur,
2816 1982 3057 2051 patientia
3086 1980 3447 2050 probationem,
3484 1989 3528 2032 et
3564 1981 3795 2051 probatio

2212 2088 2370 2141 spem,
2393 2089 2503 2140 spes
2531 2089 2642 2125 vero
2669 2088 2767 2125 non
2798 2072 3064 2141 confundit
3115 2070 3290 2138 (Rom.
3322 2071 3374 2125 5.
3405 2071 3459 2123 4.
3489 2071 3567 2139 5).
3610 2070 3675 2124 Et
3698 2072 3795 2126 ite-

2212 2179 2327 2217 rum
2375 2164 2509 2217 alius
2566 2163 2776 2231 quidam
2802 2164 2974 2217 dicit:
3013 2162 3101 2215 Vir
3144 2163 3228 2231 qui
3277 2178 3375 2215 non
3419 2171 3659 2228 tentatur,
3692 2179 3797 2217 non

2212 2262 2283 2307 est
2312 2255 2551 2322 probatus
2579 2270 2595 2306 :
2627 2262 2671 2307 et
2696 2255 2780 2323 qui
2805 2270 2906 2307 non
2951 2263 3021 2307 est
3043 2254 3298 2322 probatus,
3328 2254 3519 2307 nullius
3550 2255 3690 2323 pensi
3722 2271 3797 2307 est

2218 2342 2401 2413 (Ercli.
2448 2344 2535 2397 54.
2580 2342 2685 2413 Η).
2739 2344 2806 2397 Ει
2841 2346 2909 2397 ita
2953 2360 3056 2397 non
3094 2359 3276 2412 parum
3320 2344 3472 2397 nobis
3514 2343 3795 2399 conferunt

2211 2433 2529 2489 afflictiones
2552 2446 2676 2490 ante
2704 2437 3169 2499 resurrectionem,
3199 2451 3316 2489 cum
3342 2436 3514 2488 anima
3545 2435 3794 2489 reddatur

2212 2524 2482 2592 probatior
2508 2526 2782 2595 patientia,
2810 2537 2865 2581 et
2908 2527 3251 2596 intelligentia
3274 2529 3608 2597 prmstantior
3644 2537 3698 2582 et
3726 2529 3794 2582 ab

2208 2615 2355 2681 omni
2398 2617 2561 2672 libera
2611 2617 2914 2673 formidine.
2965 2618 3034 2672 Et
3088 2619 3286 2672 idcirco
3332 2609 3457 2672 dieii
3490 2637 3502 2671 :
3531 2618 3700 2672 Etiam
3746 2622 3797 2674 si

2211 2716 2444 2760 externus
2472 2718 2637 2761 noster
2665 2709 2813 2761 homo
2854 2718 3223 2776 corrumpatur,
3258 2709 3484 2762 internus
3515 2719 3678 2762 tamen
3707 2728 3791 2763 re-

2211 2808 2423 2850 novatur
2466 2799 2518 2851 in
2563 2799 2669 2853 dies
2708 2800 2933 2868 singulos
2978 2800 3050 2869 (2.
3100 2798 3218 2853 Cor.
3262 2801 3316 2853 4.
3351 2798 3459 2869 16).
3516 2801 3799 2867 Quomodo

2208 2902 2411 2956 quaeso,
2438 2890 2764 2944 renovatur?
2788 2889 3059 2960 Effugatur
3077 2890 3219 2943 enim
3248 2891 3419 2943 omnis
3445 2890 3797 2959 effeminatio,

2210 2980 2620 3048 exstinguuntur
2659 2980 3103 3050 concupiscentiae
3151 2979 3416 3044 absurdre,
3462 2989 3514 3036 et
3548 2982 3791 3045 avaritia,

2208 3076 2262 3123 et
2311 3069 2480 3123 inanis
2512 3070 2698 3139 gloria,
2749 3080 2803 3124 et
2845 3071 2896 3123 in
2942 3085 3145 3123 summa
3186 3070 3563 3123 interimuntur
3601 3086 3792 3125 omnes

2212 3160 2327 3212 alim
2367 3162 2519 3213 mal-de
2551 3176 2919 3229 perversaque
2962 3161 3330 3229 cogitationes.
3360 3160 3427 3215 Ut
3455 3175 3580 3230 ergo
3609 3163 3792 3219 anima

2209 3252 2430 3321 ignavia:
2458 3254 2819 3322 soeordimque
2850 3253 3022 3306 dedita
3047 3252 3200 3307 facile
3222 3252 3519 3321 hujusmodi
3543 3252 3793 3306 affectioq

2206 3344 2363 3397 nibus
2389 3352 2470 3396 est
2498 3344 2724 3397 obnoxia
2754 3363 2767 3395 :
2802 3344 2869 3396 ita
2899 3343 2941 3396 si
2974 3343 3243 3397 coutinuis
3271 3352 3353 3395 est
3394 3342 3647 3410 implicita
3692 3358 3790 3412 pro

2206 3438 2401 3506 pietate
2438 3437 2832 3500 certaminibus,
2886 3450 2990 3487 non
3023 3446 3223 3487 tantum
3271 3433 3431 3487 habet
3469 3436 3583 3499 otii,
3631 3444 3688 3487 ut
3719 3436 3796 3490 de

2208 3526 2291 3581 his
2323 3526 2405 3579 vel
2452 3528 2647 3595 cogitet
2698 3525 3003 3595 aliquando,
3061 3524 3201 3579 curis
3229 3524 3475 3578 videlicet
3520 3526 3688 3593 ipsam
3722 3527 3795 3580 ab

2207 3616 2289 3671 his
2328 3616 2573 3671 omnibus
2606 3616 2672 3670 ad
2718 3618 2980 3685 palaestra)
3023 3615 3197 3669 studia
3238 3616 3602 3669 avocantibus.
3657 3616 3792 3669 Pro-

2206 3715 2387 3774 pterea
2418 3707 2645 3771 dicebat,
2682 3706 2964 3759 Innovatur
3006 3707 3057 3757 in
3098 3706 3203 3758 dies
3233 3706 3476 3775 singulos.
3511 3705 3698 3758 Postea
3728 3717 3794 3763 ut

2204 3797 2378 3851 denuo
2422 3799 2623 3853 soletur
2648 3799 2852 3852 animas
2877 3799 3118 3853 dolentes
3148 3799 3200 3851 in
3243 3799 3398 3850 malis
3432 3798 3620 3866 quibus
3650 3798 3790 3851 afﬂi-

2204 3898 2431 3957 guntur,
2487 3898 2539 3942 et
2589 3888 2951 3957 philosophari
2998 3890 3299 3942 nescientes
3339 3902 3435 3955 spe
3486 3887 3786 3942 futurorum

2203 3980 2388 4046 erigat,
2415 3981 2490 4033 sic
2514 3980 2641 4034 dicit
2673 3999 2685 4032 :
2720 3981 2845 4046 Qua:
2870 3979 3000 4031 enim
3031 3996 3160 4030 nunc
3180 3978 3297 4031 levis
3320 3988 3391 4031 est
3419 3979 3635 4047 afﬂictio,
3661 3980 3787 4032 mire

2204 4086 2355 4137 supra
2405 4071 2610 4122 modum
2666 4082 2905 4121 (vternum
2957 4066 3384 4137 glorite‘pondus
3446 4079 3679 4137 aperatur
3731 4071 3785 4124 in

2204 4160 2362 4225 nobis,
2394 4161 2511 4213 dum
2532 4177 2634 4212 non
2656 4170 2935 4229 spectamus
2962 4177 3021 4211 ea
3039 4174 3148 4224 qua:
3173 4158 3415 4223 videntur,
3443 4159 3529 4210 sed
3553 4174 3664 4225 qua:
3681 4175 3789 4212 non

2204 4251 2453 4306 videntur.
2512 4250 2649 4303 Nam
2690 4268 2800 4321 qua:
2838 4251 3089 4311 videntur,
3141 4249 3439 4318 temporalia
3484 4259 3645 4301 sunt:
3669 4266 3785 4319 qua;

2202 4356 2315 4393 vero
2354 4359 2452 4395 non
2493 4342 2739 4405 videntur,
2785 4354 2969 4395 (eterna
3016 4341 3092 4413 (εὶ.
3121 4341 3237 4395 Cor.
3264 4341 3317 4392 λι.
3357 4339 3581 4403 17.18).
3616 4338 3777 4403 Quasi

2202 4432 2442 4486 diceret:
2471 4434 2698 4486 Plurima
2733 4434 2887 4501 igitur
2921 4442 2975 4485 et
3003 4434 3052 4483 in
3099 4431 3195 4483 hac
3234 4432 3340 4481 vita
3377 4427 3591 4481 afflictio
3624 4430 3780 4484 nobis

2200 4521 2337 4575 bona
2367 4521 2590 4587 confert,
2623 4538 2811 4590 nempe
2834 4522 2970 4591 quod
3001 4520 3233 4573 animam
3280 4527 3513 4570 nostram
3555 4519 3777 4586 sapien-

2203 4612 2386 4665 tiorem
2415 4612 2913 4680 prudentioretnque
2951 4611 3124 4669 faciat,
3173 4611 3449 4662 innumera
3482 4624 3695 4676 quoque
3722 4619 3778 4663 ct

2199 4703 2367 4755 futura
2423 4702 2561 4755 bona
2608 4703 2857 4755 conciliat
2897 4719 2909 4753 :
2946 4717 3048 4754 non
3097 4716 3157 4755 ea
3211 4716 3330 4769 qua:
3386 4699 3654 4752 laboribus
3707 4714 3778 4758 ex

2199 4808 2349 4861 sequo
2396 4794 2779 4862 rependuntur,
2833 4793 2925 4846 sed
2972 4793 3225 4860 ampliora
3275 4790 3652 4844 certaminibus
3679 4790 3776 4843 do-

2196 4885 2386 4939 hentur
2428 4894 2533 4938 tam
2583 4884 2875 4939 secundum
2904 4884 3234 4952 qualitatem,
3270 4897 3428 4951 quam
3480 4881 3777 4937 secundum

2195 4979 2561 5051 quantitatem.
2608 4978 2674 5032 Et
2712 4977 2869 5030 ambo
2896 4972 2991 5029 ibta
3022 4976 3327 5049 declarans,
3350 4988 3470 5027 eum
3503 4974 3771 5039 magnitu-

2193 5068 2315 5125 dine
2346 5069 2697 5138 periculorum
2738 5067 3103 5121 excellentiam
3148 5064 3484 5134 prmmiorum
3536 5063 3769 5126 confert,

2196 5172 2243 5217 et
2295 5162 2515 5230 Opponit
2558 5162 2873 5215 brevitatem
2927 5157 3231 5222 aeternitati,
3280 5155 3478 5211 levitati
3538 5154 3773 5223 pondus,

2191 5253 2460 5311 afﬂictioni
2503 5253 2744 5323 gloriam.
2793 5250 3021 5305 Affl-ictio
3068 5251 3249 5314 enim,
3304 5248 3406 5314 ait,
3459 5248 3773 5315 temporalis

2190 5354 2269 5398 est
2313 5354 2367 5397 et
2409 5345 2571 5407 levis;
2606 5344 2885 5398 delectatio
2929 5353 3123 5406 autem,
3160 5343 3265 5395 imo
3291 5355 3398 5393 non
3428 5338 3579 5403 dixit,
3624 5338 3773 5391 dele-

2188 5440 2370 5505 ctatio,
2406 5438 2499 5492 sed
2525 5438 2709 5507 gloria,
2742 5452 2858 5504 qua:
2888 5436 3240 5489 delectatione
3266 5434 3432 5486 multo
3463 5440 3544 5485 est
3574 5430 3768 5498 major,

2187 5539 2405 5593 mterna,
2433 5539 2487 5582 et
2529 5530 2777 5581 continua
2801 5568 2815 5592 ,
2850 5536 2903 5581 et
2949 5542 3133 5595 magna
3167 5542 3179 5577 :
3216 5523 3421 5594 pondus
3459 5532 3632 5575 autem
3682 5521 3777 5575 hie-

2190 5640 2294 5678 nou
2346 5637 2703 5677 mrumuosum
2749 5630 2801 5674 et
2846 5634 3151 5683 onerosum,
3195 5616 3286 5671 sed
3332 5615 3666 5684 magnificum
3713 5626 3764 5667 et

2187 5714 2477 5784 pretiosum
2524 5711 2722 5779 aliquid
2774 5718 2928 5764 vocat
2970 5708 3171 5777 vulgari
3210 5704 3619 5771 consuetudine,
3662 5720 3765 5772 qua

2189 5805 2418 5876 pretiosa
2440 5802 2693 5874 gravioris
2720 5816 2838 5856 csse
2866 5800 3111 5871 ponderis
3141 5799 3317 5855 dicere
3350 5797 3602 5853 solemus.
3633 5795 3774 5852 Cum
