4070 6458
532 454 538 459 -
574 415 679 473 625

572 532 683 586 λεῖν
711 525 983 581 εἰώθασιν.
1019 524 1185 599 Ὅταν
1216 520 1310 579 οὖν
1348 525 1474 597 εἴπῃ
1519 525 1684 599 βάρος
1704 527 1885 594 δόξης,
1919 525 2147 597 μέγεθος

572 613 729 685 δόξης
758 612 925 677 λέγει.
958 608 1047 679 Μή
1081 596 1260 662 τοίνυν
1286 596 1931 681 τοῦτομόνονλογίζου,
1951 610 2137 679 φησὶν,

572 699 653 751 δτι
695 693 932 766 μαστίξῃ
970 693 1065 745 καὶ
1112 691 1331 763 ἐλαύνῃ.
1367 692 1503 746 ἀλλά
1544 695 1638 747 καὶ
1685 694 1810 756 τοὺς
1845 692 2143 760 στεφάνους

572 777 663 831 καὶ
697 775 798 839 τὰς
841 773 1098 845 ἀμοιϐὰς,
1130 775 1215 827 ὅτι
1246 774 1425 843 πολλῷ
1462 775 1680 845 μείζους
1714 774 1806 827 καὶ
1834 772 2148 843 λαμπρότε-

575 880 666 933 ραι
709 860 820 914 τῶν
866 858 1152 928 παρόντων
1205 859 1435 921 ἐκεῖναι,
1471 860 1568 913 καὶ
1606 858 1758 920 τέλος
1786 858 1886 910 οὑκ
1912 856 2146 926 ἔχουσιν,

570 944 694 997 0666
727 942 921 1011 πέρας.
966 940 1125 993 Ἀλλά
1148 938 1342 1005 ταῦτα,
1371 942 1556 1010 φησὶν,
1582 942 1640 992 ἐν
1662 939 1849 1009 πείρα,
1885 940 2069 992 ἐκεῖνα
2092 936 2149 990 δὲ

573 1028 630 1079 ἐν
655 1025 836 1079 ἐλπίσι
858 1040 872 1055 ’
901 1022 995 1076 καὶ
1013 1022 1185 1076 ταῦτα
1217 1023 1315 1090 μὲν
1341 1023 1571 1093 φανερὰ,
1600 1023 1782 1074 ἐκεῖνα
1803 1020 1858 1071 δὲ
1874 1019 1935 1072 06
1966 1018 2152 1088 φαίνε-

572 1107 802 1173 ται,ἀλλ⁹
818 1106 1061 1178 ἐκκρεμῆ
1081 1107 1172 1158 καὶ
1193 1104 1441 1176 μετέωρά
1463 1107 1619 1159 είσιν·
1634 1103 1750 1156 ἀλλ’
1766 1105 1815 1156 εί
1834 1104 1928 1156 καὶ
1944 1102 2147 1172 ἀφανῆ,

573 1190 709 1257 ἀλλά
726 1188 833 1242 τῶν
854 1189 1194 1259 φαινομένων
1232 1188 1346 1242 ἐστὶ
1383 1186 1757 1259 φανερώτερα.
1790 1186 1855 1237 Τί
1874 1186 2017 1255 λέγω
2045 1202 2151 1253 φα-

567 1270 774 1345 -νερὼτε
782 1286 881 1343 ρα;
911 1272 1124 1325 Ἐκεῖνα
1134 1272 1357 1325 δύνασαι
1377 1270 1576 1340 μᾶλλον
1592 1272 1744 1341 ὀρᾷν,
1766 1269 2002 1341 ἢταῦτα.
2016 1267 2153 1321 Ταΰ-

571 1372 642 1408 τα
665 1356 760 1426 μὲν
776 1355 885 1425 γὰρ
913 1356 1261 1426 παρέρχεται,
1295 1355 1476 1406 ἐκεῖνα
1499 1353 1553 1405 δέ
1573 1354 1744 1423 μένει.
1773 1352 1864 1427 Διὸ
1884 1353 2147 1422 ἐπήγαγε,

572 1439 750 1507 λέγων
769 1455 783 1468 ·
800 1438 897 1505 Μὴ
919 1438 1305 1492 σκοπούντων
1322 1434 1491 1505 ἡμῶν
1500 1435 1962 1505 τὰ·,βλεπόμενιι,
1991 1434 2151 1488 ἀλλὰ

574 1522 648 1577 τὰ
676 1521 763 1592 μὴ
790 1524 1172 1590 βλεπόμενα·
1198 1518 1269 1574 τὰ
1290 1520 1398 1589 γὰρ
1418 1511 1771 1591 ,βλεπόμενα
1797 1519 2147 1588 πρόσκαιρα,

574 1604 649 1657 τὰ
667 1604 825 1675 δὲμὴ
833 1604 1069 1671 βλεπόμ
1077 1618 1183 1656 ενα
1208 1602 1432 1658 αίώνια.

644 1749 706 1799 ε’.
742 1743 803 1796 El
829 1742 885 1795 66
905 1741 1100 1811 λέγοις·
1124 1742 1232 1795 Καὶ
1259 1740 1372 1804 πῶς
1396 1741 1693 1813 δυνήσομαι
1724 1741 1790 1795 τά
1826 1740 2007 1811 ἀφανῆ
2033 1739 2152 1810 βλέ-

575 1842 719 1891 πειν,
748 1825 817 1878 16
846 1824 904 1878 δὲ
932 1824 1176 1895 παρόντα
1209 1824 1284 1896 μὴ
1318 1824 1572 1894 βλέπεινς
1607 1825 1715 1888 ἀπὸ
1743 1824 1851 1877 τῶν
1883 1823 2152 1895 βιωτικῶν

577 1925 638 1962 σε
666 1908 745 1971 είς
774 1906 973 1978 ταύτην
998 1909 1286 1975 ἐναγαγεῖν
1315 1907 1644 1976 πειράσομαι
1670 1907 1767 1977 τὴν
1789 1907 1991 1959 πίστιν.
2016 1906 2152 1960 Οὐδὲ

576 1990 685 2062 γὰρ
721 1982 830 2043 τῶν
865 1993 922 2043 ἐν
970 1990 1048 2061 τῷ
1082 1989 1273 2059 κόσμῳ
1331 1991 1672 2060 πραγμάτων
1717 1988 1827 2042 τῶν
1874 1990 2153 2060 ἐπικήρων

575 2072 783 2127 τούτων
813 2072 1009 2141 ἅψαιτό
1028 2090 1111 2135 τις
1143 2072 1207 2125 ἂν
1241 2072 1461 2143 ῥᾳδίως,
1499 2072 1575 2143 μή
1600 2072 1669 2125 τὰ
1698 2072 1880 2142 ἀφανῆ
1908 2072 2013 2142 πρὸ
2045 2071 2153 2125 τῶν

577 2156 827 2227 φανερῶν
855 2157 998 2209 ίδών.
1023 2152 1147 2209 Οἷόν
1171 2174 1225 2209 τι
1245 2156 1406 2223 λέγω·
1426 2156 1734 2227 Ὀξμπορος
1765 2155 2025 2225 ὑπομένει
2056 2156 2153 2225 μὲν

576 2240 851 2310 χειμῶνας
898 2238 1124 2302 πολλοὺς
1167 2240 1261 2291 καὶ
1306 2238 1564 2307 κυμάτων
1610 2237 2013 2299 ἐπαναστάσεις
2060 2236 2154 2289 καὶ

576 2322 813 2391 ναυάγια
828 2311 925 2375 καὶ
956 2321 1158 2393 μυρίας
1181 2320 1488 2383 δυσκολίας,
1510 2319 1772 2373 ἀπολαύει
1795 2319 1960 2372 δὲκαὶ
1989 2319 2152 2371 πλού-

575 2421 670 2458 του
722 2403 862 2475 μετά
895 2406 1023 2467 τοὺς
1065 2402 1361 2473 χειμῶνας,
1397 2404 1463 2455 τά
1505 2401 1700 2472 φορτία
1755 2401 2187 2470 διατιθέμενος,

578 2488 674 2543 καὶ
701 2487 901 2558 πολλὴν
937 2480 1306 2557 ἐργαζόμενος
1336 2485 1738 2557 πραγματείαν.
1794 2485 1933 2537 ‘A-11'
1966 2488 2014 2537 οί
2056 2486 2155 2555 μὲν

576 2568 845 2641 χειμῶνες
875 2571 1149 2640 πρότεροι,
1169 2570 1237 2622 16
1264 2569 1320 2622 δὲ
1350 2570 1543 2638 φορτία
1572 2568 1801 2638 ὖστερα’
1833 2569 1922 2621 καὶ
1953 2568 2021 2621 16
2053 2568 2154 2637 μὲν

578 2652 789 2723 πελάγη
823 2654 919 2705 καὶ
953 2651 1021 2705 τά
1043 2650 1265 2720 κύματα
1288 2650 1535 2720 φαίνεται
1569 2650 1839 2716 ἐξελθόντι
1867 2648 1959 2703 106
1994 2650 2151 2719 λιμέ-

577 2752 689 2799 νος,
727 2738 760 2807 ἠ
796 2735 1033 2807 ἐμπορία
1056 2735 1112 2788 δὲ
1141 2736 1201 2787 06
1235 2734 1483 2803 φαίνεται
1505 2752 1518 2765 ·
1554 2737 1612 2786 ἐν
1656 2732 1836 2787 ἐλπίσι
1869 2732 1979 2804 γάρ
2008 2735 2153 2787 ἐστιν

578 2817 680 2872 ἔτι.
728 2817 865 2870 Ἀλλ’
896 2818 1043 2887 ὅμως
1069 2817 1134 2870 ἀν
1170 2818 1245 2887 μὴ
1276 2815 1411 2886 πρὸς
1453 2816 1668 2887 ἐκείνην
1690 2810 1783 2888 ὶδῃ
1820 2816 2031 2886 πρῶτον
2055 2815 2155 2887 τὴν

577 2900 759 2971 ἀφανῆ
794 2900 888 2952 καὶ
920 2896 994 2970 μὴ
1027 2898 1324 2970 παροῦσαν,
1364 2898 1497 2969 μηδέ
1528 2898 1587 2951 ἐν
1616 2898 1801 2969 χερσὶν
1843 2894 2012 2960 ιῦσαν,
2038 2896 2154 2951 ἀλλ’

578 2987 638 3037 ἐν
672 2983 903 3047 ἐλπίσιν,
938 2983 1036 3036 οὐκ
1066 2981 1133 3035 ἂν
1163 2981 1370 3052 ἅψαιτο
1386 2980 1590 3035 τούτων
1624 2980 1734 3033 τῶν
1761 2981 2042 3052 παρόντων
2062 2981 2156 3034 καὶ

579 3067 939 3137 φαινομένων.
977 3064 1131 3117 Οὕτω
1162 3065 1256 3117 καὶ
1305 3062 1833 3137 γεωργὸς-ζεύγνυσι
1881 3062 2030 3134 βόας.
2061 3064 2157 3117 καὶ

578 3133 809 3221 ἀροτρον
848 3147 1017 3212 ἐλκει,
1066 3148 1162 3201 καὶ
1207 3133 1435 3217 βαθεῖαν
1459 3133 1680 3201 αὔλακα
1719 3133 2032 3216 ἀνατέμνει,
2064 3146 2158 3199 καὶ

580 3231 874 3301 σπέρματα
906 3229 1255 3291 καταϐάλλει,
1292 3229 1387 3282 καὶ
1417 3230 1486 3282 16
1525 3228 1653 3281 δντα
1682 3227 1893 3282 ἅπαντα
1920 3227 2154 3299 δαπανᾷ,

580 3314 677 3367 καὶ
705 3313 916 3385 κρυμὸν
938 3314 1036 3367 καὶ
1061 3312 1235 3381 πάγον
1264 3311 1357 3365 καὶ
1379 3311 1618 3383 ὄμϐρους
1641 3312 1732 3364 καὶ
1758 3311 1948 3381 ἐτέρας
1969 3311 2157 3383 ἀνέχε-

581 3413 671 3448 ται
713 3394 1087 3465 ταλαιπωρίας
1122 3394 1343 3459 πολλὰς.
1376 3394 1470 3447 καὶ
1495 3394 1633 3465 μετά
1663 3394 1756 3449 16v
1783 3395 1943 3447 πόνον
1970 3393 2159 3449 τοῦτον

582 3478 855 3547 προσδοκᾷ
890 3477 1147 3549 κομῶντα
1185 3471 1413 3546 ὄψεσθαι
1439 3478 1508 3547 16
1548 3476 1693 3547 λήῖα,
1738 3477 1833 3531 καὶ
1864 3478 2158 3549 πεπληρω-

587 3562 758 3631 μένην
787 3560 887 3629 τὴν
913 3547 1112 3613 ἅλωνα.
1155 3558 1318 3629 Ὁρᾷς
1356 3558 1474 3621 πῶς
1517 3561 1610 3611 καὶ
1634 3547 2159 3632 ἐνταῦθαπρότερος

582 3645 612 3696 ό
648 3643 827 3705 πόνος,
848 3642 942 3695 καὶ
968 3640 1104 3711 μετά
1132 3640 1303 3694 ταῦτα
1338 3642 1366 3695 6
1398 3640 1587 3712 μισθός
1608 3656 1622 3672 ο
1657 3642 1752 3695 καὶ
1776 3642 1804 3693 6
1836 3642 1934 3710 μὲν
1969 3642 2160 3713 μισθὸς

583 3725 797 3794 ἄδηλος,
836 3725 865 3776 6
886 3723 943 3776 δέ
978 3723 1138 3787 πόνος
1160 3722 1317 3794 δῆλος
1355 3724 1452 3777 καὶ
1493 3723 1722 3794 φανερός
1742 3740 1757 3754 ·
1785 3724 2034 3787 κάκεῖνος
2059 3724 2159 3795 μέν

583 3809 643 3861 ἐν
668 3807 902 3871 ἐλπίσιν,
928 3798 1081 3870 0610;
1107 3806 1165 3860 66
1190 3808 1246 3859 ἐν
1266 3798 1484 3879 χέρσίν;
1529 3807 1668 3861 Ἀλλ’
1702 3806 1852 3877 ὅμως
1883 3808 1977 3861 καὶ
2004 3801 2159 3874 οὗτος

584 3889 650 3944 ἂν
685 3889 761 3959 μὴ
785 3889 1047 3961 πρότερον
1072 3888 1208 3959 πρὸς
1229 3890 1433 3943 ἐκεῖνον
1461 3889 1545 3961 ἴδῃ
1572 3890 1663 3943 τὸν
1688 3890 1881 3961 ἀδηλον
1900 3888 1988 3944 καὶ
2013 3891 2159 3960 ἀφα-

585 3974 649 4045 νῆ
697 3976 789 4027 καὶ
839 3973 913 4044 μὴ
963 3972 1289 4043 βλεπόμενον
1318 3975 1430 4036 τοῖς
1453 3972 1749 4044 ὀφθαλμοῖς
1781 3973 1875 4027 106
1911 3972 2161 4043 σώματος

590 4054 800 4128 μισθὸν,
825 4056 884 4108 06
914 4056 1072 4126 μόνον
1093 4055 1154 4107 06
1193 4053 1371 4118 ζεύξει
1398 4052 1547 4123 βόας,
1583 4056 1705 4109 οὐδὲ
1734 4056 1961 4127 ἄροτρον
1994 4054 2160 4122 ἕλξει,

586 4139 705 4193 οὐδὲ
764 4138 1056 4210 σπέρματα
1102 4136 1430 4204 καταϐαλεῖ,
1466 4138 1579 4192 ἀλλ’
1632 4137 1754 4193 0666
1807 4138 2162 4210 κεντηθήσεται

590 4222 801 4277 οκοθεν
846 4222 983 4294 πρὸς
1029 4222 1129 4293 τήν
1178 4221 1449 4295 ἐργασίαν
1494 4221 1698 4292 ταύτην
1736 4222 1885 4275 ποτέ.
1916 4221 2040 4287 Πῶς
2068 4220 2164 4276 οὗν

586 4307 786 4360 ἄτοπον
818 4307 912 4359 ἐπὶ
960 4306 1057 4375 μὲν
1086 4304 1193 4358 τῶν
1231 4304 1504 4376 βιωτικῶν
1547 4304 1895 4376 πραγμάτων
1923 4304 2031 4377 πρὸ
2055 4306 2163 4359 τῶν

589 4385 743 4461 μευ]
790 4388 1040 4460 φανερῶν
1070 4388 1138 4441 16
1166 4387 1348 4458 ἀφανῆ
1389 4387 1628 4457 βλέπειν,
1670 4389 1764 4441 καὶ
1792 4387 1898 4459 1196
1936 4389 2043 4442 τῶν
2074 4405 2164 4459 μι-

592 4469 736 4523 σθῶν
764 4469 1055 4537 ὑπομένειν
1083 4469 1209 4534 τοὺς
1238 4469 1453 4533 πόνους,
1475 4468 1569 4523 καὶ
1600 4469 1866 4539 πρότερον
1888 4468 1957 4522 16
1976 4469 2165 4541 δυσχε-

589 4554 662 4626 ρῆ
696 4553 872 4609 πάντα
901 4553 1185 4623 φέροντας,
1210 4553 1332 4605 τότε
1348 4551 1490 4615 τάἐξ
1519 4551 1698 4605 αὐτῶν
1718 4552 2006 4622 ἀναμένειν
2027 4570 2163 4626 χρη-

591 4640 713 4702 στά,
738 4638 832 4692 καὶ
860 4640 979 4702 ταῖς
996 4638 1103 4690 τῶν
1135 4637 1357 4706 ἀφανῶν
1383 4636 1564 4690 ἐλπίσι
1587 4638 2058 4709 προτρεπομένους
2074 4638 2165 4691 06-

586 4738 696 4785 τως
713 4720 980 4775 ἀπτεσθαι
995 4720 1102 4774 τῶν
1129 4721 1377 4792 φανερῶν
1391 4735 1407 4751 ⁸
1441 4721 1533 4774 ἐπὶ
1552 4720 1609 4775 66
1627 4720 1719 4775 106
1740 4720 1873 4775 Θεοῦ
1896 4722 2166 4786 διστάζειν

591 4806 687 4858 καὶ
729 4802 1116 4873 ἀμφιϐάλλειν,
1147 4802 1243 4857 καὶ
1288 4802 1396 4873 πρὸ
1441 4801 1551 4857 τῶν
1578 4803 1752 4857 πόνων
1784 4804 2039 4858 ἀπαιτεῖν
2069 4803 2167 4867 τάς

592 4886 845 4957 ἀμοιϐὰς,
884 4887 979 4939 καὶ
1005 4885 1266 4955 γεωργῶν
1297 4884 1393 4938 καὶ
1421 4885 1637 4939 ναυτῶν
1672 4887 2167 4959 μικροψυχοτέρους

591 4968 919 5039 φαίνεσθαι;
952 4968 1026 5021 06
1059 4968 1168 5039 γὰρ
1207 4966 1270 5033 δὴ
1310 4968 1469 5038 μόνον
1510 4966 1653 5021 κατά
1676 4968 1833 5022 τοῦτο
1864 4969 2043 5024 αὐτῶν
2064 4987 2170 5039 φα-

593 5051 830 5121 νούμεθα
871 5051 1104 5121 χείρους,
1135 5050 1493 5120 ἀσχάλλοντες
1524 5051 1662 5121 πρὸς
1694 5051 1755 5103 16
1790 5052 2001 5121 μέλλον,
2031 5052 2170 5128 61_16

594 5138 688 5189 καὶ
712 5136 833 5189 καθ’
864 5135 1049 5206 ἕτερον
1065 5135 1164 5187 οὐκ
1193 5134 1412 5188 ἔλαττον
1437 5132 1652 5188 τούτου.
1710 5135 1866 5195 Ποῖον
1886 5136 1949 5207 δὴ
1976 5138 2165 5201 10610;

596 5220 717 5273 ὀτι
748 5221 944 5272 ἐκεῖνοι
974 5218 1072 5290 μὶν
1106 5217 1225 5271 0666
1265 5219 1395 5289 περὶ
1425 5218 1517 5271 τοῦ
1551 5218 1737 5280 τέλους
1768 5218 1989 5291 θαρρεῖν
2023 5221 2170 5291 ἐχον-

595 5318 686 5364 τες
715 5301 953 5365 πάντως,
982 5300 1103 5355 0666
1128 5300 1269 5354 οὕτω
1290 5302 1398 5354 τῶν
1425 5303 1602 5356 πόνων
1627 5303 1950 5371 ἀφίστανται
1975 5322 1988 5335 ·
2025 5310 2087 5359 σὺ
2112 5306 2169 5360 66

594 5386 908 5451 ἀξιόπιστον
938 5384 1046 5437 τῶν
1076 5383 1354 5453 στεφάνων
1389 5384 1527 5454 ἔχων
1556 5385 1851 5457 ἐγγυητήν,
1879 5388 1999 5442 οὐδὲ
2028 5389 2171 5444 οὓτω

600 5470 740 5538 μιμῇ
772 5468 871 5540 τήν
916 5467 1137 5520 ἐκείνων
1176 5467 1493 5538 καρτερίαν.
1555 5467 1612 5521 Ὀ
1659 5469 1756 5539 μέν
1797 5471 1904 5543 γὰρ
1925 5473 2170 5541 γεωργὸς

599 5549 860 5613 πολλάκις
891 5549 1027 5621 μετά
1055 5550 1116 5603 τὸ
1140 5550 1211 5604 τά
1241 5551 1526 5622 σπέρματα
1563 5552 1910 5620 καταϐαλεῖν,
1947 5558 2041 5610 καὶ
2078 5557 2168 5611 θε-

599 5631 869 5713 ραπεῦσαι
912 5632 1012 5703 τήν
1048 5633 1172 5703 γῆν,
1215 5633 1308 5686 καὶ
1356 5634 1611 5703 κομῶντα
1658 5636 1725 5687 τά
1762 5635 1885 5706 λήῑα
1937 5638 2082 5705 ἰδεῖν,
2133 5639 2166 5713 ἢ

598 5712 863 5786 γαλάξης,
893 5716 926 5784 ἢ
960 5715 1235 5786 ἐρυσίϐης,
1270 5716 1304 5787 ἢ
1343 5718 1585 5789 ἀκρίδός,
1618 5718 1651 5789 ἢ
1701 5718 1864 5791 ἀλλης
1893 5723 2035 5788 τινὸς
2060 5712 2171 5779 τοιὲ

601 5795 774 5867 ιιύτης
806 5795 1186 5869 ἐπενεχθείσης
1217 5799 1449 5871 πληγῆς,
1479 5800 1700 5868 ἐξέπεσε
1731 5804 1828 5874 τῆς
1860 5806 1966 5861 τῶν
1995 5808 2170 5864 πόνων

1278 414 1333 466 S.
1372 410 1659 468 JOANNIS
1689 406 2178 467 CHRYSOSTOMI
2217 411 2535 471 ARCIIIEP.
2577 414 3119 502 CONSTANTINO‘P.
3720 414 3803 475 6!

2254 527 2512 598 ἀμοιϐῆς,
2573 529 2667 583 καὶ
2718 528 2857 599 μετνά
2912 527 3037 588 106;
3089 524 3314 589 πολλοὺς
3360 525 3588 597 ἱδρῶτας
3642 531 3832 591 κεναῖς

2253 615 2433 669 οἴκαδε
2475 615 2800 685 ὑποστρέφει
2829 616 3003 687 χερσί.
3052 615 3160 667 Καὶ
3189 615 3216 665 6
3256 614 3493 683 ἔμπορος
3530 616 3587 669 δέ
3639 616 3827 677 πάλιν,

2258 704 2394 773 μετά
2438 705 2500 758 16
2551 704 2860 774 διαδραμεῖν
2916 703 3049 755 πολὺ
3097 700 3329 770 πέλαγος
3386 703 3827 775 πεπληρωμένην

2254 790 2402 859 ἄγων
2434 791 2532 862 τήν
2558 790 2777 854 ὁλκάδα,
2808 790 2944 861 πρὸς
2973 788 3103 843 αύτό
3128 789 3387 854 πολλάκις
3429 792 3489 843 16
3528 792 3698 861 στόμα
3725 786 3825 842 106

2255 877 2473 948 λιμένος
2503 877 2849 949 ἐμπεσόντων
2878 877 3091 947 ἀνέμων
3117 876 3364 945 σκοπέλῳ
3405 880 3512 931 τινὶ
3546 875 3829 948 προσαρά-

2256 964 2371 1031 ξας,
2406 964 2557 1034 μόλις
2599 963 2789 1033 ἐξῆλθε
2833 962 2895 1015 τὸ
2943 963 3101 1031 σῶμα
3140 962 3410 1026 διασώσας
3440 966 3659 1033 γυμνός.
3712 962 3829 1017 Καὶ

2257 1054 2348 1104 ἐπὶ
2391 1050 2608 1103 πάντων
2655 1049 2839 1113 ἅπλῶς
2868 1049 2977 1102 τῶν
3024 1048 3288 1119 βιωτικῶν
3330 1048 3529 1111 πολλὰς
3566 1049 3829 1112 πολλάκις

2255 1138 2393 1205 πρὸς
2424 1135 2501 1207 τῷ
2527 1136 2670 1190 τέλει
2706 1136 2990 1207 συμφορὰς
3015 1135 3268 1199 τοιαύτας
3301 1135 3615 1206 συμϐαίνειν
3640 1136 3821 1197 εἰκός.

2269 1224 2391 1277 Ἐπὶ
2418 1224 2474 1277 δὲ
2501 1223 2609 1276 τῶν
2637 1222 2862 1291 ἀγώνων
2893 1223 2999 1278 τῶν
3032 1224 3139 1276 σῶν
3171 1222 3271 1276 οὒκ
3304 1222 3419 1276 ἐστι
3462 1222 3620 1276 τοῦτο
3638 1239 3652 1252 ·
3692 1222 3835 1276 ἀλλά

2255 1312 2467 1381 ἀνάγκη
2493 1310 2816 1374 πάντωςτὸν
2840 1309 3272 1379 ἀγωνισάμενον,
3294 1310 3383 1362 τὸν
3409 1309 3705 1380 σπείραντα
3726 1309 3834 1376 τὴν

2256 1396 2562 1460 εὐσέϐειαν,
2594 1398 2691 1451 καὶ
2716 1396 2941 1459 πολλοὺς
2970 1395 3264 1463 ἐνεγκόντα
3294 1396 3509 1458 πόνους,
3550 1397 3835 1465 ἐπιτυχεῖν

2255 1487 2348 1541 106
2371 1487 2577 1550 τέλους.
2612 1486 2686 1539 O6
2713 1486 2821 1555 γὰρ
2851 1484 3027 1555 ἀέρων
3056 1484 3409 1555 ἀνωμαλίαις,
3435 1484 3554 1537 0666
3579 1486 3836 1554 πνευμά-

2256 1592 2362 1628 των
2394 1576 2596 1645 ῥύμαις
2626 1571 2733 1626 τῶν
2774 1572 2950 1626 πόνων
2977 1572 3178 1625 τούτων
3206 1574 3299 1635 τάς
3328 1571 3561 1643 ἀμοίϐἀς
3604 1573 3842 1643 ἐπέτρε-

2254 1658 2355 1729 ψεν
2382 1662 2412 1713 ὁ
2447 1659 2605 1722 Θεός·
2642 1658 2755 1712 ἀλλ’
2782 1660 2837 1711 ἐν
2857 1660 2968 1722 τοῖς
2994 1659 3243 1728 οὐρανοῖς
3272 1659 3610 1721 ἀπόκεινται,
3639 1659 3698 1713 ἐν
3719 1660 3842 1722 τοῖς

2254 1747 2476 1811 ἀσύλοις
2505 1746 2817 1817 Θησαυροῖς,
2848 1745 2946 1798 Διά
2979 1744 3139 1815 τοῦτο
3170 1745 3262 1799 καὶ
3288 1746 3316 1797 6
3357 1744 3562 1810 Παῦλος
3602 1745 3795 1813 ἔλεγεν
3821 1760 3837 1775 ·

2270 1834 2339 1889 ’τι
2365 1835 2571 1901 θλῑψις
2590 1832 2905 1901 ὑπομονὴν
2941 1830 3367 1901 κατεργάζεται,
3395 1834 3436 1901 ἠ
3462 1833 3532 1886 δὲ
3552 1834 3839 1902 ὑπομονὴ

2258 1920 2533 1990 δοκιμὴν,
2585 1923 2624 1990 ἡ
2665 1920 2733 1973 δὲ
2761 1918 2976 1989 δοκιμὴ
3034 1920 3273 1983 ἐλπίδα,
3325 1920 3364 1986 ἡ
3413 1920 3482 1974 δὲ
3527 1922 3707 1987 ἐλπὶς
3760 1924 3843 1976 οὐ

2258 2009 2663 2078 καταισχύνει.
2712 2008 2804 2080 Μή
2850 2005 3029 2061 τοίνυν
3067 2007 3226 2079 εἴπῃς
3264 2008 3345 2060 ὅτι
3388 2008 3565 2078 ἀφανῆ
3592 2007 3662 2063 16
3707 2010 3847 2079 μέλ·

2257 2098 2447 2151 λοντα·
2489 2098 2539 2150 εί
2570 2098 2676 2167 γὰρ
2707 2094 3024 2166 βουληθείης
3059 2095 3196 2164 μετὰ
3227 2096 3511 2165 ἀκριϐείας
3556 2096 3845 2163 ἐξετάσαι,

2257 2184 2366 2238 τῶν
2417 2185 2475 2236 ἐν
2520 2183 2706 2253 χερσίν
2745 2185 2863 2237 ἐστι
2908 2184 3039 2239 πολὺ
3088 2184 3464 2253 φανερώτερα.
3510 2184 3623 2237 Καὶ
3678 2182 3847 2237 τοῦτο

2259 2271 2392 2325 6616
2444 2270 2604 2324 πάλιν
2652 2270 3056 2339 ἐνδεικνύμενος
3100 2273 3232 2341 ἡμῖν
3274 2270 3303 2322 6
3329 2269 3556 2334 Παῦλος,
3612 2270 3690 2324 Τὰ
3719 2270 3851 2339 μὲν

2258 2356 2463 2412 αἰώνια
2498 2356 2670 2421 καλεῖ,
2706 2358 2776 2411 τὰ
2814 2357 2883 2411 δὲ
2908 2357 3261 2426 πρόσκαιρα.
3292 2356 3369 2427 τῷ
3407 2356 3729 2429 προσκαίρῳ
3778 2357 3849 2410 τδ

2259 2444 2497 2517 φθαρτὸν
2527 2442 2707 2497 αὐτῶν
2744 2443 2935 2514 δηλῶν.
2962 2443 3095 2514 Πρὶν
3122 2443 3154 2514 ἢ
3195 2444 3567 2515 γάρνφανῆναι
3599 2444 3846 2513 ἀφίπτα-

2257 2551 2379 2598 ται,
2440 2532 2534 2587 καὶ
2588 2533 2878 2603 ἀποτρέχει
2907 2524 3059 2603 πρὶν⁸
3080 2532 3388 2602 ἐπιστῆναι,
3422 2531 3516 2585 καὶ
3543 2529 3847 2602 ὀξύρροποι

2261 2622 2361 2692 μὲν
2413 2619 2590 2675 αὐτῶν
2642 2622 2698 2673 at
2758 2619 3074 2691 μεταϐολαὶ,
3144 2621 3369 2694 ᾇπιστος
3416 2620 3473 2672 δὲ
3524 2621 3564 2689 ἲή
3621 2619 3841 2689 κτῆσις.

2258 2708 2429 2764 Τοῦτο
2457 2712 2551 2764 καὶ
2585 2711 2676 2763 ἐπὶ
2706 2710 2933 2764 πλούτου
2957 2711 3053 2765 καί
3080 2710 3237 2782 δόξης
3257 2712 3350 2764 καὶ
3374 2708 3717 2772 δυναστείας,
3743 2712 3849 2763 καὶ

2259 2798 2353 2851 ἐπὶ
2400 2798 2497 2869 τῆς
2546 2797 2654 2850 τῶν
2704 2796 2973 2866 σωμάτων
3025 2795 3357 2869 εὐμορφίας,
3397 2795 3553 2849 τοῦτο
3610 2795 3705 2850 καὶ
3748 2796 3857 2850 ἐπὶ

2263 2886 2454 2963 ῥώμης
2480 2887 2686 2941 καὶέπὶ
2709 2887 2819 2941 τῶν
2842 2886 3017 2941 ἀλλων
3051 2886 3237 2950 ἀπλῶς
3269 2886 3377 2939 τῶν
3408 2884 3675 2956 βιωτικῶν
3702 2902 3769 2938 συ
3777 2902 3850 2955 μ-

2262 2974 2444 3026 ϐαῖνον
2480 2973 2579 3026 ίόοι
2608 2990 2690 3037 τις
2720 2974 2807 3029 ἀν.
2848 2976 2947 3027 Διά
2977 2972 3136 3027 τοῦτο
3162 2974 3261 3027 καὶ
3303 2975 3332 3027 6
3359 2974 3643 3044 προφήτης
3689 2989 3851 3042 κωμ-

2260 3062 2412 3133 ῳδῶν
2440 3062 2566 3126 τοὺς
2596 3062 2917 3133 τρυφῶντας
2936 3062 3030 3117 καὶ
3056 3062 3182 3133 περὶ
3199 3063 3455 3133 χρήματα
3482 3059 3847 3131 μαινομένους

2261 3149 2354 3202 καὶ
2391 3148 2489 3220 τὴν
2518 3148 2683 3221 ἀλλην
2709 3150 2927 3203 ἃπασαν
2961 3149 3284 3218 φαντασίαν,
3319 3148 3412 3215 Ὡς
3449 3147 3701 3213 ἑστῶτα,
3739 3164 3849 3218 φη-

2264 3237 2369 3301 σὶν,
2415 3236 2772 3306 Mariam-to
2820 3236 3026 3301 ταῦτα,
3079 3237 3177 3289 καί
3228 3237 3341 3303 οὐχ
3390 3236 3467 3302 ὡς
3516 3237 3842 3305 φεύγοντα.

2265 3325 2474 3395 Ὠσπερ
2522 3323 2633 3395 γὰρ
2680 3326 2838 3387 σκιᾶς
2889 3323 2991 3376 οὐκ
3041 3322 3189 3378 ἐστιν
3240 3321 3613 3386 ἐπιλαϐέσθαι,
3668 3317 3847 3384 οὔτως

2263 3410 2382 3464 οὐδὲ
2432 3410 2539 3465 τῶν
2595 3410 2865 3480 βιωτικῶν
2912 3411 3287 3483 πραγμάτων
3321 3409 3457 3463 ἀλλά
3506 3410 3576 3464 16
3627 3409 3727 3480 μὲν
3774 3412 3846 3481 τῇ

2262 3498 2487 3569 τελευτῇ
2544 3497 2894 3560 καταλύεται,
2930 3498 2999 3552 τά
3050 3498 3108 3552 δέ
3153 3498 3248 3551 καὶ
3290 3496 3395 3569 πρὸ
3433 3497 3533 3568 τῆς
3581 3496 3849 3567 τελευτῆς

2265 3585 2569 3657 χειμάρρου
2606 3585 2805 3649 παντὸς
2841 3584 3303 3657 ὀξυρῤεπέστερον
3340 3586 3633 3659 παραρρεῖ.
3669 3583 3752 3637 Τά
3785 3583 3846 3636 δὲ

2262 3671 2529 3743 μέλλοντα
2574 3673 2636 3726 06
2667 3672 2923 3725 τοιαῦτα·
2974 3672 3075 3725 οὐκ
3112 3667 3220 3725 οἶδε
3270 3670 3398 3742 γὰρ.
3424 3669 3743 3741 μεταϐολὴν,
3779 3672 3845 3724 οὐ

2263 3753 2724 3831 δέχεταιτροπὴν,
2764 3758 2864 3812 οὐκ
2897 3758 3184 3812 ἐπίσταται
3214 3757 3411 3829 γῆρας,
3442 3758 3541 3811 οὐκ
3576 3746 3689 3827 ἐχέι
3716 3758 3847 3811 τινα

2265 3846 2570 3911 ἀλλοίωσιν,
2601 3846 2713 3901 ἀλλ’
2739 3846 2976 3919 ἀκμάζει
3002 3845 3287 3917 διηνεκῶς,
3314 3846 3407 3899 καὶ
3436 3846 3528 3898 ἐπὶ
3546 3844 3645 3915 τῆς
3670 3844 3849 3915 αὐτῆς

2265 3933 2599 4005 εὐπρεπείας
2651 3934 2821 4005 μένει.
2877 3935 3039 3987 Ὥστε
3085 3934 3135 3987 εί
3177 3932 3260 3985 δεῖ
3303 3933 3484 4003 ἀφανῆ
3527 3933 3623 3986 καὶ
3668 3931 3849 4002 ἄδηλα

2267 4025 2441 4077 εἰπεῖν
2471 4024 2566 4076 καὶ
2594 4022 2909 4088 ἀπιστα,-τά
2934 4022 3175 4094 παρόντα
3203 4022 3284 4076 δεῖ
3306 4022 3485 4091 λέγειν
3513 4022 3845 4093 πράγματα,

2266 4111 2361 4164 καὶ
2398 4108 2471 4180 μὴ
2505 4110 2887 4182 παραμένοντα
2926 4112 3039 4173 τοῖς
3096 4111 3471 4180 κεκτημένοις,
3528 4107 3677 4182 [451]
3725 4108 3848 4163 611'

2266 4197 2563 4267 ἀμείϐοντα
2595 4198 2719 4261 τοὺς
2756 4193 3043 4262 δεσπότας,
3072 4198 3168 4251 καὶ
3207 4196 3329 4251 καθ’
3362 4198 3600 4267 ἐκάστην
3628 4198 3851 4269 ἡμέραν

2267 4284 2376 4338 ἀπὸ
2419 4284 2610 4338 τούτου
2660 4285 2796 4355 πρὸς
2841 4284 3031 4355 ἕτερον
3086 4284 3496 4355 μεταπηδῶντα,
3546 4285 3639 4338 καὶ
3680 4284 3780 4339 πάλ
3797 4303 3851 4339 ιν

2268 4372 2361 4425 ἀπ’
2411 4371 2619 4436 ἐκείνου
2656 4371 2792 4443 πρὸς
2822 4370 2999 4426 ἀλλον.
3057 4370 3243 4426 Ταῦτα
3279 4372 3344 4443 δή
3379 4372 3556 4426 πάντα
3599 4371 3851 4442 δηλώσας

2236 4460 2398 4530 νήμῖν
2448 4460 2478 4511 6
2524 4457 2752 4524 Παῦλος,
2807 4458 2901 4513 καὶ
2954 4458 3046 4512 διά
3105 4457 3264 4512 τοῦτο
3312 4457 3383 4512 τά
3451 4458 3547 4529 μέν
3600 4458 3853 4531 παρόντα

2271 4548 2601 4619 πρόσκαιρα,
2622 4547 2689 4601 τά
2719 4549 2777 4602 δὲ
2812 4546 3072 4620 μέλλοντα
3095 4547 3286 4601 αἰώνια
3318 4546 3571 4612 καλέσας,
3596 4547 3687 4601 16v
3716 4551 3851 4619 περὶ

2268 4638 2364 4709 τῆς
2414 4638 2758 4702 ἀναστάσεως
2800 4638 2940 4692 κινεῖ
2972 4637 3149 4707 λόγον,
3177 4636 3319 4691 οὕτω
3347 4637 3521 4707 λέγων
3542 4654 3556 4669 ·
3586 4636 3851 4709 0166;10-

2269 4726 2380 4795 γὰρ
2417 4724 2507 4778 ὅτι
2539 4724 2649 4779 ἐὰν
2683 4726 2721 4793 ἡ
2753 4725 3013 4795 ἐπίγειος
3040 4725 3209 4794 ἡμῶν
3236 4725 3396 4779 οίκία
3426 4724 3531 4778 τοῦ
3570 4725 3852 4795 σκήνους

2270 4810 2601 4879 καταλυθῇ,
2624 4812 2818 4865 οὶκίαν
2848 4814 2918 4867 ἐκ
2952 4812 3099 4867 Θεοῦ
3121 4811 3341 4882 ἔχομεν
3369 4812 3851 4886 ἀχειροποίητον,

2272 4898 2513 4954 αἰώνιον
2535 4898 2605 4951 ὲν
2632 4898 2755 4965 τοῖς
2787 4898 3084 4967 οὐρανοῖς.

2345 5064 2574 5135 ς’.”υρα
2597 5062 2757 5115 πάλιν
2782 5060 2875 5114 καὶ.
2892 5059 3124 5115 ἐνταῦθα
3144 5058 3260 5122 πῶς
3282 5060 3400 5123 ταῖς
3420 5056 3628 5125 λέξεσιν
3652 5059 3853 5132 κέχρη.

2272 5164 2360 5201 ται
2387 5148 2609 5219 κυρίως,
2628 5145 2696 5199 δι’
2718 5145 2897 5198 αὐτῶν
2922 5144 3031 5198 τῶν
3059 5144 3338 5213 ὀνομάτων
3363 5142 3465 5214 τήν
3491 5142 3722 5213 δύναμιν
3746 5147 3842 5213 ἐμ-

2275 5231 2480 5300 φαίνων
2497 5230 2606 5283 τῶν
2622 5229 2925 5300 νοημάτων.
2953 5230 3026 5282 06
3047 5226 3156 5299 γὰρ
3180 5227 3367 5292 ἁπλῶς
3388 5226 3584 5296 σκῆνος
3601 5228 3661 5280 τὸ
3689 5228 3849 5299 σῶμα

2273 5313 2548 5379 ἐκάλεσεν,
2578 5311 2712 5367 ἀλλά
2742 5313 2803 5365 τὸ
2852 5312 3185 5383 πρόσκαιρον
3224 5311 3324 5379 τῆς
3371 5310 3653 5381 παρούσης
3700 5310 3849 5381 ζωῆς

2273 5399 2403 5467 ἡμῖν
2437 5393 2860 5466 ἐνδεικνύμενος,
2887 5396 2981 5447 καὶ
3008 5394 3106 5465 τὴν
3151 5394 3244 5448 ἐπὶ
3272 5393 3334 5448 16
3372 5393 3577 5465 βέλτιον
3615 5392 3850 5463 μεταϐο-

2272 5478 2370 5550 λὴν
2398 5478 2599 5550 δηλῶν,
2639 5478 2920 5549 μονονουχὶ
2966 5477 3140 5546 λέγων
3159 5495 3172 5507 ’
3202 5476 3268 5530 Τί
3313 5474 3591 5538 στενάζεις
3622 5475 3717 5528 καὶ
3749 5474 3848 5529 δα-

2274 5560 2489 5629 κρύεις,
2538 5560 2821 5632 ἀγαπητὴ
2868 5561 2948 5614 ὅτι
2996 5560 3175 5632 τύπτῃ
3232 5561 3326 5613 καὶ
3375 5557 3575 5630 ἐλαύνῃ
3629 5558 3723 5610 καὶ
3767 5559 3851 5624 είς

2276 5646 2646 5718 δεσμωτήριον
2675 5645 3004 5716 ἐμπίπτεις;
3052 5644 3104 5698 τί
3133 5643 3350 5715 θρηνεῖς
3384 5642 3483 5710 τάς
3508 5642 3646 5695 κατά
3683 5641 3849 5713 μέρος

2273 5728 2477 5791 ταύτας
2510 5727 2800 5792 κακώσεις,
2831 5726 3063 5796 ὀφείλων
3110 5726 3211 5796 τὴν
3262 5726 3553 5795 ὀλόκληρον
3590 5722 3843 5791 δέξασθαι

2275 5812 2570 5870 κατάλυσιν
2617 5809 2710 5866 106
2758 5810 3044 5883 σώματος’
3077 5810 3276 5881 μᾶλλον
3303 5809 3359 5864 δέ
3388 5809 3486 5879 οὐχ
3530 5807 3716 5872 ἁπλῶς
3748 5808 3841 5863 105
