4070 6424
226 457 333 512 425
962 523 986 544 θ

227 571 390 638 igitur
419 566 566 630 dicit,
601 561 808 632 pondus
835 559 1042 631 gloriae,
1073 552 1491 625 magnitudinem
1518 545 1705 620 glori-.e
1739 544 1822 638 di-

226 636 319 712 cit.
352 657 429 712 Ne
453 657 553 709 hoc
593 662 829 721 reputes,
864 651 1055 720 inquit,
1085 646 1226 718 quod
1255 640 1542 713 ﬂagellaris
1563 647 1616 693 et
1641 636 1825 706 expel-

229 749 377 810 leris,
405 745 500 800 sed
532 745 706 813 potius
728 743 898 811 cogita
929 754 1152 794 coronas
1178 749 1226 791 et
1254 734 1654 796 retributiones,
1682 729 1824 798 quod

223 843 337 893 illa:
367 839 655 908 longiores,
689 837 920 903 majores
944 845 998 888 et
1028 834 1285 886 clariores
1311 828 1419 882 sint
1447 821 1822 893 prmscntibus,

227 932 541 999 nullumque
581 929 738 982 linem
786 928 1033 986 habeant,
1069 933 1159 976 aut
1201 919 1506 974 terminum.
1540 919 1611 968 At
1656 913 1821 978 enim,

228 1022 424 1092 inquit,
463 1020 577 1073 haec
600 1021 707 1090 jam
740 1017 1066 1085 experimur,
1100 1014 1185 1066 illa
1214 1025 1339 1064 vero
1368 1009 1420 1061 in
1459 1021 1554 1074 spe
1581 1013 1703 1058 sunt
1733 1017 1825 1071 po-

229 1124 333 1166 s'tta
364 1131 377 1166 :
412 1121 466 1165 et
493 1111 609 1165 haec
644 1108 857 1179 quidem
891 1113 1168 1174 apparent,
1211 1100 1298 1154 illa
1329 1112 1458 1152 vero
1505 1111 1609 1149 non
1655 1107 1822 1161 appa-

229 1214 371 1270 rent,
418 1203 511 1258 sed
556 1202 769 1256 excelsa
809 1197 1163 1263 sublimiaque
1208 1199 1350 1245 sunt.
1385 1189 1496 1242 ltno
1538 1183 1822 1239 invisibilia

236 1295 409 1348 multo
434 1293 601 1361 magis
630 1298 908 1361 apparent,
948 1301 1103 1356 quam
1129 1281 1373 1344 visibilia,
1406 1278 1707 1348 poterisque
1736 1275 1825 1328 illa

229 1385 402 1454 magis
428 1384 630 1449 videre,
657 1397 813 1450 quam
861 1378 976 1432 lucc
1005 1394 1018 1430 :
1065 1375 1180 1428 lucc
1224 1386 1368 1427 enim
1409 1375 1704 1432 transeunt,
1737 1365 1822 1418 illa

225 1485 409 1529 autem
460 1481 794 1544 permanent.
844 1471 1137 1537 Eapropter
1179 1462 1376 1538 addit:
1405 1459 1542 1512 Dum
1584 1473 1677 1510 nos
1724 1471 1826 1508 non

226 1576 517 1634 spectamus
543 1581 600 1617 ea
625 1577 738 1634 quae
752 1561 1005 1622 videntur,
1037 1553 1123 1610 sed
1143 1569 1258 1624 qua!
1285 1569 1385 1605 non
1415 1549 1646 1604 videntur
1668 1564 1686 1604 :
1713 1561 1826 1617 qua:

226 1660 366 1710 enim
416 1657 666 1718 videntur,
706 1651 1004 1721 temporalia
1030 1664 1049 1701 :
1072 1663 1184 1702 oua:
1220 1661 1322 1698 non
1359 1644 1606 1706 ridentur,
1637 1651 1826 1694 (eterra

225 1759 348 1803 sunt
375 1747 450 1817 (2.
481 1746 597 1801 Cor.
627 1747 680 1800 4.
714 1743 826 1815 18).

306 1840 361 1892 5.
404 1841 472 1891 At
497 1839 540 1891 si
582 1836 805 1900 dixeris,
838 1831 1118 1901 Quomodo
1164 1843 1380 1899 possum
1410 1825 1590 1879 videre
1619 1839 1681 1877 ea
1708 1837 1827 1892 qua:

230 1945 342 1983 non
374 1927 639 1992 videntur,
667 1933 722 1982 et
749 1940 809 1979 ea
842 1940 960 1993 qua:
993 1921 1271 1991 przesentia
1299 1926 1442 1984 sunt,
1470 1933 1576 1972 non
1610 1913 1828 1970 videre?

229 2038 259 2073 a
290 2018 634 2075 smcularibus
662 2015 889 2084 negetiis
932 2025 981 2068 te
1006 2014 1072 2067 ad
1100 2012 1236 2065 hanc
1266 2011 1425 2065 tidem
1454 2007 1708 2062 inducere
1737 2021 1825 2061 sa-

231 2122 433 2181 tagam.
469 2109 599 2163 Nam
631 2110 683 2162 in
725 2108 886 2161 rebus
917 2104 1072 2173 lmjus
1109 2101 1291 2156 mundi
1335 2115 1493 2154 nemo
1520 2098 1700 2152 statim
1728 2097 1827 2150 ali-

231 2201 366 2270 quid
406 2200 532 2269 agit,
580 2199 682 2252 nisi
741 2197 1044 2266 priusquam
1097 2193 1272 2246 videat
1322 2189 1568 2253 visibilia,
1626 2196 1828 2256 spectet

233 2288 545 2344 invisibilia.
575 2289 756 2342 Dicam
795 2295 971 2340 autem
999 2284 1299 2354 exemplum
1328 2300 1342 2336 :
1372 2279 1668 2351 negotiator
1690 2281 1828 2333 mul-

235 2394 323 2437 tas
368 2381 473 2437 fert
519 2388 887 2450 tempestates,
935 2376 1188 2431 ﬂuctuum
1238 2375 1485 2437 insultus,
1532 2371 1824 2442 naufragia,

235 2473 509 2540 multaque
536 2471 636 2524 alia
668 2469 1005 2524 incommoda
1035 2485 1047 2520 :
1083 2482 1268 2522 verum
1314 2481 1420 2519 non
1451 2464 1553 2518 nisi
1582 2479 1703 2517 cum
1731 2472 1828 2517 ne“

233 2565 584 2635 gotiationem
616 2563 942 2634 aliquamdiu
973 2561 1294 2625 exercuerit,
1333 2568 1386 2613 et
1412 2573 1620 2613 merces
1648 2557 1832 2611 vendi-

236 2657 400 2723 derit,
449 2655 646 2710 divitiis
692 2654 858 2725 partis
904 2653 1114 2707 fruitur.
1169 2653 1234 2706 Et
1276 2650 1586 2721 praecedunt
1614 2649 1829 2718 quidem

237 2756 601 2817 tempestates,
645 2757 940 2816 sequuntur
966 2754 1142 2799 autem
1176 2758 1384 2798 merces
1421 2760 1432 2796 :
1466 2750 1520 2796 et
1551 2741 1693 2794 videt
1717 2742 1834 2809 qui-

233 2839 360 2892 dem
391 2833 608 2907 pelagus
648 2852 712 2892 ac
744 2835 956 2902 ﬂuctus,
1001 2851 1120 2890 cum
1168 2851 1198 2889 e
1225 2836 1379 2888 litore
1412 2833 1592 2901 solvit,
1625 2847 1832 2887 merces

234 2938 415 2982 autem
435 2943 539 2982 non
561 2927 827 2993 videntur,
859 2936 1065 2981 tantum
1091 2936 1268 2980 autem
1298 2934 1605 2994 sperantur.
1632 2927 1699 2975 At
1731 2920 1833 2975 nisi

236 3019 302 3073 ad
333 3034 452 3074 eam
484 3019 753 3088 respiciat,
787 3034 905 3088 qua:
935 3010 1039 3071 non
1086 3024 1305 3085 apparet
1331 3025 1385 3068 et
1418 3015 1612 3068 absens
1643 3023 1744 3078 est,
1779 3019 1834 3066 et

237 3124 344 3163 non
375 3110 427 3162 in
457 3125 638 3175 manu,
665 3109 756 3162 sed
786 3109 838 3162 iu
869 3123 986 3177 spe,
1017 3122 1302 3176 numquam
1343 3107 1505 3160 etiam
1548 3103 1833 3174 praesentia

235 3208 291 3251 et
317 3213 437 3268 qua}
474 3208 730 3267 apparent
756 3197 1057 3252 attentabit.
1090 3195 1350 3261 Similiter
1373 3204 1428 3250 et
1452 3195 1682 3264 agricola
1701 3194 1831 3262 jun-

235 3291 315 3359 git
343 3290 549 3352 boves,
603 3290 762 3343 trahit
806 3298 1065 3353 aratrum,
1118 3287 1408 3358 profundos
1458 3287 1583 3341 facit
1630 3288 1831 3351 sulcos,

234 3384 547 3450 seminaque
578 3383 797 3450 spargit,
821 3390 875 3436 et
907 3382 1108 3444 omnia,
1135 3396 1256 3450 qua:
1286 3380 1385 3434 sibi
1411 3390 1554 3447 sunt,
1589 3381 1830 3446 insumit,

236 3481 290 3524 et
312 3471 530 3541 frigora,
565 3479 618 3525 et
644 3471 858 3540 glacies,
888 3481 941 3526 et
965 3471 1182 3538 imbres,
1206 3480 1258 3525 et
1283 3471 1415 3524 alias
1440 3469 1542 3526 fert
1564 3485 1833 3525 aerumnas

239 3564 433 3617 multas
465 3577 476 3616 :
509 3563 827 3632 tandemque
865 3574 981 3632 post
1009 3563 1222 3616 labores
1247 3570 1542 3631 exspectat,
1573 3571 1630 3616 ut
1656 3562 1836 3616 videat

236 3668 458 3724 campos
485 3655 717 3709 virentes
738 3664 794 3708 et
826 3654 1034 3723 plenam
1060 3669 1262 3708 aream.
1288 3654 1364 3707 En
1388 3665 1441 3708 et
1464 3653 1549 3708 hic
1580 3655 1725 3724 prior
1750 3664 1834 3709 est

244 3747 416 3813 labor,
484 3749 749 3816 posterior
790 3763 919 3803 vero
966 3763 1214 3803 merces:
1250 3757 1303 3803 et
1349 3729 1560 3802 merces
1606 3748 1830 3814 incerta,

243 3839 395 3894 labor
427 3855 557 3895 vero
582 3851 760 3896 certus
796 3851 849 3897 et
880 3843 1189 3896 manifestus
1217 3858 1231 3896 :
1263 3849 1318 3896 et
1345 3834 1431 3894 illa
1461 3840 1680 3910 quidem
1711 3849 1829 3893 tan-

239 3943 349 3986 tum
373 3933 424 3987 in
461 3949 576 4002 spe,
601 3934 753 3989 labor
778 3943 954 3990 autem
983 3936 1034 3989 in
1067 3935 1333 3990 manibus.
1362 3934 1744 3989 Verumtamen
1779 3941 1832 3988 et

240 4022 354 4091 ipse
404 4023 507 4077 nisi
540 4025 765 4092 primum
808 4027 944 4078 hanc
985 4033 1209 4094 spectet,
1256 4040 1377 4095 qua:
1421 4025 1580 4079 dubia
1625 4033 1678 4079 et
1725 4039 1830 4078 non

238 4131 525 4185 apparens,
553 4126 606 4171 et
626 4118 898 4187 corporeis
923 4119 1091 4172 oculis
1117 4118 1484 4188 inconspicua.
1516 4133 1624 4172 non
1653 4118 1831 4172 solum

239 4223 346 4261 non
369 4208 560 4278 junget
584 4209 765 4272 boves,
814 4225 987 4278 neque
1029 4221 1264 4264 aratrum
1314 4211 1508 4277 trahet,
1541 4226 1713 4282 neque
1742 4226 1832 4267 se-

239 4299 385 4351 mina
425 4306 658 4368 sparget,
709 4299 800 4354 sed
834 4314 1005 4370 neque
1046 4315 1297 4370 umquam
1340 4301 1406 4355 ad
1455 4301 1505 4356 id
1534 4301 1712 4370 operis
1748 4302 1832 4356 vel

239 4391 406 4444 domo
460 4391 784 4460 egredietur.
839 4392 1120 4457 Quomodo
1173 4394 1335 4464 igitur
1389 4394 1674 4449 absurdum
1723 4410 1831 4449 non

243 4480 405 4534 fuerit
461 4480 513 4533 in
564 4481 724 4536 rebus
776 4484 1120 4538 srccularibus
1172 4500 1278 4539 non
1331 4496 1616 4555 conspecta
1663 4487 1827 4556 prius,

239 4585 399 4638 quam
433 4583 714 4640 conspecta
760 4589 871 4643 prae
911 4574 1081 4632 oculis
1110 4575 1331 4641 habere,
1379 4586 1432 4631 et
1464 4585 1589 4632 ante
1629 4592 1833 4632 merce-

239 4661 361 4715 dem
409 4664 671 4717 sustinere
724 4665 956 4731 labores,
1006 4674 1059 4720 et
1107 4675 1226 4736 post
1275 4669 1577 4722 exantlatos
1624 4668 1832 4723 labores

243 4756 377 4807 bona
407 4769 472 4808 ex
504 4755 565 4807 iis
596 4758 860 4810 manantia
882 4767 1392 4829 exspectare,atque
1415 4775 1509 4828 spe
1537 4775 1640 4813 non
1670 4775 1832 4829 appa-

243 4845 472 4898 rc-utium
501 4860 562 4899 ea
598 4863 715 4916 quae
742 4847 1014 4930 videntur.
1033 4849 1294 4930 aggredi;
1323 4852 1374 4904 in
1417 4850 1481 4906 iis
1509 4862 1686 4906 autem
1713 4866 1832 4922 qua:

241 4937 306 4990 ad
344 4937 533 5015 .Deum
584 4947 829 5007 spectant
873 4923 1139 5004 dubitare,
1193 4923 1460 5006 haesitare,
1515 4951 1570 4997 et
1610 4958 1834 5011 poscere

243 5029 544 5084 mercedem
587 5041 711 5084 ante
751 5031 987 5099 labores,
1035 5049 1261 5102 esseque
1308 5035 1470 5086 animi
1504 5034 1827 5104 abjectioris-

239 5135 399 5188 quam
433 5119 540 5174 sint
568 5122 814 5192 agricolae
841 5131 895 5175 et
929 5133 1100 5177 nauta:
1118 5110 1150 5177 Τ
1178 5124 1293 5178 Non
1335 5125 1478 5179 enim
1507 5125 1558 5179 in
1588 5126 1689 5180 hoc
1716 5126 1835 5181 solo

241 5211 370 5278 ipsis
401 5211 654 5290 videmur
670 5228 790 5268 esse
817 5213 1134 5279 deteriores,
1178 5217 1320 5286 quod
1349 5234 1489 5288 :egre
1533 5219 1701 5272 futura
1732 5236 1830 5275 ex-

239 5310 568 5368 spectamus,
612 5303 706 5356 sed
751 5304 910 5358 etiam
961 5306 1012 5359 in
1054 5307 1160 5360 alio
1202 5309 1433 5377 quodam
1479 5325 1585 5363 non
1626 5311 1834 5366 minore

244 5391 366 5444 illis.
411 5392 479 5446 Et
512 5394 778 5462 quodnam
805 5406 886 5449 est
915 5396 1059 5450 hoc?
1086 5398 1162 5452 Illi
1193 5400 1333 5454 enim
1367 5416 1470 5454 non
1511 5403 1641 5456 satis
1669 5403 1834 5458 fidere

245 5491 471 5548 possunt
501 5482 590 5536 lini
619 5499 749 5547 suo;
791 5496 1025 5542 attamen
1069 5504 1166 5543 nec
1192 5491 1269 5543 sic
1298 5527 1325 5543 ..
1356 5491 1629 5547 laboribus
1657 5493 1836 5548 deter—

243 5583 432 5628 rentur
462 5593 474 5628 :
502 5587 556 5629 at
590 5586 645 5631 tu
676 5577 1042 5647 ﬁdejitssorent
1071 5597 1386 5636 coronarunt
1431 5583 1595 5639 habes
1626 5585 1729 5639 fide
1753 5585 1841 5640 di-

239 5665 554 5732 gnissimum
583 5683 596 5719 :
623 5677 678 5722 et
720 5684 895 5740 neque
938 5673 1014 5726 sic
1063 5673 1286 5729 imitaris
1327 5675 1536 5730 illorum
1580 5691 1840 5746 perseve-

244 5756 492 5810 rantiam.
550 5756 758 5811 Etenim
816 5777 1212 5832 nonnumquam
1262 5765 1491 5836 agricola
1552 5779 1839 5838 postquam

241 5858 536 5906 sementem
565 5851 773 5922 iecerit,
810 5868 995 5926 agrum
1036 5857 1279 5926 coluerit,
1309 5861 1418 5932 jam
1467 5872 1701 5934 segetem
1748 5865 1834 5919 in-

1286 439 1374 497 DE
1415 423 1990 491 RESURRECTIONE
2029 423 2481 495 MORTL’ORUM.

3420 416 3523 473 426

1934 553 2175 593 crescere
2211 537 2425 602 viderit,
2461 551 2556 606 spe
2598 544 2774 589 tamen
2804 550 2864 590 ac
2894 534 3241 590 retributione
3283 534 3522 587 laborent

1933 627 2148 693 excidit,
2173 628 2216 682 si
2241 628 2325 682 vel
2354 627 2578 696 grando,
2609 627 2690 680 vel
2713 641 2907 690 eruca),
2943 627 3025 680 vel
3051 627 3289 689 locusta),
3318 629 3399 679 vel
3422 627 3521 676 alia

1931 720 2175 790 qumdam
2209 720 2330 773 talia
2360 719 2669 781 acciderint,
2721 727 2776 772 et
2813 727 2935 788 post
2967 716 3160 771 multos
3187 717 3410 770 sudores
3435 732 3525 768 va-

1932 813 2047 862 cuis
2088 811 2331 863 manibus
2375 808 2591 863 domum
2644 809 2964 878 regreditur.
3014 809 3276 861 Mercator
3313 823 3525 876 quoque

1933 908 2052 968 post
2100 900 2309 969 longam
2365 899 2753 968 navigationem
2796 899 2997 953 ducens
3031 908 3306 952 oneratam
3348 899 3524 964 navim

1931 1005 2074 1056 saepe
2113 990 2166 1042 in
2194 991 2308 1057 ipso
2340 999 2524 1058 portus
2554 991 2714 1054 ostio,
2750 989 3073 1043 irruentibus
3105 989 3296 1052 ventis,
3333 989 3526 1057 impin-

1930 1080 2006 1148 git
2045 1079 2094 1131 in
2137 1080 2434 1147 scopulum,
2466 1089 2521 1134 et
2570 1081 2656 1132 vix
2690 1079 2833 1133 nudo
2879 1093 3105 1146 corpore
3134 1080 3281 1131 salvo
3309 1079 3524 1147 egredi—

1935 1180 2038 1223 tur.
2091 1171 2160 1224 Et
2203 1173 2253 1224 in
2286 1188 2516 1238 sunnna,
2551 1173 2602 1226 in
2634 1173 2978 1234 Siccularibus
3027 1171 3252 1240 negotiis
3278 1170 3525 1224 omnibus

1931 1276 2074 1331 swpe
2109 1264 2210 1317 sub
2241 1263 2404 1318 linem
2434 1263 2694 1333 ejusmodi
2722 1263 3048 1318 calamitates
3095 1263 3366 1316 eveniunt.
3408 1261 3527 1316 Cte-

1935 1363 2106 1410 terum
2140 1370 2246 1410 non
2279 1356 2418 1410 idem
2453 1358 2505 1410 in
2547 1357 2652 1410 tuis
2680 1356 2940 1425 contingit
2967 1355 3382 1418 certaminibus;
3430 1354 3524 1407 sed

1933 1464 2154 1504 necesse
2202 1449 2418 1503 omnino
2462 1457 2565 1513 est,
2611 1457 2668 1502 ut
2709 1447 2799 1518 qui
2841 1449 3146 1512 certaverit,
3188 1454 3244 1501 et
3275 1447 3524 1515 pietatem

1932 1541 2296 1605 seminaverit,
2330 1541 2630 1608 multosque
2670 1539 2877 1594 labores
2915 1539 3116 1603 tulerit,
3162 1537 3321 1592 finem
3352 1539 3524 1607 ipsum

1928 1642 2267 1702 assequatur.
2305 1631 2487 1700 Neque
2513 1632 2656 1685 enim
2685 1633 2822 1686 aeris
2851 1632 3166 1701 intemperie
3193 1645 3366 1701 neque
3392 1639 3524 1709 ven-

1934 1733 2110 1778 torum
2151 1732 2468 1792 tempestate
2515 1723 2757 1777 laborum
2802 1723 3078 1777 mercedes
3122 1723 3356 1777 subverti
3400 1722 3527 1776 sinit

1933 1816 2107 1881 Deus;
2132 1814 2225 1870 sed
2247 1814 2495 1883 reposita:
2515 1821 2636 1868 sunt
2661 1813 2763 1867 illa:
2788 1814 2838 1867 in
2862 1814 3165 1868 czelestibus
3187 1822 3241 1869 et
3264 1814 3528 1882 indepre-

1933 1907 2201 1974 dabilibus
2241 1907 2527 1961 thesauris.
2561 1905 2787 1974 Propter
2831 1906 2931 1960 hoc
2969 1915 3021 1960 et
3050 1906 3247 1960 Paulus
3271 1906 3479 1960 dicebat
3508 1923 3525 1961 :

1932 2000 2145 2071 Aﬁlictio
2167 2001 2461 2070 patientiam
2480 2008 2737 2069 operatur,
2764 1999 3004 2067 patientia
3024 1999 3383 2067 probationem,
3410 2015 3504 2068 pro

1935 2091 2068 2145 batio
2096 2108 2254 2162 spent,
2283 2108 2395 2160 spes
2412 2098 2579 2142 autent
2599 2106 2700 2143 non
2720 2089 2983 2157 confundit
3008 2089 3179 2160 (Rom.
3209 2091 3261 2145 5.
3296 2093 3347 2144 4.
3376 2089 3454 2160 5).

2011 2181 2386 2252 Temporalium
2405 2183 2726 2236 incertitudo.
2756 2211 2828 2222 -—
2847 2182 3013 2251 Igitur
3034 2197 3101 2236 ne
3125 2183 3324 2236 dixeris
3346 2182 3523 2238 futura

1936 2274 2217 2328 invisibilia
2245 2292 2257 2325 :
2282 2273 2325 2327 si
2353 2271 2495 2327 enim
2518 2282 2766 2327 accurate
2793 2272 3101 2327 examinare
3126 2271 3381 2340 volueris,
3412 2274 3529 2327 lon-

1935 2382 2001 2437 ge
2043 2366 2401 2421 manifestiora
2435 2365 2776 2430 videbuntur,
2817 2380 2973 2434 quam
3004 2365 3091 2418 illa
3139 2365 3279 2435 ipsa,
3326 2381 3446 2434 qua:
3476 2367 3530 2421 in

1937 2457 2183 2530 manibus
2217 2464 2360 2511 sunt.
2389 2456 2543 2523 Quod
2579 2456 2751 2526 ipsum
2793 2456 2988 2510 Paulus
3014 2457 3166 2510 nobis
3203 2467 3529 2523 monstrans,

1937 2549 2065 2602 dicit
2088 2565 2101 2598 :
2132 2546 2241 2600 Illa
2263 2547 2465 2616 quidem
2492 2557 2699 2610 (eterna,
2728 2545 2836 2599 Ita'c
2861 2561 2975 2600 vero
2999 2549 3318 2618 teniporaliu,
3360 2549 3530 2602 nomi-

1937 2651 2006 2692 ne
2073 2636 2443 2707 temporalium
2501 2637 2776 2691 declarans
2824 2637 2977 2691 nobis
3029 2638 3530 2706 corruptibilitatem

1938 2728 2197 2797 ipsorum.
2217 2726 2347 2781 Nam
2367 2735 2648 2795 antequam
2672 2735 2983 2797 appareant,
3004 2727 3300 2797 aufngiuut,
3326 2741 3376 2784 et
3400 2745 3530 2782 avo-

1939 2819 2049 2872 lant
2071 2829 2354 2888 antequam
2377 2820 2692 2883 consistant,
2731 2820 3156 2887 mutationesque
3179 2835 3365 2873 eorum
3396 2822 3532 2876 cele-

1938 2925 2026 2964 res
2052 2919 2196 2975 sunt,
2222 2911 2421 2963 incerta
2449 2911 2732 2978 possessio.
2761 2909 2871 2963 lloc
2893 2911 2946 2962 in
2973 2909 3193 2976 divitiis,
3216 2912 3402 2980 gloria,
3433 2929 3531 2980 po-

1939 3013 2165 3070 tentatu,
2193 3003 2434 3073 corporis
2459 3003 2629 3057 forma
2666 3013 2751 3057 :et
2782 3002 2884 3056 hoc
2905 3004 2958 3056 in
3000 3019 3336 3074 quocmnque
3361 3021 3532 3060 saecu—

1941 3098 2036 3151 lari
2090 3097 2196 3149 alio
2252 3097 2392 3150 bono
2441 3095 2684 3150 contueri
2735 3094 2876 3148 licet.
2934 3094 3231 3163 Eapropter
3275 3096 3532 3165 pr0plieta

1938 3188 2338 3258 reprehendens
2384 3199 2602 3257 agentes
2649 3189 2698 3240 in
2738 3187 2984 3252 deliciis,
3018 3198 3072 3241 et
3115 3190 3164 3241 in
3194 3188 3406 3244 divitias
3455 3191 3532 3244 vel

1939 3281 2181 3350 quamvis
2235 3281 2390 3334 aliam
2424 3295 2536 3336 rem
2567 3281 2915 3350 temporalem
2959 3281 3320 3349 insanientes,
3373 3285 3534 3351 Quasi

1937 3374 2154 3437 stantia,
2207 3372 2371 3438 dicit,
2427 3383 2726 3446 repulerunt
2764 3373 2905 3439 Ita'c,
2951 3390 3051 3426 non
3089 3377 3238 3444 quasi
3287 3376 3536 3446 fugientia

1947 3463 2123 3535 (Amos
2144 3464 2194 3518 6.
2225 3465 2302 3533 5).
2355 3463 2486 3534 Nam
2508 3467 2643 3518 sicut
2665 3465 2904 3518 umbram
2929 3481 3086 3519 nemo
3108 3469 3533 3536 Comprehende-

1934 3555 2041 3620 rit,
2069 3555 2139 3609 ita
2167 3570 2344 3625 neque
2382 3556 2707 3625 temporales
2738 3571 2856 3622 res;
2889 3557 2981 3610 sed
3010 3573 3196 3612 eorum
3224 3560 3398 3630 aliqua
3430 3563 3535 3617 line

1939 3661 2037 3700 suo
2057 3656 2496 3702 consummantur
2515 3657 2568 3701 et
2587 3646 2971 3713 dissolvuntur,
2999 3648 3099 3702 alia
3121 3659 3245 3705 ante
3264 3652 3422 3705 tinem
3446 3669 3536 3708 ve-

1938 3739 2106 3794 locius
2134 3740 2327 3808 quovis
2374 3749 2609 3794 torrente
2650 3738 2917 3794 difﬂuunt.
2970 3741 3164 3796 Futura
3208 3753 3386 3798 autem
3428 3761 3533 3800 non

1939 3839 2064 3886 sunt
2085 3831 2209 3884 talia
2233 3849 2247 3885 :
2271 3831 2622 3885 mutationem
2654 3832 3082 3895 enim-nesciunt,
3111 3834 3534 3891 vicissitudinem

1939 3937 2046 3976 non
2076 3922 2346 3991 patiuntur
2375 3939 2388 3975 :
2422 3939 2528 3976 non
2559 3937 2619 3977 ea
2651 3910 2806 3993 urget
2834 3931 3116 3989 senectus,
3160 3925 3360 3980 nullam
3400 3927 3538 3982 alte-

1939 4015 2202 4070 rationem
2241 4017 2611 4085 experiuntur,
2645 4016 2738 4069 sed
2774 4027 3032 4086 perpetuo
3061 4018 3261 4088 vigent,
3285 4029 3339 4073 et
3363 4020 3413 4073 in
3442 4035 3536 4075 eo-

1939 4109 2062 4162 dem
2090 4108 2286 4162 decore
2309 4116 2643 4178 permanent.
2672 4107 2852 4178 Itaque
2877 4108 2922 4163 si
2953 4123 3053 4178 qna
3085 4118 3331 4180 oporteat
3355 4111 3536 4166 dicere

1931 4199 2244 4262 invisibilia,
2267 4199 2467 4252 incerta
2489 4207 2542 4253 et
2561 4197 2808 4263 obscura,
2835 4211 2896 4252 ea
2921 4207 3045 4253 sunt
3064 4202 3348 4269 praesentia
3375 4218 3389 4254 :
3411 4217 3533 4256 nam

1937 4290 2080 4360 apud
2111 4289 2445 4360 possidentes
2475 4305 2580 4344 non
2609 4298 2860 4354 manent,
2891 4290 2985 4345 sed
3013 4291 3249 4358 quotidie
3286 4292 3535 4347 dominos

1939 4390 2174 4446 mutant,
2206 4395 2260 4437 et
2288 4382 2356 4437 ab
2383 4382 2486 4437 illis
2511 4383 2577 4436 ad
2604 4384 2738 4438 alios
2769 4392 3078 4448 transeunt,
3116 4394 3170 4438 et
3212 4401 3421 4439 rursum
3465 4385 3536 4439 ab

1940 4476 2048 4530 illis
2069 4475 2134 4530 ad
2161 4475 2314 4531 alios.
2342 4476 2627 4544 Postquam
2649 4475 2772 4530 haec
2798 4477 2975 4528 omnia
3005 4476 3204 4531 Paulus
3223 4477 3534 4543 declaravit,

1941 4567 2166 4638 ideoque
2207 4569 2488 4638 prmsentia
2533 4576 2896 4636 temporanea,
2932 4569 3104 4624 futura
3162 4587 3290 4625 vero
3333 4583 3534 4628 :eterna

1943 4660 2184 4724 vocavit,
2209 4659 2276 4713 de
2319 4659 2709 4714 resurrectione
2735 4675 3037 4714 sermonem
3080 4662 3286 4716 orditur
3308 4662 3390 4717 bis
3419 4680 3538 4719 ver-

1931 4747 2062 4805 bis:
2098 4750 2302 4804 Scimus
2358 4751 2493 4819 quod
2539 4751 2581 4802 si
2637 4752 2883 4803 terrestris
2935 4762 3107 4804 nostra
3149 4755 3326 4807 domus
3382 4756 3538 4825 hujus

1939 4847 2250 4900 tabernaculi
2319 4847 2642 4911 dissolvatur,
2716 4847 2923 4901 domum
2990 4866 3053 4902 ea:
3121 4848 3232 4903 Deo
3298 4851 3538 4905 habemus

1939 4954 2039 4992 non
2059 4943 2421 5008 manu/actam,
2446 4951 2687 4992 cateruam
2709 4941 2760 4993 in
2781 4941 2917 4994 cwlr's
2948 4941 3022 5011 (Ξ.
3049 4941 3165 4994 Cor.
3199 4942 3251 4997 5.
3278 4943 3355 5013 1).

2011 5030 2063 5085 6.
2098 5029 2229 5085 Vide
2256 5031 2444 5085 iterum
2469 5047 2627 5101 quam
2654 5032 2868 5101 proprie
2889 5035 3047 5086 etiam
3081 5035 3182 5089 hoc
3205 5033 3323 5088 loco
3349 5035 3538 5091 dictio-

1936 5122 2096 5177 nibus
2128 5131 2326 5186 utatur,
2353 5132 2409 5177 et
2448 5123 2554 5176 vim
2584 5124 2864 5178 sententiae
2911 5139 3023 5179 sua:
3061 5126 3188 5194 ipsis
3230 5128 3537 5181 nominibus

1931 5213 2193 5268 declaret.
2226 5213 2341 5268 Non
2373 5214 2514 5276 enim
2557 5215 2871 5284 simpliciter
2907 5215 3309 5271 tabernaculum
3341 5234 3535 5287 corpus

1938 5304 2168 5367 vocavit,
2197 5304 2290 5357 sed
2314 5304 2511 5359 indicat
2537 5305 2691 5360 nobis
2713 5309 2874 5360 vitam
2905 5307 3039 5360 hanc
3069 5319 3386 5376 pra-sentem
3417 5325 3536 5363 mo-

1940 5405 2279 5449 mentaneam
2325 5411 2445 5450 esse
2465 5436 2480 5461 ,
2512 5410 2575 5450 ac
2600 5397 2835 5450 declarat
2861 5398 3131 5465 quomodo
3159 5400 3532 5453 commutanda

1939 5486 2009 5539 sit
2039 5486 2088 5540 ii.
2130 5485 2431 5549 meliorem,
2461 5488 2612 5557 quasi
2643 5488 2784 5542 dicat
2815 5504 2829 5540 :
2861 5487 2998 5553 Quid
3033 5488 3340 5560 ingemiscis
3367 5501 3421 5546 et
3453 5491 3533 5545 la-

1941 5579 2223 5650 crymaris,
2252 5579 2467 5645 dilecte,
2500 5581 2642 5651 quod
2673 5580 2985 5636 verberibus
3016 5583 3262 5652 pulsaris,
3296 5584 3438 5651 quod
3469 5585 3536 5640 ab

1943 5671 2217 5726 hominum
2247 5682 2390 5726 ccetu
2418 5673 2721 5742 expelleris,
2745 5674 2886 5744 quod
2913 5675 2962 5728 in
2993 5689 3263 5730 carcerem
3297 5676 3536 5731 intrude-

1943 5765 2052 5819 ris?
2081 5765 2217 5830 Quid
2272 5765 2422 5835 luges
2467 5761 2786 5821 afﬂictiones
2829 5766 2948 5820 illas
2995 5768 3377 5836 particulares,
3415 5786 3535 5825 eum

1947 5863 2232 5933 perlectam
2255 5860 2496 5932 corporis
2512 5859 2831 5918 solutionem
2854 5870 3166 5930 exspectare
3193 5859 3410 5929 debeas,
3431 5863 3539 5918 imo
