4070 6428
562 404 662 458 ιίτ
722 449 725 451 ,

559 535 664 573 non
688 515 992 588 simpliciter
1015 511 1273 590 corporis,
1303 511 1396 565 sed
1419 511 1774 579 corruptionis
1800 511 1849 562 in
1879 508 2125 578 corpore?

559 611 690 666 ham
735 615 792 662 ut
819 605 1080 668 ostendat,
1109 601 1248 671 quod
1278 601 1622 670 particularcs
1664 599 1977 653 afﬂictiones
2021 611 2126 650 non

559 699 729 751 solum
759 696 1073 750 contristare
1102 708 1198 745 nos
1236 708 1339 744 non
1369 691 1612 754 debeant,
1638 690 1728 743 sed
1763 700 1814 742 et
1839 686 2124 752 ludiﬁcare,

561 787 756 840 indicat
780 784 1061 852 optandam
1085 797 1204 836 esse
1226 781 1571 834 univcrsaleni
1594 790 1646 834 et
1667 791 1982 848 posui-mam
2002 793 2127 831 con-

560 875 986 940 summationem,
1023 873 1443 936 dissolutionem,
1486 872 1716 940 inquam,
1747 885 1841 938 per
1880 879 2125 922 mortem.

560 964 648 1018 Sic
675 965 815 1016 enim
842 963 1002 1016 dicit:
1039 960 1236 1014 Etenim
1263 961 1315 1014 iu
1353 962 1445 1014 hoc
1489 959 1806 1013 tabernaculo
1847 957 2132 1028 ingemisci-

557 1071 691 1116 mus,
719 1054 1068 1107 habitationem
1092 1062 1467 1121 nostramque
1488 1053 1549 1103 de
1571 1052 1692 1103 ra'lo
1717 1058 1808 1113 est,
1835 1048 2130 1116 superindui

558 1147 812 1214 capientes
859 1143 946 1212 (2.
1004 1141 1128 1198 Cor.
1182 1143 1234 1198 5.
1275 1140 1372 1210 2..)
1426 1142 1647 1195 Domum
1674 1149 1850 1194 autem
1881 1141 2128 1194 taberna-

558 1237 661 1288 culi
684 1249 874 1302 corpus
903 1234 1048 1297 dicit,
1074 1249 1184 1287 rem
1215 1249 1371 1286 unam
1398 1232 1601 1286 duobus
1631 1231 1931 1285 nominibus
1960 1230 2130 1298 expli-

558 1327 733 1398 Candq
762 1342 775 1377 :
802 1327 882 1379 vel
905 1323 1118 1378 domum
1148 1325 1464 1378 tabernaculi
1493 1332 1647 1377 vocat
1673 1323 1890 1388 domos,
1923 1324 1974 1376 in
2009 1324 2128 1392 qni-

559 1415 660 1468 lius
689 1414 1016 1478 habitamus,
1044 1414 1281 1467 civitates
1300 1454 1314 1476 ,
1352 1424 1406 1466 et
1436 1412 1654 1481 ﬁguram
1682 1414 1955 1481 praesentis
1985 1413 2126 1466 vitae.

559 1504 624 1556 lit
653 1518 755 1558 non
785 1503 1095 1571 simplicizer
1115 1502 1246 1556 dixit
1279 1520 1292 1554 :
1325 1501 1446 1556 Seio
1481 1520 1492 1556 :
1525 1501 1616 1554 sed
1638 1544 1652 1566 ,
1678 1501 1875 1556 Scimus
1907 1517 1926 1556 :
1950 1512 2004 1557 et
2031 1518 2128 1555 au-

557 1596 783 1647 ditorum
824 1593 1137 1647 sententiam
1165 1607 1442 1646 assumens
1470 1609 1484 1644 :
1514 1591 1628 1646 Non
1671 1591 1738 1646 de
1767 1592 1922 1645 rebus
1957 1592 2127 1646 ambi-

555 1688 674 1754 guis
698 1686 911 1756 disputo
935 1727 948 1749 ,
979 1687 1182 1755 inquit,
1212 1703 1315 1740 non
1346 1687 1410 1740 de
1436 1689 1497 1740 iis
1520 1703 1639 1757 quae
1680 1688 2004 1750 nesciuntur,
2034 1685 2126 1740 sed

555 1781 622 1833 de
651 1781 839 1848 quibus
875 1779 1191 1848 jampridem
1235 1778 1388 1832 ﬁdem
1414 1779 1739 1846 suscepistis.
1768 1777 2045 1832 credentes
2074 1777 2126 1831 in

559 1869 1002 1922 resurrectionem
1031 1868 1233 1922 Domini
1265 1886 1277 1921 :
1309 1877 1362 1922 et
1387 1869 1454 1921 ob
1482 1869 1580 1921 hoc
1612 1868 1943 1922 tabernacula
1975 1882 2130 1921 voca-

555 1975 671 2012 mus
699 1974 920 2027 corpora
946 1975 1128 2013 earum
1151 2001 1164 2023 ,
1192 1960 1279 2028 qui
1313 1960 1435 2013 hinc
1459 1959 1742 2013 decedunt.
1779 1959 1909 2013 Vide
1943 1968 2124 2014 autem

556 2051 821 2120 quomodo
846 2060 900 2104 et
929 2052 1090 2105 verb‘o
1119 2052 1360 2120 apposite
1388 2053 1456 2106 sit
1476 2067 1601 2106 usus
1653 2052 1766 2106 Non
1794 2052 1944 2118 dixit,
1977 2051 2128 2107 Occi-

552 2157 669 2195 sum
698 2152 777 2196 cst
799 2183 812 2206 ,
860 2144 939 2196 vel
975 2143 1261 2212 disparuit,
1289 2144 1380 2197 sed
1408 2144 1720 2198 Dissolutum
1746 2155 1816 2198 est
1846 2161 1864 2198 :
1886 2161 1992 2214 quo
2023 2146 2121 2199 de-

553 2234 793 2298 claravit,
822 2234 991 2301 ipsum
1029 2235 1265 2302 dissolvi,
1299 2245 1354 2289 ut
1378 2246 1618 2306 resurgat
1645 2236 1892 2307 iulgidius
1917 2281 1931 2303 ,
1957 2249 2014 2292 ut
2042 2240 2124 2292 iu-

555 2325 794 2378 vcniatur
818 2325 1011 2379 clarius
1041 2345 1053 2379 :
1085 2326 1219 2381 sicut
1241 2330 1397 2381 etiam
1430 2329 1636 2383 labores
1659 2339 1710 2383 et
1733 2332 1944 2398 pra-mia
1977 2345 2124 2384 com-

557 2417 775 2483 parabat
800 2431 828 2469 a
855 2418 1133 2485 qualitate,
1160 2420 1453 2487 quantitate
1479 2430 1530 2474 et
1560 2430 1832 2489 tempore;
1865 2422 1933 2475 ita
1964 2431 2015 2475 et
2044 2423 2126 2476 hic

558 2507 697 2569 facit,
728 2523 920 2576 corpus
940 2510 1240 2575 deciduum,
1278 2512 1618 2578 tabernaculi,
1651 2513 1789 2582 quod
1829 2526 2003 2566 autem
2035 2530 2125 2569 rc-

555 2598 747 2666 snrgit,
782 2598 970 2653 domus
1010 2599 1223 2655 nomine
1250 2611 1403 2655 vocat
1430 2617 1443 2652 :
1478 2613 1530 2656 et
1559 2619 1664 2656 non
1691 2605 1999 2673 simpliciter
2026 2604 2123 2658 do-

552 2703 718 2752 mum,
747 2687 838 2741 sed
863 2699 1144 2753 :eternam;
1173 2705 1269 2743 nec
1302 2690 1470 2745 solum
1510 2700 1794 2755 arternam.
1835 2692 1926 2746 sed
1970 2694 2126 2748 acle-

550 2787 685 2830 stem
716 2795 728 2830 :
758 2779 1122 2832 excellentiam
1153 2781 1268 2847 ejus
1292 2792 1394 2833 tam
1429 2796 1457 2834 a
1485 2791 1742 2850 tempore,
1775 2797 1930 2852 qnam
1956 2798 1982 2834 a
2009 2784 2125 2837 lozo

551 2868 906 2923 subindicans.
942 2869 1063 2924 llzrc
1091 2872 1229 2924 enim
1271 2872 1533 2926 terrestris
1566 2882 1679 2935 est,
1727 2875 1808 2925 illa
1854 2875 2078 2927 cadesds
2107 2891 2120 2924 :

555 2959 668 3013 inec
700 2960 1034 3028 temporalis,
1070 2961 1154 3014 illa
1183 2972 1398 3014 mterna.
1451 2964 1514 3016 Et
1566 2979 1707 3017 nunc
1741 2964 1949 3033 quidem
1991 2981 2126 3032 opus

553 3052 704 3106 nobis
731 3061 811 3106 est
838 3067 1060 3120 corpore
1086 3068 1148 3105 ac
1177 3053 1442 3106 domicilio
1475 3063 1687 3122 prepter
1706 3055 1877 3108 carnis
1901 3056 2124 3108 inlirmi-

551 3151 713 3195 tatem
743 3157 757 3193 :
794 3152 915 3196 tunc
939 3157 1065 3194 vero
1092 3142 1228 3195 idem
1255 3151 1316 3195 et
1337 3158 1529 3210 corpus
1556 3144 1658 3196 erit
1682 3153 1735 3196 et
1759 3143 2078 3198 domicilium
2107 3160 2120 3196 :

556 3248 726 3300 neque
748 3242 905 3296 tecto,
932 3248 1102 3301 neque
1126 3233 1245 3286 ullis
1273 3234 1582 3287 velamentis
1601 3233 1800 3288 habens
1829 3250 1979 3302 Opus,
2004 3250 2125 3288 cum

553 3348 648 3399 pro
674 3333 918 3386 omnibus
941 3332 1023 3385 his
1049 3332 1272 3384 sufﬁciat
1306 3333 1788 3402 incorruptibilitas.
1821 3332 2007 3385 Postea
2038 3334 2123 3385 in-

551 3423 777 3475 dicmido
807 3424 1144 3475 eminentiam
1175 3425 1429 3475 bonorum
1461 3423 1612 3475 nobis
1641 3423 2011 3490 repositorum,
2041 3421 2122 3475 di-

550 3513 618 3563 cit
642 3529 654 3563 :
685 3512 876 3564 Etenim
899 3513 948 3565 iu
977 3513 1810 3582 hocingemiscinms-tabernaculo.
1841 3512 1950 3566 Non
1975 3513 2124 3578 dixit,

553 3604 878 3669 tngemiseo;
930 3603 1020 3655 sed
1051 3617 1384 3657 cooununem
1426 3603 1596 3656 reddit
1641 3604 1955 3657 sententiam
1987 3625 1997 3656 :
2035 3603 2129 3656 Et-

552 3709 683 3743 emm
711 3693 761 3744 in
789 3693 903 3757 hoc,
929 3693 1113 3760 inquit.
1144 3694 1543 3762 ingemiscimus,‘
1565 3694 1747 3747 volens
1773 3711 1863 3748 eos
1883 3695 1947 3748 ad
1975 3710 2122 3748 suam

549 3783 937 3850 philosophiam
978 3791 1208 3843 trahere,
1232 3792 1284 3835 et
1308 3785 1384 3837 sui
1412 3785 1594 3853 judicii
1626 3787 1795 3838 facere
1824 3786 2122 3854 participes.

554 3871 752 3925 Etenim
796 3874 846 3925 in
891 3873 983 3926 hoc
1009 3874 1396 3942 ingemiscimus.
1443 3875 1776 3927 desiderantes
1820 3876 2124 3927 domicilium

551 3977 776 4016 nostrum
806 3981 832 4014 c
855 3964 976 4015 cwlo
1002 3964 1294 4032 superindui
1326 3979 1344 4016 :
1389 3979 1492 4016 non
1532 3964 1663 4016 dixit
1687 3966 2009 4030 simpliciter,
2042 3964 2125 4018 ln-

550 4053 676 4114 tlui;
707 4053 797 4106 sed
839 4052 1146 4121 Superindui
1173 4071 1192 4107 .'
1237 4063 1284 4106 cl
1313 4054 1512 4122 adjicit,
1546 4045 1602 4107 Si
1632 4065 1795 4106 tamen
1819 4055 1995 4118 vestiti,
2025 4072 2124 4107 non

553 4147 693 4196 nudi,
717 4145 1030 4198 irirenianmr
1067 4143 1228 4215 (Ibid.
1261 4161 1308 4196 υ.
1339 4145 1415 4214 5).
1438 4145 1512 4198 Et
1547 4147 1752 4198 videtur
1786 4147 1995 4215 quidem
2027 4147 2124 4199 oh-

551 4251 762 4288 scurum
794 4251 911 4288 esse
935 4277 949 4298 ,
983 4236 1120 4302 quod
1163 4235 1357 4288 dictum
1401 4244 1513 4298 est;
1549 4236 1596 4288 lit
1644 4252 1768 4289 vero
1800 4236 2125 4290 manifestius

555 4341 648 4393 per
677 4341 737 4379 ea
768 4342 884 4394 qua:
926 4326 1221 4380 sulnluntur
1250 4345 1262 4357 °
1300 4327 1492 4380 Etenim
1523 4328 1606 4394 qui
1635 4345 1802 4381 sumus
1833 4330 1882 4380 in
1919 4331 2011 4382 ltoc
2043 4341 2122 4381 ta-

551 4417 840 4482 bernaculo,
862 4418 1224 4483 ingemixt‘imtts
1249 4419 1454 4486 grarati,
1486 4436 1543 4473 eo
1567 4422 1701 4490 quod
1728 4422 1959 4474 nolumus
1985 4424 2119 4487 caui,

551 4507 636 4557 sed
657 4507 943 4572 superimlui
976 4505 1134 4575 (Ibid.
1166 4525 1210 4560 v.
1244 4511 1317 4576 4).

625 4683 870 4734 Adversus
896 4683 1203 4738 Municlueos
1231 4696 1462 4739 naturam
1492 4699 1711 4741 nostrum
1751 4702 1802 4742 ut
1830 4692 2014 4743 malum
2045 4693 2122 4743 in-

551 4787 815 4838 cusantes;
843 4793 932 4827 cur
956 4776 1335 4846 ingemiseamus
1356 4781 1408 4832 in
1437 4783 1530 4832 liae
1560 4783 1672 4834 vita.
1701 4813 1768 4821 ——
1799 4783 1957 4837 Vides
1984 4801 2116 4853 quo-

551 4865 709 4916 niodo
735 4865 815 4916 sui
847 4866 1007 4933 ipsius
1029 4884 1132 4922 non
1161 4870 1500 4931 obliviscitur.
1536 4888 1704 4940 neque
1730 4884 1879 4928 vocat
1901 4875 2116 4929 domum

552 4957 647 5009 hoc
670 4971 881 5024 corpus,
911 4959 1000 5011 sed
1031 4960 1444 5026 tabernaculum,
1470 4963 1547 5015 Eo
1573 4965 1705 5032 quod
1731 4967 1959 5020 nolumus
1979 4971 2116 5034 exiti,

542 5050 635 5099 sed
666 5049 1001 5116 superindni?
1031 5049 1124 5104 Hic
1152 5051 1304 5105 letale
1342 5053 1529 5106 vulnus
1563 5054 1747 5124 inﬂigit
1777 5058 1838 5109 iis
1859 5099 1872 5121 ,
1901 5060 1987 5126 qui
2021 5075 2115 5110 na-

548 5148 719 5190 turam
739 5139 977 5206 corporis
994 5148 1045 5194 et
1060 5155 1270 5195 carnem
1288 5153 1518 5197 nostram
1537 5156 1802 5199 accusant.
1824 5148 1951 5214 Quia
1975 5151 2114 5202 enim

547 5229 682 5283 dixit
708 5231 844 5298 quod
872 5231 1281 5300 ingemiscimus,
1312 5243 1365 5288 et
1385 5237 1503 5289 exui
1536 5237 1776 5290 volumus
1802 5256 1814 5290 :
1850 5251 1903 5292 ut
1929 5257 1994 5292 ne
2023 5257 2115 5306 pu-

549 5330 624 5374 tes
658 5322 795 5389 quod
825 5338 1016 5391 corpus
1039 5327 1187 5393 quasi
1214 5327 1406 5380 malum
1429 5328 1661 5396 aliquod,
1694 5339 1746 5383 et
1767 5345 1978 5384 causam
2004 5348 2116 5384 ma-

548 5408 693 5470 litiae,
725 5423 777 5464 et
808 5412 1098 5479 inimicum,
1131 5425 1183 5469 et
1207 5415 1411 5469 hostem
1447 5417 1640 5486 fugiat,
1692 5420 1808 5472 audi
1851 5423 2116 5488 quomodo

548 5503 899 5570 suspicionem
944 5505 1173 5560 excludit
1221 5527 1232 5560 :
1281 5510 1508 5577 primum
1546 5510 1754 5578 quidem
1785 5527 1902 5565 cum
1947 5513 2110 5566 dicit:

544 5590 928 5662 lngemiscimus
972 5598 1277 5652 domicilium
1323 5612 1545 5654 nostrum
1592 5604 1783 5655 rte/este
1823 5607 2115 5674 superindui

547 5680 884 5738 desiderantes
912 5685 1067 5755 (Ibid.
1092 5705 1137 5740 υ.
1162 5688 1241 5754 2).
1286 5689 1382 5755 Qui
1414 5693 1552 5744 enim
1581 5695 1992 5761 Superinduitnr,
2025 5697 2138 5750 re?

551 5784 676 5823 vera
697 5773 835 5827 aliud
867 5775 986 5844 quid
1016 5778 1360 5846 superinduit.
1403 5780 1597 5836 Dcindc
1624 5798 1742 5837 eum
1774 5784 1920 5851 dicit,
1957 5784 2107 5856 lnge-

1279 398 1336 454 S.
1377 397 1652 454 JOAN‘NIS
1689 392 2154 452 CIIRYSOSTOMI
2193 390 2509 448 ARCHIEP.
2533 393 3083 450 'CONSTANTINOP.

3721 397 3834 452 ΗΒ

2237 507 2491 559 miseimus
2517 509 2728 578 gravati,
2753 525 2809 563 eo
2831 509 2964 578 quod
2986 509 3218 560 nolnr°us
3247 512 3381 574 exui,
3406 511 3493 564 sed
3523 513 3827 577 θηρῶ-ἱμεικὲ

2203 587 2591 652 "desiderantes.
2632 598 2784 665 Quod
2808 609 2984 653 autem
3015 599 3148 653 dixit
3187 599 3286 654 hoc
3310 610 3423 666 est,
3455 616 3561 655 non
3601 618 3827 656 carnem

2236 691 2476 744 volumus
2512 692 2812 761 deponere,
2844 693 2936 746 sed
2970 697 3363 761 corruptionem
3397 712 3412 748 :
3454 711 3560 749 non
3589 711 3820 765 corpus.

2235 781 2327 832 sed
2357 791 2605 835 mortem.
2646 783 2802 836 Aliud
2839 795 2916 838 est
2948 799 3162 852 corpus,
3192 785 3330 838 aliud
3361 800 3504 839 mors
3536 804 3550 839 :
3583 797 3637 840 et
3675 787 3826 840 aliud

2241 885 2449 939 corpus,
2478 872 2618 926 aliud
2647 875 2917 942 corruptio
2943 892 2954 924 :
2983 890 3155 943 neque
3180 890 3375 943 corpus
3403 877 3702 944 corruptio,
3733 894 3829 930 ne-

2235 976 2336 1027 que
2357 963 2627 1028 corruptio
2659 971 2741 1017 est
2766 979 2978 1032 corpus,
3008 974 3062 1017 et
3091 965 3431 1033 corruptibile
3452 967 3668 1034 quidem
3699 981 3827 1020 cer-

2236 1066 2331 1119 ptt“
2360 1061 2467 1114 est,
2505 1069 2606 1106 non
2648 1062 2826 1108 autem
2871 1056 3144 1124 corruptio
3181 1070 3416 1123 corpus:
3458 1058 3587 1111 item
3625 1073 3828 1127 corpus

2237 1142 2460 1196 mortale
2487 1151 2590 1204 est,
2616 1143 2710 1198 sed
2738 1159 2842 1198 non
2884 1161 3028 1199 mors
3057 1155 3158 1200 est.
3190 1145 3320 1200 Nam
3347 1162 3543 1217 corpus
3577 1162 3714 1217 opus
3742 1158 3829 1202 cst

2239 1231 2353 1295 Dei,
2384 1235 2652 1300 corruptio
2679 1242 2852 1288 autem
2881 1243 2935 1288 et
2966 1251 3110 1290 mors
3129 1251 3157 1288 a
3185 1246 3403 1304 peccato
3432 1237 3654 1292 invecta:
3675 1247 3824 1292 sunt.

2236 1320 2397 1389 Igitur
2419 1323 2513 1388 ait,
2544 1322 2593 1376 id
2621 1324 2762 1392 quod
2785 1325 3014 1394 alienum
3042 1336 3118 1379 est
3148 1342 3350 1381 exuere
3374 1329 3512 1392 volo,
3544 1344 3650 1381 non
3677 1327 3830 1397 quod

2238 1414 2507 1482 proprium
2540 1431 2554 1467 :
2585 1415 2812 1470 alienum
2844 1429 3018 1471 autem
3047 1426 3161 1480 est,
3191 1433 3296 1471 non
3327 1432 3540 1503 qorpus,
3573 1418 3666 1472 sed
3697 1433 3832 1472 cor-

2236 1507 2432 1575 ruptio.
2468 1506 2531 1559 Et
2555 1509 2886 1576 prOpterJioc
2903 1509 2994 1572 ait,
3026 1507 3103 1561 Eo
3123 1510 3259 1580 quod
3281 1510 3514 1564 nolumus
3539 1511 3656 1564 exui
3673 1525 3694 1563 :
3720 1509 3832 1564 hoc

2235 1606 2336 1659 est,
2368 1597 2564 1652 auferri
2591 1613 2802 1667 corpus,
2833 1599 2927 1654 sed
2957 1600 3264 1670 superindui
3295 1601 3346 1654 in
3378 1616 3602 1670 corpore
3639 1602 3834 1655 ineor-

2234 1690 2555 1757 ruptionem.
2585 1690 2792 1760 Corpus
2815 1690 2992 1745 medio
3012 1706 3070 1745 se
3098 1691 3256 1746 modo
3283 1691 3440 1746 habet
3469 1693 3608 1746 inter
3635 1707 3831 1746 corru-

2237 1780 2468 1847 ptionem
2489 1790 2541 1834 et
2560 1782 3032 1849 incorruptionem.
3050 1783 3204 1836 Exuit
3227 1784 3385 1847 igitur
3396 1784 3835 1851 corruptionem,

2234 1879 2288 1933 et
2316 1870 2483 1923 induit
2508 1872 2957 1940 incorruptionem
2990 1891 3002 1903 ο
3035 1872 3376 1942 abjicitquod
3409 1874 3610 1942 accepit
3636 1891 3667 1926 a
3701 1890 3830 1943 pec-

2235 1972 2373 2026 cato,
2396 1971 2449 2015 et
2476 1962 2708 2031 possidet
2729 1963 2868 2032 quod
2895 1963 3040 2017 dedit
3069 1964 3160 2016 Dei
3183 1965 3371 2033 gratia.
3393 1964 3461 2020 Ut
3481 1965 3656 2019 discas
3678 1968 3829 2035 quod

2236 2065 2433 2105 exuere
2448 2068 2551 2105 non
2565 2052 2631 2106 de
2643 2068 2866 2123 corpore
2883 2053 3026 2119 dicit,
3053 2053 3144 2107 sed
3164 2054 3228 2108 de
3247 2057 3584 2124 corruptione
3601 2067 3649 2110 et
3673 2072 3830 2109 mor-

2234 2151 2307 2207 te,
2324 2143 2443 2195 audi
2460 2159 2539 2205 ea,
2563 2159 2679 2212 quae
2698 2159 2819 2196 mox
2837 2144 3204 2212 subjiciuntur.
3225 2145 3355 2198 Nam
3378 2155 3650 2216 postquam
3664 2147 3832 2212 dixit,

2235 2230 2486 2285 Nolumus
2507 2235 2642 2298 exui,
2670 2234 2758 2287 sed
2784 2236 3109 2304 super-indui:
3127 2251 3230 2288 non
3263 2236 3415 2296 dixit.
3438 2236 3508 2290 Ut
3534 2237 3832 2291 absorbea-

2236 2333 2321 2377 tur
2341 2340 2536 2393 corpus
2555 2308 2621 2378 ab
2639 2326 3068 2395 incorporeitate,
3093 2327 3186 2381 srd
3213 2326 3376 2396 quid?
3405 2325 3470 2381 Ut
3499 2327 3829 2382 absorbeatur

2233 2417 2512 2468 mortalitas
2529 2432 2559 2467 a
2577 2416 2691 2477 vita,
2720 2418 2819 2469 hoc
2836 2425 2937 2481 est,
2958 2427 3011 2469 ut
3033 2427 3343 2482 evanescat,
3356 2426 3410 2470 ut
3427 2416 3732 2471 aboleatur:
3752 2418 3828 2472 ita

2230 2500 2572 2560 abolit?onein
2592 2521 2694 2559 non
2715 2507 2951 2574 Corporis
2964 2515 3133 2566 vocat.
3150 2505 3240 2560 sed
3256 2508 3673 2576 corruptioniset
3688 2523 3831 2562 mor-

2233 2597 2316 2651 tis.
2342 2597 2642 2650 Adveniens
2660 2597 2797 2650 enim
2816 2599 2919 2650 vita
2947 2613 3050 2650 non
3069 2612 3261 2666 corpus
3286 2598 3462 2651 abolet
3487 2607 3541 2651 et
3565 2597 3826 2663 absumit,

2231 2687 2322 2742 sed
2365 2697 2588 2741 mortem
2631 2696 2684 2740 et
2730 2689 3122 2755 corruptionem
3169 2703 3284 2758 qua:
3325 2686 3452 2741 illud
3491 2688 3830 2744 invaserant.

2231 2779 2470 2834 Gemitus
2508 2794 2634 2848 ergo
2675 2778 2763 2831 ille
2805 2793 2907 2830 non
2955 2787 3166 2847 propter
3197 2793 3392 2847 corpus
3421 2788 3539 2842 est,
3567 2780 3658 2833 sed
3690 2795 3828 2849 pro-

2235 2879 2353 2940 pter
2375 2873 2766 2940 corruptionem
2793 2887 2912 2940 quze
2945 2871 3014 2924 illi
3048 2873 3202 2925 inest.
3232 2871 3440 2925 Etenim
3465 2887 3660 2941 corpus
3685 2888 3820 2942 gra-

2233 2978 2296 3016 ve
2317 2972 2395 3016 est
2417 2971 2470 3017 et
2491 2977 2777 3016 onerosum
2805 2977 2867 3015 ac
2890 2961 3192 3025 molestum,
3218 2977 3321 3016 non
3350 2961 3643 3017 secundum
3666 2979 3824 3019 suam

2232 3066 2495 3120 naturam,
2529 3053 2622 3108 sed
2650 3053 2939 3108 secundum
2969 3054 3364 3120 mortalitatem,
3391 3070 3510 3123 qutc
3532 3063 3714 3123 postea
3745 3055 3825 3112 illi

2231 3145 2533 3213 supervenit
2562 3163 2574 3197 :
2606 3153 2974 3198 verumtamen
3002 3159 3196 3212 corpus
3224 3160 3327 3197 non
3349 3153 3432 3197 est
3450 3145 3826 3214 corruptibile,
3853 3215 3860 3219 ί

2231 3237 2323 3290 sed
2354 3237 2747 3305 ineorruptibile
2777 3246 2832 3290 et
2871 3237 3186 3291 immortale.
3232 3236 3396 3289 Tanta
3426 3237 3620 3306 quippe
3649 3238 3824 3306 ipsius

2229 3336 2310 3381 est
2339 3328 2589 3379 nobilitas
2609 3369 2622 3389 ,
2657 3338 2707 3379 ut
2742 3328 2791 3380 in
2816 3329 2924 3396 ipsa
2952 3327 3295 3394 corruptione
3320 3341 3470 3380 suam
3501 3326 3825 3398 dignitatem

2231 3419 2540 3472 ostenderit.
2575 3418 2700 3471 Nam
2732 3420 3091 3486 apostolorum
3123 3418 3321 3471 umbra:
3349 3418 3688 3485 incorporeas
3718 3435 3828 3473 ex-

2231 3511 2476 3580 pulerunt
2507 3512 2726 3562 virtutes
2759 3528 2770 3562 :
2803 3511 2924 3564 item
2953 3511 3086 3563 cinis
3112 3518 3166 3562 et
3207 3510 3371 3574 pulvis
3399 3525 3584 3563 eorum
3609 3509 3819 3564 dictito-

2233 3618 2326 3655 nas
2353 3603 2509 3667 vicit,
2539 3612 2592 3656 et
2634 3601 2855 3654 amicula
2876 3643 2890 3660 ,
2923 3617 3042 3670 qua:
3081 3601 3290 3655 illorum
3319 3600 3654 3655 adhmserant
3693 3617 3821 3656 cur-

2233 3691 2478 3759 porihus,
2525 3692 2738 3744 morbos
2791 3690 3036 3760 fugarunt
3059 3731 3082 3757 ,.
3125 3691 3510 3758 sanitatemque
3569 3693 3821 3746 contule-

2230 3791 2372 3834 runt.

2301 3872 2351 3924 7.
2399 3869 2544 3925 Unde
2564 3887 2829 3939 corporum
2863 3871 3037 3924 sordes
3074 3888 3134 3924 ac
3175 3872 3377 3934 vilitas;
3415 3870 3816 3940 corruptibilitas

2228 3961 2449 4028 corporis
2474 3959 2595 4028 quid
2627 3961 2800 4031 prosit.
2827 3990 2893 4001 -——
2917 3959 3054 4013 Nihil
3083 3976 3210 4030 erro
3241 3961 3368 4014 mihi
3394 3961 3459 4015 de
3489 3961 3816 4030 phlegmate,

2229 4060 2277 4102 ct
2302 4049 2413 4111 bili,
2440 4057 2490 4103 et
2519 4049 2730 4113 sudore,
2760 4058 2812 4102 et
2838 4049 3103 4116 sordibus,
3130 4059 3287 4120 atque
3309 4052 3426 4105 aliis
3452 4052 3672 4117 dixeris,
3695 4069 3817 4122 qua:

2229 4141 2466 4209 corporis
2491 4149 2821 4193 accusatores
2855 4150 3071 4195 narrant
3103 4157 3122 4194 :
3146 4157 3316 4210 neque
3355 4143 3492 4212 enim
3525 4158 3592 4196 ex
3623 4154 3822 4198 natura

2229 4231 2466 4300 corporis
2495 4229 2606 4284 haec
2633 4230 2860 4295 luerunt,
2886 4231 2978 4285 sed
3005 4247 3033 4282 a
3059 4233 3347 4299 posteriore
3369 4233 3708 4302 corruptione
3731 4235 3821 4286 in.

2230 4333 2374 4376 vecta
2394 4332 2531 4375 sunt.
2560 4321 2690 4375 Nam
2717 4323 2760 4375 si
2787 4323 2902 4390 ejus
2920 4323 3164 4375 virtutem
3189 4323 3463 4378 addiscere
3491 4324 3654 4388 voles,
3679 4341 3814 4380 eon-

2229 4415 2398 4468 sidera
2447 4415 2802 4468 membrorum
2849 4416 3083 4467 omnium
3125 4417 3491 4469 formationem
3518 4457 3530 4480 ,
3566 4416 3821 4484 ﬁguram,

2227 4507 2587 4574 Operationes,
2636 4516 2973 4574 mutuamque
3001 4508 3336 4560 concordiam
3371 4527 3382 4560 :
3416 4518 3468 4561 ct
3510 4511 3816 4565 accuratius

2228 4596 2410 4662 quavis
2431 4597 2638 4650 civitate
2670 4596 2977 4663 dispositam
3007 4597 3221 4663 Optimis
3251 4597 3451 4666 legibus
3475 4598 3771 4665 g-uberuata
3796 4641 3816 4665 ,

2225 4701 2342 4753 quze
2374 4685 2579 4738 nonnisi
2607 4685 2871 4752 sapientes
2901 4685 3043 4736 cives
3075 4684 3300 4749 habeat,
3341 4686 3545 4740 videbis
3584 4688 3814 4758 diligen-

2228 4785 2329 4827 tem
2363 4775 2718 4829 membrornm
2758 4777 2892 4828 inter
2916 4791 2972 4828 se
2998 4775 3524 4830 administrationem.
3558 4779 3647 4832 Sin
3686 4796 3813 4834 sur-

2224 4880 2338 4918 Sunt
2365 4866 2610 4920 deorsum
2648 4866 2921 4934 obiterque
2960 4865 3071 4918 hinc
3101 4869 3465 4934 praetercurris
3486 4910 3500 4930 ,
3541 4879 3591 4922 et
3620 4870 3813 4938 ohjieis

2225 4959 2386 5012 solam
2431 4959 2920 5027 eoi-ruptibilitatem
2960 4969 3012 5012 et
3043 4960 3441 5023 mortalitatem,
3478 4977 3546 5015 ne
3577 4963 3653 5015 sic
3689 4966 3815 5032 qui-

2225 5051 2344 5104 dem
2368 5051 2536 5104 deerit
2563 5053 2712 5105 nobis
2739 5054 3029 5118 responsio.
3068 5053 3197 5105 Nam
3233 5054 3374 5122 quod
3413 5054 3534 5108 hine
3575 5055 3820 5114 humano

2222 5142 2400 5210 generi
2431 5158 2531 5194 non
2574 5143 2744 5196 solum
2786 5142 2912 5195 nihil
2958 5143 3166 5207 damni,
3195 5144 3285 5197 sed
3316 5145 3474 5198 etiam
3520 5147 3812 5214 plurimum

2223 5232 2484 5286 commodi
2515 5233 2820 5298 accesserit,
2850 5233 2971 5288 inde
3006 5235 3168 5302 liquet
3199 5252 3210 5287 :
3243 5237 3408 5289 sancti
3445 5238 3584 5289 enim
3617 5255 3812 5295 omnes

2224 5327 2274 5379 in
2307 5342 2527 5395 corpore
2556 5329 2790 5381 viventes
2816 5330 3109 5397 angelicum
3149 5331 3439 5385 exhibuere
3470 5333 3676 5387 νὶνυιιάί
3709 5353 3808 5406 ge-

2223 5434 2340 5480 nus,
2372 5419 2676 5488 nullumque
2715 5419 2839 5473 hinc
2866 5421 2990 5489 ipsis
3017 5422 3082 5475 ad
3119 5423 3328 5476 virtutis
3371 5440 3583 5478 cursum
3613 5431 3809 5483 accidit

2222 5511 2613 5565 detrimentum.
2646 5512 2714 5566 lis
2763 5527 2889 5566 vero
2938 5513 3024 5581 qui
3063 5513 3128 5566 ad
3183 5515 3502 5581 impietatem
3554 5523 3805 5586 propensi

2219 5611 2401 5665 erant,
2448 5618 2549 5652 non
2581 5618 2762 5669 parum
2800 5603 3175 5670 impedimento
3211 5602 3306 5658 fuit
3340 5609 3577 5673 corporis
3614 5624 3805 5662 corru-

2221 5694 2366 5760 ptio,
2402 5709 2466 5745 ne
2501 5693 2705 5760 longius
2729 5706 2824 5760 per
2850 5694 3180 5763 iniquitatem
3222 5710 3372 5749 suam
3405 5696 3798 5767 progrederen-

2225 5797 2326 5840 tur.
2359 5786 2489 5841 Cum
2536 5785 2672 5838 enim
2714 5785 2956 5841 homines
2996 5788 3272 5856 nonnulli,
3307 5789 3464 5843 etiam
3503 5792 3710 5846 mortali
3748 5802 3801 5847 et
