4070 6462
168 393 269 448 129

166 504 367 576 patibili
404 506 505 557 hoc
544 498 862 569 corpusculo
891 494 1242 559 circumdati,
1291 492 1523 563 aequales
1552 506 1611 545 se
1644 491 1755 545 Deo

164 614 281 653 esse
308 598 409 651 sibi
442 594 538 648 visi
568 593 691 656 sint,
723 600 779 645 et
803 591 868 645 ad
896 589 1054 643 talem
1080 586 1300 657 gloriam
1328 584 1426 639 sibi
1448 583 1758 638 adscriben-

163 690 285 742 dam
316 687 484 741 multa
516 684 680 738 moliti
699 684 827 744 sint,
844 695 977 749 quos
1002 694 1105 732 non
1126 693 1191 732 ex
1218 675 1583 730 stolidiorihns
1603 674 1761 727 dece-

168 781 391 848 pissent,
415 778 460 830 si
486 791 591 829 non
613 773 844 845 passioni
865 770 1300 839 corruptionique
1326 766 1614 822 obnoxium
1636 780 1759 817 cor-

165 887 262 937 pus
282 913 297 936 ,
332 850 515 938 utpote
541 879 741 922 certum
780 864 1100 919 inﬁrmitatis
1128 877 1237 917 sum
1264 860 1537 919 indicium,
1587 857 1760 911 Sortiti

164 960 432 1013 fuissent?
453 958 584 1026 Quia
609 972 736 1027 ergo
756 969 958 1025 corpus
971 953 1149 1008 obstat
1176 951 1451 1021 impietati,
1477 966 1595 1020 quin
1617 965 1761 1002 sum-

165 1069 247 1106 ma
276 1064 361 1107 est
382 1052 607 1117 malitia,
636 1061 689 1106 et
716 1052 767 1104 in
789 1048 990 1103 sanctis
1030 1046 1214 1111 el‘licit,
1241 1055 1299 1099 ut
1334 1044 1527 1098 anima:
1555 1041 1763 1095 fortitu-

166 1146 348 1197 dinem
388 1142 709 1196 declarent:
737 1154 895 1208 quam
931 1138 1136 1191 veniam
1168 1142 1563 1205 consequentur
1589 1133 1643 1197 ii,
1672 1132 1762 1200 qui

165 1238 339 1304 ipsum
370 1242 654 1297 accusant,
703 1242 755 1285 et
788 1231 985 1284 malum
1014 1226 1283 1283 clamant?
1322 1225 1433 1279 Non
1471 1225 1613 1279 enim
1651 1224 1765 1277 lucc

163 1313 339 1379 solum
391 1324 545 1378 nobis
587 1322 653 1377 de
700 1321 791 1375 illo
820 1320 1041 1374 dicenda
1086 1326 1406 1387 suppetunt;
1456 1315 1549 1369 sed
1602 1315 1763 1368 etiam

165 1417 308 1486 quod
340 1416 463 1469 hinc
494 1415 646 1469 nobis
695 1414 761 1467 ad
806 1412 900 1467 Dei
946 1411 1186 1465 notitiam
1219 1418 1363 1479 patet
1392 1408 1495 1461 via.
1536 1406 1590 1462 Si
1621 1407 1764 1461 enim

167 1506 455 1561 invisibilia
487 1505 603 1573 ejus
631 1518 661 1557 a
700 1501 1005 1557 conditione
1044 1500 1225 1555 mundi
1254 1499 1305 1553 in
1336 1497 1556 1553 facturis
1585 1498 1766 1551 tonsi-

170 1595 384 1654 derata,
405 1586 819 1657 conspiciuntur
841 1587 1015 1656 (Rom.
1037 1588 1088 1640 1.
1116 1586 1210 1656 20)
1239 1598 1294 1641 ct
1318 1588 1451 1641 ﬁdes
1473 1602 1540 1642 ex
1564 1587 1752 1641 auditu

172 1695 257 1739 est
284 1683 463 1754 (Rom.
484 1682 570 1734 l0.
599 1679 707 1749 17),
731 1678 865 1733 satis
887 1678 1258 1744 manifestum,
1278 1678 1423 1747 quod
1446 1693 1542 1747 per
1564 1680 1753 1735 ocuias

173 1778 229 1832 et
250 1789 415 1830 aures
434 1772 826 1827 manuducitur
847 1771 1051 1833 anima,
1081 1779 1137 1823 ut
1162 1780 1423 1840 agnoscat
1440 1770 1634 1834 Deum,
1659 1772 1754 1840 qui

175 1868 326 1920 illam
354 1864 500 1918 fecit.
532 1864 743 1917 Idcirco
773 1864 917 1917 istuc
950 1858 1126 1930 ipsum
1161 1862 1363 1915 Paulus
1391 1872 1535 1914 amat
1564 1871 1617 1915 et
1640 1863 1756 1915 ela-

174 1967 310 2021 mat,
340 1957 527 2011 dicens
555 1955 697 2023 quod
724 1951 987 2005 Nolumus
1015 1953 1149 2004 il:nd
1172 1954 1314 2016 exui,
1334 1953 1422 2004 sed
1443 1953 1755 2021 superindui

174 2054 279 2113 ipsi
303 2048 758 2102 immortalitatem
790 2046 864 2109 (εὶ.
900 2044 1023 2098 Cor.
1058 2045 1112 2098 5.
1142 2044 1220 2112 6).

243 2137 649 2189 ltesurrecttonis
675 2137 857 2191 ueritas
887 2137 1145 2207 probatur.
1170 2165 1239 2175 --
1262 2134 1441 2207 Neque
1480 2153 1608 2193 vero
1638 2138 1767 2193 milii

167 2226 302 2280 illud
336 2227 576 2295 objicias,
607 2242 713 2297 quo
741 2230 907 2298 possit
933 2229 1092 2285 modo
1118 2245 1395 2299 resurgere
1424 2246 1639 2300 corpus,
1669 2230 1766 2285 fic-

168 2319 329 2387 rique
361 2309 716 2387 corruptionis
745 2319 1017 2376 immune?
1056 2322 1185 2376 Cum
1232 2322 1378 2378 enim
1410 2322 1501 2377 Dei
1536 2323 1768 2393 potentia

167 2419 454 2478 operatur,
485 2410 647 2478 illud,
694 2411 1011 2479 Quomodo,
1060 2429 1165 2469 non
1191 2424 1272 2469 est
1297 2414 1619 2470 addendum.
1662 2415 1767 2470 Sed

168 2501 299 2569 quid
328 2501 395 2556 de
429 2502 535 2556 Deo
563 2502 791 2573 loquor?
820 2504 1071 2574 Teipsum
1102 2505 1226 2562 fecit
1256 2508 1414 2575 Deus,
1443 2516 1501 2563 ut
1526 2522 1770 2563 resurre-

169 2592 365 2645 Ctionis
386 2608 533 2648 esses
559 2594 758 2663 cpifcx,
792 2595 842 2649 id
872 2596 1013 2666 quod
1038 2606 1183 2668 patet
1205 2598 1257 2652 in
1287 2599 1600 2666 seminibus,
1634 2602 1767 2654 arti-

170 2682 305 2749 bus,
356 2685 697 2755 materiisque
745 2688 1100 2742 metallorum.
1151 2671 1363 2744 Etenim
1409 2691 1613 2745 semina
1666 2690 1767 2745 nisi

170 2776 324 2845 prius
354 2776 649 2831 moriantur
676 2787 730 2832 et
756 2789 1067 2849 putrescant
1106 2791 1161 2835 et
1189 2796 1621 2853 corrumpantur,
1664 2798 1769 2838 non

170 2868 389 2937 pariunt
430 2869 654 2938 Spicum.
704 2870 854 2927 Sicut
891 2873 1050 2943 igitur
1092 2876 1181 2945 qui
1233 2875 1385 2931 vides
1431 2876 1502 2932 ibi
1545 2892 1770 2947 granum

168 2959 317 3027 quod
343 2963 703 3031 corrumpitur
727 2974 780 3019 ct
798 2964 1124 3031 dissolvitur.
1145 2984 1249 3022 non
1272 2968 1483 3025 dubitas
1504 2971 1571 3024 de
1593 2985 1773 3026 resur-

171 3050 435 3109 rectione.
461 3051 556 3105 sed
584 3054 937 3110 certissimam
959 3055 1471 3113 demonstrationem
1489 3059 1619 3115 facis
1652 3079 1667 3116 :
1691 3072 1772 3117 et-
1800 3081 1817 3088 ο

170 3141 319 3193 enim
342 3142 387 3195 si
411 3144 480 3194 ita
508 3154 768 3211 maneret,
791 3154 845 3200 et
867 3161 970 3200 non
992 3158 1441 3217 corrumperetur,
1471 3151 1553 3205 vel
1575 3150 1771 3205 dissol-

171 3239 411 3297 veretur,
429 3243 629 3287 certum
653 3235 793 3304 quod
816 3252 1103 3307 numquam
1132 3251 1471 3309 resurgeret:
1502 3242 1580 3295 sic
1599 3243 1770 3312 cogita

172 3322 230 3378 ’et
248 3322 318 3378 de
338 3338 564 3394 corpore
587 3336 675 3381 tuo
704 3343 719 3380 :
752 3342 872 3383 cum
899 3329 1047 3384 vides
1068 3332 1491 3400 corruptionem,
1519 3342 1644 3388 tunc
1670 3350 1771 3405 po-

175 3416 446 3471 tissimum
490 3418 558 3472 de
603 3422 997 3476 resurrectione
1036 3422 1431 3493 pliilosOpIiarc.
1464 3424 1597 3480 Nam
1628 3441 1774 3481 mors

172 3506 309 3561 nihil
337 3507 480 3563 aliud
506 3518 589 3565 est
606 3552 621 3577 ,
654 3526 812 3581 quam
838 3512 991 3583 plena
1016 3516 1371 3585 corruptionis
1396 3519 1771 3588 consumptio:

174 3615 356 3670 neque
378 3602 521 3657 enim
551 3618 696 3659 mors
739 3605 1055 3676 simpliciter
1081 3622 1302 3677 corpus,
1332 3609 1429 3665 sed
1470 3613 1775 3681 corruptioa

174 3708 303 3748 nem
335 3697 576 3765 corporis
602 3697 853 3753 absumit.
882 3699 996 3756 Hoc
1023 3702 1184 3756 etiam
1226 3704 1276 3756 in
1304 3704 1641 3759 metallorum
1666 3721 1777 3759 ma-

178 3786 333 3839 teriis
348 3784 496 3840 vides
518 3788 753 3842 evenire.
778 3788 1001 3844 Terram
1023 3792 1165 3844 enim
1187 3793 1365 3847 aureis
1387 3795 1645 3849 ramentis
1671 3794 1778 3865 ple-

178 3893 303 3931 nam
326 3878 595 3948 accipiunt
616 3879 731 3950 ejus
751 3883 881 3936 artis
908 3883 1087 3952 periti,
1113 3884 1240 3939 etin
1263 3884 1633 3941 conﬁatorium
1656 3889 1779 3943 init-

178 3976 360 4023 tentes
405 3968 603 4024 faciunt
644 3987 832 4026 aurum
869 3989 883 4025 :
917 3981 970 4028 et
997 3989 1065 4029 ex
1094 3989 1257 4030 arena
1298 3976 1507 4047 aliaque
1554 3983 1777 4035 materia

177 4075 375 4129 purum
405 4063 599 4116 vitrum
624 4063 933 4121 coniiciunt.
965 4065 1083 4121 Jam
1127 4068 1172 4121 si
1200 4076 1401 4124 tantum
1441 4081 1618 4141 poteSt
1644 4072 1782 4144 ignis

180 4153 283 4218 vis,
316 4166 434 4217 cur,
464 4167 667 4224 quzeso,
696 4171 802 4211 non
833 4166 882 4212 et
912 4157 1089 4213 divina
1115 4161 1323 4230 gratia?
1349 4162 1413 4217 Et
1442 4164 1561 4234 quis
1588 4166 1783 4221 mentis

178 4259 407 4313 compos
437 4244 553 4301 iure
580 4246 827 4303 diceret?
870 4250 1051 4321 Cogita
1080 4254 1353 4320 quomodo
1385 4265 1435 4311 te
1460 4272 1489 4310 a
1521 4258 1784 4327 principio

182 4335 330 4401 fecit,
357 4352 456 4391 nec
484 4339 587 4392 erit
615 4340 754 4409 quod
782 4341 850 4397 de
885 4345 1276 4399 resurrectione
1306 4348 1559 4418 ambigas.
1595 4349 1784 4411 Nonne

184 4439 385 4484 terram
412 4431 639 4501 accepit,
671 4441 726 4488 et
767 4433 1065 4490 formavit?
1090 4439 1298 4492 tametsi
1329 4441 1454 4509 quid
1483 4443 1783 4511 operosius,

182 4540 251 4578 an
279 4524 499 4579 formari
520 4541 552 4579 e
574 4536 712 4582 terra
739 4542 954 4584 carnem
980 4540 1035 4585 ct
1058 4548 1241 4597 venas,
1265 4546 1317 4587 ct
1342 4547 1540 4598 cutem,
1565 4546 1619 4591 et
1639 4551 1787 4607 ossa,

105 4608 143 4624 ”
186 4624 244 4669 et
277 4614 463 4682 ﬁbras,
495 4626 549 4671 et
578 4632 793 4686 nervos,
824 4630 879 4675 et
906 4624 1154 4695 arterias,
1185 4635 1237 4680 et
1267 4626 1710 4697 instrumentalia,
1734 4639 1790 4685 et

185 4707 454 4776 simplicia
483 4723 738 4779 corpora,
767 4713 951 4768 oculos
974 4756 988 4781 ,
1018 4730 1175 4771 aures
1196 4759 1209 4780 ,
1237 4732 1393 4773 nares
1417 4760 1429 4781 ,
1456 4696 1641 4789 pedes,
1677 4738 1792 4774 ma-

188 4813 312 4864 nus,
348 4807 403 4853 et
428 4799 621 4870 cuique
660 4802 851 4858 borum
900 4814 1004 4859 tam
1042 4809 1309 4876 propriam
1346 4827 1502 4880 quam
1542 4828 1789 4867 cominu-

189 4903 313 4943 nem
347 4889 456 4943 indi
488 4894 876 4963 operationem,
908 4911 975 4951 an
1014 4902 1374 4969 corruptiliilia
1407 4903 1543 4959 facta
1575 4906 1790 4963 efﬁcere

191 4980 656 5051 iucorrnptihilia?
681 4986 874 5041 Annon
901 4988 1049 5044 vides
1071 4991 1339 5060 quomodo
1367 4996 1646 5052 uniformis
1675 5000 1792 5068 qui-

192 5071 314 5125 dem
333 5079 500 5137 terra,
517 5090 712 5146 corpus
726 5087 904 5134 autem
934 5082 1257 5138 multiforme
1277 5093 1333 5139 et
1354 5076 1580 5155 varium,
1600 5106 1793 5160 nempe

194 5162 245 5215 in
280 5164 706 5234 operationibus;
735 5169 1005 5226 coloribus
1029 5214 1044 5238 ,
1086 5173 1403 5244 ﬁguratione
1422 5219 1436 5243 ,
1467 5182 1714 5235 essentiis
1741 5192 1795 5237 et

195 5252 311 5305 aliis
338 5254 629 5310 omnibus?
653 5258 748 5314 Die
778 5260 941 5329 igitur
966 5265 1091 5334 quid
1123 5265 1195 5321 ita
1223 5267 1293 5323 de
1330 5268 1521 5325 futuris
1550 5273 1794 5330 dubitas?

199 5346 261 5401 Et
284 5347 414 5417 quid
460 5364 594 5419 opus
628 5362 711 5408 est
748 5354 929 5411 dicere
967 5357 1035 5412 de
1083 5363 1433 5430 corporibus?
1480 5365 1793 5433 Quomodo,

198 5455 402 5510 qumso,
429 5442 555 5496 fecit
584 5444 803 5503 virtutes
843 5450 1153 5518 immensas,
1191 5462 1394 5509 turmas
1422 5457 1665 5514 czclestes
1695 5476 1795 5513 an-

200 5532 445 5600 gelorum
466 5544 520 5589 et
546 5530 1013 5610 arcliangelorum,
1042 5547 1427 5617 snperioraqne
1450 5549 1529 5603 his
1560 5552 1797 5622 agmina?

203 5624 329 5692 Dic,
366 5642 498 5692 oro,
532 5628 784 5697 modum,
816 5648 924 5704 quo
955 5634 1098 5690 fecit.
1131 5637 1228 5693 llic
1268 5640 1395 5694 nihil
1448 5639 1628 5697 dicere
1656 5643 1798 5697 aliud

203 5736 422 5791 possum
448 5762 466 5790 ,
505 5739 662 5793 quam
688 5727 830 5797 quod
856 5729 971 5784 sola
1000 5731 1244 5788 voluntas
1270 5734 1337 5789 ad
1369 5734 1483 5790 haec
1507 5736 1791 5791 suﬁ'ecerit.

209 5812 417 5885 Ergone
445 5814 536 5886 qui
568 5824 644 5872 tot
688 5818 1033 5891 incorporeus
1062 5824 1309 5884 formavit
1343 5828 1640 5893 exercitus,
1690 5828 1791 5883 ho-

1206 377 1294 431 DE
1327 373 1904 432 liESURliECTlO‘NE
1947 370 2402 429 MORTUORUM.

3357 372 3462 428 430

1870 489 2028 543 minis
2056 501 2253 556 corpus
2279 493 2590 553 corruptum
2617 498 2875 539 renovare
2915 483 3107 539 iterum
3130 523 3144 551 ,
3183 491 3236 538 et
3266 483 3317 537 in
3344 498 3459 536 ina-

1863 581 2037 652 jorem
2067 578 2363 650 provehere
2404 578 2713 648 dignitatem
2747 576 2970 646 nequit?
3017 576 3082 631 Et
3120 592 3241 645 quis
3278 576 3358 631 sic
3384 577 3463 629 in-

1868 683 2113 728 sensatns
2150 679 2264 737 est,
2315 671 2403 740 qui
2432 670 2499 725 de
2544 670 2627 725 his
2656 669 2884 734 dubitet,
2932 679 2985 723 et
3014 668 3461 724 resurrectionen

1870 765 1984 820 fore
2012 765 2213 819 inficias
2234 764 2355 819 eat?
2382 763 2461 817 Ad
2485 762 2619 827 lucc,
2649 763 2692 827 si
2725 778 2831 816 non
2855 761 3083 830 resurgit
3112 776 3326 831 corpus,
3357 775 3459 813 non

1870 856 2099 925 resurgit
2127 856 2327 909 homo:
2359 854 2521 907 homo
2546 854 2691 908 enim
2733 870 2838 907 non
2870 863 2952 907 est
2990 854 3164 906 anima
3200 853 3335 915 sola,
3371 850 3463 905 sed

1870 962 2063 1016 corpus
2091 956 2145 1000 et
2170 948 2365 1000 anima.
2396 944 2451 1000 Si
2480 960 2608 1014 ergo
2635 946 2809 998 anima
2850 946 2960 998 sola
3006 953 3270 1014 resurget,
3304 942 3467 998 dimi-

1870 1030 2016 1091 dium
2038 1037 2236 1092 animal
2262 1046 2523 1106 resurget,
2548 1044 2602 1090 et
2623 1036 2691 1089 ita
2724 1051 2829 1089 non
2854 1035 3113 1105 integrum
3140 1050 3156 1097 ;
3180 1034 3312 1089 alias
3337 1048 3469 1087 vero

1869 1127 1937 1181 de
1966 1127 2141 1181 anima
2166 1126 2509 1197 non-proprie
2536 1126 2729 1181 dicitur
2746 1126 3088 1197 resurrectio.
3124 1124 3470 1179 Resnrrectio

1871 1219 2013 1273 enim
2054 1218 2171 1287 ejus
2191 1218 2439 1289 estquod
2484 1205 2711 1282 cecidit,
2742 1228 2797 1273 et
2825 1218 2965 1289 quod
2995 1217 3309 1271 dissolutum
3333 1226 3416 1273 est
3451 1234 3464 1269 :

1870 1313 2047 1366 anima
2070 1322 2246 1367 autem
2283 1327 2388 1366 non
2419 1311 2748 1374 dissolvitur,
2790 1311 2883 1365 sed
2912 1325 3126 1380 corpus.
3158 1308 3293 1376 Quid
3340 1326 3470 1377 ergo

1871 1404 1924 1460 id
1948 1414 2050 1469 est,
2078 1404 2219 1474 quod
2243 1406 2319 1459 ait
2347 1422 2359 1457 :
2389 1403 2448 1460 Si
2470 1405 2667 1474 quidem
2693 1416 2741 1458 et
2762 1404 2945 1469 induti,
2969 1421 3069 1457 non
3098 1404 3222 1456 nudi
3238 1403 3466 1457 invenia-

1872 1512 1986 1549 mur
2013 1497 2088 1566 (Ξ.
2105 1496 2223 1551 Cor.
2244 1498 2298 1552 5.
2320 1498 2374 1567 5)
2392 1497 2415 1550 ?
2434 1497 2838 1551 Sacramentum
2860 1511 3109 1565 magnum
3134 1506 3184 1549 et
3203 1495 3470 1550 inelfablle

1874 1586 2026 1642 nobis
2053 1588 2121 1643 ibi
2164 1587 2528 1643 adumbratur.
2570 1588 2737 1655 Quale
2764 1598 2943 1641 autem
2989 1586 3137 1641 hoc?
3174 1586 3376 1655 Nempe
3417 1588 3468 1639 id

1872 1677 2014 1748 quod
2042 1687 2096 1732 et
2124 1678 2174 1732 in
2207 1678 2442 1747 Epistola
2470 1678 2534 1733 ad
2562 1678 2868 1733 Corinthios
2896 1678 3026 1732 dicit
3072 1695 3085 1731 :
3129 1675 3315 1733 Omnes
3351 1677 3470 1747 qui-

1872 1767 1986 1821 dem
2022 1784 2338 1836 resurgemus
2358 1809 2375 1834 ,
2413 1769 2757 1839 unusquisque
2781 1778 2949 1822 autem
2971 1768 3024 1821 in
3048 1784 3143 1822 suo
3168 1768 3346 1821 ordine
3372 1770 3387 1835 (
3410 1768 3461 1821 1.

1873 1860 1990 1918 Cor.
2020 1862 2106 1916 15.
2140 1862 2231 1916 22.
2257 1861 2386 1935 23).
2430 1861 2565 1929 Quid
2593 1871 2769 1917 autem
2797 1871 2908 1928 est,
2938 1862 3079 1932 quod
3113 1860 3197 1916 hic
3238 1860 3475 1914 dicitur?

1873 1953 1986 2008 Hoc
2013 1953 2280 2022 videlicet,
2312 1954 2453 2024 quod
2476 1953 2717 2019 Graecus,
2746 1964 2798 2009 et
2818 1952 3055 2022 Iudaeus,
3090 1962 3145 2007 et
3165 1950 3473 2015 haereticus.

1872 2054 1928 2100 et
1956 2047 2130 2100 omnis
2161 2046 2342 2110 homo,
2373 2047 2463 2117 qui
2491 2045 2633 2100 venit
2682 2044 2734 2100 in
2768 2045 2909 2101 hunc
2938 2044 3193 2099 mundum
3221 2084 3238 2110 ,
3289 2042 3342 2097 in
3384 2042 3475 2097 illo

1872 2136 1962 2192 die
1984 2146 2224 2207 resurget
2252 2154 2265 2190 :
2299 2147 2353 2192 ct
2380 2140 2481 2192 hoc
2508 2138 2678 2207 ipsum
2723 2136 2995 2201 declarat,
3024 2136 3209 2191 dicens
3240 2152 3253 2189 :
3285 2134 3474 2189 Omnes

1873 2229 2074 2298 quidem
2101 2246 2201 2283 non
2224 2230 2547 2296 dormiemns,
2598 2246 2773 2284 onmes
2794 2240 2963 2283 autem
2987 2228 3385 2293 immutabimur,
3419 2228 3473 2281 in

1876 2332 2127 2376 momento
2147 2363 2161 2388 ,
2190 2322 2243 2375 in
2268 2310 2371 2376 ictu
2391 2321 2528 2377 oculi
2550 2363 2566 2391 ,
2598 2322 2652 2377 in
2689 2322 2957 2377 novissima
2986 2321 3104 2376 tuba
3130 2320 3183 2391 (1
3233 2319 3352 2376 Cor.
3384 2318 3473 2375 15.

1874 2414 1963 2469 51.
1996 2412 2112 2482 52).
2621 2423 2629 2426 '
2921 2413 2929 2421 ’

1946 2508 1999 2563 8.
2022 2508 2155 2576 Quia
2176 2523 2304 2579 ergo
2324 2509 2624 2565 communis
2650 2516 2733 2564 est
2756 2507 3005 2563 omnibus
3032 2505 3356 2562 resurrectio
3371 2548 3386 2572 ,
3406 2514 3478 2581 ‘ct

1848 2668 1849 2671 η
1875 2601 1977 2672 piis
1993 2610 2046 2657 et
2072 2601 2270 2671 impiis,
2300 2612 2353 2657 et
2378 2601 2535 2658 malis
2562 2610 2617 2657 et
2636 2601 2793 2656 bonis
2823 2599 3151 2664 hominibus,
3181 2608 3231 2652 ut
3265 2612 3334 2653 ne
3355 2596 3477 2651 ideo

1878 2703 2032 2764 putes
2062 2695 2313 2764 injustum
2338 2692 2607 2764 quoddam
2645 2692 2760 2747 ﬁeri
2793 2691 3053 2762 judicium
3082 2732 3095 2756 ,
3130 2704 3302 2760 neque
3329 2688 3478 2743 dicas

1877 2785 2017 2856 apud
2073 2795 2125 2842 te
2166 2786 2339 2856 ipsum
2372 2803 2384 2839 :
2418 2786 2683 2854 Quidnam
2714 2784 2816 2840 hoc
2860 2793 2944 2839 est
2968 2784 2993 2836 τ
3022 2797 3122 2853 ego
3145 2822 3161 2846 ,
3193 2782 3281 2852 qui
3308 2780 3479 2835 multo

1877 2877 2057 2932 studio
2086 2888 2139 2932 et
2168 2878 2351 2933 labore
2373 2886 2424 2931 et
2456 2877 2509 2931 in
2541 2876 2757 2931 miseria
2787 2875 2913 2941 vixi,
2945 2888 3167 2943 resurgo
3193 2916 3206 2935 ,
3239 2882 3294 2927 et
3323 2872 3476 2927 Cra:-

1877 2984 1992 3033 cus,
2020 2980 2074 3024 et
2102 2970 2311 3039 impius,
2343 2978 2398 3024 et
2427 2969 2733 3035 idololatra,
2752 2977 2806 3025 et
2826 2969 2916 3038 qui
2948 2968 3157 3036 ignorat
3179 2965 3475 3027 Christum,

1879 3062 2039 3116 etiam
2072 3062 2186 3130 ipse
2206 3062 2460 3132 resurgit,
2489 3071 2544 3117 et
2567 3061 2731 3116 simili
2762 3061 2968 3115 honore
3001 3075 3210 3115 mecum
3240 3057 3479 3113 fruitur?

1880 3164 1937 3208 nt
1960 3169 2025 3209 ne
2056 3153 2175 3208 talia
2198 3153 2386 3209 dicens
2413 3154 2774 3222 conturberis,
2796 3142 2918 3208 audi
2948 3152 3074 3223 quid
3097 3152 3260 3206 dicit:
3296 3149 3480 3221 Siqui-

1879 3244 1994 3298 dem
2020 3243 2206 3308 induti,
2230 3259 2331 3297 non
2356 3243 2482 3298 nudi
2500 3244 2817 3297 inueniamur
2834 3241 2910 3315 (Ξ.
2934 3240 3052 3296 Cor.
3076 3241 3129 3297 5.
3159 3242 3235 3310 5).
3260 3240 3326 3295 Et
3341 3254 3479 3310 quo-

1881 3334 2043 3390 modo
2082 3334 2211 3389 dicit
2257 3350 2403 3402 eum,
2454 3335 2543 3406 qui
2587 3333 2805 3389 indutus
2836 3341 2920 3388 est
2946 3333 3397 3402 incorruptionem
3426 3341 3481 3386 et

1883 3427 2341 3483 immortalitatem
2363 3467 2378 3490 ,
2407 3426 2635 3481 inveniri
2678 3424 2927 3480 nudum?
2956 3424 3214 3479 Videlicet
3244 3426 3285 3477 si
3312 3422 3480 3493 gloria

1882 3520 2187 3590 privamur,
2221 3528 2277 3574 et
2316 3517 2508 3573 ﬁducia
2552 3516 2619 3573 ad
2665 3516 2831 3572 Deum
2862 3515 3222 3571 destituimur.
3267 3514 3481 3569 Etenim

1885 3622 2223 3683 peccatorum
2248 3625 2461 3681 quoque
2490 3623 2717 3678 corpora
2746 3607 3167 3677 incorruptibilia
3200 3616 3485 3675 resurgunt

1884 3712 1939 3760 et
1966 3704 2284 3759 immortalia
2323 3721 2335 3757 :
2370 3702 2464 3759 sed
2505 3702 2592 3758 hic
2616 3701 2791 3758 honor
2821 3700 3121 3755 fomentum
3151 3709 3205 3754 ct
3232 3700 3483 3755 viaticum

1885 3798 2016 3867 ipsis
2029 3799 2132 3853 erit
2152 3797 2533 3867 suppliciorum
2550 3805 2606 3852 et
2629 3796 2845 3852 ultionis
2864 3813 2879 3849 :
2898 3794 3319 3864 incorruptibilia
3339 3794 3483 3849 enim

1885 3899 2200 3959 resurgunt,
2233 3899 2291 3942 ut
2316 3904 2533 3959 semper
2552 3897 2800 3944 urantur.
2827 3886 2963 3941 Nam
2986 3901 3107 3940 cum
3136 3885 3226 3940 ille
3257 3885 3392 3955 ignis
3419 3886 3489 3940 sit

1886 3983 2355 4053 inexstinguibilis,
2379 3995 2515 4051 Opus
2536 3978 2630 4036 est
2645 3980 2750 4035 illis
2772 3977 3090 4049 corporibus
3110 4018 3123 4041 ,
3147 3994 3266 4045 quae
3288 3985 3344 4031 et
3374 3976 3486 4047 ipsa

1886 4091 2179 4146 numquam
2202 4083 2605 4130 consumantur.
2624 4072 2927 4143 Eapropter
2947 4070 3075 4126 dicit
3096 4089 3110 4126 :
3134 4070 3197 4127 Si
3217 4070 3418 4141 quidem
3439 4080 3488 4124 et

1887 4168 2076 4234 induti,
2096 4184 2197 4221 non
2220 4167 2344 4221 nudi
2367 4166 2706 4220 inveniamur.
2734 4165 2849 4219 Non
2876 4162 3023 4219 enim
3047 4162 3149 4217 hoc
3170 4164 3345 4217 solum
3369 4170 3452 4215 est
3470 4202 3486 4226 ,

1888 4258 2031 4329 quod
2060 4259 2335 4329 quaeritur,
2368 4268 2425 4311 ut
2463 4270 2803 4335 resprgamus
2829 4262 2886 4309 et
2912 4253 3367 4309 immortalitatem
3411 4251 3482 4305 in-

1889 4351 2119 4405 duamus
2146 4367 2165 4403 :
2191 4349 2283 4405 sed
2311 4359 2368 4403 nt
2388 4364 2509 4403 cum
2551 4347 3004 4403 resurrexerimus
3023 4386 3039 4410 ,
3066 4344 3343 4413 indutique
3372 4342 3491 4399 fue-

1891 4446 2061 4500 rimus
2093 4444 2550 4498 immortalitatem
2576 4481 2593 4508 ,
2624 4456 2729 4495 non
2756 4438 3090 4493 inveniamur
3126 4435 3251 4491 nudi
3274 4450 3305 4489 a
3327 4435 3490 4505 gloria

1895 4538 2193 4605 fiduciaque
2223 4550 2345 4605 erga
2392 4534 2579 4597 Deum,
2612 4547 2748 4587 neve
2773 4531 2879 4600 igni
2908 4529 2979 4583 illi
3005 4527 3310 4591 tradantur;
3346 4535 3399 4581 et
3425 4526 3494 4580 ob

1894 4628 1996 4683 lioc
2020 4628 2148 4682 dicit
2178 4646 2189 4681 :
2218 4626 2277 4680 Si
2302 4625 2505 4695 quidem
2530 4633 2577 4678 ct
2599 4622 2765 4676 induti
2789 4663 2804 4687 ,
2854 4637 2958 4674 non
3000 4619 3127 4674 nudi
3154 4618 3489 4672 inveniamur.

1893 4720 2022 4775 Post
2050 4718 2165 4772 hate
2196 4717 2388 4771 iterum
2419 4716 2523 4770 ﬁde
2549 4714 2847 4784 digniorem
2869 4711 2938 4766 de
2966 4710 3363 4765 resurrectione
3384 4724 3496 4762 ser-

1895 4826 2111 4867 monem
2133 4809 2310 4866 reddit
2341 4826 2355 4862 :
2382 4817 2434 4862 et
2465 4822 2585 4861 cum
2625 4806 2760 4859 dixit
2798 4804 3034 4858 futurum
3066 4801 3133 4857 Ut
3172 4800 3497 4855 absorbeatur

1896 4902 2113 4956 mortale
2151 4902 2245 4954 hoc
2271 4916 2303 4953 a
2326 4899 2429 4952 vita
2454 4896 2629 4971 (Ibid.
2663 4913 2710 4949 υ.
2739 4896 2830 4965 4),
2858 4894 3062 4964 adjicit,
3097 4892 3197 4960 Qui
3218 4902 3385 4945 autem
3409 4906 3499 4943 nos

1900 4994 2015 5065 fecit
2044 4994 2111 5046 ad
2134 4994 2227 5045 hoc
2254 4992 2420 5061 ipsum
2448 4988 2582 5043 Deus
2605 4986 2770 5057 (Ibid.
2801 5001 2850 5040 υ.
2876 4986 2908 5040 5
2931 4987 2950 5055 )
2977 5002 2992 5049 ;
3022 5000 3087 5038 ac
3112 4988 3154 5038 si
3176 4983 3417 5049 diceret,
3456 4984 3494 5034 A

1900 5086 2169 5155 principio
2200 5092 2419 5154 propter
2442 5081 2545 5135 boc
2572 5080 2845 5135 hominem
2873 5076 3140 5138 formavit,
3172 5076 3361 5145 inquit,
3390 5088 3499 5127 non

1900 5188 1959 5234 ut
2000 5188 2215 5249 pereat,
2262 5175 2359 5231 sed
2393 5185 2449 5229 ut
2490 5175 2556 5229 ad
2601 5171 3059 5241 ineorruptionem
3101 5177 3307 5239 pergat.
3340 5166 3413 5221 lia
3447 5174 3499 5219 ut

1900 5272 2114 5342 quando
2137 5281 2362 5325 mortem
2388 5268 2648 5339 permisit,
2674 5267 2777 5320 lioc
2805 5267 2973 5335 ipsam
2999 5264 3224 5318 consilio
3246 5260 3477 5331 permise

1901 5366 2003 5429 rit,
2038 5373 2098 5418 ut
2127 5362 2389 5433 supplicio
2425 5361 2739 5432 prudentior
2762 5357 2931 5412 factus
2970 5365 3023 5411 et
3067 5354 3286 5419 melior,
3330 5356 3500 5422 possis

1902 5457 2079 5510 denuo
2127 5455 2194 5510 ad
2249 5453 2706 5509 immortalitatem
2758 5448 2963 5507 reduci.
2998 5448 3191 5502 Ratum
3220 5454 3379 5515 atque
3409 5444 3500 5498 fir-

1903 5566 2049 5604 nium
2080 5549 2182 5604 hoc
2208 5548 2515 5612 consilium,
2544 5555 2598 5601 et
2637 5544 2754 5599 haec
2778 5544 3045 5598 sententia
3090 5540 3158 5592 ab
3186 5539 3336 5592 initio
3364 5539 3502 5604 apud

1903 5645 2103 5707 Deum,
2122 5652 2284 5714 atque
2310 5636 2411 5697 hac
2429 5643 2637 5697 ratione
2666 5639 2898 5711 primum
2927 5637 3198 5693 hominem
3230 5634 3500 5700 formavit,

1903 5736 2065 5805 idque
2089 5736 2268 5789 statim
2301 5735 2457 5790 nobis
2501 5749 2567 5789 ex
2611 5731 2890 5803 pfommiis
2942 5730 3075 5799 ipsis
3122 5724 3500 5783 subindicavit.

1911 5828 2022 5885 Nisi
2050 5830 2189 5885 enim
2237 5827 2495 5883 voluisset
2532 5827 2598 5882 ab
2625 5826 2777 5881 initio
2804 5823 2961 5881 nobis
2985 5821 3397 5881 resurrectionis
3419 5820 3499 5889 ᾕδ-
