4070 6434
610 348 708 402 ἐπὶ

612 474 745 512 uuas
772 458 1000 527 aperire,
1034 474 1137 513 non
1181 462 1511 533 permisisset
1554 462 1774 515 Abelem
1810 464 1950 516 omni
1997 464 2188 516 virtute

612 550 889 617 przeditum
913 590 928 612 ,
976 549 1276 621 factumque
1326 552 1424 606 sibi
1459 553 1685 608 amicum
1708 594 1723 619 ,
1754 570 1870 623 qua:
1898 568 2083 623 passus
2109 563 2190 608 est

616 641 740 710 pati.
779 639 931 696 Nunc
975 652 1151 695 autem
1197 642 1349 697 nobis
1396 652 1453 697 ut
1500 643 1923 710 demonstraret,
1951 643 2089 712 quod
2121 644 2187 696 ad

611 733 767 785 aliam
801 732 965 787 vitam
992 734 1299 804 pergimus,
1343 744 1397 788 et
1441 735 1584 789 aliud
1625 735 1887 805 quoddam
1934 735 2186 789 saeculum

610 825 765 893 jnstis
812 827 1051 887 relictum
1103 837 1183 881 est
1214 867 1230 892 ,
1272 828 1324 882 in
1345 844 1451 897 quo
1489 844 1715 883 coronas
1737 839 1791 884 et
1815 828 2189 883 retributiones

614 916 714 968 sibi
743 918 1001 985 repositas
1040 917 1301 987 accipiant
1341 935 1355 971 :
1388 920 1650 988 permisit,
1683 927 1741 973 ut
1771 919 1815 973 is
1840 918 1928 988 qui
1960 918 2187 987 primum

612 1003 697 1059 hic
722 1004 864 1074 juste
902 1006 1126 1072 vixerat,
1160 1007 1404 1061 laborum
1426 1023 1643 1063 suorum
1674 1009 1945 1064 mercedes
1968 1010 2053 1063 hic
2081 1024 2188 1063 non

611 1098 908 1166 acciperet,
949 1098 1043 1153 sed
1092 1098 1217 1155 hinc
1243 1100 1449 1166 abiens,
1479 1102 1733 1155 clamaret
1756 1101 1850 1169 per
1868 1115 1929 1155 ea
1956 1116 2073 1171 qua:
2103 1101 2189 1156 hic

614 1204 801 1257 passus
831 1199 931 1257 est,
955 1198 1010 1245 et
1034 1191 1100 1246 ad
1128 1207 1315 1247 omnes
1336 1193 1538 1247 diceret
1564 1208 1578 1245 :
1612 1193 1738 1247 Post
1764 1194 1901 1247 hanc
1925 1194 2085 1247 vitam
2108 1203 2189 1249 est

614 1278 785 1348 aliqua
826 1289 879 1333 et
922 1295 1126 1336 merces
1174 1290 1229 1336 et
1270 1284 1648 1338 remuneratio.
1695 1282 1981 1351 Pr0pterea
2027 1284 2186 1337 etiam

613 1368 797 1424 Enoch
831 1374 1119 1437 transtulit,
1144 1384 1197 1427 et
1222 1374 1390 1427 Eliam
1416 1375 1611 1444 rapuit,
1644 1389 1740 1442 per
1760 1390 1854 1430 eos
1869 1376 2188 1432 adumbrans

612 1460 1257 1528 dogmaresurrectionis.
1294 1464 1502 1519 Sufficit
1548 1465 1708 1533 igitur
1736 1466 1803 1519 ad
1849 1475 2189 1536 argumento-

613 1566 730 1603 rum
758 1552 965 1621 copiam
1003 1554 1115 1607 sola
1144 1555 1434 1609 conditoris
1476 1557 1708 1624 potentia
1742 1564 1840 1611 :at
1879 1558 1924 1611 si
1962 1558 2079 1627 quis
2110 1566 2193 1612 est.

611 1639 875 1715 infirmior
895 1684 911 1707 ,
951 1654 1005 1697 et
1029 1644 1187 1698 aliam
1221 1645 1437 1714 insuper
1460 1645 1964 1701 demonstrationem
1994 1648 2190 1703 habere

610 1732 740 1796 vult,
769 1742 821 1787 et
868 1735 1055 1804 pignus
1085 1735 1275 1791 lutum
1304 1740 1710 1794 resurrectionis
1730 1781 1743 1803 ,
1774 1741 1931 1794 etiam
1963 1741 2188 1811 idipsum

614 1823 765 1876 nobis
788 1825 925 1878 Deus
954 1842 1140 1895 magna
1168 1827 1485 1883 liberalitate
1507 1838 1559 1883 et
1580 1830 1730 1899 copia
1753 1830 1933 1895 dedit,
1960 1831 2187 1900 Spiritus

612 1915 815 1968 scilicet
864 1918 1107 1985 gratiam.
1157 1917 1415 1984 Quocirca
1459 1934 1576 1974 cum
1627 1920 1820 1974 Paulus
1862 1920 1931 1975 de
1954 1936 2190 1975 resurre-

610 2004 785 2058 ctione
840 2006 942 2059 lide
985 2007 1200 2077 dignum
1250 2024 1551 2065 sermonem
1598 2010 1871 2066 habuisset
1899 2028 1964 2066 ex
1994 2013 2189 2068 Christi

612 2097 1024 2160 resurrectione,
1055 2113 1121 2151 eo
1146 2099 1286 2167 quod
1315 2100 1455 2154 Deus
1475 2102 1591 2168 ejus
1620 2113 1803 2156 auctor
1823 2110 1985 2167 esset,
2018 2103 2186 2157 addu-

610 2184 682 2237 cit
709 2194 762 2238 et
793 2185 895 2239 hoc
923 2186 1120 2240 dictum
1148 2204 1161 2239 :
1188 2189 1253 2242 Et
1291 2190 1643 2245 arrhabonem
1686 2192 1837 2246 nobis
1877 2192 2054 2255 dedit,
2083 2209 2187 2248 non

604 2282 767 2343 'npum
800 2293 898 2332 nec
929 2280 1041 2332 auri
1072 2296 1170 2335 nec
1198 2282 1423 2351 argenti,
1454 2283 1546 2337 sed
1574 2283 1933 2339 arrhabonem
1960 2284 2187 2353 Spiritus

613 2366 688 2435 (2.
719 2367 834 2422 Cor.
870 2370 924 2423 5.
973 2371 1049 2439 5);
1080 2372 1307 2424 arrhabo
1348 2382 1523 2425 autem
1557 2387 1681 2442 pars
1726 2380 1807 2426 est
1829 2374 1988 2426 totius
2009 2415 2022 2437 ,
2046 2383 2099 2428 ct
2122 2374 2188 2429 de

613 2468 726 2511 toto
750 2458 902 2512 fidem
936 2460 1077 2513 facit.
1110 2460 1239 2514 Nam
1272 2462 1408 2515 sicut
1434 2464 1484 2515 in
1512 2464 1786 2528 conviviis,
1811 2464 1896 2532 qui
1926 2466 2190 2533 acceperit

612 2550 985 2615 arrhaboncm,
1014 2551 1174 2606 ﬁdem
1204 2553 1384 2616 habet,
1412 2562 1465 2605 et
1494 2568 1713 2607 securus
1758 2564 1841 2607 est
1869 2554 1937 2609 de
1969 2566 2077 2609 toto
2103 2572 2191 2611 re.

612 2638 755 2703 liquo
785 2658 796 2691 :
825 2642 892 2692 ita
922 2648 976 2693 et
1000 2651 1053 2694 tu
1094 2657 1213 2696 eum
1240 2644 1510 2713 acceperis
1538 2642 1889 2698 arrhabonem
1912 2688 1926 2709 ,
1958 2645 2185 2714 Spiritus

611 2730 743 2783 dona
788 2732 1034 2800 inquam,
1074 2748 1176 2786 non
1220 2735 1327 2801 jam
1369 2733 1612 2788 dubitare
1662 2735 1823 2813 debes
1868 2735 1935 2790 de
1978 2736 2186 2791 exteris

611 2820 764 2874 bonis
802 2823 895 2875 tibi
927 2824 1195 2891 repositis.
1227 2824 1327 2891 Qui
1356 2826 1496 2880 enim
1524 2826 1765 2879 excitasti
1802 2836 2068 2891 mortuos,
2097 2827 2184 2896 qui

610 2927 765 2965 curas
790 2928 997 2979 caecos,
1045 2914 1317 2969 dzemones
1352 2916 1601 2984 expellis,
1638 2916 1879 2985 leprosos
1929 2919 2183 2985 mandas,

610 3006 824 3058 morbos
881 3006 1163 3071 emendas,
1224 3017 1450 3061 mortem
1496 3008 1693 3074 solvis,
1726 3018 1780 3063 et
1831 3018 1907 3063 tot
1938 3019 2188 3079 tantaque

610 3104 760 3162 poles
786 3097 957 3151 facere
990 3097 1042 3152 in
1067 3097 1240 3168 fragili
1262 3108 1315 3152 ct
1342 3100 1551 3153 mortali
1580 3115 1802 3169 corpore
1823 3141 1837 3167 ,
1862 3117 2018 3170 quam
2045 3117 2190 3156 asse-

609 3188 791 3254 queris
814 3189 1018 3241 veniam
1040 3231 1053 3252 ,
1079 3189 1145 3243 de
1189 3190 1582 3244 resurrectione
1622 3190 1868 3245 dubitans
1902 3190 1924 3243 ?
1965 3192 2020 3245 Si
2044 3193 2184 3246 enim

609 3292 729 3331 cum
755 3279 987 3333 nondum
1020 3282 1423 3335 resurrectionis
1451 3292 1657 3351 tempus
1683 3283 1916 3346 advenit,
1946 3284 2038 3337 sed
2065 3299 2185 3338 cum

610 3367 782 3422 adhuc
805 3380 1065 3437 certatur,
1099 3381 1273 3424 tantas
1299 3372 1483 3425 tribuit
1514 3372 1606 3426 tibi
1636 3387 1860 3427 coronas
1890 3373 2030 3428 Deus
2061 3390 2189 3430 :co-

611 3458 714 3523 gita
741 3469 934 3528 quanta
970 3462 1305 3530 prmmiorum
1338 3471 1576 3533 tempore
1597 3462 1732 3516 bona
1753 3463 1843 3517 tibi
1862 3461 2081 3518 daturus
2096 3466 2182 3520 sit.

613 3547 681 3599 At
708 3549 750 3601 si
782 3552 902 3619 quis
922 3550 1063 3604 dicat
1083 3593 1097 3615 ,
1145 3551 1249 3606 Sed
1296 3566 1399 3606 nOn
1428 3553 1668 3607 videmus
1697 3553 1809 3607 haec
1846 3556 1994 3624 signa
2048 3572 2187 3611 nunc

612 3640 723 3692 fieri
743 3682 755 3703 ,
806 3657 976 3711 mque
1023 3644 1172 3697 nobis
1203 3655 1345 3697 tanta
1374 3645 1537 3699 virtus
1564 3642 1865 3700 concredita
1895 3655 1974 3701 est
2014 3665 2028 3703 :
2057 3648 2185 3704 illud

1338 347 1395 401 S.
1438 346 1712 402 JOANNIS
1749 346 2224 402 CHRYSOSTUMI
2265 344 2579 400 AliClllEP.
2621 347 3155 403 CUNSTAHTINOP.

3777 342 3887 396 £32

2294 462 2681 530 responderim,
2715 462 2844 516 nihil
2874 463 3106 526 dill‘crrc,
3134 462 3249 516 sive
3277 476 3435 521 nunc,
3462 464 3578 515 sive
3604 461 3732 514 olim
3766 471 3891 517 haec

2295 552 2432 607 facta
2488 554 2615 607 sint.
2673 554 2802 608 Nam
2852 570 2971 622 quae
2997 554 3142 622 prius
3167 554 3233 607 ab
3269 551 3525 621 apostolis
3552 561 3679 606 sunt
3707 553 3847 605 facta
3871 594 3885 616 ,

2298 652 2557 696 testantur
2581 659 2674 711 per
2700 659 2914 697 omnem
2944 644 3125 698 orbem
3170 643 3446 708 Eeclesim,
3470 652 3526 696 et
3570 642 3781 712 populi,
3832 652 3891 696 et

2295 733 2539 786 civitates
2558 774 2571 795 ,
2619 742 2673 787 et
2716 743 2897 801 gentes
2920 748 3041 801 qua:
3062 733 3128 786 ad
3160 732 3352 788 idiotas
3380 748 3443 787 ac
3471 733 3772 802 piscatores
3800 747 3890 785 re-

2294 832 2599 875 currerunt.
2630 822 2813 892 Neque
2842 824 2983 877 enim
3012 824 3106 877 toti
3137 824 3252 878 orbi
3293 824 3701 893 prmvaluissent
3733 823 3886 877 illite-

2295 912 2417 975 rati,
2446 924 2500 966 et
2528 913 2733 981 inopes,
2756 922 2812 968 et
2836 928 3093 984 pauperes
3118 955 3133 979 ,
3163 922 3217 967 et
3242 914 3370 966 viles
3390 913 3431 977 ¹,
3477 911 3580 965 nisi
3609 912 3887 967 miraculis

2296 1001 2485 1071 adjuti.
2502 1002 2699 1057 Verum
2720 1019 2817 1058 nec
2842 1016 2893 1057 tu
2914 1005 3098 1073 gratiae
3118 1003 3347 1071 Spiritus
3377 1002 3547 1056 factus
3574 1016 3633 1055 es
3653 1017 3883 1071 expers;

2296 1092 2392 1146 sed
2436 1094 2724 1147 etiamnum
2778 1095 2942 1148 multa
2973 1102 3190 1148 manent
3227 1093 3528 1147 donationis
3564 1092 3704 1146 illius
3731 1108 3886 1163 sym-

2298 1186 2441 1252 bola,
2465 1197 2623 1256 atque
2654 1189 2736 1251 iis,
2759 1203 2878 1256 qua:
2907 1196 3219 1241 enumerata
3247 1195 3406 1251 sunt,
3439 1183 3608 1239 multo
3635 1184 3843 1253 majora
3866 1226 3881 1249 ,

2294 1285 2349 1330 et
2395 1277 2562 1345 magis
2603 1276 2933 1331 admiranda.
2982 1277 3096 1330 Non
3120 1276 3261 1330 enim
3309 1274 3515 1343 mquale
3540 1281 3657 1340 est,
3687 1288 3886 1342 corpus

2296 1376 2562 1421 mortuum
2603 1368 2863 1421 suscitare
2888 1376 2942 1421 et
2980 1367 3212 1421 animam
3239 1380 3268 1418 a
3294 1365 3528 1434 peccatis
3552 1364 3788 1417 occisam
3816 1362 3886 1415 ab

2297 1458 2518 1512 interitu
2569 1458 2836 1522 liberare,
2886 1457 3030 1527 quod
3083 1472 3181 1524 per
3229 1455 3551 1524 baptismum
3615 1453 3726 1506 lit:
3774 1468 3885 1507 non

2296 1549 2500 1619 :equale
2529 1558 2631 1613 est,
2656 1548 2855 1617 pellere
2888 1547 3130 1603 morbum
3161 1547 3339 1601 carnis
3358 1584 3374 1610 ,
3405 1553 3457 1599 et
3489 1543 3725 1612 abjicerc
3748 1558 3888 1612 pon-

2296 1639 2394 1692 dus
2423 1647 2763 1707 peccatorum
2797 1655 2813 1692 :
2856 1652 2961 1692 non
2989 1645 3073 1692 est
3099 1637 3336 1707 ecquale,
3383 1635 3594 1690 oculum
3617 1645 3885 1688 caecatum

2296 1734 2579 1785 restituere
2603 1772 2617 1797 ,
2649 1740 2703 1785 et
2730 1732 2963 1784 animam
2991 1731 3396 1785 obtenebratam
3435 1728 3724 1782 illustrare.
3770 1726 3884 1780 Nisi

2295 1823 2438 1875 enim
2479 1837 2620 1875 nunc
2657 1822 2817 1875 etiam
2858 1829 2997 1875 esset
3024 1820 3255 1874 arrhabo
3285 1819 3534 1888 Spiritus,
3571 1833 3749 1888 neque
3790 1817 3889 1872 ba-

2297 1913 2487 1982 ptisma
2516 1912 2811 1967 adhibitum
2836 1923 3011 1977 esset,
3044 1926 3216 1981 neque
3242 1919 3583 1980 peccatorum
3608 1910 3885 1974 remissio,

2297 2019 2466 2073 neque
2490 2003 2694 2072 justitia
2722 2011 2777 2057 et
2805 2000 3153 2058 sanctiﬁcatio
3192 2001 3330 2056 facta
3379 2010 3522 2055 esset
3594 2016 3770 2070 neque
3801 2000 3889 2053 ad-

2296 2095 2566 2162 eptionem
2592 2094 2817 2148 filiorum
2848 2093 2937 2147 Dei
2965 2093 3377 2162 accepissemus,
3400 2106 3572 2161 neque
3602 2091 3885 2159 percepis-

2295 2200 2473 2240 semus
2502 2186 2795 2255 mysteria:
2825 2200 3016 2254 corpus
3067 2186 3207 2240 enim
3256 2195 3309 2240 et
3345 2184 3563 2253 sanguis
3615 2183 3887 2253 mysticus

2295 2292 2402 2331 non
2442 2277 2576 2330 ﬁunt
2608 2277 2807 2346 absque
2837 2276 3067 2345 Spiritus
3109 2277 3276 2345 gratia
3311 2293 3325 2329 :
3356 2290 3528 2344 neque
3567 2273 3887 2329 sacerdotes

2296 2367 2700 2432 habuissemus;
2735 2382 2907 2436 neque
2937 2368 3079 2421 enim
3109 2367 3203 2420 has
3242 2365 3604 2421 ordinationes
3644 2366 3760 2419 sine
3794 2364 3885 2417 tali

2292 2458 2552 2512 descensu
2582 2458 2694 2511 ﬁeri
2718 2466 2801 2511 est
2832 2458 3103 2525 possibile.
3131 2456 3236 2511 Sed
3266 2457 3430 2510 multa
3454 2456 3553 2510 alia
3597 2470 3887 2525 possemus

2295 2549 2470 2604 dicere
2490 2552 2673 2618 gratiae
2701 2550 2930 2619 Spiritus
2958 2549 3221 2621 symbola.
3248 2549 3428 2618 Itaque
3464 2549 3624 2602 etiam
3668 2558 3722 2601 tu
3752 2548 3886 2616 Spi-

2292 2642 2425 2695 ritus
2448 2640 2801 2695 arrhahonem
2823 2640 3012 2705 habes,
3033 2649 3087 2695 et.
3112 2651 3339 2695 mortem
3367 2640 3558 2693 anima:
3582 2639 3755 2707 pellis,
3772 2652 3888 2693 caa-

2291 2733 2611 2799 citatemque
2631 2732 3029 2799 cogitationum,
3047 2740 3100 2785 et
3115 2734 3273 2784 vitam
3305 2731 3502 2785 exuisti
3526 2728 3882 2783 immundam.

2290 2820 2368 2875 Ne
2398 2821 2557 2890 igitur
2585 2821 2886 2877 dubitemus
2913 2821 2981 2876 de
3007 2820 3230 2886 futuris,
3262 2821 3561 2890 praesertim
3601 2835 3723 2873 cum
3755 2820 3885 2872 talia

2292 2911 2655 2979 acceperimus
2703 2913 2955 2980 pignora;
2991 2911 3082 2965 sed
3128 2911 3479 2981 undequaque
3519 2910 3586 2964 de
3633 2924 3884 2963 resurre-

2293 3001 2476 3054 ctione
2527 3016 2825 3055 sermonem
2886 3002 3112 3055 solidum
3144 3001 3486 3070 colligentes,
3518 3001 3681 3055 vitam
3716 3003 3886 3056 tantis

2291 3091 2557 3161 dogmatis
2592 3093 2800 3161 dignam
2831 3093 3198 3157 exhibeamus,
3227 3099 3284 3145 ut
3322 3100 3376 3147 et
3415 3107 3765 3161 assequamur
3792 3092 3887 3146 hic

2292 3182 2427 3237 bona
2456 3183 2763 3245 immobilia,
2783 3200 2899 3252 qua:
2921 3200 3218 3238 sermonem
3237 3200 3300 3237 ac
3320 3193 3552 3238 mentem
3585 3184 3883 3238 humanam

2292 3274 2692 3329 transcendunt.
2722 3274 2851 3340 Qucc
2876 3290 2973 3328 nos
2991 3290 3179 3329 omnes
3197 3275 3408 3344 assequi
3438 3276 3733 3346 contingat,
3754 3291 3884 3346 gra-

2292 3365 2363 3419 tia
2411 3374 2464 3419 et
2504 3366 2827 3436 benignitate
2871 3366 3080 3420 Domini
3131 3368 3298 3421 nostri
3339 3366 3464 3421 Jesu
3511 3364 3750 3431 Christi,
3782 3382 3884 3434 per

2291 3469 2480 3523 quem,
2537 3464 2592 3508 et
2637 3458 2761 3509 cum‘
2797 3472 2903 3524 quo
2955 3456 3097 3510 Patri
3125 3456 3290 3526 gloria
3335 3456 3597 3525 simulque
3649 3456 3881 3526 Spiritui

2291 3556 2478 3601 sancto
2506 3585 2519 3608 ,
2555 3546 2607 3598 in
2634 3546 2827 3600 smcula
2858 3547 3192 3601 saeculorum.
3221 3548 3411 3602 Amen.

2357 3660 2373 3690 ι
2408 3659 2563 3719 Colb.,
2583 3658 2857 3721 piscatores,
2882 3673 2985 3721 pro,
3013 3659 3145 3710 viles.

2072 4265 2429 4327 MONITUM

700 4450 908 4509 Eodem
949 4454 1067 4525 ipso
1096 4468 1239 4509 anno
1265 4454 1380 4509 hac
1417 4452 1610 4508 concio
1642 4449 1826 4506 habita
1858 4460 1962 4516 est,
1997 4467 2106 4521 quo
2134 4452 2372 4507 secunda
2424 4452 2512 4506 illa
2542 4453 2607 4506 de
2634 4450 2771 4508 Juda
2800 4452 3109 4522 proditore;
3146 4453 3401 4509 videlicet
3428 4454 3479 4507 in
3532 4454 3621 4509 die
3667 4455 3881 4509 Resur»

629 4564 883 4619 rectionis
934 4564 1148 4620 Domini
1202 4564 1684 4637 Quadragesimam
1719 4566 1863 4619 illam
1902 4575 2292 4635 consequente,
2334 4568 2386 4621 in
2413 4583 2517 4637 qua
2558 4569 2779 4639 triginta
2813 4568 2949 4623 duas
2994 4567 3206 4638 priores
3230 4570 3283 4624 in
3314 4568 3568 4625 Genesim
3621 4569 3882 4623 homilias

632 4676 913 4731 habuerat.
949 4677 1149 4734 Eodem
1178 4688 1357 4763 autem
1382 4680 1501 4749 ipso
1524 4694 1670 4735 anno
1698 4690 1818 4749 post
1859 4679 2069 4735 Pascha
2104 4672 2527 4751 Chrysostomus
2554 4682 2809 4737 homilias
2840 4682 2959 4737 illas
2991 4696 3184 4737 novem
3214 4682 3424 4746 habuit,
3456 4698 3687 4753 quarum
3722 4684 3882 4753 prio-

637 4802 726 4842 res
748 4790 991 4859 quinque
1019 4791 1073 4845 in
1133 4792 1457 4863 principium
1491 4794 1750 4849 Actorum
1786 4795 1984 4851 habitae
2013 4807 2177 4851 sunt:
2220 4796 2548 4866 posteriores
2576 4812 2705 4852 vero
2728 4809 2964 4867 quatuor
3019 4798 3092 4853 De
3127 4798 3424 4853 mutatione
3456 4799 3766 4853 nominum.
3821 4798 3879 4854 Id

636 4916 815 4960 autem
855 4915 1038 4977 aperte
1071 4908 1474 4964 demonstratur
1505 4908 1559 4962 in
1587 4909 1807 4965 Monitis
1838 4911 1902 4964 ad
1932 4912 2147 4967 easdem
2201 4912 2516 4975 conciones,
2564 4912 2655 4967 ubi
2682 4912 2797 4983 ipse
2819 4912 3242 4983 Chrysostomus
3293 4913 3600 4970 luculentus
3631 4916 3785 4969 testis
3820 4914 3879 4968 in

626 5022 861 5076 medium
894 5024 1136 5080 affertur.
1172 5026 1249 5081 Eo
1277 5025 1533 5081 lectorem
1568 5026 1855 5092 mittimus,
1885 5043 2095 5083 necnon
2122 5032 2184 5082 all
2209 5030 2471 5085 Monitum
2499 5029 2753 5099 superius
2782 5029 2848 5084 ad
2885 5027 3146 5085 llomilias
3174 5028 3241 5084 de
3272 5027 3413 5084 Juda
3450 5029 3725 5098 proditore
3751 5048 3763 5082 :
3790 5045 3881 5085 res

628 5136 755 5191 item
786 5137 1046 5210 pluribus'
1064 5152 1252 5211 agetur
1290 5143 1356 5198 ad
1386 5142 1646 5199 Homilias
1669 5144 1721 5198 in
1747 5145 2020 5203 Genesim.

698 5272 849 5328 llanc
878 5290 1041 5343 porro
1075 5276 1388 5330 concionem
1424 5278 1504 5332 sic
1532 5288 1799 5334 memorat
1838 5279 2261 5352 Cbrysostomus
2296 5281 2517 5335 homilia
2562 5296 2577 5334 I
2613 5283 2663 5336 in
2704 5284 3025 5354 principium
3052 5286 3333 5350 Actorum,
3378 5299 3499 5355 quae
3526 5284 3691 5353 paulo
3744 5296 3868 5353 post

631 5380 1065 5440 Resurrectionis
1091 5385 1233 5442 diem
1259 5387 1443 5444 habita
1478 5400 1574 5451 est.
1610 5408 1761 5449 nutu.
1797 5394 1831 5448 2
1863 5413 1874 5448 ;
1917 5394 2039 5449 Non
2092 5407 2212 5449 stmt
2240 5398 2406 5467 igitur
2428 5397 2627 5451 nmium
2653 5396 2874 5464 dicitur,
2912 5398 3002 5453 sed
3046 5397 3351 5471 illegitimus
3398 5416 3581 5453 earum
3608 5415 3737 5452 usus
3786 5410 3861 5453 cst

622 5503 845 5566 malum,
874 5511 921 5555 et
946 5503 1081 5555 sicut
1115 5519 1278 5572 nuper
1307 5503 1371 5557 de
1395 5505 1643 5561 ebrietate
1672 5508 1825 5561 verba
1856 5509 2077 5578 faciens,
2110 5528 2211 5564 non
2267 5511 2446 5563 riuum
2490 5511 2826 5576 accusabam,
2888 5513 3077 5582 quippe
3105 5529 3222 5566 cum
3264 5514 3435 5567 omnis
3464 5522 3713 5567 creatura
3769 5514 3871 5567 Dei

624 5614 757 5669 bona
790 5618 881 5679 sit,
918 5634 1031 5685 qua:
1061 5634 1176 5672 etim
1202 5621 1495 5690 gratiarum
1527 5625 1730 5678 actione
1761 5626 2075 5695 percipitur;
2108 5628 2196 5680 sed
2226 5628 2424 5681 malum
2454 5645 2629 5695 usum,
2660 5639 2763 5685 etc.
2800 5629 2931 5697 Quae
2962 5629 3122 5685 verba
3156 5645 3279 5686 cum
3308 5629 3411 5685 hac
3437 5629 3704 5685 concione
3730 5631 3871 5686 mire
