4070 6434
641 353 667 404 ιζ
677 352 743 407 33

1234 336 1237 339 Δ
1346 352 1404 408 S.
1443 352 1723 411 JOANNIS
1754 321 2244 411 CHRYSOSTOHI
2282 344 2599 414 ARCHIEP.
2649 351 3195 411 CONSTANTINUP.

3763 349 3875 405 63$

1695 726 1993 815 ΚΑΤΑ
2061 728 2762 819 ΜΕΘΥΟΝΤΩΝ
2785 791 2807 826 ν

920 971 1025 1026 Καὶ
1058 973 1147 1037 είς
1176 969 1290 1038 τὴν
1325 946 1665 1024 ἀνάστασιν
1687 1005 1703 1034 ,
1750 967 1934 1036 λόγος
1961 967 2201 1036 λεχθείς
2229 968 2306 1037 τῇ
2332 969 2467 1037 ἁγίᾳ
2502 967 2602 1021 καὶ
2625 966 2863 1037 μεγάλῃ
2898 965 3167 1038 Κιτριακῇ
3189 967 3295 1022 τοῦ
3328 962 3564 1035 Πάσχα.

710 1351 779 1397 α’.
812 1341 1147 1413 ’Δπεθέμεθα
1173 1343 1274 1412 τῆς
1303 1343 1557 1414 νηστείας
1580 1343 1643 1397 τὸ
1678 1343 1896 1414 φορτίον
1914 1383 1929 1408 ,
1957 1342 2093 1397 ἀλλὰ
2126 1341 2201 1413 μὴ

640 1432 972 1504 ἀποθώμεθα
985 1432 1082 1503 τῆς
1094 1432 1347 1502 νηστείας
1362 1433 1453 1487 τὸν
1469 1432 1700 1505 καρπόν·
1718 1432 1834 1486 ἐστι
1854 1432 1965 1504 γὰρ
1985 1433 2203 1505 φορτίον

641 1526 938 1581 ἀποθέσθαι
956 1525 1228 1595 νηστείας,
1241 1524 1335 1577 καὶ
1353 1524 1565 1596 καρπὸν
1581 1524 1873 1596 δρέπεσθαι
1886 1539 1913 1566 ι
1932 1525 2200 1596 νηστείας.

637 1614 924 1686 Παρῆλθεν
953 1615 983 1667 6
1012 1614 1172 1677 πόνος
1195 1614 1304 1667 τῶν
1332 1614 1582 1683 ἀγώνων,
1622 1615 1760 1670 ἀλλά
1792 1615 1868 1688 μὴ
1896 1615 2141 1689 παρέλθῃ
2168 1616 2203 1687 ή

645 1704 848 1775 σπουδὴ
892 1704 1001 1757 τῶν
1051 1703 1519 1775 κατορθωμάτων·
1570 1704 1815 1774 ἀπῆλθεν
1856 1707 1899 1777 η
1957 1707 2202 1777 νηστεία,

642 1793 778 1847 ἀλλὰ
814 1794 1020 1864 μενέτω
1045 1794 1078 1865 η
1121 1794 1378 1847 εὐλάϐεια
1396 1811 1411 1826 ’
1458 1795 1657 1864 μᾶλλον
1682 1794 1739 1849 δὲ
1769 1794 1889 1850 οὐδὲ
1919 1798 1953 1867 η
1982 1797 2207 1867 νηστεία

643 1882 903 1951 ἀπῆλθεν.
945 1881 1103 1934 Ἀλλὰ
1135 1882 1208 1952 μὴ
1233 1882 1505 1953 φοϐηθῆτε
1525 1900 1539 1914 ·
1569 1883 1728 1936 τοῦτο
1766 1883 1876 1955 γὰρ
1902 1880 2055 1939 εἷπον
2086 1886 2207 1957 οὐχὶ

644 1972 837 2042 ἑτέραν
857 1973 984 2042 ύμῖν
1011 1974 1297 2041 κηρύσσων
1323 1972 1795 2043 Τεσσαραιωστὴν,
1822 1973 1957 2027 ἀλλά
1986 1974 2084 2045 τὴν
2107 1976 2207 2029 αύ-

642 2064 741 2135 τὴν
768 2064 895 2133 ύμῖν
930 2063 1128 2133 ἀρετὴν
1159 2062 1562 2132 καταγγέλλων.
1610 2062 1891 2133 Παρῆλθεν
1930 2065 1963 2135 ὴ
1989 2064 2206 2135 νηστεία

643 2154 677 2221 ἡ
709 2151 1012 2222 σωματικὴ,
1052 2152 1168 2203 ἀλλ’
1193 2152 1254 2205 ού
1281 2152 1559 2223 παρῆλθεν
1588 2154 1620 2222 ἡ
1653 2152 1875 2222 νηστεία
1903 2155 1936 2225 ἡ
1962 2170 2207 2225 πνευμα-

642 2242 803 2311 τική·
845 2240 983 2310 αὕτη
1041 2240 1264 2310 βελτίων
1314 2242 1548 2311 ἐκείνης,
1602 2242 1826 2314 κάκείνη
1877 2243 1967 2297 διὰ
2006 2244 2208 2314 ταύτην

642 2331 877 2398 ἐγένετο.
899 2331 1144 2403 Ὠσπερ,
1193 2332 1283 2386 ὅτε
1337 2335 1655 2405 ἐνηστεύετε
1676 2378 1691 2402 ,
1749 2336 1935 2403 ἔλεγον
1966 2338 2093 2406 ὑμῖν
2128 2339 2209 2392 ὅτι

644 2422 759 2474 ιστι
794 2422 1120 2492 νηστεύοντα
1155 2423 1229 2493 μὴ
1252 2424 1532 2495 νηστεύειν
1556 2426 1606 2491 b,
1639 2426 1781 2479 οὕτω
1808 2428 1903 2480 καὶ
1942 2426 2036 2479 νῦν
2068 2426 2210 2495 λέγω

644 2513 726 2565 ὅτι
756 2511 869 2571 ἐστι
898 2512 973 2583 μὴ
1002 2514 1328 2583 νηστεύοντα
1353 2514 1651 2586 νηστεύειν.
1667 2517 1819 2587 Τάχα
1835 2517 2059 2587 αίνιγμα
2075 2512 2209 2569 εἶναι

642 2602 790 2655 δοκεῖ
814 2601 874 2654 τὸ
895 2602 1205 2672 λεγόμενον,
1232 2603 1346 2656 ἀλλ’
1376 2602 1489 2673 ἐγὼ
1520 2604 1619 2674 τὴν
1645 2604 1800 2658 λύσιν
1840 2605 2032 2672 ἐπάγω
2056 2603 2205 2675 [458]

644 2692 721 2762 τῷ
752 2691 1024 2763 ζητήματι
1052 2710 1066 2725 ο
1114 2693 1237 2756 Πῶς
1262 2693 1377 2746 ἐστι
1408 2695 1735 2765 νηστεύοντα
1773 2693 1850 2765 μὴ
1882 2694 2161 2765 νηστεύειν
2190 2710 2206 2757 ;

645 2782 812 2834 Ὅταν
864 2798 948 2844 τις
1003 2781 1305 2853 βρωμάτων
1333 2783 1432 2853 μὲν
1473 2784 1768 2855 ἀπέχηται,
1800 2785 2207 2857 ἁμαρτημάτων

643 2870 703 2923 δέ
728 2870 803 2941 μὴ
831 2871 1124 2942 ἀπέχηται.
1146 2873 1272 2937 Πῶς
1300 2874 1414 2927 ἐστι
1445 2874 1519 2945 μὴ
1546 2875 1875 2945 νηστεύοντα
1894 2875 2205 2946 νηστεύειν;

647 2954 811 3015 Ὅταν
859 2980 944 3025 τις
982 2963 1190 3034 τροφῆς
1234 2965 1333 3034 μὲν
1378 2964 1648 3038 ἀπολαύῃ,
1698 2966 1971 3036 ἁμαρτίας
2017 2965 2073 3018 δὲ
2133 2966 2207 3036 μὴ

644 3050 894 3123 γεύηται.
930 3052 1079 3123 Δῦτη
1125 3053 1348 3124 βελτίων
1391 3056 1607 3125 ἐκείνης
1644 3057 1678 3126 ἡ
1717 3057 1954 3125 νηστεία,
1992 3056 2053 3109 ού
2085 3055 2199 3126 βελ-

642 3141 774 3195 τίων
810 3142 868 3196 δὲ
920 3144 1100 3213 μόνον,
1142 3145 1281 3198 ἀλλά
1329 3147 1423 3199 καὶ
1472 3148 1808 3219 κουφοτέρα·
1863 3148 1948 3202 ἐπ’
1994 3149 2207 3219 ἐκείνης

644 3231 745 3301 τῆς
782 3234 1032 3303 νηστείας
1061 3235 1343 3289 ἀσθένειαν
1372 3235 1762 3305 προεϐάλλοντο
1802 3239 1985 3292 πολλοὶ
2019 3255 2207 3309 σωμα-

645 3321 821 3391 τικὴν,
840 3321 1078 3392 κνησμὸν
1100 3323 1351 3392 χαλεπόν.
1371 3323 1575 3395 Ψώρας
1592 3325 2003 3396 ἐμπέπλησμαι,
2024 3328 2204 3396 φησὶν,

647 3412 901 3465 ἀλουσίαν
938 3414 1037 3483 οὐχ
1073 3414 1347 3483 ὑπομένω,
1382 3417 1415 3486 ή
1454 3416 1749 3486 ὑδροποσία
1791 3434 1858 3485 με
1887 3418 2205 3489 διαφθείρει,

648 3501 890 3570 λαχάνων
921 3501 1286 3576 ἀπογεύεσθαι
1337 3505 1398 3556 ού
1454 3503 1709 3574 δύναμαι.
1760 3505 1940 3559 Πολλά
1986 3507 2209 3561 τοιαῦτα

648 3590 842 3661 ἢκουον
874 3592 994 3644 τότε
1053 3592 1319 3660 λεγόντων
1390 3592 1603 3646 πολλῶν
1637 3610 1649 3623 ·
1705 3594 1797 3646 ἐπὶ
1831 3595 1933 3663 τῆς
1960 3597 2210 3665 νηστείας

647 3679 848 3751 ταύτης
880 3692 903 3719 ο
937 3681 1088 3735 οὐδὲν
1120 3682 1360 3737 τοιοῦτον
1395 3683 1541 3736 ἔστιν
1575 3685 1765 3738 εἰπεῖν.
1805 3684 2066 3738 Ἀπόλαυε
2088 3686 2211 3739 λου-

646 3771 811 3841 τρῶν,
848 3772 1041 3843 μέτεχε
1064 3774 1363 3845 τραπέζης,
1408 3775 1686 3847 οίνοποσίᾳ
1723 3776 1969 3846 κέχρησο
2003 3776 2212 3848 συμμέ-

647 3879 781 3933 τρῳ,
820 3864 924 3916 κᾶν
949 3864 1125 3935 κρεῶν
1157 3864 1519 3932 ἀπογεύεσθαι
1558 3865 1775 3938 μέλλῃς,
1814 3868 1842 3919 6
1867 3867 2087 3920 κωλύων
2118 3870 2211 3921 ού-

647 3949 760 4011 δείς
779 3965 793 3982 ο
823 3951 1037 4004 πάντων
1058 3952 1385 4018 ἀπόλαυσον,
1410 3954 1579 4024 μόνον
1621 3957 1894 4027 ἁμαρτίας
1922 3958 2208 4029 ἀπόστηθι.

650 4033 802 4103 Εἶδες
836 4040 951 4103 πῶς
985 4042 1148 4094 πᾶσιν
1178 4042 1315 4113 αῦτη
1367 4044 1520 4113 ῥᾳδία
1563 4046 1597 4115 ὴ
1637 4047 1898 4115 νηστεία;
1940 4048 2054 4101 Οὐκ
2100 4048 2213 4101 ἔστι

652 4126 901 4197 σώματος
927 4128 1207 4182 ἀσθένειαν
1250 4129 1648 4200 προϐάλλεσθαι
1669 4147 1682 4161 ’
1715 4132 1813 4202 τῆς
1836 4132 2012 4202 ψυχῆς
2047 4133 2213 4186 καθα-

655 4216 745 4286 ρόν
774 4218 890 4269 ἐστι
922 4216 982 4269 τὸ
1005 4216 1352 4288 κατόρθωμα.
1386 4218 1540 4271 Ἔστι
1567 4220 1660 4272 καὶ
1696 4221 1770 4293 μὴ
1798 4221 2022 4275 πίνοντα
2047 4221 2207 4287 οἶνον,

654 4298 891 4369 μεθύειν,
917 4300 1009 4353 καὶ
1039 4300 1262 4353 πίνοντα
1311 4297 1454 4355 οἶνον
1487 4306 1782 4374 σωφρονεῖν
1806 4319 1821 4332 ·
1846 4305 1938 4358 καλ⁸
1959 4305 2038 4358 ὅτι
2064 4305 2209 4360 ἔστιν

649 4388 777 4442 ἄνευ
827 4392 966 4444 οῐνου
1001 4390 1159 4461 μέθη,
1206 4392 1435 4446 ἄκουσον
1488 4392 1580 4447 τοῦ
1612 4395 1887 4466 προφήτου
1926 4395 2206 4464 λέγοντος·

653 4478 799 4535 Οὐαί
825 4483 879 4534 οἱ
896 4482 1217 4549 μεθύοντες
1246 4482 1393 4537 ἄνευ
1419 4483 1588 4537 οἴνου
1606 4502 1620 4514 ·
1651 4484 1745 4538 καὶ
1771 4486 1887 4551 πῶς
1919 4486 2061 4540 ἐστιν
2082 4486 2209 4541 ἄνευ

650 4572 791 4624 οἴνου
824 4570 1038 4641 μεθύειν
1057 4589 1071 4635 ;
1092 4570 1255 4625 Ὅταν
1282 4572 1342 4625 τδ
1366 4574 1603 4643 ἄκρατον
1619 4574 1726 4627 τῶν
1749 4576 1937 4629 παθῶν
1966 4576 2040 4647 μὴ
2061 4577 2215 4647 κερά-

652 4678 752 4731 σῃς
784 4660 996 4713 εὐσεϐεῖ
1044 4660 1306 4731 λογισμῷ.
1351 4663 1506 4715 Ἔστι
1552 4663 1649 4716 καὶ
1701 4665 1921 4719 πίνοντα
1956 4662 2097 4720 οἶνον
2140 4667 2214 4743 μῂ

655 4750 872 4823 μεθύειν
892 4768 905 4783 ⁸
940 4753 1034 4805 καὶ
1058 4754 1107 4805 εί
1132 4753 1206 4822 μὴ
1238 4752 1396 4805 τοῦτο
1424 4748 1511 4823 ἦν,
1546 4754 1645 4806 οὐκ
1680 4754 1746 4808 ἂν
1769 4755 1925 4810 τοῦτο
1957 4758 2215 4824 ἐπέταξεν

651 4842 681 4894 ὁ
729 4841 937 4905 Παῦλος
963 4842 1040 4912 τῷ
1070 4842 1320 4913 Τιμοθέῳ
1349 4845 1574 4914 γράφων
1617 4844 1818 4909 οὕτως·
1855 4848 2008 4915 Οἷνῳ
2035 4850 2217 4919 ὀλίγῳ

652 4930 775 5004 χρῶ
798 4932 896 4986 διὰ
922 4932 1028 4987 τὸν
1056 4934 1366 5004 στόμαχόν
1405 4950 1520 4988 σου
1568 4935 1663 4988 καὶ
1690 4937 1795 5001 τὰς
1837 4938 2072 5004 πυκνάς
2100 4955 2216 4993 σου

652 5022 986 5089 ἀσθενείας.
1025 5024 1179 5094 Μέθη
1219 5023 1329 5095 γὰρ
1368 5024 1520 5078 οὐδὲν
1549 5024 1735 5096 ἕτερόν
1754 5029 1900 5081 ἐστιν
1924 5029 2092 5100 ἀλλ’ἢ
2129 5030 2219 5084 έκ-

657 5128 842 5176 στασις
857 5112 964 5166 τῶν
983 5113 1123 5167 κατά
1140 5113 1299 5183 φύσιν
1320 5114 1550 5185 φρενῶν,
1581 5118 1905 5187 παρατροπὴ
1921 5117 2215 5189 λογισμῶν,

655 5203 860 5274 ἐρημία
902 5203 1159 5269 διανοίας,
1217 5206 1376 5257 πενία
1422 5205 1706 5268 συνέσεως.
1764 5207 1947 5261 Ταῦτα
1976 5210 2032 5262 δὲ
2060 5211 2216 5281 ούχή

608 5306 617 5312 ”
660 5295 797 5368 μέθη
838 5298 983 5349 ποιεῖ
1015 5296 1149 5367 μόνη
1182 5297 1216 5367 ἡ
1257 5296 1315 5362 ἐξ
1364 5298 1531 5358 οἴνου,
1587 5296 1725 5352 άλλά
1774 5301 1870 5352 καὶ
1905 5301 2045 5373 μέθη
2094 5306 2126 5373 ή
2160 5304 2220 5369 ἐξ

656 5388 825 5460 ὀργῆς
856 5389 954 5441 καὶ
977 5388 1273 5460 ἐπιθυμίας
1298 5389 1521 5444 ἀτόπου.
1563 5388 1827 5460 Καθάπερ
1848 5391 1955 5465 γὰρ
1987 5395 2218 5465 πυρετὸν

721 5534 746 5605 _'
773 5533 892 5605 ἔδεε.
919 5534 960 5605 ⁸ὶῄ
972 5535 1244 5605 δρέψασθαι.

718 5593 746 5632 1»
773 5593 891 5661 ιῑςδέ.
919 5603 971 5641 el
992 5593 1135 5661 (Ioisl.
1163 5598 1262 5661 ἔστι
1299 5596 1361 5656 μὴ
1400 5593 1686 5652 νηστεύοντα
1723 5599 1978 5661 νηστεύειν,
2002 5603 2082 5652 καὶ
2117 5604 2217 5656 ἐστι

662 5654 948 5716 νηστεύοντα
967 5656 1029 5716 μὴ
1050 5656 1301 5713 νηστεύειν.

729 5720 748 5744 ⁸
783 5716 904 5777 Reg.
931 5715 1035 5763 Ξεῑ
1054 5716 1249 5767 Coislin.
1275 5715 1446 5774 ταύτης
1464 5721 1546 5773 τῆς
1566 5724 1894 5781 πνευματικῆς.

2304 1341 2403 1413 μὲν
2427 1343 2571 1394 ποιεῖ
2594 1339 2891 1411 ἀγρυπνία,
2920 1340 3064 1391 ποιεῖ
3085 1336 3145 1391 δὲ
3163 1336 3355 1411 κόπος,
3391 1338 3537 1391 ποιεῖ
3561 1337 3619 1390 δέ
3644 1336 3882 1409 ἀθυμία,

2301 1434 2445 1486 ποιεῖ
2484 1431 2543 1484 δὲ
2571 1430 2743 1501 χυμὸς
2785 1428 3180 1499 διεφθαρμένος
3202 1468 3218 1493 ,
3264 1428 3363 1482 καὶ
3409 1428 3663 1499 διάφορος
3706 1424 3813 1499 μὲν
3844 1430 3882 1496 ἡ

2301 1521 2575 1585 ὑπόθεσις,
2597 1519 2655 1574 ἓν
2677 1521 2732 1574 δὲ
2751 1519 2813 1573 τδ
2840 1518 3012 1582 πάθος
3042 1519 3138 1572 καὶ
3170 1518 3231 1571 τὸ
3246 1518 3480 1589 νόσημα·
3496 1518 3637 1573 οὕτω
3654 1520 3754 1572 καὶ
3787 1520 3887 1572 ἐπὶ

2299 1610 2538 1665 τούτων·
2570 1612 2714 1664 ποιεῖ
2755 1610 2856 1680 μὲν
2893 1604 3035 1673 οἶνος
3069 1606 3265 1679 μέθην,
3291 1610 3440 1661 ποιεῖ
3483 1608 3540 1662 δὲ
3589 1609 3886 1681 ἐπιθυμία,

2302 1702 2447 1754 ποιεῖ
2471 1700 2530 1753 δὲ
2561 1698 2739 1770 χυμὸς
2766 1696 3181 1768 διεφθαρμένος,
3218 1696 3313 1751 καὶ
3366 1696 3621 1767 διάφορος
3683 1698 3789 1767 μὲν
3852 1700 3887 1769 ἠ

2304 1789 2576 1853 ὑπόθεσις,
2607 1788 2665 1842 ἐν
2687 1787 2745 1841 δέ
2767 1788 2825 1841 τὸ
2842 1786 3014 1851 πάθος
3039 1787 3136 1839 καὶ
3153 1787 3217 1839 τὸ
3237 1786 3473 1857 νόσημα.
3516 1787 3889 1859 ’Δπεχώμεθα

2308 1880 2477 1952 μέθης
2497 1896 2514 1913 ο
2546 1879 2610 1933 οὐ
2638 1878 2781 1947 λέγω
2812 1876 3145 1949 ἀπεχώμεθα
3176 1876 3345 1943 οῐνου,
3375 1878 3491 1932 ἀλλ’
3543 1878 3892 1949 ἀπεχώμεθα

2308 1969 2512 2041 μέθης·
2566 1970 2668 2023 ούκ
2711 1965 2854 2031 οῐνος
2905 1969 3054 2022 ποιεῖ
3102 1967 3312 2039 μέθηνο
3363 1968 3566 2039 κτίσμα
3614 1970 3727 2040 γάρ
3762 1970 3892 2024 ἐστι

2304 2060 2462 2124 Θεοῦ,
2519 2058 2656 2112 Θεοῦ
2700 2058 2757 2111 δὲ
2804 2058 3013 2126 κτίσμα
3062 2056 3219 2111 οὐδὲν
3255 2059 3401 2111 ποιεῖ
3435 2057 3696 2128 πονηρδνν
3744 2059 3893 2115 ἀλλά

2306 2149 2623 2221 προαίρεσις
2670 2145 2885 2217 πονηρά
2934 2148 3083 2199 ποιεῖ
3117 2144 3307 2216 μέθην.
3359 2145 3471 2200 Καὶ⁵
3500 2147 3583 2200 ὅτι
3632 2145 3755 2201 ἐστι
3790 2150 3893 2200 καὶ

2307 2241 2481 2305 ἄλλως
2511 2240 2732 2312 μεθύειν
2776 2239 2898 2309 οὐχὶ
2924 2237 3053 2308 οίνῳ
3087 2236 3254 2308 μόνῳ,
3286 2237 3518 2318 ἄκουσον
3561 2238 3616 2290 τί
3656 2256 3833 2309 φησιν
3862 2240 3892 2292 6

2309 2331 2549 2396 ῐῐαῦλοςο
2573 2330 2671 2397 Μὴ
2696 2330 3076 2399 μεθύσκεσθε
3100 2326 3263 2391 οῑνῳο
3291 2328 3505 2390 δεικνὺς
3524 2328 3607 2381 ὅτι
3642 2327 3758 2381 ἐστι
3790 2330 3893 2381 καὶ

2308 2422 2482 2484 ἄλλως
2530 2418 2927 2490 μεθύσκεσθαιο
2970 2415 3069 2481 Μὴ
3093 2416 3471 2483 μεθύσκεσθε
3504 2416 3670 2479 οϊνῳ,
3712 2415 3786 2468 ἐν
3839 2408 3893 2481 ᾧ

2307 2510 2479 2563 ἐστιν
2501 2507 2750 2562 ἀσωτία.
2792 2503 3123 2574 θαυμασίως
3156 2504 3215 2556 ἐν
3246 2502 3438 2574 βραχεῖ
3462 2504 3667 2574 ῥήματι
3698 2504 3891 2557 πᾶσαν

2310 2601 2410 2670 τῆς
2426 2587 2605 2669 μέθης
2627 2596 2723 2667 τὴν
2744 2594 3080 2665 κατηγορίαν
3110 2588 3253 2649 εἷπε.
3290 2593 3355 2646 Τί
3389 2595 3526 2654 ἐστι,
3568 2592 3666 2660 Μὴ
3699 2594 3893 2662 μεθύ-

2310 2691 2535 2743 σκεσθε
2572 2686 2735 2752 οίνφ,
2770 2684 2838 2737 ὲν
2865 2676 2912 2749 ᾧ
2954 2684 3127 2736 ἐστιν
3164 2680 3427 2742 ἀσωτίας
3471 2679 3743 2743 Ἀσώτους
3772 2680 3891 2732 τῶν

2310 2777 2446 2831 νέων
2472 2776 2709 2838 ἐκείνους
2735 2772 3028 2843 καλοῦμεν,
3045 2772 3172 2835 τοὺς
3197 2770 3451 2841 πατρῷον
3467 2769 3893 2839 διαδεξαμένους

2311 2867 2512 2939 κλῆρον
2535 2907 2551 2932 ,
2598 2864 2694 2919 καλ⁵
2744 2864 2921 2917 πάντα
2969 2861 3167 2931 ἀθρόον
3222 2852 3608 2930 ἐκφοροῦντας,
3671 2860 3771 2912 καὶ
3808 2859 3892 2928 μὴ

2309 2956 2707 3027 λογιζομένους,
2749 2951 2853 3006 τίνι
2878 2950 2982 3021 χρὴ
3016 2948 3221 3012 δοῦναι,
3262 2948 3358 3002 καὶ
3381 2947 3512 3001 πότε
3533 2947 3741 3011 δοῦναι,
3767 2947 3892 3000 ἀλλ’

2309 3047 2515 3110 ἁπλῶς,
2559 3046 2651 3098 καὶ
2694 3042 2904 3113 ἱμάτια,
2951 3039 3044 3092 καὶ
3072 3038 3315 3109 χρυσίον,
3350 3038 3446 3091 καὶ
3472 3038 3759 3110 ἀργύριον,
3790 3038 3893 3092 καὶ

2311 3138 2489 3191 πάντα
2516 3135 2606 3187 τὸν
2632 3131 2882 3202 πατρῷον
2911 3128 3138 3181 πλοῦτον
3162 3128 3515 3196 διανέμοντας
3563 3127 3643 3189 είς
3676 3126 3894 3197 πόρνας

2309 3229 2402 3281 καὶ
2449 3225 2696 3293 λάγνους.
2741 3219 2994 3274 Τοιοῦτόν
3020 3219 3169 3271 ἐστιν
3207 3220 3240 3287 ὴ
3273 3216 3412 3288 μέθη
3434 3217 3654 3287 ’ὥσπερ
3673 3217 3892 3271 ἄσωτον

2306 3313 2540 3367 λαϐοῦσα
2573 3312 2689 3363 νέον
2714 3308 2812 3379 τὴν
2836 3308 3075 3362 διάνοιαν
3106 3303 3257 3375 [459]
3285 3302 3394 3356 τῶν
3418 3303 3751 3373 μεθυόντων,
3791 3305 3892 3357 καὶ

2308 3402 2752 3473 αἰχμαλωτίσασα
2776 3399 2865 3450 τὸν
2897 3394 3179 3465 λογισμὸν,
3214 3393 3433 3447 ἅπασαν
3471 3391 3630 3463 ἡμῶν
3670 3392 3775 3464 τὴν
3798 3394 3892 3447 ού-

2310 3493 2429 3546 σίαν
2473 3491 2583 3545 τῶν
2616 3489 2899 3559 νοημάτων
2929 3484 3354 3554 ἀπερισκέπτως
3386 3483 3482 3537 καὶ
3516 3485 3689 3553 χωρίς
3738 3501 3893 3547 τινος

2308 3582 2589 3654 ἀκριϐείας
2615 3575 2823 3649 ἐκχέειν
2862 3574 3286 3645 καταναγκάζει.
3326 3574 3384 3627 '0
3411 3566 3625 3644 μεθύων
3648 3572 3754 3626 ούκ
3779 3571 3890 3627 οἶδε

2306 3674 2359 3726 τί
2392 3674 2488 3744 μὲν
2519 3674 2692 3725 εἰπεῖν
2737 3669 2864 3741 χρὴ,
2903 3668 2956 3721 τί
3007 3667 3066 3720 δέ
3112 3667 3361 3737 σιγῆσαι,
3420 3665 3539 3720 ἀλλ’
3596 3664 3887 3737 ἀθύρωτον

2309 3764 2472 3819 αὐτοῦ
2506 3763 2567 3816 τὸ
2603 3762 2775 3832 στόμα
2820 3760 3122 3829 διηνεκῶς’
3182 3759 3377 3831 μοχλὸς
3435 3759 3537 3811 οὐκ
3585 3756 3889 3824 ἐπίκειται,

2310 3856 2429 3909 οὐδὲ
2460 3854 2599 3924 θύρα
2640 3855 2751 3915 τοῖς
2779 3851 3009 3923 χείλεσιν
3031 3868 3043 3881 ·
3076 3852 3106 3904 6
3135 3850 3347 3920 μεθύων
3381 3848 3482 3902 οὐκ
3507 3843 3645 3901 οἶδεν
3677 3849 3894 3901 οἰκονο-

2315 3947 2483 4017 μῆσαι
2503 3946 2624 4006 τοὺς
2652 3928 3018 4011 λόγουςαύτοῦ
3044 3943 3102 3995 ἐν
3127 3940 3327 4013 κρίσει,
3355 3939 3455 3993 οὐκ
3480 3934 3587 3991 οἶδε
3620 3938 3893 3992 διαθεῖναι

2311 4036 2401 4088 τὸν
2421 4033 2647 4088 πλοῦτον
2668 4034 2767 4103 τῆς
2789 4033 3046 4097 διανοίας,
3082 4034 3182 4086 οὐκ
3201 4028 3308 4085 οἵδε
3334 4030 3402 4083 τὰ
3434 4030 3531 4100 μὲν
3558 4029 3891 4095 ἀποθέσθαι,

2311 4126 2380 4179 τὰ
2430 4126 2486 4178 δὲ
2536 4123 2833 4188 ἀναλῶσαι,
2879 4123 3018 4178 ἀλλὰ
3070 4125 3246 4177 πάντα
3297 4123 3481 4174 ἐκεῖνα
3542 4120 3760 4191 δαπάνη
3797 4123 3894 4174 καὶ

2314 4217 2513 4283 ἔξοδος.
2553 4214 2830 4279 Ἐκούσιος
2862 4214 3025 4285 μανία
3074 4212 3234 4284 μέθη,
3274 4210 3529 4281 προδοσία
3557 4210 3844 4281 λογισμῶν
3877 4229 3890 4242 ·

2318 4306 2454 4377 μέθη
2495 4303 2749 4375 συμφορά
2775 4302 3198 4373 καταγελωμένη
3220 4300 3272 4365 δ,
3304 4300 3517 4369 νόσημα
3554 4298 3895 4369 χλευαζόμε-

2313 4414 2422 4457 νον.
2474 4395 2681 4466 δαίμων
2727 4392 3072 4464 αὐθαίρετος,
3118 4392 3213 4445 καὶ
3260 4388 3691 4461 παραφροσύνης
3723 4391 3892 4459 χαλε-

2314 4487 2552 4558 πωτέρα.

2386 4578 2451 4650 β’.
2471 4577 2657 4631 Βούλει
2672 4576 2863 4648 μαθεῖν
2888 4574 3004 4637 πῶς
3020 4575 3048 4628 6
3070 4572 3279 4644 μεθύων
3297 4573 3393 4626 καὶ
3410 4571 3503 4627 τοῦ
3526 4571 3897 4643 δαιμονῶντός

2314 4674 2426 4725 ἐστι
2452 4670 2644 4744 χείρων
2663 4687 2677 4735 ;
2699 4668 2801 4721 Τὸν
2828 4665 3164 4738 δαιμονῶντα
3183 4665 3379 4729 πάντες
3394 4662 3669 4734 ἐλεοῦμεν,
3697 4663 3896 4718 τοῦτον

2313 4763 2369 4816 δὲ
2399 4759 2661 4831 μισοῦμεν
2681 4776 2694 4790 υ
2730 4758 2922 4827 ἐκείνῳ
2955 4756 3347 4826 συναλγοῦμεν,
3382 4754 3554 4825 τούτῳ
3583 4756 3639 4809 δὲ
3671 4756 3895 4827 ὀργιζό-

2318 4851 2457 4923 μεθα
2487 4852 2579 4904 καὶ⁹
2619 4848 3051 4918 ἀγανακτοῦμεν.
3088 4850 3152 4901 Τί
3194 4848 3427 4917 δήποτε;
3468 4847 3692 4916 Ἐκείνῳ
3730 4858 3753 4886 θ
3789 4846 3896 4917 μὲν

2316 4944 2567 5015 ἐπήρεια,
2630 4940 2802 5011 τούτῳ
2856 4940 2912 4992 δὲ
2969 4938 3211 5009 ῥᾳθυμία
3242 4939 3304 4990 τὸ
3337 4937 3524 5001 πάθος·
3551 4938 3741 5007 ἐκείνῳ
3767 4936 3897 4991 ἐπι-

2317 5031 2479 5102 ϐουλὴ
2544 5030 2771 5101 ἐχθρῶν,
2815 5029 2987 5097 τούτῳ
3024 5027 3081 5080 δὲ
3127 5026 3389 5098 ἐπιϐουλὴ
3432 5027 3741 5096 λογισμῶν·
3797 5033 3896 5083 καὶ

2316 5122 2539 5176 τοιαῦτα
2557 5122 2757 5191 πάσχει
2822 5117 2840 5157 ί
2895 5119 2973 5189 τῷ
3002 5118 3327 5188 δαιμονῶντι
3362 5119 3392 5171 6
3423 5116 3660 5187 μεθύων,
3685 5119 3893 5188 ὁμοίως

2317 5216 2692 5287 περιφέρεται,
2746 5211 2945 5281 ὁμοίως
2987 5209 3295 5280 ἐξέστηκεν,
3311 5208 3510 5279 ὁμοίως
3530 5209 3890 5275 καταπίπτει,

2318 5306 2515 5376 ὁμοίως
2543 5302 2855 5372 διαστρέφει
2882 5301 2976 5363 τὰς
3002 5299 3189 5370 κόρας,
3221 5300 3424 5370 ὁμοίως
3456 5298 3675 5370 σπαίρει
3697 5300 3893 5369 κείμε-

2319 5411 2408 5457 νος
2436 5395 2527 5446 ἐπὶ
2548 5394 2643 5463 τῆς
2678 5392 2779 5461 γῆς
2807 5393 2831 5430 ⁸
2850 5406 2863 5419 ·
2898 5388 3073 5459 ἀφρὸν
3102 5391 3165 5441 ἐκ
3191 5388 3286 5441 τοῦ
3319 5390 3585 5459 στόματος
3610 5388 3887 5458 προΐεται,

2385 5535 2410 5573 σί
2440 5535 2555 5596 Reg.
2583 5533 2614 5579 2
2645 5532 2765 5595 φορὰ
2782 5548 2949 5592 καταγ.
2976 5530 3067 5579 Alii
3092 5542 3265 5578 omnes
3288 5534 3504 5596 συμφορὰ
3527 5549 3696 5594 καταγ.

2387 5609 2410 5635 θ
2435 5597 2631 5645 Coislin.
2657 5596 2701 5641 τί
2724 5595 2916 5650 δήποτε;
2940 5591 3131 5648 Ἐπειδὴ
3154 5592 3333 5650 ἐκείνῳ.

2390 5653 2407 5692 ί
2440 5656 2588 5706 Savil.
2612 5656 2659 5703 in
2687 5668 2835 5715 marg.
2858 5654 2918 5699 τὰ
2942 5654 3062 5700 αὐτὰ
3087 5653 3279 5711 πάσχει.

2386 5719 2410 5757 ⁸
2433 5718 2629 5769 Coislin.
2660 5716 2730 5764 ἐπ’
2752 5715 2946 5777 ἐδάφους
2960 5754 2973 5768 ,
