4070 6446
1043 365 1130 420 DE
1167 356 1760 421 RESURRECTIONE
1802 357 1863 411 D.
1908 355 1975 414 Ν.
2015 355 2177 414 JESU
2223 355 2521 413 CHRISTI.

3276 358 3387 410 454

124 553 3380 586 ________________________________________._..____.___..._____—

1107 746 1730 840 ADVERSUS
1806 741 2398 838 EBRIOSOS

270 982 350 1027 ET
385 982 467 1027 DE
505 978 1046 1035 RESURREC‘TIONE,
1099 979 1312 1024 SERMO
1357 978 1628 1024 HABI’I'US
1681 978 1707 1022 I

1816 977 2035 1023 BANCTA
2082 978 2158 1022 ET
2200 976 2415 1024 MAGNA
2460 976 2765 1023 DOMINICA
2813 976 3068 1022 tuscum
3115 955 3226 1038 (a).

165 1285 218 1338 l.
260 1282 375 1337 Veri
390 1285 571 1354 iejunii
589 1281 1010 1352 ratio.—Jejunii
1036 1283 1300 1337 sarcinam
1325 1281 1690 1352 deposuimus,

92 1375 188 1429 sed
222 1390 291 1429 ne
333 1374 568 1429 fructum
609 1374 798 1444 jejunii
835 1374 1168 1442 deponamus
1197 1390 1211 1426 :
1242 1388 1527 1442 possumus
1549 1373 1692 1428 enim

89 1467 278 1535 jejunii
305 1467 571 1522 sarcinam
602 1468 873 1537 deponere
899 1476 953 1519 et
996 1465 1187 1534 jejunii
1239 1464 1467 1518 h-uctum
1504 1463 1694 1518 decer-

93 1573 239 1627 pere.
275 1540 539 1612 Praeteriit
568 1556 718 1610 labor
735 1556 1105 1620 certaminum,
1144 1555 1236 1609 sed
1279 1570 1383 1608 non
1413 1563 1697 1622 praetereat

90 1649 330 1702 studium
363 1658 512 1702 recte
552 1648 812 1702 factorum
846 1667 860 1700 :
888 1647 1148 1718 jejunium
1190 1647 1343 1711 abiit,
1376 1646 1470 1701 sed
1511 1646 1697 1715 religio

92 1749 311 1794 maneat
339 1756 354 1791 :
387 1740 498 1793 imo
527 1753 654 1793 vero
679 1753 745 1791 ne
760 1738 1024 1808 jejunium
1049 1736 1263 1807 quidem
1291 1736 1439 1792 abiit.
1473 1736 1698 1790 Verum-

92 1846 275 1890 tamen
302 1834 471 1889 nolite
500 1835 688 1888 timere
716 1850 729 1885 :
771 1833 873 1887 hoc
898 1833 1042 1886 enim
1069 1832 1200 1896 dixi,
1246 1845 1350 1885 non
1382 1840 1440 1885 ut
1475 1830 1696 1885 alteram

90 1924 249 1980 vobis
299 1923 776 1992 Quadragcsimam
829 1922 1260 1991 promulgarem,
1307 1922 1404 1976 sed
1445 1929 1503 1974 ut
1545 1920 1699 1974 vobis

91 2019 343 2073 eamdem
387 2017 636 2070 virtutem
670 2014 1044 2069 annuntiarem
1093 2031 1107 2068 :
1139 2013 1400 2082 jejunium
1441 2012 1701 2082 praeteriit

93 2107 402 2176 corporale,
435 2105 530 2160 sed
555 2104 814 2174 jejunium
844 2119 952 2159 non
981 2105 1239 2174 prmteriit
1268 2103 1574 2172 Spirituale:
1599 2104 1701 2157 hoc

94 2199 288 2252 melius
315 2207 400 2252 est
443 2198 554 2260 illo,
577 2206 629 2251 et
680 2196 809 2250 illud
857 2205 1074 2265 promer
1114 2195 1216 2248 hoc
1250 2204 1333 2248 est
1374 2194 1697 2252 institutum.

93 2288 580 2355 Quemadmodum,
609 2302 731 2342 cum
772 2287 1114 2356 jejunaretis,
1135 2286 1376 2341 dicebam
1407 2285 1559 2340 vobis
1584 2284 1700 2339 fieri

95 2395 278 2448 posse,
308 2388 370 2432 ut
396 2379 515 2449 quis
540 2379 833 2448 jejunando
850 2394 954 2433 non
978 2379 1206 2447 jejunet,
1237 2379 1307 2431 ita
1330 2388 1385 2432 et
1411 2393 1551 2432 nunc
1577 2378 1701 2432 dico

95 2472 212 2524 ﬁeri
245 2485 424 2539 posse,
460 2479 518 2524 ut
546 2472 664 2540 quis
709 2483 816 2525 non
853 2469 1144 2539 jejunando
1191 2469 1412 2538 ieiunet.
1450 2467 1701 2537 Euigma

93 2563 327 2615 fortasse
351 2561 558 2615 videtur
588 2561 638 2614 id
667 2561 808 2630 quod
836 2560 1038 2615 dictum
1066 2571 1170 2626 est,
1204 2574 1386 2614 verum
1426 2574 1525 2628 ego
1551 2574 1702 2628 quae-

95 2651 262 2705 stioni
306 2652 628 2707 solutionem
664 2652 949 2721 adjungam
991 2657 1124 2721 :qui
1164 2651 1279 2705 lieri
1311 2657 1560 2718 potestut
1583 2650 1703 2719 quis

87 2742 391 2811 jejunando
420 2758 527 2796 non
549 2742 754 2812 jejunet
775 2741 799 2796 i
820 2743 955 2797 Cum
985 2744 1105 2811 quis
1125 2756 1153 2795 a
1175 2741 1310 2796 cibis
1330 2741 1542 2810 quidem
1576 2741 1702 2795 abs-

93 2835 252 2899 tinet,
281 2850 389 2887 non
427 2833 658 2888 abstinet
692 2843 872 2888 autem
895 2848 922 2886 a
952 2837 1204 2902 peccatis.
1231 2832 1330 2900 Qui
1361 2842 1537 2902 potest
1563 2831 1701 2898 ﬁeri,

96 2937 154 2978 ut
198 2940 306 2978 non
344 2925 639 2994 jejunando
677 2926 795 2995 quis
826 2925 1071 2995 jejunet?
1109 2924 1244 2979 Cum
1288 2926 1409 2995 quis
1437 2925 1705 2979 alimentis

92 3017 320 3087 quidem
352 3017 562 3081 fruitur,
590 3028 866 3087 peccatum
897 3032 1023 3072 vero
1053 3033 1159 3071 non
1203 3025 1414 3086 gustat;
1457 3017 1558 3070 hoc
1587 3031 1702 3069 me-

97 3111 202 3163 lius
229 3119 317 3164 est
341 3109 434 3162 illo
455 3109 936 3179 jejunium,'neque
961 3108 1152 3163 melius
1173 3117 1401 3174 tantum,
1425 3108 1520 3162 sed
1543 3109 1704 3162 etiam

95 3199 271 3254 levius
302 3217 315 3253 :
349 3199 489 3253 illius
515 3200 701 3268 jejunii
743 3210 982 3269 tempore
1009 3199 1162 3253 multi
1189 3200 1433 3268 corporis
1464 3199 1705 3254 imbecil-

94 3293 307 3345 litatem
366 3291 770 3356 obtendebant,
818 3292 1104 3347 molestum
1164 3291 1473 3360 pruritum:
1518 3290 1707 3345 Scabie

93 3384 338 3452 repletus
363 3398 504 3449 sum,
529 3384 714 3452 inquit,
744 3383 981 3437 illuviem
1013 3398 1118 3437 non
1159 3383 1273 3438 fero
1305 3401 1318 3436 :
1363 3397 1515 3451 aquze
1553 3391 1708 3451 potus

93 3491 186 3531 me
215 3484 410 3530 enecat
435 3494 448 3528 :
477 3476 622 3530 olera
648 3475 930 3546 degustare
970 3491 1074 3530 non
1109 3491 1345 3546 possum.
1372 3476 1535 3530 Multa
1565 3475 1710 3546 ejus-

94 3566 248 3622 modi
280 3567 371 3636 qui
414 3576 523 3620 tum
549 3567 792 3622 dicerent
816 3569 1096 3622 audiebam
1125 3569 1322 3623 multos
1358 3587 1370 3622 :
1403 3568 1470 3624 de
1501 3567 1602 3622 hoc
1625 3568 1708 3637 je-

93 3660 257 3729 junio
286 3661 304 3691 ¹
338 3660 468 3714 nihil
497 3661 599 3715 tale
627 3661 732 3715 diei
778 3671 972 3731 potest.
1015 3662 1218 3716 Fruere
1254 3663 1481 3729 balneis,
1507 3678 1709 3718 mensa:

98 3753 374 3823 particeps
403 3762 540 3818 esto,
571 3753 676 3807 vini
707 3764 857 3809 utere
903 3766 1031 3824 potu
1073 3755 1383 3820 moderato;
1435 3756 1560 3810 licet
1609 3757 1709 3812 de-

94 3852 326 3915 gustare
355 3858 550 3899 carnes
575 3846 794 3914 pariter,
825 3857 903 3900 est
937 3847 1026 3915 qui
1053 3845 1332 3915 prohibeat
1358 3862 1515 3902 nemo
1547 3866 1560 3902 :
1589 3863 1709 3902 0m-

99 3935 267 3990 nibus
295 3935 496 4002 fruere,
521 3945 726 3991 tantum
753 3937 962 3992 abstine
991 3953 1019 3990 a
1055 3946 1290 4006 peccato.
1322 3937 1486 3993 Vides
1511 3948 1568 3992 ut
1594 3954 1712 3993 om-

99 4027 265 4080 nibus
287 4025 444 4081 facile
469 4027 540 4080 sit
568 4025 671 4082 hoc
687 4027 982 4096 jejunium?
1010 4027 1125 4082 Non
1151 4029 1394 4097 corporis
1429 4028 1711 4084 imbecilli-

99 4128 270 4174 tatem
296 4119 421 4174 lieet
436 4121 731 4175 obtendere
756 4139 769 4174 :
797 4137 1001 4174 merum
1024 4122 1310 4176 estanimm
1326 4132 1474 4176 recte
1491 4123 1708 4178 factum.

103 4213 296 4266 Potest
321 4211 480 4265 etiam
501 4213 765 4283 quispiam
793 4227 900 4266 non
921 4213 1151 4267 bibendo
1169 4215 1347 4267 vinum
1371 4213 1550 4269 ebrius
1567 4228 1710 4283 esse,

99 4316 153 4360 et
187 4305 276 4359 vin
287 4320 377 4358 um
405 4304 636 4360 bibendo
659 4306 870 4360 sobrius
894 4321 1035 4360 esse.
1061 4307 1234 4375 Atque
1253 4306 1566 4361 ebrietatem
1590 4322 1712 4362 esse

102 4399 317 4466 absque
346 4397 471 4449 vino
499 4396 647 4450 disce
692 4412 758 4452 ex
789 4397 1050 4465 propheta
1081 4397 1314 4462 dicente,
1353 4396 1445 4451 γω
1480 4399 1564 4467 qui
1591 4399 1713 4452 ebrii

101 4493 227 4544 estis
255 4490 443 4560 absque
469 4491 584 4544 vino
609 4489 762 4561 (Isai.
785 4492 872 4545 28,
908 4490 1050 4564 l),et
1079 4493 1350 4560 quomodo
1379 4492 1493 4546 ﬁeri
1538 4501 1717 4562 potest

103 4593 163 4636 ut
190 4581 402 4650 absque
432 4582 555 4637 vino
584 4583 702 4651 quis
733 4582 1059 4637 inebrietur?
1086 4582 1218 4637 Cum
1257 4584 1712 4652 perturbationum

104 4687 322 4727 merum
356 4671 602 4741 religiosa
633 4673 862 4738 ratione,
887 4673 968 4741 pia
1000 4673 1319 4742 cogitatione
1342 4674 1560 4729 minime
1581 4682 1717 4728 tem-

108 4762 350 4831 peraris.
380 4761 566 4815 Potest
595 4771 650 4815 et
690 4763 881 4832 aliquis
927 4763 1159 4817 bibendo
1190 4764 1370 4817 vinum
1397 4763 1579 4819 ebrius
1610 4780 1714 4818 non

107 4869 233 4908 esse
263 4872 277 4907 :
313 4869 379 4907 ac
405 4853 456 4907 ni
485 4855 555 4906 ita
586 4864 748 4918 esset,
792 4869 897 4909 non
935 4855 1037 4909 hoc
1068 4855 1351 4910 Timotheo
1391 4857 1583 4910 Paulus
1611 4857 1716 4910 im-

108 4953 381 5014 perasset,
410 4944 478 4998 ad
503 4959 624 4999 eum
655 4946 898 5000 scribens
924 4947 976 5000 in
1004 4946 1119 5001 haec
1147 4946 1306 5000 verba
1332 4963 1348 5002 :
1375 4947 1578 5002 Modico
1605 4951 1718 5003 vino

109 5049 253 5090 utere
280 5047 491 5107 propter
512 5038 828 5089 stomachum
859 5047 998 5089 tuum
1027 5048 1073 5090 et
1118 5042 1397 5108 frequentes
1425 5048 1537 5093 tuas
1564 5040 1716 5108 inﬁr-

111 5131 317 5182 mitates
337 5129 416 5197 (l.
451 5127 579 5181 Tim.
614 5130 666 5184 5.
690 5128 804 5198 23).
828 5129 969 5182 Nihil
992 5130 1185 5200 quippe
1202 5130 1343 5185 aliud
1364 5141 1445 5186 est
1462 5133 1715 5198 ebrietas,

113 5237 274 5289 quam
309 5221 478 5274 animi
505 5221 571 5275 de
597 5222 770 5275 nativa
799 5210 1026 5277 sanitate
1053 5223 1380 5286 deturbatio,
1406 5223 1720 5293 depravatio

114 5313 613 5378 ratiocinationum,
641 5316 840 5368 mentis
863 5315 1105 5382 penuria,
1132 5317 1370 5370 vacuitas
1392 5316 1716 5372 intellectus.

118 5405 218 5459 Ista
250 5418 385 5458 vero
413 5418 518 5456 non
547 5404 780 5458 ebrietas
808 5403 973 5459 efﬁcit
1000 5415 1204 5460 tantum
1244 5423 1310 5460 ex
1339 5407 1483 5472 vino,
1530 5423 1717 5462 verum

115 5495 356 5550 ebrietas
398 5495 560 5548 etiam
588 5510 656 5549 ex
694 5495 770 5549 ira
809 5505 863 5550 et
901 5497 1190 5566 cupiditate
1226 5512 1256 5552 a
1288 5499 1494 5556 ratione
1522 5500 1717 5554 aliena.

184 5698 202 5758 ε
239 5703 358 5758 Reg.
382 5696 433 5758 2.
463 5702 516 5745 et
536 5697 723 5748 Ccislin.
750 5698 947 5756 addunt,
971 5699 1229 5758 spirituali.

185 5757 257 5819 (α)
292 5756 476 5808 (foliata
524 5773 632 5810 cum
674 5768 755 5811 Its.
801 5768 916 5824 Reg.
950 5756 1109 5825 ειει,
1150 5766 1233 5815 ubi
1276 5765 1531 5816 admodum
1575 5780 1722 5830 [auca

1805 1283 1937 1338 Nam
1959 1282 2410 1353 quemadmodum
2433 1281 2634 1337 febrem
2664 1283 2888 1353 gignunt
2914 1283 3126 1353 vigilizr,
3155 1285 3321 1355 gignit
3346 1296 3395 1340 ct

1805 1374 2060 1444 fatigatio,
2091 1374 2260 1445 gignit
2276 1374 2506 1440 tristitia,
2530 1374 2698 1444 gignit
2716 1389 2928 1444 quoque
2950 1374 3162 1429 vitiatus
3185 1374 3394 1441 humor,

1805 1473 1860 1519 et
1883 1464 2097 1519 diversa
2127 1464 2341 1533 quidem
2365 1473 2450 1518 est
2476 1478 2657 1528 causa,
2690 1479 2793 1518 una
2817 1478 2946 1519 vero
2966 1465 3146 1533 passio
3170 1473 3223 1518 et
3241 1466 3396 1542 aegri-

1807 1556 1934 1611 tudo
1965 1571 1978 1609 :
2011 1557 2089 1612 sic
2115 1567 2170 1612 et
2202 1557 2254 1610 in
2284 1557 2399 1610 istis
2433 1544 2746 1612 ebrietatem
2776 1555 2916 1626 parit
2952 1557 3165 1626 quidem
3195 1557 3397 1617 vinum,

1807 1649 1945 1717 parit
1979 1657 2031 1703 et
2059 1647 2342 1717 cupiditas,
2382 1649 2519 1716 parit
2559 1657 2613 1701 et
2643 1646 2838 1702 humor
2868 1655 3192 1716 corruptus;
3234 1657 3287 1701 et
3315 1647 3399 1700 di-

1807 1754 1958 1793 versa
1989 1738 2202 1808 quidem
2246 1747 2330 1793 cst
2371 1738 2613 1800 materia,
2655 1754 2756 1792 una
2797 1753 2928 1793 vero
2963 1739 3139 1807 passio
3169 1746 3224 1792 et
3247 1738 3401 1806 a‘gri-

1809 1829 1955 1882 tudo.
1985 1828 2360 1882 Abstineamus
2387 1827 2457 1882 ab
2481 1827 2739 1882 ebrietate
2773 1845 2786 1881 :
2832 1843 2938 1882 non
2969 1828 3109 1891 dico,
3140 1827 3403 1882 abstinea-

1808 1935 1927 1974 mus
1951 1934 1980 1973 a
2019 1919 2142 1972 vino
2162 1961 2177 1985 ,
2216 1919 2333 1985 sed,
2377 1919 2444 1973 ab
2485 1918 2745 1973 ebrietate
2770 1918 3156 1979 abstineamus,
3189 1932 3293 1971 non
3323 1917 3400 1970 vi-

1810 2025 1936 2064 num
1965 2009 2129 2064 efﬁcit
2157 2009 2470 2065 ebrietatem
2502 2027 2514 2061 :
2545 2018 2629 2064 est
2670 2009 2813 2064 enim
2857 2009 2964 2068 Dei,
2988 2020 3266 2072 creatura;
3310 2009 3400 2062 Dei

1808 2115 1970 2170 porro
1990 2109 2233 2154 creatura
2251 2099 2384 2154 nihil
2405 2100 2568 2155 ellicit
2593 2100 2717 2153 mali
2742 2118 2756 2155 :
2779 2100 2873 2155 sed
2901 2100 3147 2156 voluntas
3176 2101 3403 2170 maligna

1808 2190 1973 2246 efﬁcit
2004 2192 2340 2259 ebrietatem.
2371 2193 2545 2262 Atque
2587 2198 2646 2245 ut
2684 2191 2824 2245 scias
2861 2189 3015 2245 aliter
3055 2190 3216 2245 etiam
3249 2206 3405 2260 posse

1809 2284 2114 2355 quempiam
2144 2284 2349 2340 ebrium
2377 2284 2490 2338 ﬁeri
2517 2300 2621 2338 non
2649 2284 2764 2338 solo
2794 2284 2936 2348 vino,
2967 2282 3089 2337 audi
3116 2283 3241 2352 quid
3263 2282 3404 2336 dicat

1811 2380 2007 2434 Paulus
2040 2397 2053 2432 :
2090 2378 2268 2433 Nolite
2292 2378 2532 2432 inebriari
2565 2381 2678 2434 uino
2701 2377 2916 2448 (Ep/tes.
2939 2377 2993 2432 5.
3028 2375 3141 2445 18),
3166 2374 3404 2429 indicans

1811 2473 1964 2526 aliter
2007 2471 2168 2526 etiam
2211 2470 2390 2526 ebrios
2429 2485 2550 2526 esse
2595 2485 2691 2524 nos
2738 2484 2912 2539 posse.
2954 2467 3130 2522 Nolite
3167 2465 3404 2520 inebriari

1810 2566 1947 2628 vino,
1995 2563 2048 2616 in
2094 2577 2192 2629 quo
2231 2570 2302 2616 est
2345 2562 2549 2615 luxuria
2596 2576 2614 2614 :
2666 2559 2894 2614 mirabili
2940 2556 3167 2627 quadam
3200 2557 3406 2610 ratione

1811 2653 1993 2722 paucis
2037 2652 2215 2706 verbis
2259 2667 2474 2706 omnem
2511 2651 2782 2705 ebrietatis
2821 2648 3214 2702 accusationem
3258 2660 3405 2700 eom-

1815 2746 2000 2814 plexus
2026 2753 2125 2798 est.
2154 2743 2291 2811 Quid
2332 2752 2434 2808 est,
2471 2742 2646 2796 Nolite
2672 2741 2910 2795 inebriari
2948 2739 3084 2804 vino,
3123 2738 3178 2792 in
3206 2753 3306 2807 quo
3334 2747 3405 2790 cst

1811 2839 2058 2892 luxuria?
2083 2836 2409 2891 Luxuriosos
2454 2838 2590 2889 inter
2628 2834 2851 2903 juvenes
2892 2847 2986 2887 eos
3014 2844 3288 2896 vocamus,
3316 2830 3407 2898 qui

1812 2945 1933 2985 cum
1966 2939 2238 3000 paternam
2278 2938 2603 2998 acceperunt
2648 2927 3026 2992 hereditatem,
3055 2934 3245 2980 cuncta
3275 2938 3401 2978 con-

1813 3022 1988 3077 festim
2015 3021 2326 3092 dilapidant,
2356 3036 2456 3076 nec
2497 3018 2827 3091 perpcndunt
2856 3019 2942 3072 cui
2973 3017 3203 3071 dandum
3236 3016 3324 3080 sit,
3353 3024 3408 3070 et

1812 3116 2026 3187 quando
2055 3116 2123 3170 sit
2147 3114 2402 3180 dandum,
2429 3114 2522 3168 sed
2546 3113 2691 3166 nullo
2729 3111 2938 3166 delecru
2964 3118 3014 3166 et
3037 3118 3210 3164 vestes
3235 3118 3289 3163 et
3309 3122 3406 3162 au-

1814 3225 1932 3263 rum
1957 3219 2007 3262 et
2029 3217 2306 3277 argentum
2333 3219 2627 3275 omnesque
2649 3215 2896 3274 paternas
2925 3216 3055 3271 opes
3081 3203 3132 3256 in
3162 3199 3408 3254 meretri-

1813 3316 1904 3357 ces
1926 3309 1980 3357 et
2007 3300 2302 3370 impudicos
2327 3299 2673 3355 distribuunt.
2703 3297 2828 3352 Tale
2848 3295 3096 3366 quiddam
3126 3303 3210 3350 est
3233 3292 3409 3349 ebrie-

1815 3403 1896 3447 tas
1922 3410 1934 3445 :
1961 3391 2498 3461 tamquamjuvenem
2529 3389 2859 3445 luxuriosum
2889 3385 3145 3441 invadens
3176 3393 3407 3439 mentem

1819 3484 2110 3547 ebriorum,
2140 3485 2346 3538 ratione
2377 3481 2618 3537 servituti
2641 3481 2960 3549 mancipata,
2993 3488 3202 3532 nostras
3223 3493 3410 3531 omnes

1818 3573 1982 3628 animi
2007 3588 2286 3628 sensorum
2317 3587 2450 3642 epes
2480 3570 2867 3626 inconsiderate
2891 3585 2954 3624 ac
2979 3570 3094 3623 sine
3125 3569 3226 3622 ulla
3249 3568 3411 3622 animi

1817 3664 2110 3719 attentione
2136 3664 2278 3734 cogit
2301 3662 2595 3718 ell‘undere.
2624 3661 2721 3729 Qui
2752 3661 2934 3716 ebrius
2953 3671 3054 3725 est,
3086 3662 3256 3714 nescit
3284 3660 3409 3729 quid

1817 3757 2101 3812 dicendum
2127 3758 2216 3823 sit,
2264 3757 2392 3828 quid
2435 3757 2750 3821 tacendum;
2800 3754 2891 3809 sed
2936 3766 3194 3825 perpetuo
3226 3763 3413 3823 patens

1818 3851 2069 3920 nullaque
2103 3850 2432 3903 obstructum
2461 3849 2620 3918 jauua
2667 3857 2749 3902 est
2793 3862 2853 3901 os
2881 3846 2997 3917 ejus
3029 3865 3043 3900 :
3099 3861 3206 3899 non
3245 3845 3414 3898 vcetis

1819 3945 2090 4013 appositus
2112 3953 2193 3998 est
2211 3942 2395 4007 labris,
2427 3957 2531 3996 non
2556 3941 2739 4011 janua.
2770 3939 2868 4007 Qui
2899 3940 3078 3994 ebrius
3105 3946 3207 4002 est,
3235 3937 3414 4005 dispo-

1819 4050 1949 4090 nere
1976 4048 2253 4089 sermones
2281 4047 2409 4088 suos
2439 4033 2492 4086 in
2515 4032 2717 4101 judicio
2748 4032 2938 4096 nescit,
2979 4031 3174 4084 mentis
3203 4028 3414 4081 divitias

1820 4126 2192 4182 administrare
2209 4126 2380 4181 nescit
2404 4143 2417 4181 :
2441 4140 2546 4179 non
2569 4125 2716 4178 novit
2735 4122 2848 4178 huic
2865 4121 3075 4192 quidem
3100 4119 3411 4179 recondere.

1823 4219 1912 4272 illa
1940 4233 2068 4273 vero
2093 4217 2416 4287 expendere,
2462 4216 2557 4271 sed
2599 4215 2782 4270 omnia
2822 4215 2909 4268 illa
2953 4214 3021 4267 ad
3053 4213 3323 4282 impensas
3363 4222 3413 4265 et

1821 4311 2109 4365 effusiones
2137 4309 2505 4364 traducuntur.
2531 4307 2866 4378 Spontaneus
2893 4314 2974 4360 est
2998 4305 3146 4359 furor
3166 4304 3410 4366 ebrietas,

1824 4402 2054 4471 proditio
2110 4401 2535 4471 cogitationum;
2577 4400 2810 4456 ebrietas
2855 4398 3078 4453 ridicula
3118 4396 3412 4458 calamitas,

1825 4493 2042 4547 morbus
2071 4494 2254 4546 sannis
2283 4493 2575 4562 expositus,
2605 4491 2936 4544 voluntarius
2965 4489 3196 4556 dmmon,
3231 4496 3286 4542 et
3307 4487 3414 4556 ipsa

1824 4585 2103 4640 molestior
2125 4584 2350 4640 insania.

1897 4678 1954 4731 2.
1979 4675 2254 4729 Ebrietatis
2299 4677 2561 4746 imago.-—
2587 4674 2702 4728 Vin’
2758 4683 2811 4727 tu
2843 4673 3066 4734 discere,
3118 4686 3222 4739 quo
3264 4680 3416 4738 pacto

1827 4768 2156 4822 daemoniaeo
2177 4767 2356 4822 ebrius
2386 4768 2457 4820 sit
2482 4765 2750 4820 deterior?
2777 4764 3094 4818 Miseremur
3114 4763 3228 4830 ejus
3249 4762 3338 4831 qui
3388 4780 3414 4812 a

1827 4859 2092 4913 dmmonio
2126 4866 2367 4922 vexatur,
2397 4866 2450 4911 at
2471 4857 2614 4912 hunc
2642 4856 2820 4910 odisse
2867 4856 3133 4918 solemus;
3165 4854 3240 4907 illi
3286 4868 3415 4905 con-

1827 4953 2091 5018 dolemus,
2115 4952 2239 5006 huic
2267 4961 2444 5004 autem
2475 4951 2752 5022 irascimur
2791 4957 2844 5001 et
2872 4947 3228 5016 indignamur.
3280 4944 3416 5010 Quid

1829 5046 1899 5098 ita
1932 5045 2046 5115 (b)?
2073 5045 2218 5098 lllius
2247 5045 2388 5098 enim
2412 5043 2628 5096 morbus
2657 5041 2871 5111 injuria,
2897 5040 3053 5109 hujus
3094 5055 3219 5093 vero
3251 5038 3418 5108 negli-

1828 5136 2002 5206 gentia
2030 5146 2111 5190 est
2136 5136 2482 5205 appellandus
2506 5152 2521 5200 ;
2551 5136 2602 5189 iu
2627 5134 2939 5189 illoinsidize
2967 5134 3320 5198 inimicorum,
3366 5134 3415 5185 in

1830 5229 1933 5282 hoc
1959 5229 2163 5282 insidia:
2184 5227 2561 5290 consiliorum;
2592 5243 2690 5281 nec
2715 5227 2870 5280 aliter
2896 5225 3117 5280 allectus
3138 5235 3218 5280 est
3236 5225 3416 5279 ebrius

1830 5337 1892 5376 ac
1920 5321 2279 5378 dzemoniacus
2304 5338 2316 5377 :
2344 5323 2538 5389 pariter
2554 5320 2948 5388 circumagitur,
2973 5319 3169 5387 pariter
3190 5317 3256 5372 de
3281 5325 3420 5370 statu

1831 5416 2027 5469 mentis
2046 5414 2284 5484 dejeetus
2309 5423 2412 5479 est,
2455 5414 2656 5482 pariter
2701 5412 2954 5478 concidit,
2988 5412 3185 5480 pariter
3238 5410 3418 5463 oculo-

1832 5523 1950 5562 rum
1989 5507 2218 5576 pupillas
2248 5491 2594 5575 contorquet,
2639 5505 2837 5574 pariter
2861 5503 3046 5573 jacens
3076 5503 3126 5556 in
3161 5513 3303 5558 terra
3329 5517 3421 5574 pe-

1831 5708 2122 5758 discrimina.
2143 5712 2266 5754 Item
2288 5717 2396 5752 cum
2423 5710 2539 5765 Reg.
2565 5702 2707 5763 2027,
2736 5710 2912 5754 etcum
2933 5699 3219 5752 Coisllniano
3238 5699 3344 5750 107.

1897 5768 1971 5832 (b)
2004 5771 2085 5818 llic
2107 5767 2308 5818 multum
2335 5767 2484 5816 variat
2503 5773 2616 5830 tteg.
2638 5766 2688 5814 2.
