4070 6440
668 367 695 419 -i
706 371 773 427 35

673 486 770 538 des
791 486 952 551 jactat
980 502 992 536 :
1023 497 1261 553 Spttnttttlt
1287 502 1348 537 ex
1373 502 1465 537 ore
1495 483 1719 552 projicit,
1765 489 1819 534 et
1849 481 1917 533 ita
1964 476 2235 532 fauentem

671 574 889 627 salivam
910 566 1150 640 ell'undit,
1178 584 1334 641 atque
1362 590 1423 627 os
1449 575 1563 643 ejus
1594 571 1909 625 intolerabili
1942 568 2129 622 {ustore
2156 580 2239 619 rc-

674 666 870 733 pletnnt
901 677 1000 717 est.
1062 665 1377 733 Injucuudus
1407 665 1589 717 amicis
1619 673 1699 717 est
1738 662 1817 715 vir
1854 657 2133 729 ejusmodi,
2162 655 2236 709 ri-

668 754 875 807 diculus
902 754 1148 816 inimicis,
1181 754 1594 819 contemptibilis
1625 752 1854 814 famulis,
1889 750 2036 801 uxori
2065 748 2238 815 ingra-

605 846 615 852 '
664 854 772 907 tns,
806 845 1051 896 omnibus
1078 842 1314 908 odiosus,
1344 844 1471 911 ipsis
1494 843 1674 895 bestiis
1704 839 1975 893 molestior
2005 854 2018 889 :
2054 836 2234 888 bestia:

666 950 902 1003 eousque
923 936 1103 989 bibunt
1128 950 1402 1004 quousque
1432 935 1529 989 fert
1554 935 1689 995 sitis,
1719 941 1771 986 et
1798 929 2135 999 cupiditatem
2165 926 2236 979 si-

669 1034 815 1077 stunt
838 1025 1181 1078 necessitate:
1206 1024 1289 1077 hic
1308 1023 1707 1091 intemperantia
1730 1020 2067 1090 cupiditatem
2086 1030 2233 1069 tran-

664 1117 772 1167 silit
796 1155 809 1177 ,
839 1125 893 1167 et
912 1116 1111 1168 ratione
1140 1114 1442 1168 carentibus
1470 1130 1497 1165 a
1529 1114 1729 1166 ratione
1753 1110 1973 1164 alienior
1992 1117 2227 1178 apparet.

668 1202 861 1256 Verum
886 1205 1011 1257 illud
1034 1205 1197 1258 multo
1219 1204 1600 1258 intolerabilius
1626 1213 1725 1266 est,
1751 1201 1887 1270 quod
1917 1202 2131 1254 morbus
2158 1208 2235 1251 tot

670 1296 823 1347 malis
853 1294 1173 1358 redundans,
1194 1304 1373 1364 totque
1396 1309 1574 1347 secum
1604 1294 1858 1346 invehens
1883 1290 2228 1353 calamitates,

662 1400 728 1437 ne
756 1384 953 1437 crimen
972 1385 1181 1454 quidem
1199 1395 1462 1447 censetur;
1482 1384 1573 1437 sed
1598 1384 1647 1436 in
1679 1382 1898 1436 divitum
1917 1381 2115 1435 mensis
2135 1380 2234 1432 ltu-

660 1475 746 1544 jus
790 1477 1129 1544 turpitudinis
1157 1476 1322 1545 gratia
1355 1492 1523 1545 pugna
1549 1476 1715 1528 oritur
1737 1484 1894 1543 atque
1922 1483 2191 1527 certamen
2213 1511 2227 1535 ,

661 1576 818 1635 atque
842 1566 978 1620 inter
1004 1582 1062 1621 se
1085 1567 1270 1636 majori
1296 1567 1471 1620 studio
1493 1565 1837 1626 contendunt,
1859 1565 1976 1632 quis
1999 1564 2229 1631 seipsum

662 1659 829 1727 magis
853 1659 1087 1725 infamet,
1120 1661 1239 1729 quis
1286 1658 1540 1729 majorem
1586 1658 1941 1712 subsannandi
1991 1658 2229 1710 occasio-

666 1762 787 1800 nem
822 1749 1075 1814 pra-beat,
1124 1750 1257 1817 quis
1285 1762 1477 1803 nervos
1527 1748 1752 1816 amplius
1788 1745 2053 1814 infringat,
2112 1750 2229 1813 qus

660 1838 801 1893 vires
822 1841 839 1870 ⁸
865 1841 1087 1907 amplius
1112 1839 1370 1905 debilitet,
1414 1840 1532 1909 quis
1572 1853 1903 1892 communem
1950 1836 2225 1889 Dominum

661 1931 873 1998 gravius
902 1930 1070 1985 irritet
1099 1949 1111 1983 :
1136 1946 1200 1985 ac
1249 1931 1430 1985 videre
1458 1939 1540 1985 est
1570 1930 1796 1983 stadium
1851 1937 2228 1997 certamenque

659 2018 1002 2073 diabolicum.
1029 2020 1220 2074 Ebrius
1261 2020 1484 2074 mortuis
1514 2020 1759 2074 miserior
1786 2029 1867 2073 est
1898 2036 1909 2070 :
1966 2016 2225 2087 siquidem

666 2110 755 2164 ille
780 2125 938 2165 sensu
964 2112 1246 2167 destitutus
1270 2121 1428 2179 jacet,
1461 2124 1632 2179 neque
1662 2109 1926 2162 bona'ulla
1959 2108 2043 2161 vel
2089 2109 2224 2160 mala

659 2209 832 2270 potest
853 2201 1083 2271 operari;
1102 2201 1187 2255 hic
1204 2216 1331 2255 vero
1352 2201 1417 2255 ad
1438 2202 1572 2254 mala
1589 2200 1926 2270 exsequenda
1951 2208 2224 2269 promptus

654 2301 818 2357 est,ct
830 2293 1002 2345 anima
1025 2292 1075 2346 iii
1102 2306 1323 2363 corpore
1346 2303 1607 2361 tamquam
1627 2292 1677 2345 in
1698 2301 2041 2345 monumento
2057 2289 2225 2345 delos-

655 2396 716 2433 sa
746 2390 1010 2436 mortuum
1038 2396 1232 2451 corpus
1257 2381 1582 2437 circumfert.
1615 2382 1775 2437 Vides
1808 2393 1863 2436 ut
1890 2381 2133 2435 miserior
2158 2383 2225 2435 sit

654 2472 1001 2540 d.emoniaco,
1025 2482 1082 2527 ut
1111 2469 1277 2544 magis
1297 2490 1454 2544 quam
1477 2475 1671 2529 mortui
1707 2490 1867 2529 sensu
1898 2473 2224 2527 destitutus?

656 2564 772 2618 Vin’
799 2575 852 2619 tu
880 2566 1051 2619 dicam
1079 2565 1130 2619 id
1154 2565 1295 2635 quod
1320 2566 1402 2619 liis
1430 2567 1676 2620 omnibus
1702 2565 1872 2635 majus
1911 2575 1993 2618 est
2020 2574 2072 2618 et
2097 2580 2221 2633 gra-

652 2656 804 2709 vids?
834 2656 1024 2711 Ebrius
1051 2655 1213 2710 homo
1254 2656 1306 2710 in
1355 2672 1574 2724 regnum
1603 2657 1858 2710 caelorum
1892 2657 2089 2709 intrare
2117 2670 2221 2708 non

651 2757 825 2817 potest
851 2765 864 2800 :
895 2749 1014 2816 quis
1040 2747 1155 2801 hinc
1181 2747 1343 2802 dicit?
1366 2748 1578 2801 Paulus.
1617 2746 1792 2801 Nolite
1837 2763 2003 2800 errare
2025 2762 2043 2798 :
2070 2761 2223 2815 neque

653 2839 932 2904 fornicarii,
958 2854 1113 2907 neque
1134 2839 1281 2892 idolis
1302 2840 1580 2903 servientes,
1616 2855 1774 2907 neque
1800 2838 2037 2900 adulteri,
2064 2853 2224 2905 neque

652 2931 846 2993 molles,
890 2946 1046 3000 neque
1081 2930 1423 2983 masculorum
1472 2931 1832 2993 concubitores,
1883 2946 2040 3000 neque
2063 2930 2218 2997 fures,

650 3035 807 3089 neque
827 3021 986 3084 avari,
1015 3036 1169 3089 neque
1190 3020 1388 3082 ebriosi,
1418 3036 1574 3089 neque
1600 3021 1851 3083 maledici,
1876 3036 2033 3089 neque
2073 3036 2222 3089 rapa-

651 3126 727 3162 ces
769 3126 975 3179 regnum
1019 3107 1117 3162 Dei
1155 3111 1475 3177 possidebunt
1515 3109 1604 3181 (l.
1639 3110 1752 3164 Cor.
1784 3111 1835 3164 ϐ.
1866 3110 1918 3164 9.
1966 3110 2075 3180 10).
2109 3112 2222 3164 Au-

652 3201 771 3254 disti
821 3201 1031 3270 qualem
1064 3202 1115 3255 in
1146 3202 1353 3255 turbam
1400 3203 1572 3270 ipsum
1604 3203 1927 3271 conjecerit?
1951 3201 2082 3257 Cum
2121 3204 2222 3256 im-

651 3293 888 3361 pudicis,
938 3308 1058 3348 cum
1100 3293 1516 3360 scortatoribus,
1561 3308 1681 3347 cum
1734 3293 2048 3359 idololatris,
2097 3308 2218 3348 cum

651 3384 903 3439 adulteris
923 3427 936 3450 ,
968 3401 1087 3439 cum
1133 3376 1437 3448 maledicis,
1466 3401 1585 3441 cum
1618 3386 1811 3453 avan's,
1863 3403 1981 3441 cum
2010 3388 2217 3455 rapaci.

654 3478 767 3531 bus.
802 3477 1132 3548 Quid-ergo?
1158 3479 1299 3532 dicet
1325 3479 1533 3547 aliquis,
1569 3478 1779 3533 idemne
1824 3488 1905 3534 est
1948 3479 2127 3533 ebrius
2169 3488 2223 3534 et

653 3569 981 3637 impudicus?
1003 3571 1142 3624 idem
1172 3571 1349 3625 ebrius
1380 3580 1433 3624 et
1459 3570 1771 3626 idololatra‘l
1798 3571 1911 3625 Noli
1942 3572 2068 3626 mihi
2110 3573 2222 3628 lucc

654 3659 911 3729 objieere,
941 3662 1010 3714 mi
1038 3661 1198 3714 homo
1229 3680 1241 3715 :
1272 3662 1416 3732 leges
1440 3663 1646 3718 divinas
1668 3679 1765 3734 ego
1803 3664 2039 3727 recitavi,
2070 3681 2099 3718 a
2138 3681 2222 3721 me

654 3751 915 3804 rationem
938 3768 1004 3806 ne
1031 3751 1209 3822 exigas
1236 3770 1248 3806 :
1281 3752 1498 3807 Paulum
1530 3754 1816 3824 interroga,
1852 3765 1960 3807 tum
2002 3757 2113 3825 ipse
2140 3772 2223 3809 re-

652 3844 933 3913 spondebit
962 3862 974 3897 :
1004 3860 1129 3899 num
1155 3846 1295 3899 enim
1321 3862 1440 3902 cum
1463 3846 1590 3916 ipsis
1611 3855 1701 3901 aut
1742 3849 1965 3901 seorsim
1993 3849 2059 3902 ab
2094 3849 2222 3917 ipsis

654 3937 915 4005 supplicio
933 3937 1230 4001 addicatur,
1258 3954 1363 3993 non
1394 3954 1608 4007 possum
1631 3940 1810 3994 dicere
1845 3957 1857 3993 :
1911 3956 2070 4008 porro
2116 3956 2220 3994 non

655 4028 833 4080 minus
854 4042 1010 4097 quam
1040 4028 1392 4091 idololatram,
1418 4030 1564 4083 illum
1603 4047 1631 4082 a
1663 4044 1827 4099 regno
1870 4031 2120 4083 etelornm
2141 4046 2226 4084 ex-

654 4118 853 4181 cidere,
889 4118 939 4171 id
966 4133 1094 4173 vero
1134 4118 1328 4188 oppido
1376 4118 1725 4173 conﬁrmabo.
1754 4118 1889 4173 Cum
1918 4120 2077 4189 igitur
2123 4119 2224 4174 hoc

653 4208 705 4262 in
748 4207 993 4262 confesso
1034 4210 1122 4274 sit,
1155 4210 1279 4278 quid
1309 4225 1339 4263 a
1368 4225 1454 4265 me
1475 4210 1726 4280 deinceps
1768 4211 2028 4265 rationem
2063 4226 2220 4280 repo-

655 4299 760 4354 scis
782 4301 847 4354 dc
874 4301 1072 4369 peccati
1097 4301 1372 4354 mensura?
1396 4302 1523 4356 Cum
1547 4303 1688 4357 enim
1710 4314 1863 4357 extra
1882 4301 2023 4356 fores
2052 4318 2225 4357 rema-

653 4400 793 4455 neat,
818 4405 936 4443 cntn
967 4406 996 4444 a
1027 4406 1189 4461 regno
1227 4391 1454 4458 excidat,
1501 4408 1622 4447 cum
1659 4409 1850 4465 expers
1888 4394 1977 4448 ﬁat
2015 4394 2218 4459 salutis,

651 4494 771 4533 cum
803 4480 867 4533 ad
894 4482 1204 4549 supplicium
1227 4483 1538 4537 amandetur
1554 4493 1836 4551 a‘ternum,
1862 4485 1986 4553 quid
2014 4495 2066 4538 tit
2095 4485 2223 4538 mihi

654 4583 986 4641 peccatorum
1014 4589 1288 4629 mensuras
1316 4583 1369 4628 et
1394 4575 1630 4630 bilauces
1647 4586 1702 4631 et
1725 4578 1948 4631 trutinas
1968 4575 2175 4646 profers
2202 4578 2225 4630 Υ

652 4662 866 4733 Indigna
899 4650 1115 4733 prorsus
1138 4680 1221 4718 res
1249 4674 1330 4719 est
1357 4666 1608 4731 ebrietas,
1639 4667 1991 4734 dilectissimi,
2037 4678 2090 4723 et
2118 4670 2225 4721 iiu-

654 4765 873 4822 portuua
914 4753 1090 4809 valde.
1134 4754 1246 4809 Non
1279 4771 1393 4811 mea
1426 4772 1521 4812 vos
1550 4767 1753 4825 spectat
1797 4760 1968 4812 oratio
1998 4777 2009 4810 :
2043 4758 2179 4812 absit
2210 4776 2222 4811 :

652 4846 807 4915 plane
833 4846 1091 4916 siquidem
1116 4846 1278 4902 credo
1302 4861 1529 4903 vestram
1562 4850 1792 4903 animam
1818 4850 1883 4903 ab
1911 4849 2225 4919 aegritudine

654 4936 750 4989 hac
780 4946 832 4991 et
880 4939 1062 4993 morbo
1103 4955 1221 4994 esse
1268 4940 1554 4996 immunem
1588 4959 1603 4997 :
1642 4956 1703 4995 ac
1740 4951 1933 4996 vestrre
1985 4943 2226 4997 sanitatis

652 5039 1019 5096 argumentum
1050 5040 1149 5094 est,
1176 5030 1314 5100 quod
1345 5030 1428 5085 hie
1459 5033 1761 5095 verscmini,
1792 5034 1932 5102 quod
1977 5033 2081 5087 huc
2110 5034 2229 5086 dili-

651 5128 837 5187 genter
885 5124 1233 5186 conveniatis,
1289 5122 1427 5191 quod
1461 5133 1658 5178 attente
1702 5126 1965 5179 audiatis:
2023 5140 2179 5180 nemo
2206 5167 2222 5191 ,

652 5212 740 5279 qui
767 5212 885 5265 vino
914 5213 1228 5280 inebrietur,
1257 5214 1554 5269 divinorum
1576 5231 1697 5270 esse
1730 5218 1952 5285 cupidus
1986 5218 2227 5285 cl0quio-

650 5317 769 5354 rum
802 5312 993 5370 potest.
1045 5298 1218 5358 Nolite
1244 5306 1479 5359 inebriari
1504 5309 1616 5359 vino
1639 5349 1652 5371 ,
1703 5308 1754 5360 in
1784 5325 1880 5377 quo
1907 5318 1979 5361 est
2000 5310 2223 5373 luxuria,

654 5394 739 5446 sed
769 5395 1043 5464 implemini
1084 5395 1279 5461 Spiritu
1324 5396 1536 5467 (h‘phes.
1582 5398 1636 5453 5.
1681 5400 1787 5467 18).
1839 5400 2099 5455 l’rarclara
2146 5410 2229 5456 cst

654 5486 769 5539 lucc
818 5487 1083 5542 ebrietas:
1137 5488 1234 5543 hac
1285 5490 1511 5559 Spiritus
1538 5483 1769 5560 crapula'
1805 5501 1945 5545 tuam
1996 5495 2225 5548 animam

656 5593 864 5647 sopora.
897 5595 963 5633 ne
985 5580 1241 5635 ebrietate
1269 5596 1486 5650 sapores
1514 5600 1526 5635 :
1559 5598 1870 5653 praroccupa
1914 5596 2145 5639 mentem
2174 5595 2229 5639 et

719 5716 735 5746 ⁸
768 5715 975 5805 ροὶςιὶιιν,
1006 5724 1222 5775 mentem,
1266 5730 1366 5779 pro,
1387 5717 1510 5769 vires
1532 5731 1548 5767 :
1574 5732 1681 5782 quze
1701 5718 1846 5771 lectio
1871 5734 1965 5770 non
1992 5728 2066 5772 est
2089 5735 2227 5783 sper-

650 5794 825 5828 ιιοίιῑιιι.

1380 374 1435 426 S.
1476 366 1751 427 JOANNIS
1808 354 2281 418 CllRYSOSTOMl
2324 351 2637 409 ARCHIEP.
2679 345 3216 405 CONSTANTINOP.

3834 343 3937 399 ωδ

2348 470 2719 541 cogitationes,
2739 484 2805 523 ne
2824 467 2997 521 locum
3018 462 3298 533 impudens
3327 460 3415 516 ille
3439 458 3655 512 morbus
3679 456 3937 511 inveniat.

2347 560 2635 629 l‘rOpterea
2664 574 2768 612 non
2798 558 2950 621 dixit,
2986 554 3279 622 Participes
3318 561 3491 607 estote
3531 552 3785 619 Spiritus,
3841 548 3935 602 sed

2348 650 2639 717 lmplemini
2668 648 2866 717 Spiritu
2898 665 2915 700 :
2940 647 3005 700 ad
3038 658 3307 698 summum
3338 657 3507 712 usque
3530 652 3769 694 mentem
3801 650 3931 692 latn-

2347 758 2508 811 quam
2532 741 2750 795 calicem
2784 740 2944 807 imple
2989 738 3213 807 Spiritu,
3262 747 3319 790 ut
3348 736 3477 789 nihil
3519 734 3776 801 deinceps
3808 734 3931 801 inji-

2343 848 2466 887 cere
2487 833 2655 902 possit
2680 831 2924 883 diabolus
2950 848 2963 883 :
2994 845 3099 882 non
3131 829 3272 881 enim
3305 828 3490 896 quovis
3515 826 3678 879 modo
3710 828 3926 894 partiei<

2346 941 2437 994 pes
2449 940 2552 977 nos
2579 925 2688 976 lieri
2724 922 2920 991 Spiritu
2952 921 3059 989 jam
3086 929 3315 987 oportet,
3346 919 3439 973 sed
3468 919 3672 989 Spiritu
3696 921 3926 989 impleri,

2345 1016 2580 1084 psalmis,
2615 1013 2846 1084 hymnis,
2877 1015 3100 1068 canticis
3121 1013 3511 1081 spiritualibus,
3544 1012 3743 1080 quibus
3770 1011 3929 1064 hodie

2342 1107 2527 1173 repleti
2552 1107 2680 1160 estis
2714 1123 2727 1158 :
2760 1114 3083 1174 quapropter
3101 1105 3169 1158 de
3202 1105 3548 1174 temperantia
3577 1114 3761 1157 vestra
3798 1120 3927 1158 con-

2345 1198 2470 1249 lido.
2498 1197 2791 1251 l’rzcclarus
2822 1207 2905 1251 est
2934 1196 3088 1251 nobis
3112 1196 3385 1250 ebrietatis
3414 1194 3553 1248 calix
3593 1214 3608 1247 :
3662 1204 3747 1247 est
3792 1196 3928 1247 catis

2339 1288 2630 1351 ebrietatis,
2660 1289 2747 1357 qui
2800 1287 3209 1356 temperantiam
3241 1286 3430 1355 gignit,
3471 1302 3577 1339 non
3608 1285 3924 1355 paralysim.

2338 1379 2591 1444 Quisnam
2625 1378 2713 1431 ille
2744 1380 2945 1446 porro?
2974 1378 3118 1431 Calix
3143 1377 3457 1445 spiritualis,
3482 1376 3618 1429 calix
3653 1376 3926 1435 salutaris,

2338 1472 2472 1523 calix
2521 1470 2831 1539 impollutus
2889 1469 3149 1523 Dominiei
3206 1468 3477 1535 sanguinis
3527 1485 3539 1519 :
3594 1481 3703 1519 non
3765 1466 3928 1534 gignit

2338 1564 2648 1615 ebrietatem
2673 1562 2760 1615 ille
2786 1560 2946 1623 calix,
2982 1574 3089 1612 non
3113 1558 3401 1628 paralysim
3422 1558 3607 1626 gignit.
3636 1556 3756 1610 Non
3789 1557 3929 1608 enim

2338 1655 2483 1707 vires
2514 1654 2775 1717 dissolvit,
2801 1653 2894 1707 sed
2922 1653 3063 1706 vires
3094 1653 3323 1715 excitat,
3360 1651 3448 1704 ille
3467 1664 3669 1704 nervos
3701 1663 3814 1700 non
3850 1649 3930 1699 iu-

2336 1745 2537 1815 l‘ringit,
2568 1745 2659 1800 sed
2702 1745 2929 1798 intendit
2960 1761 2972 1794 :
3002 1742 3344 1795 sobrietatem
3372 1742 3571 1811 quippe
3609 1739 3775 1792 altert
3801 1755 3815 1803 ;
3850 1738 3933 1793 ille

2335 1836 2533 1906 angelis
2560 1836 2890 1890 venerandus
2918 1845 3023 1901 est,
3072 1834 3403 1889 (temonibus
3459 1833 3799 1896 tremendus,
3834 1833 3932 1885 lio-

2318 1930 2564 1983 ‘minibus
2587 1931 2871 1996 pretiosus,
2895 1928 3120 1982 Domino
3148 1928 3411 1981 amabilis.
3436 1926 3597 1979 Vides
3626 1925 3760 1994 quid
3792 1926 3935 1978 dicat

2335 2020 2497 2073 David
2528 2020 2596 2073 de
2625 2020 2887 2088 spirituali
2915 2019 3081 2073 calice
3109 2020 3231 2081 isto,
3273 2018 3361 2087 qui
3405 2018 3714 2087 prepositus
3767 2026 3855 2070 est
3883 2019 3932 2068 in

2334 2112 2431 2166 liae
2462 2124 2644 2165 mensa
2667 2112 2689 2163 ἲ
2720 2110 2926 2164 Parasti
2949 2112 3000 2163 in
3015 2122 3280 2179 conspectu
3310 2126 3418 2163 meo
3436 2126 3662 2163 mensam
3683 2111 3933 2163 adversus

2332 2221 2432 2264 eos,
2466 2201 2805 2271 qnitribnlant
2832 2219 2910 2256 me
2937 2219 2956 2255 .·
2986 2202 3316 2271 impinguasti
3341 2202 3392 2253 in
3414 2203 3523 2255 oleo
3548 2212 3702 2269 caput
3732 2217 3929 2261 meum,

2331 2306 2376 2347 ct
2399 2296 2535 2348 calix
2564 2305 2679 2349 tuus
2711 2295 2964 2348 inebrians
2992 2312 3143 2363 quam
3174 2296 3452 2365 praeclarus
3500 2305 3572 2347 est
3600 2293 3782 2362 (Psal.
3832 2293 3926 2347 2'2.

2330 2387 2407 2453 5).
2438 2387 2643 2440 Etenim
2678 2402 2745 2441 ne
2775 2386 2958 2439 audito
3001 2387 3218 2440 nomine
3271 2385 3546 2440 ebrietatis
3589 2384 3774 2437 subito
3815 2400 3929 2438 meo

2333 2488 2531 2542 tueres,
2559 2488 2611 2530 et
2634 2477 2894 2547 ejusmodi
2927 2486 3146 2546 putares
3172 2491 3311 2541 esse,
3346 2487 3401 2528 ut
3432 2475 3809 2528 inﬁrmitatem
3846 2477 3921 2528 in.

2328 2571 2503 2633 ducat,
2543 2570 2788 2639 adjunxit
2836 2585 2957 2624 esse
2983 2569 3295 2638 prazclarum
3317 2578 3367 2623 et
3418 2568 3652 2621 ﬁrmum.
3709 2567 3926 2621 Novum

2326 2662 2600 2715 ebrietatis
2631 2676 2817 2730 genus,
2846 2661 3013 2714 robur
3043 2659 3275 2712 immittit
3304 2668 3358 2711 et
3386 2658 3617 2711 validum
3648 2657 3833 2712 reddit
3862 2672 3927 2710 ac

2328 2762 2599 2821 potentem
2634 2770 2648 2807 :
2679 2753 2873 2821 quippe
2894 2750 3031 2819 quod
3070 2766 3134 2804 ex
3166 2750 3423 2819 Spirituali
3468 2758 3617 2817 petra
3648 2746 3931 2817 proﬂuxe-

2326 2846 2397 2899 rit
2424 2864 2436 2898 :
2463 2862 2565 2900 non
2598 2855 2679 2900 est
2719 2845 3027 2914 depravatio
3075 2844 3479 2912 cogitationum,
3512 2842 3606 2895 sed
3658 2842 3923 2910 spiritua-

2326 2939 2452 2991 lium
2479 2938 2859 3006 cogitationum
2888 2935 3267 2990 accmnulatio.

2401 3032 2452 3084 5.
2494 3029 2603 3085 llac
2631 3028 2888 3084 ebrietate
2930 3028 3061 3083 ebrii
3118 3029 3306 3091 simus,
3362 3026 3427 3079 ab
3454 3026 3539 3079 illa
3581 3039 3711 3078 vero
3749 3024 3926 3078 absti-

2328 3106 2567 3184 neamus,
2601 3136 2667 3173 ne
2696 3128 3010 3188 przcseutem
3044 3118 3429 3172 solemnitatem
3481 3115 3744 3169 dedecore
3798 3114 3924 3168 al‘ti-

2327 3212 2527 3265 ciamus
2553 3229 2566 3264 :
2597 3226 2701 3263 non
2722 3211 2863 3264 enim
2892 3220 3045 3263 terra:
3076 3218 3300 3273 tantum,
3329 3208 3420 3262 sed
3452 3216 3505 3261 et
3533 3207 3643 3259 caeli
3663 3216 3746 3261 est
3778 3222 3930 3275 pra-—

2327 3318 2450 3356 sens
2495 3302 2843 3365 solemnitas;
2886 3299 3045 3355 hodie
3079 3299 3327 3368 gaudium
3359 3308 3440 3353 est
3465 3298 3516 3350 in
3562 3308 3723 3361 terra,
3754 3297 3925 3352 hodie

2326 3393 2576 3462 gaudium
2628 3393 2679 3445 iu
2718 3393 2887 3445 (κριοί
2920 3391 2962 3446 si
3005 3392 3145 3444 enim
3195 3405 3302 3443 uno
3350 3399 3628 3458 peccatore
3652 3404 3927 3442 converso

2326 3487 2573 3557 gaudium
2601 3496 2683 3539 est
2710 3486 2760 3538 in
2790 3494 2928 3539 terra
2957 3494 3013 3538 et
3036 3482 3167 3537 celo
3222 3483 3240 3549 (
3271 3480 3399 3536 Luc.
3434 3481 3517 3535 15.
3553 3480 3654 3541 10)
3680 3522 3695 3544 ,
3746 3482 3926 3534 ιιιιιΙιυ

2328 3579 2496 3648 magis
2524 3587 2732 3632 extorto
2757 3577 2823 3631 de
2847 3577 3042 3630 diaboli
3075 3576 3318 3629 manibus
3350 3584 3461 3628 toto
3491 3575 3621 3628 orbe
3649 3582 3924 3627 terrarum

2327 3672 2573 3741 gaudium
2611 3672 2714 3724 erit
2757 3670 2815 3723 in
2855 3668 3008 3723 caelo.
3042 3668 3191 3721 Nunc
3223 3668 3489 3720 exsultant
3534 3665 3727 3734 angeli,
3771 3680 3925 3718 :tunc

2328 3762 2571 3816 l.rtantur
2594 3761 2917 3831 archangeli,
2950 3775 3091 3814 nunc
3117 3758 3403 3813 Cherubim
3428 3767 3482 3812 et
3499 3756 3781 3825 Seraphim
3818 3755 3925 3809 hoc

2328 3854 2601 3907 nobiscum
2642 3851 2836 3905 festum
2880 3849 3152 3904 celebrant
3181 3868 3193 3902 ;
3222 3864 3330 3903 non
3359 3847 3475 3901 illos
3500 3845 3663 3915 pudet
3688 3859 3922 3899 conser-

2328 3957 2554 4005 vorum,
2613 3941 2709 3995 sed
2765 3941 2961 3994 nostris
3002 3939 3156 3994 bonis
3206 3939 3553 4009 gratulantur.
3603 3937 3711 3989 Etsi
3770 3939 3924 3989 enim

2329 4046 2568 4089 nostrum
2596 4046 2678 4090 est
2699 4035 2839 4104 quod
2864 4051 2894 4088 a
2927 4034 3149 4088 Domino
3175 4033 3475 4101 accepimus
3515 4032 3735 4095 donum,
3761 4046 3925 4085 eom-

2331 4129 2505 4182 munis
2533 4135 2617 4181 est
2643 4135 2819 4181 tamen
2849 4136 3038 4181 etcum
3079 4125 3182 4178 illis
3208 4124 3471 4192 voluptas.
3516 4121 3617 4176 Sed
3650 4121 3774 4190 quid
3817 4137 3925 4191 ego

2329 4235 2621 4276 conservos
2646 4219 3043 4274 commemoro?
3070 4218 3241 4288 ipsum
3284 4217 3562 4270 Dominum
3594 4214 3809 4266 illorum
3859 4229 3925 4267 ac

2331 4323 2571 4367 nostrum
2611 4312 2886 4365 uobiscum
2923 4308 3198 4364 celebrare
3247 4308 3438 4361 festum
3479 4321 3583 4359 non
3630 4305 3834 4373 pudet:
3869 4316 3926 4357 at

2330 4405 2452 4474 quid
2466 4419 2562 4472 ego
2579 4418 2763 4457 rursus
2781 4418 2882 4457 non
2902 4416 3022 4457 eum
3046 4399 3242 4469 pudere
3258 4398 3378 4452 dico
3394 4396 3701 4460 ?Desidcrio,
3722 4397 3921 4465 inquit,

2332 4497 2607 4550 desideravi
2636 4496 2728 4549 hoc
2759 4493 2963 4548 Pascha
3010 4491 3317 4544 manducare
3342 4488 3593 4541 vobiscum
3620 4487 3639 4559 (
3664 4485 3790 4541 Luc.
3825 4488 3921 4541 9.9..

2333 4589 2400 4643 15
2428 4586 2483 4657 ):
2514 4585 2654 4655 quod
2692 4586 2738 4639 si
2788 4583 3006 4638 Pascha:
3038 4582 3227 4635 festum
3276 4579 3549 4633 celebrare
3590 4577 3927 4631 desideravit

2333 4679 2644 4739 nobiscum,
2698 4676 2836 4729 haud
2885 4674 3102 4729 dubium
3153 4673 3279 4742 quin
3339 4680 3392 4725 et
3443 4671 3925 4725 Resurrectimiem

2332 4786 2563 4843 quoque.
2590 4768 2813 4836 Quando
2842 4766 2998 4836 igitur
3031 4765 3203 4834 angeli
3229 4763 3482 4833 gaudent,
3512 4772 3565 4815 et
3588 4761 3929 4831 archangeli,

2331 4863 2674 4930 omniumque
2725 4860 2978 4914 Dominus
3004 4857 3295 4912 cielestium
3339 4855 3593 4908 virtutum
3639 4853 3925 4906 nobiseum

2334 4952 2522 5008 festum
2571 4951 2928 5013 concelebrat,
2975 4963 3095 5019 qua:
3128 4947 3341 5001 tandem
3386 4959 3667 5015 superesse
3706 4946 3929 4997 Occasio

2332 5047 2559 5100 tristitiae
2584 5052 2760 5113 potest
2782 5043 2806 5095 ?

2408 5134 2568 5189 Nulla
2594 5149 2921 5205 personarum
2953 5131 3208 5185 distinctio
3238 5131 3289 5182 in
3321 5127 3709 5197 participatione
3728 5126 3927 5197 Myste-

2334 5226 2808 5283 riorunt.—Nullus
2840 5240 3037 5294 pauper
3066 5224 3135 5277 ob
3164 5234 3526 5293 paupertatem
3555 5221 3623 5275 sit
3653 5230 3883 5275 mmslns
3911 5238 3922 5283 ;

2338 5321 2449 5375 haec
2471 5324 2611 5374 enim
2640 5318 2924 5373 celebritas
2953 5326 3036 5370 est
3056 5316 3345 5384 spiritualis
3377 5332 3389 5367 :
3421 5314 3598 5367 nullus
3627 5312 3779 5367 dives
3801 5314 3927 5367 ell'e-

2336 5422 2483 5466 ratur
2511 5410 2578 5465 ob
2607 5410 2856 5471 divitias;
2887 5407 3015 5460 nihil
3068 5407 3208 5460 enim
3244 5422 3307 5460 ex
3366 5405 3601 5473 pecuniis
3649 5405 3714 5456 ad
3772 5405 3930 5473 hujus

2335 5501 2661 5557 celebritatis
2673 5501 2990 5568 voluptatem
3007 5508 3179 5566 potest
3192 5496 3452 5551 conferre.
3475 5496 3603 5549 Nam
3620 5497 3669 5547 in
3691 5506 3932 5550 externis

2337 5594 2548 5663 quidem
2576 5602 2629 5646 et
2659 5593 3001 5646 szccularibus
3024 5591 3191 5656 festis,
3214 5591 3300 5643 tibi
3334 5590 3557 5643 multum
3590 5605 3823 5652 merum,
3845 5594 3932 5644 ubi

2336 5701 2517 5741 mensa
2543 5684 2737 5739 referta
2785 5694 2839 5738 ct
2880 5685 2943 5737 ad
2994 5684 3291 5737 satietatem
3318 5684 3658 5746 comessatio,
3695 5684 3786 5737 ubi
3820 5695 3933 5737 tur-

2340 5777 2521 5849 pitudo
2560 5788 2612 5831 et
2660 5777 2819 5845 risus,
2850 5777 2937 5833 ubi
2966 5777 3139 5831 omnis
3191 5791 3379 5846 pompa
3426 5776 3659 5829 satanica
3692 5793 3706 5828 :
3738 5775 3937 5831 utet-ita
