4070 6422
122 417 237 472 455

121 530 222 583 καὶ
247 527 427 594 οὕτως
475 532 622 601 ἐκχεῖ
655 531 826 585 σίελον
857 535 1150 606 σεσηπότα,
1199 539 1293 590 καὶ
1325 537 1585 601 δυσωδίας
1613 541 1713 610 ἐμ-

121 612 443 680 πεπλησται
476 615 537 665 τὸ
565 614 740 684 στόμα
762 618 1058 688 ἀφορήτου.
1088 617 1266 684 Φίλοις
1296 621 1464 692 ἀηδής
1493 623 1521 674 6
1540 621 1718 676 τοιοῦ-

117 711 248 759 τος,
261 695 481 766 ἐχθροῖς
503 699 929 765 καταγέλαστος,
959 700 1198 764 οἰκέταις
1220 703 1715 774 εὐκαταφρόνητος,

114 779 350 845 γυναικὶ
381 778 646 848 ἀτερπὴς,
675 783 808 833 πᾶσι
841 782 1116 852 φορτικὸς,
1149 783 1257 836 τῶν
1287 785 1498 854 ἀλόγων
1539 788 1719 840 αὐτῶν

115 860 553 933 ἀτερπέστερος.
605 864 685 916 Τὰ
740 865 909 933 ἄλογα
959 865 1122 937 μέχρι
1165 866 1289 921 τότε
1338 869 1482 924 πίνει
1511 869 1615 934 ἐως
1651 869 1718 922 ἂν

113 942 274 1012 διψῇ,
311 945 407 996 καὶ
441 949 520 1017 τῇ⁸
563 947 726 1018 χρείᾳ
756 945 854 1018 τήν
880 949 1175 1018 ἐπιθυμίαν
1196 950 1407 1020 ἵστησιν
1433 968 1448 982 ·
1477 945 1632 1017 οὗτος
1659 953 1719 1007 δὲ

115 1030 186 1097 τῇ
221 1028 492 1100 ἀκολασίᾳ
529 1031 862 1101 παρέρχεται
899 1030 999 1098 τὴν
1027 1032 1350 1103 ἐπιθυμίαν,
1402 1036 1495 1088 καὶ
1527 1036 1718 1104 γέγονε

115 1109 230 1162 τῶν
261 1111 481 1180 ἀλόγων
507 1113 844 1183 άλογὼτερος
863 1130 878 1145 ·
903 1115 999 1168 καὶ
1023 1115 1086 1168 τὸ
1104 1114 1169 1186 δὴ
1199 1115 1603 1188 χαλεπώτερον,
1634 1118 1716 1172 δτι

115 1193 340 1264 νόσημα
396 1195 668 1250 τοσούτων
722 1196 894 1266 γέμον
945 1197 1135 1252 κακῶν
1176 1200 1270 1253 καὶ
1293 1200 1564 1264 τοσαύτας
1594 1200 1718 1272 ἔχον

116 1278 419 1348 συμφοράς
445 1279 568 1332 οὐδέ
598 1278 850 1350 ἔγκλημα
873 1275 1016 1333 εἶναι
1037 1280 1318 1350 νομίζεται
1343 1300 1356 1313 ·
1389 1284 1506 1336 ἀλλ’
1520 1285 1580 1336 ἐν
1599 1286 1720 1347 ταῖς

113 1359 232 1414 τῶν
261 1360 643 1417 πλουτούντων
685 1361 991 1431 τραπέζαις
1031 1364 1231 1434 ἅμιλλα
1273 1366 1367 1419 καὶ
1402 1365 1552 1435 ἀγὼν
1577 1367 1718 1437 ὑπὲρ

111 1443 222 1511 τῆς
250 1445 648 1517 ἀσχημοσύνης
690 1447 896 1512 γίνεται
944 1444 1172 1516 ταύτης,
1215 1448 1310 1501 καὶ
1355 1448 1720 1518 φιλονεικοῦσι

117 1525 396 1593 μειζόνως
423 1526 560 1598 πρὸς
581 1527 868 1598 ἀλλήλους,
891 1528 974 1590 τίς
987 1529 1180 1582 ἑαυτὸν
1205 1530 1719 1601 παραδειγματίσει,

109 1608 206 1671 τίς
237 1609 465 1662 πλείονα
495 1607 754 1684 παράσχῃ
779 1611 1014 1680 γέλωτα,
1043 1613 1128 1675 τίς
1161 1613 1361 1683 μᾶλλον
1387 1614 1626 1667 διαλύσει
1653 1616 1722 1668 τά

112 1689 317 1762 νεῦρα,
364 1691 450 1754 τίς
477 1693 681 1762 μᾶλλον
709 1694 1006 1748 καταλύσει
1043 1695 1148 1763 τὴν
1173 1696 1405 1766 δύναμιν
1441 1710 1490 1762 ι,
1521 1697 1605 1761 τίς
1630 1697 1721 1749 τὸν

114 1773 307 1826 κοινὸν
353 1775 634 1846 Δεσπότην
665 1776 959 1846 παροξυνεῖ
995 1777 1156 1830 πλέον
1179 1796 1192 1810 ο
1247 1781 1344 1832 καὶ
1393 1779 1540 1833 ἔστιν
1597 1780 1721 1832 ἰδεῖν

114 1856 347 1909 στάδιον
380 1859 474 1911 καὶ
513 1857 748 1928 ἅμιλλαν
791 1859 1127 1930 διαδολικήν.
1169 1861 1228 1913 '0
1265 1861 1480 1931 μεθύων
1498 1862 1609 1916 τῶν
1637 1880 1724 1916 νε-

116 1937 276 2006 κρῶν
304 1937 635 2010 ἀθλιώτερος
654 1958 666 1971 ·
686 1942 891 2004 ἐκεῖνος
915 1943 1014 2012 μὲν
1039 1941 1150 2012 γάρ
1171 1943 1496 2013 ἀναίσθητος
1525 1948 1723 2008 κεῖται,

117 2020 221 2072 καὶ
248 2021 388 2092 πρὸς
416 2022 486 2074 τά
533 2022 675 2076 καλά
708 2023 804 2077 καὶ
852 2024 990 2093 πρὸς
1041 2025 1111 2078 τά
1145 2025 1290 2078 κακά
1328 2026 1720 2095 ἀνενέργητος·

114 2097 281 2166 οὗτος
309 2103 367 2156 δὲ
401 2103 539 2175 πρὸς
573 2107 672 2177 τὴν
699 2106 808 2159 τῶν
846 2105 1032 2160 κακῶν
1068 2108 1330 2179 ἐργασίαν
1360 2109 1510 2161 ἐστὶν
1538 2110 1726 2179 ἐπιτή-

117 2183 266 2246 δειος
291 2195 310 2212 ⁸
336 2187 434 2238 καὶ⁵
456 2187 706 2259 καθάπερ
737 2190 794 2240 ἐν
825 2191 1070 2260 μνήματι
1091 2190 1167 2260 τῷ
1197 2190 1411 2260 σώματι
1431 2190 1529 2262 τὴν
1547 2192 1725 2262 ψυχὴν

115 2267 481 2342 κατορύξας,
518 2271 712 2342 νεκρὸν
766 2272 1058 2342 περιφέρει
1115 2273 1178 2325 τὸ
1210 2274 1390 2342 σῶμα.
1427 2271 1582 2339 Εἶδες
1609 2276 1727 2340 πῶς

115 2349 219 2402 τοῦ
250 2341 790 2421 δαιμονῶντόςίέστιν
831 2341 1188 2426 άθλιῶτεροςς
1225 2341 1344 2420 πῶς
1372 2357 1483 2410 τῶν
1513 2358 1727 2430 νεκρῶν

115 2434 582 2508 ἀναισθητότερος
598 2453 613 2502 ;
633 2436 821 2490 Βούλει
843 2438 905 2490 τὸ
920 2437 1139 2492 πάντων
1154 2438 1363 2493 τούτων
1385 2438 1570 2509 μεῖζον
1586 2442 1728 2495 είπω

119 2516 223 2568 καὶ
256 2516 671 2589 χαλεπώτερον;
715 2519 947 2572 Μεθύων
996 2519 1284 2590 ἄνθρωπος
1325 2523 1407 2584 είς
1448 2522 1726 2592 βασιλείαν

116 2599 377 2670 οὐρανῶν
401 2601 663 2654 εἰσελθεῖν
683 2603 743 2656 οὐ
778 2603 1001 2656 δύναται
1026 2621 1040 2634 ·
1067 2603 1150 2667 τίς
1171 2603 1346 2657 ταῦτά
1375 2621 1508 2674 φησι
1528 2622 1556 2671 ;·
1575 2606 1728 2659 Παῦ-

117 2683 236 2744 λος.
265 2682 362 2750 Μὴ
400 2684 743 2740 πλανᾶσθε·
780 2686 920 2740 οὔτε
961 2687 1194 2753 πόρνοι,
1232 2687 1372 2741 οὔτε
1409 2687 1726 2743 εἰδωλολά-

115 2783 281 2834 τραι,
302 2769 677 2838 οὖτεμοιχοί,
703 2771 844 2824 οὔτε
873 2772 1162 2838 μαλακοὶ,
1199 2772 1338 2825 οὔτε
1373 2773 1724 2840 ἀρσενοκοῖ-

115 2866 240 2920 ται,
271 2851 410 2905 οὔτε
442 2852 714 2918 κλέπται,
747 2853 888 2906 οὔτε
919 2853 1300 2920 πλεονέκται,
1341 2858 1415 2909 οὺ
1444 2855 1722 2924 μέθυσοι,

115 2934 196 2985 οὐ
221 2932 509 3001 λοίδοροι,
553 2936 666 3003 οὐχ
707 2935 974 3004 ἅρπαγες
1011 2934 1166 3007 [MO]
1213 2937 1546 3000 ,βασιλείαν
1575 2939 1724 2994 Θεοῦ

116 3016 722 3084 κληρονομήσουσιν.
759 3019 1040 3080 Ἤκουσας
1084 3019 1166 3080 είς
1200 3020 1350 3071 ποῖον
1381 3019 1542 3072 αὐτὸν
1569 3020 1722 3086 ἔταξε

115 3097 321 3166 χορόν;
367 3098 524 3152 Μετὰ
570 3099 680 3152 τῶν
739 3100 1136 3171 ήταιρηκότων,
1164 3099 1303 3169 μετὰ
1338 3101 1448 3153 τῶν
1491 3119 1723 3174 πορνευ-

117 3181 360 3246 σάντων,
395 3182 532 3251 μετά
565 3182 676 3234 τῶν
713 3183 1139 3253 είδωλολατρῶν,
1183 3183 1321 3254 μετὰ
1351 3184 1460 3237 τῶν
1493 3185 1720 3255 μοιχῶν,

119 3263 270 3330 μετά
296 3262 406 3315 τῶν
435 3264 709 3334 λοιδόρων,
745 3265 883 3335 μετὰ
913 3265 1022 3318 τῶν
1056 3264 1414 3328 πλεονεκτῶν,
1443 3267 1583 3336 μετά
1613 3268 1722 3322 τῶν

119 3346 412 3414 ἀρπάγων.
457 3346 522 3397 Τί
559 3343 673 3411 οὖν,
696 3348 860 3416 φησίν
886 3365 900 3412 ;
929 3352 958 3400 6
985 3347 1198 3417 μεθύων
1227 3349 1321 3401 καὶ
1353 3351 1381 3399 6
1403 3350 1721 3420 ήταιρηκὼς

115 3427 183 3480 τδ
210 3426 380 3491 αὐτό;
419 3429 450 3481 6
493 3428 708 3498 μεθύων
738 3430 833 3482 καὶ
863 3431 892 3481 6
920 3429 1315 3500 εἰδωλολάτρης
1339 3430 1402 3482 τὸ
1427 3432 1592 3496 αὐτό;
1626 3435 1716 3504 Μή

120 3526 216 3579 μοι
245 3509 372 3576 λέγε
418 3510 614 3574 ταῦτα,
667 3510 954 3583 ἄνθρωπε·
985 3513 1186 3580 νόμους
1235 3513 1476 3580 ἀνέγνων
1519 3513 1713 3578 θείους,

118 3593 228 3660 ἐμὲ
259 3591 357 3655 τὰς
396 3592 627 3656 εὐθύνας
657 3594 732 3663 μὴ
767 3596 988 3647 ἀπαίτει
1009 3611 1022 3624 ⁸
1051 3594 1259 3646 Παῦλον
1291 3594 1585 3664 ἐρώτησον,
1625 3599 1720 3650 καὶ

118 3675 289 3736 αὐτὸς
318 3675 692 3746 ἀποκρίνεται.
723 3677 785 3728 Εἰ
822 3678 920 3746 μὲν
948 3681 1056 3746 γὰρ
1095 3678 1190 3730 σὺν
1216 3679 1396 3740 αὐτοῖς
1430 3678 1461 3746 ἢ
1497 3679 1570 3749 μὴ
1600 3682 1717 3748 μετ’

119 3759 306 3810 αὐτῶν
365 3757 757 3811 κατατάττεται
815 3762 879 3828 τῇ
917 3760 1155 3822 κολάσει,
1209 3762 1308 3812 οὐκ
1348 3760 1456 3828 ἐχω
1491 3761 1714 3829 λέγειν·

118 3842 204 3892 ὅτι
234 3839 290 3891 δὲ
317 3840 410 3891 καὶ
435 3840 638 3909 ὁμοίως
669 3840 747 3910 τῷ
777 3841 1138 3913 smmum
1173 3842 1272 3911 τῆς
1300 3843 1579 3911 βασιλείας
1607 3845 1717 3898 τῶν

118 3926 373 3996 οὐρανῶν
411 3925 686 3991 ἐκπίπτει,
711 3926 868 3980 τοῦτο
905 3929 1112 3998 σφόδρα
1139 3928 1204 3980 ἂν
1237 3921 1713 4001 διισχυρισαίμην·

117 4008 318 4061 τούτου
340 4006 396 4060 δὲ
419 4009 872 4078 ὁμολογουμένου,
898 4011 949 4062 τί
971 4010 1157 4062 λοιπὸν
1188 4012 1286 4081 ἐμὲ
1310 4013 1541 4074 εὐθύνας
1563 4017 1716 4068 ἀπαι-

118 4093 235 4152 τεῖς
254 4090 350 4142 τοῦ
382 4090 581 4160 μέτρου
607 4092 705 4162 τῆς
730 4092 1037 4163 ἀμαρτίας;
1071 4093 1240 4146 Ὅταν
1273 4094 1382 4164 γὰρ
1415 4095 1521 4160 ἔξω
1560 4099 1716 4171 μείνῃ

118 4173 235 4225 τῶν
271 4172 474 4243 θυρῶν,
500 4173 629 4226 ὅταν
680 4175 886 4245 ἐκπέσῃ
911 4176 1008 4244 τῆς
1041 4174 1334 4245 βασιλείας,
1356 4178 1483 4231 ὅταν
1511 4179 1716 4250 ἔρημος

118 4258 353 4324 γένηται
380 4257 479 4326 τῆς
516 4258 810 4327 σωτηρίας,
847 4260 975 4311 ὃταν
1003 4261 1082 4322 εἰς
1122 4260 1221 4330 τήν
1251 4261 1471 4314 κόλασιν
1499 4264 1716 4318 αἰώνιον

120 4339 509 4410 παραπεμφθῇ
529 4355 543 4367 ’
573 4339 623 4391 τί
674 4357 762 4408 μοι
801 4342 974 4411 μέτρα
1009 4344 1426 4412 ἁμαρτημάτων
1454 4346 1548 4397 καὶ
1576 4346 1717 4415 ζυγά

118 4425 216 4474 καὶ
281 4422 521 4490 στάθμια
585 4424 919 4493 προτείνει;;
957 4424 1184 4488 Ὄντως,
1223 4428 1513 4497 ἀγαπητοὶ,
1544 4429 1714 4483 δεινὸν

118 4507 152 4574 ή
178 4504 320 4573 μέθη
355 4507 449 4557 καὶ
473 4505 708 4574 χαλεπὸν
748 4507 909 4559 πάνυ.
942 4509 1015 4560 Οὐ
1046 4507 1183 4578 πρὸς
1215 4509 1240 4546 ιι
1267 4509 1410 4578 ὑμᾶς
1440 4509 1598 4577 λέγω·
1638 4513 1712 4583 μὴ

116 4587 366 4653 γένοιτο·
424 4587 564 4639 πάνυ
605 4587 714 4658 γὰρ
759 4589 1084 4658 πέπεισμαι,
1129 4590 1210 4640 ὅτι
1254 4591 1470 4662 καθαρά
1500 4593 1710 4664 ὐμῶνή

113 4670 266 4738 ψυχὴ
314 4668 408 4720 τοῦ
468 4671 772 4740 νοσήματος
825 4673 920 4723 καὶ
973 4671 1068 4723 τοῦ
1125 4673 1329 4736 πάθους
1368 4677 1580 4740 τούτου,
1621 4681 1713 4731 καὶ

112 4753 420 4822 τεκμήριον
467 4751 566 4819 τῆς
627 4753 812 4820 ὑγείας
860 4755 893 4823 ή
923 4751 1155 4806 ἐνταῦθα
1197 4755 1466 4827 διατριϐὴ,
1506 4762 1537 4828 ἡ
1574 4761 1714 4829 μετά

115 4834 358 4902 σπουδῆς
403 4833 650 4898 σύνοδος,
684 4835 995 4903 ἡινήφουσα
1040 4838 1332 4907 ἀκρόασις·
1382 4841 1556 4904 οὐδεὶς
1601 4843 1712 4912 γὰρ

113 4918 243 4984 οἴνῳ
296 4915 514 4984 μεθύων
558 4915 844 4992 ἐπιθυμεῖν
897 4917 1056 4970 θείων
1102 4920 1295 4986 λογίων
1341 4922 1582 4976 δύναται.
1612 4926 1709 4992 Μὴ

107 5000 492 5066 μεθύσκεσθε
512 4998 655 5064 οϊνῳ
681 4998 750 5050 ἐν
783 4991 830 5063 ᾧ
865 4999 1038 5052 ἐστιν
1067 5000 1296 5054 ἀσωτία
1314 5021 1327 5034 ·
1365 5006 1526 5059 ἀλλὰ
1553 4991 1709 5074 πληὲ

109 5081 340 5148 ροῦσθε
359 5081 430 5133 ἐν
450 5082 749 5148 Πνεύμαῖι
777 5092 825 5132 ε.
845 5080 994 5152 Αὐτη
1021 5083 1054 5152 ἡ
1083 5083 1220 5154 καλή
1258 5086 1395 5158 μέθη
1417 5105 1429 5117 ·
1458 5089 1708 5160 κάρωσόν

114 5182 210 5216 σου
239 5163 340 5232 τὴν
390 5162 569 5232 ψυχὴν
627 5162 707 5231 τῷ
764 5163 1062 5232 Πνεύματι,
1107 5166 1194 5219 ἵνα
1227 5169 1300 5238 μή
1341 5170 1597 5241 καρώσῃς
1637 5175 1704 5244 τῇ

117 5247 288 5315 μέθη·
324 5244 708 5314 προκατάλαὸε
734 5247 833 5315 τὴν
855 5246 1092 5301 διάνοιαν
1115 5251 1207 5301 καὶ
1238 5252 1364 5314 τοὺς
1380 5252 1673 5322 λογισμοὺς
1689 5296 1702 5319 ,

112 5330 197 5379 ἵνα
234 5331 308 5398 μὴ
344 5326 481 5396 εὐρῃ
521 5326 703 5397 χώραν
738 5330 913 5380 ἐκεῖνο
946 5329 1008 5382 τὸ
1042 5331 1212 5394 πάθος
1242 5333 1302 5384 τὸ
1329 5335 1702 5404 ἀναίσχυντον.

111 5411 211 5464 Διά
233 5409 393 5462 τοῦτο
425 5410 526 5462 οὐκ
547 5407 690 5473 εἷπε,
716 5411 986 5482 Μετέχετε
1017 5414 1352 5484 Πνεύματος,
1376 5417 1512 5470 ἀλλὰ
1540 5422 1704 5487 Πλη-

171 5579 196 5606 ⁴¹
220 5577 421 5627 Γοοὶδίίη.
441 5577 526 5633 τήν
548 5579 772 5626 διάνοιαν.

172 5639 198 5677 δ
226 5641 348 5706 Reg:
371 5640 829 5706 1:90xpivag;As_:_v6v
849 5643 877 5697 ἡ
904 5644 1038 5702 μέθη,
1067 5645 1120 5690 οὐ
1141 5645 1271 5706 πρὸς,
1300 5645 1420 5704 Rvg.
1461 5659 1578 5694 vero
1602 5649 1630 5694 2
1652 5651 1698 5697 in

111 5706 278 5748 mulm
302 5703 485 5771 umque
511 5711 678 5751 variat.
719 5702 816 5751 Nos
856 5717 915 5752 Ca
963 5711 1147 5754 tantum
1181 5702 1302 5767 ἰιιιω
1335 5702 1449 5757 sunt
1493 5710 1701 5771 alicujus

111 5765 346 5810 mnuwnli
377 5769 618 5809 uiolamus.

170 5826 190 5853 ε
226 5825 337 5884 Ιίνεζ.
375 5825 404 5870 2
431 5824 690 5886 τιληρσῦσθς
721 5826 988 5886 Πλύμαισμ

1780 5758 1783 5760 .
1865 5709 1890 5749 d
1916 5711 2047 5780 ch._
2089 5713 2103 5760 I
2153 5719 2215 5769 εἰς
2255 5717 2515 5776 ἐπιθυμίαν.
2569 5719 2624 5768 IL
2656 5721 2686 5766 ‘2
2718 5723 2781 5776 εἰς
2821 5721 3058 5780 εὐθυμίας.

1118 423 1207 479 DE
1249 422 1840 481 RESURRECTIONE
1868 424 1929 483 D.
1960 425 2024 481 N.
2061 425 2219 483 JESU
2250 423 2547 485 CIIRISTF.
3313 426 3419 482 3.7-6

1821 547 2049 612 ροῦσθε
2073 546 2440 614 Πνεύματος.
2460 543 2606 605 Ἕως
2637 541 2748 596 ἄνω
2775 541 2872 612 τὴν
2903 541 3138 594 διάνοιαν
3169 541 3421 612 καθάπερ

1825 635 2090 706 ποτήριον
2111 631 2204 686 τοῦ
2244 630 2565 701 Πνεύματος
2594 629 2901 699 πλήρωσον,
2935 629 3020 680 ἵνα
3058 628 3224 696 μηδὲν
3256 631 3422 699 ἐμΰα-

1822 721 1935 774 λεῖν
1992 720 2194 792 δυνηθῇ
2226 719 2412 772 λοιπὸν
2470 719 2499 770 6
2544 716 2824 791 διάϐολος·
2880 716 2942 768 οὐ
2986 715 3096 784 γὰρ
3125 714 3312 777 ἁπλῶς
3341 717 3422 770 δεῖ

1824 809 2074 879 μετέχειν
2127 806 2315 861 λοιπὸν
2364 806 2460 859 τοῦ
2497 803 2834 873 Πνεύματος,
2885 802 3024 856 ἀλλά
3079 801 3418 873 πληροῦσθαι

1820 896 2164 967 Πνεύματος,
2220 894 2476 964 ψαλμοῖς,
2525 892 2736 962 ὕμνοις,
2783 890 2958 960 ᾠδαῖς
2999 892 3420 960 πνευματικαῖς,

1819 976 1896 1036 ὧν
1931 981 2293 1054 ἐπληρώθητε
2341 983 2603 1052 σήμερον.
2647 977 2745 1030 Διά
2767 976 2928 1032 τοῦτο
2959 975 3147 1048 θαρρῶ
3177 976 3421 1046 περὶτῆς

1822 1071 2187 1144 σωφροσύνης
2215 1070 2394 1140 ὑμῶν.
2432 1070 2623 1122 Ἔστιν
2665 1068 2797 1138 ἡμῖν
2822 1065 3080 1137 ποτήριον
3115 1065 3287 1135 μέθης
3322 1081 3420 1116 κα-

1817 1160 1932 1225 λὸν,
1989 1159 2104 1213 ἔστι
2135 1160 2396 1229 ποτήριον
2452 1155 2624 1228 μέθης
2675 1151 3030 1225 σωφροσύνην
3088 1151 3297 1216 ποιοῦν,
3357 1150 3421 1202 οὐ

1820 1247 2152 1319 παράλυσιν.
2183 1246 2344 1298 Ποῖον
2380 1243 2437 1298 δὲ
2490 1241 2648 1295 τοῦτο
2669 1260 2686 1305 ;
2708 1241 2751 1292 Τ
2755 1240 2784 1293 δ
2816 1241 3074 1310 ποτήριον
3095 1240 3155 1291 τὸ
3181 1254 3423 1308 πνευμα·

1820 1337 1992 1401 τικὸν,
2038 1335 2101 1387 τὸ
2152 1333 2412 1403 ποτήριον
2440 1330 2503 1383 τδ
2530 1329 2797 1398 ἄχραντον
2833 1328 2927 1381 τοῦ
2960 1327 3192 1395 αἵματος
3216 1326 3309 1378 τοῦ
3332 1329 3422 1378 Δε-

1823 1421 2105 1479 σποτικοῦ.
2163 1419 2373 1474 Ἐκεῖνο
2414 1418 2475 1472 οὐ
2542 1419 2688 1471 ποιεῖ
2731 1415 2924 1486 μέθην,
2977 1417 3153 1467 ἐκεῖ-ιο
3179 1413 3241 1465 οὐ
3274 1415 3423 1466 ποιεῖ

1823 1511 2128 1581 παράλυσιν
2155 1523 2169 1537 ο
2199 1507 2262 1560 οὐ
2301 1505 2409 1576 γὰρ
2458 1502 2728 1575 παραλύει
2761 1501 3014 1571 δύναμιν,
3069 1500 3182 1554 άλλτ
3213 1501 3423 1570 ἐγείρει

1823 1597 2056 1667 δύναμιν
2081 1611 2094 1626 ·
2125 1595 2304 1648 ἐκεῖνο
2331 1594 2392 1646 οὐ
2421 1591 2680 1645 καταλύει
2705 1590 2775 1642 τὰ
2797 1589 2988 1659 νεῦρα,
3017 1588 3153 1642 ἀλλὰ
3175 1591 3323 1640 τονοῖ
3348 1587 3419 1639 τά

1824 1689 1992 1760 νεῦρα
2017 1703 2031 1718 ·
2074 1688 2254 1742 ἐκεῖνο
2279 1684 2388 1756 γὰρ
2423 1683 2584 1754 νῆψιν
2617 1684 2779 1747 ποιεῖ,
2807 1683 2983 1735 ἐκεῖνο
3012 1681 3290 1751 αίδέσιμον
3320 1682 3420 1750 ἀγ-

1824 1783 2026 1848 γέλοις,
2092 1778 2322 1850 φθὸερδν
2365 1777 2616 1848 δαίμοσι,
2678 1777 2859 1846 τίμιον
2905 1778 3017 1838 τοῖς
3064 1774 3417 1845 ἀνθρώποις,

1825 1874 2128 1946 ἐπέραστον
2186 1871 2267 1943 τῷ
2321 1869 2585 1942 Δεσπότῃ.
2619 1870 2784 1939 Ὁρᾷς
2823 1867 2941 1929 πῶς
2999 1884 3162 1937 φησιν
3197 1867 3226 1917 ὁ
3256 1864 3421 1918 Δαυῖδ

1827 1965 1957 2035 περὶ
1983 1963 2079 2016 τοῦ
2111 1961 2370 2032 ποτηρίου
2393 1959 2583 2015 τούτου
2610 1959 2705 2026 τοῦ
2735 1956 3109 2029 πνευματικοῦ
3137 1957 3230 2009 τοῦ
3267 1958 3323 2008 ἐν
3349 1959 3417 2026 τῇ

1825 2054 2078 2128 τραπέζῃ
2109 2053 2283 2125 ταύτῃ
2313 2051 2569 2123 κειμένου
2593 2067 2607 2117 ;
2637 2051 3006 2119 Ἤτοίμασας
3023 2046 3282 2101 ἐνώπιόν
3297 2063 3418 2117 μου

1828 2145 2143 2214 τράπεζαν,
2177 2145 2246 2209 ἐξ
2262 2144 2543 2209 ἐναντίας
2566 2141 2686 2196 τῶν
2714 2143 3046 2198 θλιϐόντων
3068 2156 3174 2210 με·
3211 2141 3420 2193 6.11.1“:-

1826 2255 1938 2303 νας
1973 2237 2044 2291 ἐν
2064 2237 2248 2302 ἐλαίῳ
2269 2236 2384 2304 τὴν
2416 2233 2694 2306 κεφαλήν
2709 2252 2852 2304 μου,
2891 2234 2991 2288 καὶ
3037 2234 3101 2286 τὸ
3133 2230 3422 2300 ποτήριόν

1827 2347 1945 2386 σου
1978 2332 2292 2400 μεθύσκον
2320 2331 2466 2384 ὡσεὶ
2499 2330 2842 2398 κράτιστον.
2867 2328 2986 2381 Ἵνα
3013 2327 3121 2398 γὰρ
3148 2329 3222 2398 μὴ
3252 2326 3420 2380 ἀκού-

1829 2438 1930 2485 σας
1955 2421 2128 2493 μέθης
2154 2423 2327 2492 ὅνομα
2356 2421 2600 2492 φοῦηθῇς
2627 2420 2850 2484 εὐθέως,
2879 2422 2974 2474 καὶ
3009 2418 3238 2492 νομίσῃς
3266 2417 3422 2471 ἀσθε-

1826 2514 1976 2577 νείας
2015 2509 2155 2567 εἶναι
2191 2514 2496 2585 ποιητικὸν,
2541 2514 2824 2582 ἐπήγαγεν
2850 2511 2932 2563 δτι
2963 2510 3256 2581 κράτιστόν
3303 2512 3422 2563 ἐστι

1826 2604 1923 2657 καὶ
1952 2603 2191 2674 ἰσχυρόν.
2240 2603 2440 2665 Καινὸς
2479 2602 2683 2672 τρόπος
2715 2599 2906 2671 μέθης,
2941 2599 3094 2668 ἰσχὺν
3125 2597 3420 2668 ἐντίθησιν,

1825 2697 2069 2767 ἐγκρατῆ
2123 2696 2270 2748 ποιεῖ
2321 2695 2416 2748 καὶ
2447 2694 2706 2747 δυνατόν·
2762 2693 2872 2746 ἀπὸ
2912 2690 3022 2761 γάρ
3056 2688 3156 2758 τῆς
3213 2687 3421 2757 πέτρας

1789 2785 2052 2866 [ἐρρευσε
2103 2786 2203 2856 τῆς
2231 2784 2644 2854 πνευματικῆς·
2687 2783 2789 2836 οὐκ
2814 2780 2938 2866 ἐστι
2969 2777 3303 2850 παρατροπὴ
3329 2777 3422 2830 λο-

1824 2853 2062 2948 γισμῶν,
2101 2853 2238 2928 ἀλλὰ
2271 2853 2876 2946 προσθήκηλογισμῶν
2931 2867 3344 2939 πνευματικῶν.

1894 2973 1964 3036 γ’.
1991 2965 2209 3035 Ταύτην
2245 2963 2535 3036 μεθύωμεν
2573 2963 2670 3032 τὴν
2709 2959 2900 3031 μέθην·
2931 2957 3149 3029 ἐκείνης
3176 2956 3232 3009 δὲ
3265 2954 3419 3028 [ιι-ιι]

1823 3059 2181 3129 ἀπεχώμεθα,
2214 3057 2302 3108 ἴνα
2364 3055 2440 3126 μὴ
2483 3052 2934 3124 καταισχύνωμεν
2984 3051 3085 3120 τήν
3137 3047 3423 3118 παροῦσαν

1823 3151 2018 3220 ἑορτήν
2039 3165 2053 3178 ·
2114 3147 2276 3218 ἑορτὴ
2309 3145 2419 3216 γάρ
2448 3146 2482 3214 ή
2520 3143 2772 3213 παροῦσα
2796 3143 2919 3212 οὐχὶ
2945 3144 3046 3211 τῆς
3075 3140 3182 3208 γῆς
3234 3139 3416 3209 μόνον,

1821 3241 1960 3297 ἀλλά
1993 3237 2204 3294 καὶτοῦ
2237 3235 2490 3306 οὐρανοῦ.
2522 3235 2767 3305 Σήμερον
2797 3235 2853 3286 ἐν
2881 3234 2951 3302 γῇ
2978 3231 3143 3301 χαρά,
3179 3230 3418 3298 σήμερον

1822 3333 1881 3384 ἐν
1933 3328 2150 3402 οὐρανῷ
2197 3327 2372 3398 χαρά·
2403 3327 2452 3379 εί
2486 3325 2595 3394 γὰρ
2623 3323 2742 3386 ἐνὸς
2793 3319 3119 3394 ἀμαρτωλοῦ
3167 3317 3419 3388 ἐπιπρέ-

1822 3435 2037 3487 φοντος,
2096 3415 2241 3487 χαρά
2289 3415 2382 3468 ἐπὶ
2416 3414 2517 3482 γῆς
2559 3411 2655 3464 καὶ
2688 3410 2941 3481 οὐρανοῦ,
2983 3407 3164 3478 πολλῷ
3219 3407 3419 3477 μᾶλλον

1820 3494 1918 3579 τῆς
1950 3509 2276 3578 οἰκουμένης
2329 3505 2550 3574 ἀπάσης
2597 3500 3033 3573 ἐξαρπασθείσης
3068 3499 3176 3552 τῶν
3218 3498 3416 3568 χειρῶν

1819 3602 1914 3654 τοῦ
1962 3599 2206 3653 διαϐόλου
2235 3597 2378 3669 χαρά
2415 3596 2566 3649 ἔσται
2602 3597 2660 3648 ἐν
2697 3593 2933 3665 οὐρανῷ.
2969 3591 3084 3644 Νῦν
3125 3589 3416 3661 σκιρτῶσιν

1819 3693 2064 3761 ἄγγελοι,
2089 3690 2182 3746 νῦν
2213 3691 2495 3760 χαίρουσιν
2525 3687 2883 3757 ἀρχάγγελοι,
2918 3684 3012 3738 νῦν
3051 3684 3120 3736 τά
3134 3683 3416 3752 Χερουεῆμ

1822 3787 1914 3837 καὶ
1939 3783 2008 3836 τά
2032 3782 2283 3854 Σεραφὶμ
2335 3781 2451 3851 μεθ’
2493 3780 2650 3850 ήμῶν
2705 3777 2954 3847 ἑορτάζει
2998 3774 3097 3845 τὴν
3133 3774 3417 3844 παροῦσαν

1819 3877 2045 3946 ἑορτήν·
2090 3877 2193 3928 οὐκ
2246 3872 2664 3942 ἐπαισχύνονται
2719 3871 2845 3932 τοὺς
2899 3865 3236 3928 συνδούλους,
3281 3865 3415 3917 ἀλλὰ

1820 3968 2174 4040 συγχαίρουσι
2209 3968 2320 4029 τοῖς
2349 3965 2636 4035 ἡμετέροις
2658 3961 2901 4031 ἀγαθοῖς.
2931 3960 2994 4012 El
3028 3959 3137 4028 γὰρ
3171 3959 3416 4030 ἡμετέρα

1816 4062 1849 4130 ή
1875 4061 2031 4129 χάρις
2055 4060 2087 4128 ή
2118 4059 2265 4128 παρὰ
2279 4056 2375 4108 τοῦ
2406 4056 2700 4118 Δεσπότου,
2728 4052 2864 4104 ἀλλὰ
2889 4051 3044 4122 κοινή
3072 4051 3165 4102 καὶ
3190 4050 3413 4123 ἐκείνων

1817 4152 1851 4218 ἡ
1886 4150 2070 4220 ἡδονή.
2104 4149 2213 4201 Καὶ
2243 4148 2296 4199 τί
2357 4146 2499 4214 λέγω
2536 4144 2664 4207 τούς
2699 4142 3046 4207 συνδούλους;
3077 4141 3292 4204 Αὐτὸςὸ
3318 4141 3413 4191 Δε-

1819 4240 2023 4310 σπότης
2057 4239 2234 4293 αὐτῶν
2257 4256 2317 4292 τε
2346 4240 2440 4290 καὶ
2473 4237 2629 4308 ήμῶν
2653 4237 2752 4289 οὐκ
2774 4235 3163 4306 ἐπαισχύνεται
3195 4251 3412 4302 συνεορ-

1815 4331 2021 4394 τάζειν.
2050 4330 2223 4384 Καὶτί
2246 4329 2353 4400 χρὴ
2376 4329 2575 4395 λέγειν,
2598 4327 2794 4380 ὅτιούκ
2813 4325 3228 4396 ἐπαισχύνεται;
3249 4325 3410 4377 Ἐπι-

1816 4421 2016 4490 θυμίςι,
2069 4421 2254 4489 φησὶν,
2303 4419 2655 4487 ἐπεθύμησα
2704 4418 2770 4471 τὸ
2824 4416 3042 4485 Πάσχα
3079 4415 3253 4468 τοῦτο
3280 4417 3410 4483 μεθ’

1815 4511 1982 4581 ὑμῶν
2002 4511 2244 4582 φαγεῖν·
2277 4513 2323 4562 εἰ
2351 4511 2408 4562 δὲ
2445 4513 2503 4563 τὸ
2539 4511 2728 4580 [ιάσχα
2755 4509 3101 4580 ἐπεθύμησεν
3126 4511 3256 4578 ἡμῖν
3279 4526 3407 4561 συν-

1816 4605 2094 4674 εορτάσαι,
2119 4603 2278 4672 δῆλον
2299 4604 2379 4655 ὅτι
2407 4603 2498 4655 καὶ
2526 4604 2624 4673 τὴν
2650 4604 2965 4656 ἀνάστασιν.
3002 4603 3167 4655 Ὅταν
3187 4599 3280 4655 οὖν
3306 4604 3407 4670 ἆγ-

1813 4697 1960 4764 γελοι
1986 4696 2236 4767 χαίρωσι,
2279 4700 2374 4751 καὶ
2403 4697 2752 4770 ἀρχάγγελοι,
2772 4696 2866 4749 καὶ
2891 4693 3078 4747 πασῶν
3106 4696 3211 4747 τῶν
3233 4695 3409 4766 οὐρα-

1813 4789 1940 4841 νίων
1969 4789 2253 4860 δυνάμεων
2280 4794 2307 4844 6
2333 4793 2608 4860 Δεσπότης
2638 4792 2768 4861 ήμῖν
2804 4789 3158 4859 συνεορτάζῃ,
3192 4789 3274 4849 τίς
3309 4787 3408 4840 λεί-

1814 4899 1974 4934 πεται
1999 4883 2183 4935 λοιπὸν
2213 4885 2293 4946 εἰς
2314 4883 2552 4953 ἀθυμίαν
2578 4881 2611 4922 ἀ
2645 4883 2801 4950 λόγος
2823 4900 2838 4949 ;

1884 4974 2088 5043 Μηδεὶς
2122 4977 2289 5044 πένης
2323 4976 2463 5027 ἔστω
2475 4975 2724 5045 κατηφὴς
2757 4975 2847 5027 διὰ
2872 4974 2970 5043 τὴν
2992 4975 3182 5026 πενίαν
3203 4991 3215 5002 ·
3243 4975 3405 5044 ἑορτὴ

1811 5064 1920 5135 γὰρ
1949 5065 2087 5135 αὐτη
2141 5067 2519 5149 πγυματική·
2566 5067 2755 5136 μηδεὶς
2795 5066 3050 5128 πλούσιος
3092 5065 3404 5135 ἐπαιρέσθω

1809 5157 1896 5208 διὰ
1923 5157 2016 5210 τὸν
2043 5158 2302 5210 πλοῦτον·
2359 5160 2511 5229 οὐδὲν
2559 5161 2666 5230 γάρ
2709 5161 2817 5211 άπὸ
2844 5159 2951 5210 τῶν
2991 5160 3286 5228 χρημάτων
3323 5163 3402 5220 εἰς

1808 5247 2121 5319 τὴνήδονὴν
2148 5251 2246 5318 τῆς
2291 5251 2480 5322 ἑορτῆς
2533 5253 2859 5320 εἰσενεγκεῖν
2907 5251 3130 5304 δύναται
3174 5251 3398 5319 ταύτης.

1821 5339 1944 5390 Ἐπὶ
1969 5339 2068 5408 μὲν
2098 5341 2206 5410 γάρ
2220 5340 2326 5391 τῶν
2351 5341 2548 5407 ἔξωθεν
2577 5343 2779 5413 ἑορτῶν
2812 5342 2918 5394 τῶν
2945 5343 3238 5412 βιωτικῶν,
3270 5344 3399 5395 ἔνθα

1807 5430 1974 5493 πολὺς
2007 5433 2263 5502 ἄκρατος,
2315 5435 2443 5486 ἔνθα
2488 5433 2733 5505 τράπεζα
2767 5434 3048 5504 πλήθουσα
3072 5437 3165 5487 καὶ
3199 5437 3398 5504 ἀδηφαα

1805 5521 1919 5589 γία,
1945 5523 2072 5577 ἔνθα
2108 5525 2488 5595 ἀσχημοσύνη,
2521 5528 2614 5579 καὶ
2641 5527 2830 5594 γέλως,
2867 5526 2994 5579 ἔνθα
3024 5530 3172 5580 πάσα
3203 5532 3397 5597 πομπή

1865 5723 1890 5749 α
1917 5723 2037 5774 Heg.
2089 5723 2103 5760 l
2153 5723 2215 5769 εἰς
2255 5723 2515 5776 ἐπιθυμίαν.
2569 5723 2624 5768 ιι.
2656 5723 2686 5766 2
2718 5723 2781 5776 εἰς
2821 5723 3058 5780 εὐθυμίας.
3089 5723 3367 5783 llit'pnslm

1805 5786 1912 5819 mus
1971 5775 2153 5834 ubith
2210 5791 2255 5823 Ill
2316 5782 2574 5828 Emissimis
2629 5781 2795 5830 variat.
2855 5782 3057 5833 (luisliu.
3146 5787 3198 5832 :i;
3265 5783 3366 5828 ;·“ι¹ι·.ι

1811 5837 1916 5889 τιν’τιν
1962 5838 2165 5886 Privata:
2203 5842 2348 5888 [οων
2379 5840 2523 5889 Ldui.
