4070 6440
689 396 793 453 637

690 513 977 603 Σατανικὴ,
1008 520 1290 603 είκότωςιό
1321 524 1419 593 μὲν
1453 524 1621 593 πένης
1660 530 1931 603 κατηφὴς,
1958 533 1986 582 6
2012 528 2067 582 δὲ
2094 526 2258 580 πλού-

686 598 894 682 σιοςᾷεν
939 601 1279 675 φαιδρότητι·
1331 605 1383 658 τί
1407 598 1978 682 δήποτεςὌτιόμὲν
2005 612 2258 672 πλούσιος

682 676 874 763 δαψιλῆ
913 685 1269 752 παρατίθεται
1310 687 1607 757 τράπεζαν,
1631 692 1726 745 καὶ
1764 676 1962 763 μάλλον
1994 689 2250 747 ἀπολαύει

1443 410 1500 465 5.
1549 410 1836 471 JOANNIS
1870 409 2362 473 CHRYSOSTOIII
2402 418 2724 478 ARCIIIEP.
2757 422 3300 482 CONSTAN'I'INOP.

3844 426 3947 480 638

2364 548 2475 596 ται,
2508 537 2601 588 καὶ
2643 536 2913 602 ταλανίζει
2937 537 3087 607 παρὰ
3117 538 3319 602 πάντας
3346 535 3556 593 ἑαυτόν.
3596 536 3868 592 Ἐνταῦθα
3892 542 3948 593 δὲ

2365 623 2461 674 καὶ
2481 622 2619 694 αὐτη
2647 626 2680 693 ἡ
2712 622 2885 677 ένδεια
2901 624 3202 694 ἀνῄρηται·
3236 624 3294 676 ἓν
3314 624 3422 694 γὰρ
3444 624 3594 696 παρὰ
3609 625 3783 677 πᾶσιν
3801 628 3946 681 ἔστιν

2367 708 2603 779 ίμάτιον,
2641 710 2701 762 τὸ
2721 710 2941 781 λουτρὸν
3053 712 3316 780 σωτήριον
3336 728 3349 741 ·
3385 711 3559 765 Ὅσοι
3594 712 3727 781 γάρ,
3758 712 3946 782 φησιν,

681 762 984 868 ξξιζξμῆξςνηῇ
1000 765 1069 868 ἒξ
1087 768 1272 868 ξένης
1325 769 1455 868 δεπζι,
1472 771 1573 868 τῆς
1606 774 1796 868 πενίας
1830 774 2114 868 ,ξωλιξται
2139 774 2261 868 ,ῖῖιν
2362 762 2448 863 εὶς
2502 762 2761 865 Χρίστὸν
2812 762 3225 867 ἐϐαπτίσθητε,
3246 762 3524 868 imo-5
3542 762 3944 856 ἑεὲὲέσᾨάέῖ

680 844 847 914 αὐτὴν
902 847 1211 919 φιλοτιμίαν
1252 850 1650 917 ἐπιδείξασθαιο
1697 855 1928 909 ἐνταῦθα
1988 857 2045 910 δὲ
2100 844 2255 911 οὐδέν

679 927 919 980 τοιοῦτον
934 946 947 959 ·
982 931 1079 999 μία
1106 932 1352 1010 τράπεζα
1364 936 1457 987 καὶ
1470 934 1547 1006 τῷ
1576 937 1811 1008 πλουσίῳ
1834 940 1924 991 καὶ
1942 939 2019 1009 τῷ
2040 940 2252 1010 πένητι,

681 1007 787 1061 κάν
819 1008 1069 1076 πλούσιός
1098 1030 1178 1076 τις
1202 1009 1257 1088 ᾗ,
1294 1016 1447 1070 οὐδὲν
1471 1020 1535 1088 τῇ
1553 1007 1795 1089 τραπέζῃ
1820 1007 2127 1090 προσθεῖναι
2164 1007 2253 1074 δύ-

681 1108 837 1145 ναται
858 1108 873 1123 '
912 1094 1013 1147 κᾶν
1040 1095 1226 1166 πένης,
1260 1099 1413 1152 οὐδὲν
1441 1099 1656 1153 ἔλαττον
1686 1102 1831 1174 παρά
1856 1103 1952 1172 τῆς
1980 1103 2167 1168 πενίας
2184 1103 2253 1157 τά

681 1178 779 1255 τῆς
808 1175 1086 1239 κοινωνίας
1131 1177 1459 1234 διακείσεται
1490 1198 1501 1209 ·
1546 1182 1665 1235 θεία
1691 1185 1798 1255 γάρ
1824 1187 1971 1238 ἐστιν
2002 1184 2215 1255 ἠχάρις
2234 1202 2249 1217 ·

682 1254 776 1336 καὶ
815 1256 867 1308 τί
897 1255 1195 1327 θαυμάζεις
1238 1263 1287 1314 εί
1316 1262 1552 1334 πλουσίῳ
1580 1266 1674 1317 καὶ
1709 1266 1929 1335 πένητι;
1964 1254 2123 1336 Αὐτῷ
2146 1266 2252 1336 γὰρ

680 1335 755 1419 τῷ
781 1336 991 1407 βασιλεῖ
1002 1340 1078 1411 τῷ
1094 1342 1153 1395 τὸ
1174 1343 1407 1414 διάδημα
1431 1347 1815 1418 περικειμένῳ,
1848 1347 1924 1418 τῷ
1944 1348 2042 1417 τὴν
2063 1335 2252 1419 ἀλουρ-

678 1418 798 1501 γίδα
827 1419 1022 1491 ἔχοντι,
1051 1423 1129 1493 τῷ
1154 1424 1253 1493 τὴν
1276 1425 1985 1501 έξουσίανὲγκεχειρισμένῳ
2008 1430 2107 1499 τῆς
2125 1418 2247 1499 γῆς,

680 1500 872 1573 ἐκείνῳ
893 1502 971 1573 τῷ
996 1502 1223 1572 βασιλεῖ,
1257 1506 1440 1578 καὶτῷ
1482 1508 1683 1580 πτωχῷ
1709 1510 1786 1582 τῷ
1817 1500 1963 1582 πρὸς
1980 1511 2077 1581 τὴν
2098 1511 2252 1580 ἐλεη-

683 1587 920 1658 μοσύνην
946 1590 1289 1663 καθεζομένῳ
1311 1594 1407 1664 μία
1422 1594 1668 1665 τράπεζα
1690 1598 1991 1667 πρόκειται.
2016 1597 2252 1651 Τοιαῦτα

679 1668 748 1721 τά
775 1669 925 1741 δῶρα
945 1671 1013 1725 τά
1039 1674 1342 1729 Δεσποτικά
1359 1692 1373 1706 ⁶
1401 1677 1461 1729 οὐ
1488 1680 1601 1741 τοῖς
1632 1677 1906 1750 ἀξιώμασι
1926 1679 2125 1751 διαιρεῖ
2152 1679 2251 1751 τὴν

680 1752 983 1817 κοινωνίαν,
1012 1755 1146 1810 ἀλλά
1167 1759 1233 1827 τῇ
1268 1759 1582 1830 προαιρέσει
1616 1761 1710 1814 tl
1737 1764 1801 1831 τῇ
1832 1762 2055 1834 διανοίᾳ.

751 1834 971 1906 [Ὅταν
1026 1838 1135 1910 γάρ
1168 1839 1283 1912 ῖδῃς
1343 1842 1401 1893 ὲν
1446 1844 1711 1914 ἐκκλησίᾳ
1764 1845 1973 1915 πένητα
2012 1845 2250 1916 πλουσίῳ

681 1919 1021 1987 παρεστῶτα,
1068 1920 1250 1992 ἰδιώτῃ
1283 1924 1535 1995 ἄρχοντα,
1574 1925 1765 1995 εὐτελῆ
1798 1926 1877 1996 τῷ
1908 1928 2248 1998 ὑπερέχοντι,

677 2000 767 2051 τὸν
797 2000 905 2063 ἔξω
946 2002 1214 2073 τρέμοντα
1244 2004 1342 2075 τὴν
1387 2005 1721 2072 δυναστείαν,
1752 2007 1860 2060 ἔσω
1903 2008 2075 2073 ἀδεῶς
2112 2027 2248 2080 συμ-

600 2074 623 2080 ”
679 2082 1003 2152 παρεστῶτα
1030 2087 1093 2152 τῇ
1146 2085 1451 2156 δυναστείᾳ,
1483 2087 1674 2158 νόησον
1702 2088 1754 2142 τί
1773 2091 1911 2154 ἐστι,
1940 2090 2080 2146 Τότε
2106 2074 2251 2161 συμ-

678 2163 1121 2232 ϐοσκηθήσεται
1166 2169 1355 2232 λύκος
1398 2169 1549 2237 μετὰ
1593 2169 1810 2238 ἀρνῶν.
1842 2171 2019 2225 Λύκον
2072 2174 2249 2227 τοίνυν

680 2241 887 2315 καλεῖὴ
915 2245 1099 2317 Γραφὴ
1126 2248 1218 2300 τὸν
1250 2248 1521 2315 πλούσιον,
1547 2251 1732 2321 ἀρνίον
1764 2253 1854 2306 τὸν
1882 2254 2112 2325 πτωχόν.
2141 2256 2249 2309 Καὶ

679 2325 843 2408 πόθεν
873 2325 1049 2391 τοῦτο,
1083 2330 1166 2382 ὅτι
1197 2330 1526 2400 Κοινωνήσει
1555 2332 1716 2397 λύκος
1736 2335 1932 2405 ἀρνίῳ,
1960 2335 2019 2388 δν
2049 2338 2249 2408 τρόπον

680 2407 929 2491 πλούσιος
979 2409 1117 2479 μετά
1153 2411 1403 2481 πωχοῦς
1449 2415 1688 2484 Πρόσεχε
1723 2417 1984 2487 ἀκριϐῶς.
2010 2407 2247 2491 Ἔστηκε

680 2490 932 2571 πολλάκις
956 2491 1208 2555 πλούσιος
1232 2494 1325 2562 καὶ
1341 2494 1510 2565 πένης
1524 2498 1581 2549 έν
1603 2496 1894 2568 ἐκκλησίᾳ·
1933 2497 2081 2571 [662]
2120 2490 2249 2555 κατ-

677 2569 868 2625 έλαϐεν
893 2575 926 2642 ή
948 2572 1064 2643 ὥρα
1078 2573 1186 2626 τῶν
1204 2574 1361 2629 θείων
1379 2594 1552 2646 μυστη
1563 2578 1709 2648 ρίων“
1727 2569 2008 2644 ἐξωθεῖται
2031 2569 2251 2636 ἀπλού-

678 2670 791 2735 010;
814 2654 888 2717 ὡς
909 2655 1171 2726 ἀμύητος,
1207 2657 1419 2710 ἵσταται
1449 2657 1505 2711 δὲ
1532 2660 1562 2711 6
1591 2659 1757 2727 πένης
1781 2661 1930 2724 ἐντὸς
1961 2662 2067 2716 τῶν
2088 2665 2249 2735 οὐρα-

677 2734 803 2788 νίων
829 2736 1061 2805 σκηνῶν,
1088 2739 1181 2791 καὶ¹
1205 2738 1304 2791 οὐκ
1322 2739 1619 2807 ἀγανακτεῖ
1645 2740 1674 2792 6
1705 2741 1958 2806 πλούσιος
1974 2760 1987 2773 ο
2015 2739 2122 2797 οἵδε
2141 2734 2249 2813 γὰρ

678 2819 866 2871 ἑαυτὸν
888 2819 1162 2889 ἀλλότριον
1205 2821 1312 2873 τῶν
1343 2820 1502 2874 θείων
1537 2824 1871 2895 μυστηρίων.
1914 2825 2051 2877 Ἀλλ’
2081 2826 2126 2877 ὣ
2151 2828 2249 2896 τῆς

676 2900 823 2963 θείας
840 2902 1054 2972 χάριτος
1070 2902 1083 2955 ί
1102 2902 1161 2955 οὐ
1189 2903 1348 2973 μόνον
1376 2906 1633 2974 ὁμοτιμία
1646 2907 1878 2978 ὑπάρχει
1894 2910 1950 2962 ὲν
1963 2912 2028 2980 τῇ
2051 2909 2217 2980 ὲκκλη
2229 2939 2249 2952 -

677 2984 767 3055 σίᾳ
798 2985 885 3038 διά
921 2987 1019 3056 τὴν
1041 2985 1134 3039 106
1150 2987 1284 3041 Θεοῦ
1301 2988 1483 3059 χάριν,
1508 2988 1642 3042 ἀλλά
1668 2992 1762 3044 καὶ
1790 2992 1952 3061 ήνίκα
1984 2993 2246 3058 ἵστανται,

675 3066 932 3130 πολλάκις
958 3070 987 3121 6
1015 3068 1183 3139 πένης
1213 3069 1304 3122 τὸν
1345 3068 1597 3124 πλούσιον
1623 3072 1892 3143 πρωτεύει
1920 3075 1976 3126 ὲν
2004 3077 2070 3145 τῇ
2098 3075 2250 3128 εὐσε-

675 3147 817 3219 ϐείᾳ,
851 3150 945 3201 καὶ
973 3150 1122 3204 οὐδὲν
1147 3150 1429 3222 ὠφέλησεν
1467 3153 1496 3204 6
1525 3152 1749 3216 πλοῦτος
1770 3153 1860 3207 τὸν
1878 3153 2066 3224 ἔχοντα
2096 3156 2249 3219 ἐκτὸς

676 3231 975 3295 εὐσεϐείας,
992 3232 1114 3285 οὐδὲ
1142 3234 1302 3288 πενία
1324 3234 1414 3288 τὸν
1437 3237 1625 3290 πιστὸν
1638 3236 1911 3309 ἐζημίωσε
1923 3239 2251 3310 παρεστῶτα

675 3312 835 3366 αὐτὸν
860 3312 998 3383 μετά
1052 3314 1286 3387 θάρρους
1333 3316 1412 3388 τῷ
1460 3319 1600 3388 ἁγίῳ
1652 3319 2038 3392 θυσιαστηρίῳ.
2066 3321 2250 3374 Ταῦτα

675 3395 732 3448 δὲ
764 3395 927 3463 λέγω,
943 3398 1237 3468 ἀγαπητοὶ,
1286 3400 1414 3471 περὶ
1459 3400 1565 3453 τῶν
1594 3404 2035 3473 κατηχουμένων,
2064 3398 2165 3458 καὶ
2186 3406 2247 3458 οὐ

681 3479 805 3548 περὶ
826 3478 933 3531 τῶν
954 3479 1139 3544 ἀπλῶς
1163 3481 1451 3537 πλουσίων.
1490 3482 1795 3555 Ἐννόησον,
1828 3488 2097 3557 άτατιητὲ,
2132 3487 2249 3553 πῶς

681 3562 950 3630 ὑποχωρεῖ
991 3562 1089 3631 τῆς
1142 3564 1432 3634 ἐκκλησίας
1486 3565 1768 3639 δεσπότης,
1802 3571 1895 3621 καὶ
1927 3570 2248 3641 παρεδρεύει

680 3644 788 3705 τοῖς
822 3644 1139 3714 μυστηρίοις
1170 3646 1357 3709 πιστὸς
1394 3647 1612 3719 οἰκέτης
1632 3663 1646 3678 ·
1675 3651 1950 3721 ἀναχωρεῖ
1972 3652 2247 3715 δέσποινα,

684 3725 773 3777 καὶ
797 3724 942 3794 μένει
975 3726 1362 3797 ήθεράπαινα⁸
1407 3731 1735 3797 Πρόσωπον
1788 3732 1896 3803 γάρ
1937 3734 2249 3802 ἀνθρώπου

684 3806 826 3873 Θεὸς
849 3810 921 3863 οὺ
946 3808 1252 3878 λαμϐάνει.
1277 3812 1389 3865 Οὐκ
1420 3812 1534 3866 ἔστι
1559 3814 1737 3868 τοίνυν
1757 3817 1815 3873 ἐν
1852 3819 1919 3887 τῇ
1959 3817 2252 3889 Ἐκκλησίᾳ

678 3889 861 3953 δοῦλος
897 3891 991 3944 καὶ
1044 3891 1324 3965 ἐλεύθερος
1350 3910 1363 3927 ·
1404 3894 1523 3948 ἀλλ’
1572 3898 1779 3950 ἐκεῖνον
1830 3892 1938 3951 οῖδε
1992 3898 2174 3951 δοῦλον
2217 3901 2250 3969 ἡ

683 3972 872 4042 Γραφὴ
896 3973 985 4025 τὸν
1007 3975 1072 4044 τῇ
1101 3974 1344 4046 ἁμαρτίᾳ
1377 3975 1784 4048 δεδουλωμένον.
1823 3980 1877 4032 '0
1908 3979 2018 4049 γάρ
2045 3980 2250 4045 ποιῶν,

682 4054 837 4124 φησὶ,
861 4053 975 4122 τὴν
1005 4055 1315 4129 ἁμαρτίαν,
1337 4056 1554 4125 δοῦλός
1601 4059 1733 4113 ἐστι
1774 4059 1885 4129 τῆς
1926 4062 2213 4130 ἁμαρτίας
2234 4079 2249 4094 ·

684 4138 775 4189 καὶ
806 4136 1010 4190 ἐκεῖνον
1032 4132 1170 4190 οίδεν
1194 4137 1476 4208 ιλεύθερον
1518 4140 1609 4193 τὸν
1637 4140 1743 4197 61:6
1773 4142 1871 4212 τῆς
1910 4142 2060 4206 θείας
2096 4144 2252 4216 χάρι-

682 4235 772 4280 τος
789 4218 1279 4291 ἠλευθερωμένον.]

754 4300 905 4353 Μετά
928 4301 1027 4369 τῆς
1052 4301 1220 4369 αὐτῆς
1265 4303 1573 4372 παρρησίας
1610 4303 1702 4356 καὶ
1745 4305 1773 4357 6
1824 4303 2071 4373 βασιλεὺς
2103 4307 2196 4360 καὶ
2225 4308 2254 4361 6

685 4383 849 4451 πένης
880 4382 1013 4451 πρὸς
1036 4382 1135 4453 τὴν
1170 4382 1447 4453 τράπεζαν
1473 4385 1719 4456 ἔρχονται
1743 4386 1966 4457 ταύτην,
1992 4390 2129 4458 μετά
2156 4390 2254 4459 τῆς

685 4464 852 4534 αὐτῆς
872 4465 1056 4535 τιμῆς,
1091 4464 1352 4528 πολλάκις
1383 4466 1440 4518 δὲ
1468 4468 1498 4519 6
1520 4467 1693 4537 πένης
1718 4468 1812 4521 καὶ
1842 4469 1981 4539 μετά
2013 4470 2254 4535 πλείονος

685 4545 885 4615 τιμῆς⁶
918 4546 971 4599 τί
997 4547 1195 4617 δήποτε
1221 4563 1235 4611 ;
1266 4548 1386 4601 Ὀτι
1418 4550 1447 4602 6
1479 4549 1579 4620 μὲν
1616 4550 1863 4619 βασιλεὺς
1898 4552 2111 4625 μυρίοις
2154 4554 2254 4623 έμ-

686 4628 1058 4698 πεπλεγμένος
1085 4641 1109 4669 ι
1143 4629 1483 4701 πράγμασιν,
1529 4630 1719 4703 ὥσπερ
1758 4632 1888 4697 ναῦς
1920 4636 2254 4705 πανταχόθεν

686 4710 1180 4782 περιρραπίζεται,
1237 4712 1331 4766 καὶ
1368 4712 1538 4766 πολλά
1582 4715 1967 4785 προστρίϐεται
2000 4717 2253 4789 ἁμαρτή-

690 4809 868 4845 ματαο
903 4793 932 4846 6
966 4794 1023 4847 δὲ
1056 4794 1225 4864 πένης
1270 4794 1409 4866 ὑπὲρ
1442 4796 1744 4864 ἀναγκαίας
1777 4798 2072 4868 φροντίζων
2095 4799 2255 4870 μόνον

684 4875 910 4946 τροφῆς,
963 4877 1058 4928 καὶ
1113 4876 1205 4929 τὸν
1235 4877 1563 4948 ἀπράγμονα
1596 4878 1690 4931 καὶ
1720 4879 1939 4949 ἡσύχιον
1979 4882 2256 4953 ἐπανῃρη-

689 4956 845 5023 μένος
870 4956 1003 5026 βίον,
1026 4959 1269 5029 ἠρεμῶν,
1292 4960 1479 5031 ῶσπερ
1502 4963 1558 5014 έν
1584 4962 1763 5032 λιμένι
1785 4963 2090 5034 καθήμενος
2118 4964 2255 5033 μετά

687 5038 887 5110 πολλῆς
905 5041 1002 5110 τῆς
1021 5042 1317 5109 ἀσφαλείας
1331 5046 1398 5113 τῇ
1418 5045 1662 5115 τραπέζῃ
1681 5044 2059 5117 προσέρχεται.
2088 5048 2255 5100 Πάλιν

686 5123 745 5173 ὲν
773 5127 892 5186 ταῖς
948 5125 1159 5193 ἑορταῖς
1207 5128 1327 5189 ταῖς
1357 5126 1555 5192 ἔξωθεν
1584 5131 1612 5180 6
1672 5127 1771 5198 μὲν
1818 5130 1983 5199 πένης
2021 5133 2079 5183 ὲν
2124 5148 2255 5183 κατ-

685 5206 877 5275 ηφείᾳ,
906 5205 935 5257 6
964 5204 1018 5258 δὲ
1053 5207 1304 5270 πλούσιος
1331 5210 1388 5261 ἐν
1423 5209 1759 5280 φαιδρότητι,
1788 5213 1848 5264 οὐ
1886 5211 1971 5265 διὰ
1996 5214 2094 5282 τὴν
2120 5213 2252 5283 τρά-

679 5286 860 5349 ⁸πεζαν
884 5288 1062 5358 μόνον,
1099 5290 1233 5342 ἀλλά
1259 5292 1352 5343 καὶ
1375 5292 1460 5345 διά
1505 5293 1573 5345 τά
1605 5295 1792 5363 ίμάτια
1817 5312 1829 5323 ·
1864 5296 1999 5368 ὅπερ
2024 5299 2131 5367 γὰρ
2163 5298 2257 5350 ἐπὶ

690 5371 791 5438 τῆς
814 5372 1089 5441 τραπέζης
1122 5374 1410 5442 πάσχουσι.
1439 5376 1596 5428 τοῦτο
1642 5378 1735 5430 καὶ
1775 5378 1996 5433 ἐπὶτῶν
2030 5380 2258 5449 ίματίων

692 5453 1073 5533 ὑπομένουσιν.
1108 5454 1278 5508 Ὅταν
1322 5457 1429 5527 γάρ
1481 5459 1565 5530 ἴδῃ
1612 5462 1638 5511 6
1675 5460 1839 5529 πένης
1889 5463 1977 5515 τὸν
2028 5462 2258 5533 εὔπορον

694 5532 786 5587 καὶ
817 5535 1263 5608 πολυτελεστέραν
1302 5540 1758 5611 περιϐεϐλημένον
1794 5545 2000 5613 στολὴν,
2041 5532 2257 5615 πλήττε-

760 5720 781 5743 "
812 5721 913 5779 Reg
950 5722 978 5767 Ξ
1000 5721 1353 5782 ἐμϐεϐλημένος.
1387 5725 1563 5773 Eodem
1591 5726 1635 5772 in
1658 5726 1818 5775 codice
1840 5726 1989 5773 mulla
2013 5726 2124 5775 hinc
2147 5729 2255 5778 iu-Ic

700 5784 845 5832 verba
870 5785 1253 5845 inlerserunlur,
1287 5799 1395 5847 quae
1416 5788 1538 5835 nihil
1562 5787 1741 5836 addunt
1768 5788 1823 5836 ad
1853 5791 2050 5837 serivm.

2361 883 2453 955 Μὴ
2497 884 2674 938 τοίνυν
2712 885 3161 957 καταισχύνωμεν
3211 883 3311 957 τὴν
3354 887 3551 957 ἑορτὴν
3602 887 3820 958 ταύτην
3881 893 3944 960 τῇ

2364 972 2531 1043 μέθῃ·
2564 974 2655 1025 καὶ
2673 974 2780 1043 γὰρ
2808 972 2837 1025 6
2858 974 3133 1043 Δεσπότης
3166 974 3322 1043 ἡμῶν
3338 973 3622 1039 πλουσίους
3649 976 3749 1028 καὶ
3786 976 3946 1047 πένηα

2357 1078 2457 1122 τας
2480 1061 2680 1129 ὁμοίως
2706 1059 2954 1131 ἐτίμησε,
2986 1061 3081 1114 καὶ
3110 1060 3328 1125 δούλους
3355 1060 3451 1114 καὶ
3481 1060 3753 1126 δεσπότας
3774 1081 3788 1092 ·
3810 1064 3946 1118 ἀλλὰ

2360 1144 2719 1216 ἀμειψὼμεθα
2759 1147 2852 1198 τὸν
2902 1146 3180 1216 Δεσπότην
3210 1146 3307 1216 τῆς
3359 1146 3487 1216 περὶ
3517 1149 3670 1217 ἡμᾶς
3693 1149 3942 1214 εὐνοίας·

2356 1232 2559 1303 ἀμοιϐὴ
2588 1233 2645 1287 δὲ
2672 1233 2891 1304 ἀρίστη,
2911 1233 3154 1286 πολιτεία
3184 1234 3421 1303 καθαρά,
3439 1235 3534 1288 καὶ
3562 1235 3713 1307 ψυχὴ
3742 1241 3944 1309 νήφου-

2358 1336 2446 1373 σα.
2470 1318 2617 1389 Αὖτη
2648 1322 2681 1391 η
2708 1320 2868 1391 ἑορτὴ
2902 1320 2997 1373 καὶ
3024 1321 3058 1391 ἡ
3086 1321 3391 1398 πανήγυρις
3418 1322 3479 1374 οὐ
3507 1322 3816 1393 χρημάτων
3842 1325 3946 1377 δεῖ-

2356 1423 2463 1473 ται,
2481 1409 2599 1462 οὐδὲ
2614 1409 2874 1479 δαπάνης,
2903 1409 3037 1462 ἀλλά
3062 1410 3427 1480 προαιρέσεως
3438 1410 3531 1463 καὶ
3552 1410 3801 1475 διανοίας
3822 1414 3945 1484 ἀρί-

2360 1511 2490 1563 στης
2506 1512 2519 1527 ·
2546 1493 2766 1548 τοιαῦτα
2790 1495 2899 1565 γάρ
2919 1494 3154 1548 ἐνταῦθα
3174 1493 3243 1548 τά
3254 1494 3409 1549 ῶνια.
3438 1495 3608 1549 Οὐδὲν
3624 1500 3945 1567 σωματικὸν

2357 1582 2586 1636 ἐνταῦθα
2617 1582 2894 1646 πωλεῖται,
2917 1582 3053 1637 ἀλλά
3073 1582 3337 1654 ἀκρόασις
3364 1584 3525 1638 θείων
3548 1584 3945 1657 λογίων,εὐχα“ι

2356 1670 2637 1741 Πατέρων,
2684 1670 2924 1738 εὐλογίαι
2975 1670 3188 1738 ἱερέων,
3222 1670 3467 1739 ὁμόνοια,
3494 1671 3590 1725 καὶ
3625 1673 3826 1743 εἰρήνη
3850 1675 3944 1727 καί⁸

2358 1756 2663 1825 συμφωνία,
2726 1757 3071 1827 πνευματικά
3127 1756 3196 1810 τά
3246 1755 3414 1828 δῶρα,
3468 1759 3852 1828 πνευματικὸς
3917 1760 3948 1812 6

2360 1841 2569 1912 μισθός.

2436 1957 2815 2031 Ἑορτάσωμεν
2879 1957 2979 2028 τὴν
3029 1957 3223 2029 ἑορτὴν
3272 1959 3480 2031 ταύτην
3515 1957 3615 2031 τὴν
3671 1961 3945 2031 μεγίστην

2356 2045 2452 2098 καὶ
2471 2043 2748 2115 λαμπρὰν,
2799 2044 2859 2096 έν
2888 2037 3142 2117 ᾖάνέστη
3173 2045 3203 2097 6
3224 2044 3456 2115 Κύριοςι
3493 2046 3852 2115 έορτάσωμεν
3889 2048 3946 2099 δὲ

2354 2132 2524 2203 αὐτὴν
2548 2130 2786 2199 φαιδρῶς
2813 2130 2947 2202 δμοῦ
2980 2130 3073 2184 καὶ
3099 2130 3364 2194 θεοσεϐῶς
3381 2146 3397 2163 ⁸
3426 2132 3626 2202 ἀνέστη
3641 2132 3755 2202 γάρ
3775 2135 3806 2185 6
3826 2133 3945 2186 K6-

2357 2235 2491 2289 ριος,
2519 2218 2615 2271 καὶ
2640 2216 3077 2288 τὴνοίκουμένην
3103 2216 3282 2287 ἑαυτῷ
3310 2217 3706 2287 συνανέστησεν
3725 2235 3740 2248 ·
3778 2219 3946 2282 αὐτὸς

2358 2308 2455 2375 μὲν
2486 2306 2705 2375 ἀνέστη,
2732 2302 2881 2375 [445]
2909 2304 3004 2357 τοῦ
3043 2303 3272 2359 θανάτου
3300 2305 3370 2359 τά
3407 2304 3582 2373 δεσμά
3614 2295 3942 2377 διαρρήξας.

2357 2395 2641 2464 Ἥμαρτεν
2676 2390 2847 2461 ’Δδάμ
2904 2391 2996 2444 καὶ
3052 2391 3319 2446 ἀπέθανεν
3342 2407 3357 2422 ο
3396 2392 3512 2445 ἀλλ’
3548 2391 3647 2461 οὐχ
3689 2393 3945 2462 ἥμαρτεν

2354 2483 2382 2533 6
2402 2479 2652 2550 Χριστὸς,
2681 2479 2775 2531 καὶ
2805 2477 3062 2529 ἀπέθανε.
3088 2478 3287 2530 Καινὸν
3314 2478 3407 2531 καὶ
3431 2476 3735 2547 παράδοξον
3756 2478 3943 2530 τοῦτο·

2354 2567 2561 2625 ἐκεῖνος
2612 2564 2848 2634 ἥμαρτε,
2889 2563 2982 2616 καὶ
3038 2562 3330 2629 ἀπέθανεν,
3379 2555 3529 2625 0610;
3566 2562 3666 2632 οὐχ
3695 2563 3943 2633 ἥμαρτε,

2356 2653 2449 2705 καὶ
2486 2650 2751 2705 ἀπέθανε’
2789 2648 2877 2702 διά
2917 2648 2970 2701 τί
2982 2667 2998 2714 ;
3024 2649 3141 2702 ἰνα
3164 2650 3192 2701 6
3217 2646 3477 2719 ἁμαρτὼν
3520 2648 3614 2701 καὶ
3645 2649 3944 2702 ἀποθανὼν

2353 2740 2442 2793 διὰ
2496 2738 2588 2791 τοῦ
2643 2738 2718 2809 μὴ
2766 2737 3103 2808 ἁμαρτόντος
3156 2736 3277 2807 μὲν,
3308 2736 3667 2799 ἀποθανόντος
3721 2737 3803 2803 δὲ,
3854 2738 3944 2790 δυ-

2355 2825 2490 2897 νηθῇ
2527 2824 2623 2878 106
2684 2825 2914 2877 θανάτου
2971 2824 3069 2886 τάς
3117 2822 3287 2885 λαϐάς
3336 2823 3730 2877 ἀποδύσασθαι.
3779 2823 3944 2877 Οὕτω

2354 2916 2451 2967 καὶ
2498 2913 2591 2965 ἐπὶ
2639 2911 3209 2982 χρημάτωνγίνεταν
3252 2910 3485 2979 Ὀφείλει
3528 2927 3613 2973 τις
3649 2910 3939 2973 πολλάκις,

2354 3002 2449 3054 καὶ
2499 3000 2598 3052 οὐκ
2643 2998 2780 3068 έχων
2836 2997 3164 3052 καταϐαλεῖν
3218 2996 3505 3065 κατέχεται
3554 2998 3613 3049 ὲν
3669 2996 3900 3066 δεσμοῖς
3925 3015 3938 3028 ·

2355 3086 2511 3149 ἄλλος
2531 3085 2630 3138 οὐκ
2659 3082 2909 3151 ὀφείλων,
2948 3082 3245 3152 δυνάμενος
3288 3081 3343 3135 δὲ
3380 3081 3731 3147 καταϐαλεῖν,
3770 3100 3942 3136 κατα-

2357 3172 2488 3236 θεὶς,
2539 3171 2774 3225 ἀπέλυσε
2824 3170 2919 3222 16v
2972 3169 3301 3229 ὑπεύθυνον·
3359 3169 3501 3222 οὓτω
3553 3170 3648 3222 καὶ
3689 3171 3788 3223 ἐπὶ
3846 3170 3941 3223 τοῦ

2370 3258 2538 3327 Ἀδὰμ
2561 3256 2806 3326 γέγονεν’
2832 3254 3081 3324 Ὠφειλεν
3100 3258 3129 3308 6
3158 3254 3350 3324 Ἀδὰμ,
3384 3254 3668 3324 κατείχετο
3698 3255 3811 3309 ὑπὸ
3845 3254 3941 3309 τοῦ

2354 3344 2619 3409 διαϐόλου,
2675 3342 2789 3396 ἀλλ’
2818 3342 2919 3395 οὐκ
2950 3337 3061 3411 εἶχε
3112 3339 3438 3394 καταϐαλεῖν
3462 3357 3475 3369 ·
3502 3341 3602 3393 οὐκ
3639 3339 3882 3409 ὤφειλεν
3917 3344 3946 3395 6

2354 3432 2607 3504 Χριστὸς,
2646 3430 2766 3483 οὐδὲ
2800 3429 3083 3499 κατείχετο
3112 3428 3218 3481 ὑπὸ
3253 3427 3346 3480 τοῦ
3374 3426 3644 3488 διαϐόλου,
3668 3425 3789 3480 ἀλλ’
3819 3429 3946 3497 ἡδύ·

2355 3536 2483 3574 νατο
2532 3516 2843 3571 καταθεῖναι
2878 3516 2939 3567 16
2986 3515 3163 3585 χρέος.
3203 3509 3395 3575 ’Ἥλθῃ
3422 3513 3685 3566 κατέϐαλε
3708 3515 3943 3567 θάνατον

2357 3607 2498 3676 ὑπὲρ
2520 3605 2615 3658 106
2650 3603 3014 3675 κατεχομένου
3054 3601 3157 3655 ὑπὸ
3186 3599 3278 3654 τοῦ
3312 3599 3581 3665 διαϐόλου,
3615 3599 3705 3653 ἴνα
3730 3602 3943 3655 ἐκεῖνον

2354 3691 2618 3762 ἀπολύσῃ.

2426 3809 2487 3864 δ’.
2506 3806 2656 3874 Εἶδες
2677 3809 2775 3880 τῆς
2800 3805 3144 3867 ἀναστάσεως
3164 3803 3233 3856 τά
3249 3800 3683 3872 κατορθώματα;
3705 3801 3942 3856 Διπλοῦν

2356 3896 2695 3966 ἀπεθάνομεν
2722 3895 2885 3963 ἡμεῖς
2909 3891 3157 3951 θάνατον,
3177 3886 3382 3940 οὐκοῦν
3406 3885 3601 3955 διπλῆν
3632 3888 3941 3959 upon-50x11-

2359 3999 2540 4052 σωμεν
2584 3982 2683 4052 τὴν
2730 3979 3043 4033 ἀνάστασιν.
3078 3974 3249 4035 Αὐτὸς
3279 3971 3481 4025 ἁπλοῦν
3507 3972 3752 4026 ἀπέθανε
3778 3973 3938 4028 θάνα-

2357 4085 2477 4122 τον·
2507 4068 2593 4121 διὰ
2641 4065 2798 4120 τοῦτο
2844 4064 2938 4117 καὶ
2974 4062 3148 4132 ἀπλῆν
3182 4060 3381 4129 ἀνέστη
3419 4058 3719 4113 ἀνάστασιν
3742 4078 3757 4091 ·
3784 4061 3937 4125 πῶς;

2370 4152 2513 4222 Ἐγὼ
2536 4153 2679 4220 λέγω
2699 4166 2713 4180 ·
2759 4149 3052 4203 Ἀπέθανεν
3075 4148 3103 4199 6
3144 4145 3315 4217 ’Δδάμ
3337 4144 3432 4198 καὶ
3464 4143 3543 4214 τῷ
3574 4143 3816 4216 σώματι,
3851 4149 3939 4201 καὶ

2358 4243 2425 4311 τῇ
2448 4240 2623 4310 ψυχῇ·
2648 4236 2885 4292 ἀπέθανε
2917 4236 3010 4289 καὶ⁵
3034 4236 3099 4304 τῇ
3143 4232 3387 4303 ἁμαρτίᾳ
3416 4232 3511 4285 καὶ
3547 4233 3614 4308 τῇ
3652 4231 3821 4300 φύσει

2359 4325 2438 4380 ἂν
2473 4324 2661 4394 ἡμέρᾳ
2687 4323 2914 4393 φάγητε
2941 4320 3059 4375 ἀπὸ
3079 4320 3187 4373 τοῦ
3216 4317 3428 4383 ξύλου,
3460 4317 3697 4384 θανάτῳ
3718 4320 3939 4374 ἀποθα-

2359 4413 2580 4467 νεῖσθε.
2641 4410 2751 4465 Καὶ
2808 4408 2913 4479 μὴν
2963 4407 3063 4460 οὐκ
3101 4405 3238 4475 αὐτῇ
3271 4407 3338 4475 τῇ
3372 4404 3558 4475 ἡμέρᾳ
3600 4404 3850 4460 ἀπέθανε
3877 4410 3938 4476 τῇ

2361 4500 2541 4569 φύσει,
2566 4497 2699 4551 ἀλλά
2741 4497 2807 4565 τῇ
2843 4492 3083 4565 ἁμαρτίᾳ
3118 4491 3390 4545 ἀπέθανεν
3437 4490 3499 4530 δ’
3536 4491 3748 4553 ἐκεῖνος
3786 4495 3818 4545 ό
3853 4491 3942 4547 od.

2359 4602 2517 4648 νατος
2550 4584 2651 4652 τῆς
2710 4581 2908 4652 ψυχῆς,
2960 4573 3113 4640 0610;
3157 4579 3187 4629 6
3242 4576 3469 4638 θάνατος
3508 4574 3607 4627 106
3663 4574 3939 4645 σώματος.

2363 4674 2532 4725 Ὅταν
2576 4671 2633 4724 δὲ
2694 4667 2934 4739 ἀκούσῃς
2972 4667 3054 4719 ὅτι
3103 4665 3331 4726 θάνατος
3374 4662 3575 4731 ψυχῆς,
3602 4660 3681 4731 μὴ
3711 4665 3943 4734 νομίσῃς

2359 4758 2533 4829 ψυχὴν
2563 4757 2946 4825 ἀποθνήσκειν*
2981 4753 3246 4815 ἀθάνατος
3285 4753 3394 4823 γάρ
3435 4752 3552 4803 ὲστι
3574 4765 3589 4779 ·
3620 4748 3856 4815 θάνατος
3890 4752 3946 4806 δὲ

2359 4846 2556 4914 ψυχῆς,
2587 4843 2832 4914 ἁμαρτία
2872 4841 2964 4893 καὶ
3001 4839 3220 4898 κόλασις
3263 4836 3479 4923 αίωνία.
3508 4834 3606 4923 Διά
3634 4830 3799 4923 τοῗιτο
3852 4838 3947 4890 καὶ

2360 4933 2388 4983 6
2411 4930 2640 5003 Χριστός
2673 4944 2829 4998 φησι,
2887 4925 2983 4994 Μὴ
3019 4924 3323 4994 φοϐηθῆτε
3372 4922 3490 4976 ἀπὸ
3519 4920 3638 4975 τῶν
3660 4920 3948 4976 damnat-

2360 5021 2589 5073 νόγτων
2632 5016 2699 5070 τὸ
2750 5013 2941 5084 σῶμα,
2968 5008 3083 5080 τὴν
3110 5009 3179 5064 δὲ
3210 5008 3425 5079 ψυχὴν
3460 5009 3548 5078 μὴ
3588 5009 3949 5077 δυναμένων

2366 5106 2703 5163 ἀποκτεῖναι
2729 5122 2741 5135 ·
2768 5103 3063 5173 φοϐήθητε
3095 5099 3164 5152 δὲ
3182 5098 3423 5168 μᾶλλον
3458 5096 3565 5151 τὸν
3600 5095 3947 5166 δυνάμενον

2363 5197 2459 5249 καὶ
2482 5194 2695 5264 ψυχὴν
2746 5192 2844 5245 καί
2890 5189 3062 5259 σῶμα
3095 5186 3394 5242 ἀπολέσαι
3409 5186 3478 5238 ἐν
3506 5184 3722 5253 γεέννῃ
3744 5200 3758 5213 ·
3794 5185 3859 5237 τὸ
3888 5186 3945 5238 δὲ

2361 5282 2729 5351 ἀπολλύμενον
2786 5277 3056 5346 ὑφέστηκε
3093 5275 3210 5345 μὲν,
3242 5272 3345 5337 ἔξω
3397 5272 3455 5324 δὲ
3498 5272 3597 5339 τῆς
3644 5270 3825 5338 δψεως
3847 5270 3943 5322 106

2364 5368 2720 5430 ἁπολέσαντός
2736 5368 2901 5419 ἐστιν.
2922 5362 3059 5415 Ἀλλ’
3076 5363 3212 5432 ὅπερ
3229 5361 3431 5427 ελεγον,
3450 5359 3533 5426 ἐφ’
3550 5354 3707 5425 ήμῶν
3719 5356 3945 5419 διπλοῦς

2362 5460 2390 5509 ό
2424 5458 2646 5518 θάνατος
2668 5474 2679 5486 ·
2700 5452 2896 5507 οὐκοῦν
2915 5450 3009 5504 καὶ
3031 5449 3127 5520 τὴν
3155 5451 3449 5503 ἀνάστασιν
3470 5445 3662 5514 διπλῆν
3684 5443 3944 5511 γενέσθαι

2365 5547 2463 5598 δεῖ.
2513 5545 2635 5597 Ἐπὶ
2683 5542 2777 5595 τοῦ
2832 5538 3067 5611 Χριστοῦ
3112 5536 3314 5598 ἁπλοῦς
3350 5537 3380 5588 6
3425 5535 3686 5588 θάνατος·
3733 5532 3793 5585 οὐ
3836 5532 3946 5603 γὰρ

2426 5726 2451 5764 'h
2482 5726 2601 5783 ῐῖρς.
2651 5722 2664 5769 1
2695 5722 2918 5783 ἁμαρτίᾳ,
2958 5727 3011 5783 τῇ
3039 5722 3087 5769 δὲ
3116 5719 3248 5782 φύσει
3278 5718 3489 5780 ὕστερον
3516 5713 3848 5778 χαλεπώτερον
3872 5712 3922 5760 δὲ

2368 5794 2421 5850 τῇ
2455 5788 2655 5845 ἁμαρτία
2688 5785 2909 5833 ἀπέθανεν
