4070 6426
203 395 309 449 457

201 522 407 578 pauper
442 505 655 574 quidem
706 505 997 571 subtristis,
1043 503 1230 560 hilaris
1272 511 1450 560 autem
1479 513 1560 559 est
1603 503 1788 559 dives:

201 601 331 670 quid
348 601 419 656 ita
444 601 468 655 ?
491 599 624 667 Quia
649 599 798 654 dives
821 597 1034 668 quidem
1059 597 1331 668 opiparam
1363 611 1599 652 mensam
1627 611 1794 667 appo-

204 694 302 755 nit,
350 692 664 760 deliciisque
715 689 944 759 amplius
994 689 1230 744 fruitur:
1283 702 1482 757 pauper
1531 696 1708 742 autem
1760 702 1792 742 a

203 793 518 854 paupertate
543 782 872 852 prohibetur,
894 796 962 837 ne
983 790 1182 836 tantam
1214 778 1661 850 magniﬁcentiam
1685 794 1795 848 pra!

201 889 267 930 se
295 873 461 930 ferat:
489 873 576 928 hic
597 889 726 930 vero
755 873 884 928 nihil
915 872 1023 929 tale
1049 881 1162 928 est:
1192 887 1296 926 una
1325 871 1475 926 diviti
1495 880 1548 926 et
1575 870 1794 940 pauperi

201 981 393 1022 mensa
417 973 548 1020 est:
597 965 721 1020 licet
747 964 895 1019 dives
941 965 1014 1019 sit
1060 964 1342 1034 quispiam,
1384 961 1517 1016 nihil
1563 961 1796 1028 adjicere

201 1071 407 1111 mensa:
433 1065 638 1125 potest;
667 1053 796 1110 licet
821 1069 1022 1124 pauper
1059 1055 1150 1120 sit,
1185 1053 1352 1108 nihilo
1377 1051 1630 1107 deteriori
1663 1066 1794 1105 con-

201 1148 408 1201 ditione
435 1147 506 1201 ob
536 1155 897 1216 paupertatem
927 1147 982 1200 in
1023 1146 1089 1201 iis
1115 1160 1235 1215 qua:
1271 1143 1337 1199 ad
1365 1143 1795 1198 communionem

204 1239 495 1304 pertinent,
532 1238 671 1302 erit;
700 1236 878 1290 divina
905 1238 1048 1291 enim
1072 1247 1156 1291 est
1183 1237 1382 1306 gratia:
1417 1246 1468 1290 ct
1513 1236 1640 1305 quid
1694 1236 1795 1288 mi-

203 1329 343 1383 raris
374 1329 418 1383 si
452 1328 600 1382 diviti
628 1339 682 1382 et
709 1329 968 1400 pauperi?
999 1329 1103 1398 Ipsi
1128 1330 1270 1384 enim
1313 1327 1627 1398 Imperatori
1678 1327 1796 1381 dia-

200 1420 415 1474 demate
459 1419 707 1474 redimite
749 1460 764 1485 ,
821 1434 1056 1488 purpura
1106 1420 1424 1482 convestito,
1477 1419 1564 1473 cui
1612 1417 1797 1472 mundi

203 1509 445 1578 regimen
471 1518 554 1564 est
579 1510 950 1574 commissum,
985 1509 1057 1564 illi
1109 1509 1442 1579 Imperatori,
1491 1517 1546 1562 et
1577 1507 1794 1577 pauperi

201 1602 270 1654 ad
302 1601 698 1673 elcemosynam
741 1601 949 1657 sedenti
972 1617 1072 1656 una
1101 1613 1185 1656 est
1239 1615 1422 1655 mensa
1479 1602 1750 1670 proposita
1782 1616 1797 1653 :

205 1693 332 1746 talia
348 1701 473 1747 sunt
502 1693 781 1748 Dominica
794 1692 968 1757 dona;
997 1708 1102 1747 non
1133 1707 1230 1762 pro
1255 1693 1462 1746 ratione
1482 1690 1796 1759 dignitatum

203 1781 481 1850 distinguit
500 1781 932 1837 communicandi
953 1782 1236 1848 rationem,
1259 1780 1354 1837 sed
1377 1795 1476 1850 pro
1492 1779 1799 1836 conditione

203 1873 498 1930 voluntatis
521 1889 584 1928 ac
614 1875 830 1930 mentis.

278 1966 362 2036 (α)
391 1964 412 2037 [
440 1965 572 2020 Cum
601 1967 744 2021 enim
772 1965 970 2022 videris
997 1966 1051 2020 in
1077 1965 1306 2020 ecclesia
1332 1964 1481 2020 diviti
1512 1978 1798 2034 pauperem

206 2058 534 2122 adstantem,
552 2059 762 2128 privato
793 2058 993 2112 homini
1020 2057 1337 2128 principem,
1367 2055 1632 2125 plebeium
1657 2054 1798 2124 opti-

203 2152 360 2214 mati,
391 2165 512 2204 eum
556 2150 648 2219 qui
692 2150 822 2204 loris
850 2150 966 2217 ejus
994 2150 1289 2218 potentiam
1343 2147 1627 2211 tremebat,
1657 2145 1801 2200 intus

204 2240 382 2295 cidem
414 2242 665 2310 potentia:
689 2241 804 2296 sine
824 2240 1109 2296 formidine
1135 2239 1409 2295 admotum
1436 2257 1450 2303 ;
1479 2239 1652 2309 cogita
1673 2238 1800 2309 quid

206 2331 280 2384 sit
301 2330 476 2385 illud:
507 2330 650 2384 Tum:
672 2347 774 2385 una
800 2340 1034 2400 parcetur
1053 2331 1206 2400 lupus
1221 2346 1334 2384 cum
1349 2331 1497 2400 agnis
1526 2328 1678 2401 (Isai.
1713 2328 1798 2384 11.

207 2426 291 2490 ti).
314 2422 521 2492 Lupum
544 2431 698 2478 vocat
719 2423 993 2493 Scriptura
1014 2423 1253 2489 divitem,
1272 2438 1466 2493 agnum
1491 2437 1800 2493 pauperem.

208 2521 282 2569 At
303 2531 409 2585 quo
437 2527 595 2584 pacto
612 2516 1012 2585 intelligendum
1025 2515 1177 2582 illud,
1191 2516 1620 2572 Communicabit
1647 2516 1803 2585 lupus

206 2620 332 2659 cum
359 2619 518 2674 agnp,
549 2606 999 2675 quemadmodum
1027 2607 1178 2662 dives
1207 2623 1327 2662 cum
1368 2609 1638 2676 paupere?
1668 2608 1802 2662 Ani-

210 2709 360 2748 mum
388 2694 672 2764 diligenter
700 2695 940 2751 adverte.
987 2694 1143 2752 Stant
1185 2711 1328 2764 saepe
1354 2697 1506 2752 dives
1526 2705 1579 2751 et
1607 2712 1806 2766 pauper

208 2785 264 2838 in
311 2784 535 2839 ecclesia
577 2803 591 2839 :
633 2786 798 2840 instat
843 2785 976 2841 hora
1027 2787 1329 2841 divinorum
1379 2787 1800 2857 mysteriorum:

207 2876 420 2944 ejicitur
442 2877 612 2944 dives,
639 2888 821 2946 utpote
844 2894 950 2934 non
973 2878 1230 2943 initiatus,
1254 2891 1456 2950 pauper
1485 2895 1616 2934 vero
1638 2881 1804 2934 intro-

208 2970 442 3023 mittitur
492 2971 543 3024 in
597 2971 830 3025 cariestia
876 2971 1251 3037 tabernacula;
1295 2987 1466 3042 neque
1502 2972 1807 3041 indignatur

207 3061 394 3124 dives;
425 3060 573 3114 novit
599 3061 742 3115 enim
771 3076 829 3115 se
853 3062 1082 3116 alienum
1102 3077 1220 3118 esse
1246 3078 1276 3116 a
1294 3062 1486 3117 divinis
1513 3065 1803 3134 mysteriis.

210 3148 319 3204 Sed
341 3188 358 3214 ,
384 3164 416 3203 ο
435 3148 666 3203 divinam
692 3151 916 3220 gratiam
948 3153 963 3205 ε
995 3166 1103 3206 non
1150 3152 1322 3206 solum
1365 3167 1433 3208 ex
1461 3152 1553 3207 Dei
1582 3169 1806 3208 munere

208 3253 309 3307 par
333 3237 546 3309 utrique
574 3239 746 3295 honor
770 3249 853 3295 est
878 3242 930 3296 in
951 3243 1211 3308 ecclesia;
1233 3243 1327 3298 sed
1359 3245 1517 3299 etiam
1543 3244 1807 3299 stantibus

207 3330 472 3387 ambobus
490 3345 690 3401 pauper
715 3333 864 3387 diviti
885 3335 1225 3403 anteponitur
1251 3337 1302 3390 in
1324 3336 1536 3407 pietatis
1561 3337 1804 3404 ratione;

215 3420 457 3490 nihilque
478 3431 700 3491 prosunt
721 3423 798 3477 illi
825 3423 1024 3479 divitia:
1047 3428 1164 3480 sine
1193 3426 1410 3495 pietate,
1443 3428 1574 3482 nihil
1594 3428 1808 3483 ﬁdelem

211 3509 680 3581 beditpaupertas,
709 3514 922 3584 quando
951 3530 1070 3570 cum
1099 3516 1290 3571 ﬁducia
1315 3518 1382 3572 ad
1409 3534 1617 3573 sacrum
1646 3534 1808 3574 acce-

214 3601 296 3655 dit
315 3601 506 3656 altare.
538 3602 664 3657 llaec
685 3613 861 3658 autem
889 3605 1030 3670 dico,
1059 3607 1345 3673 carissimi,
1379 3607 1446 3663 de
1469 3609 1810 3666 catechume-

213 3694 320 3759 nis,
345 3708 456 3748 non
480 3709 612 3750 vero
637 3697 954 3766 simpliciter
979 3698 1047 3753 de
1071 3699 1348 3754 divitibus.
1397 3701 1804 3769 Animadverte,

210 3784 428 3850 dilecte,
459 3787 728 3856 quomodo
753 3803 820 3842 ex
867 3789 1092 3844 ecclesia
1121 3791 1339 3846 recedat
1369 3791 1635 3859 dominus,
1680 3793 1806 3848 dum

214 3875 486 3946 mysteriis
512 3875 824 3932 admovetur
849 3877 1021 3935 fidelis
1059 3881 1428 3938 domesticus:
1461 3885 1661 3939 recedit
1706 3886 1808 3940 do-

213 3969 382 4034 mina,
415 3980 468 4023 et
495 3979 676 4024 manet
698 3971 908 4025 ancilla.
944 3971 1079 4027 Deus
1113 3976 1309 4043 quippe
1336 3993 1436 4030 non
1459 3978 1641 4048 accipit
1688 3995 1807 4046 per-

209 4075 393 4112 sonam
423 4059 640 4113 hominis
665 4061 682 4130 (
705 4059 876 4115 Galat.
905 4061 960 4116 Ξ.
992 4065 1081 4134 6).
1113 4063 1228 4132 Non
1252 4075 1334 4120 est
1364 4066 1543 4137 itaque
1571 4068 1624 4123 in
1641 4071 1813 4124 eccle-

213 4150 293 4202 sia
321 4163 511 4203 servus
537 4157 592 4204 et
618 4150 754 4205 liber
779 4169 791 4204 :
816 4152 909 4207 sed
931 4167 1051 4208 eum
1083 4157 1230 4210 novit
1268 4155 1540 4227 Scriptura
1573 4174 1808 4226 servum,

212 4243 304 4310 qui
336 4253 557 4311 peccato
574 4244 816 4299 subditus
839 4256 940 4301 est.
983 4247 1115 4301 Nam
1147 4248 1245 4315 Qui
1276 4251 1398 4320 facit
1425 4262 1702 4321 peccatum,
1733 4255 1814 4308 in-

213 4333 352 4398 quit,
396 4347 568 4387 seruus
613 4344 688 4388 est
715 4337 908 4403 peccati
936 4336 1132 4408 (Joan.
1157 4339 1210 4392 8.
1235 4341 1377 4410 34-);
1403 4351 1458 4396 et
1497 4357 1618 4397 eum
1666 4346 1814 4401 novit

215 4423 466 4486 liberum,
489 4424 579 4492 qui
608 4439 704 4493 per
730 4425 960 4481 divinam
989 4429 1214 4497 gratiam
1234 4429 1489 4486 liberatus
1509 4433 1637 4507 est.]

286 4512 422 4568 Cum
449 4514 636 4570 eadem
678 4517 867 4571 ﬁducia
891 4527 946 4572 et
980 4518 1272 4585 Imperator
1292 4533 1347 4578 et
1377 4539 1579 4594 pauper
1593 4526 1659 4581 ad
1678 4527 1815 4582 hanc

219 4620 465 4661 mensam
520 4609 822 4677 accedunt,
871 4625 990 4665 cum
1021 4614 1210 4668 eodem
1244 4616 1470 4684 honore,
1519 4621 1626 4674 imo
1654 4623 1813 4676 etiam

219 4712 468 4766 persaepe
515 4713 634 4754 cum
677 4699 882 4754 honore
936 4717 1136 4772 pauper
1178 4707 1424 4775 ampliori
1460 4727 1473 4762 :
1517 4711 1643 4779 quid
1702 4713 1818 4767 ita?

218 4789 372 4857 Quod
399 4788 695 4860 Imperator
709 4793 924 4863 quidem
952 4799 1220 4852 sexcentis
1246 4802 1472 4870 negotiis
1516 4803 1818 4874 implicatus

221 4890 492 4951 tamquam
515 4883 665 4938 navis
686 4885 918 4954 undique
939 4899 1269 4958 aspergatur,
1288 4907 1348 4946 ac
1361 4894 1523 4948 multa
1540 4896 1820 4951 contrahat

225 4982 480 5041 peccata;
530 4990 732 5045 pauper
760 4988 937 5032 autem
968 4978 1034 5035 de
1078 4983 1386 5037 necessario
1430 4994 1632 5041 tantum
1675 4989 1816 5044 victu

223 5064 510 5130 sollicitus,
535 5067 867 5135 negotiorum
891 5080 1164 5138 expertem
1194 5087 1258 5127 ac
1279 5077 1618 5145 tranquillam
1642 5090 1817 5135 trans-

225 5152 375 5218 igens
415 5153 577 5208 vitam
599 5196 615 5220 ,
655 5153 801 5210 velut
831 5157 882 5212 in
911 5168 1067 5228 portu
1097 5162 1312 5228 sedens,
1342 5179 1461 5220 cum
1485 5168 1652 5223 multa
1675 5185 1820 5226 secu-

226 5245 385 5298 ritate
415 5244 480 5299 ad
514 5261 753 5301 mensam
776 5250 1012 5304 accedat.
1047 5251 1253 5310 Rursus
1283 5256 1334 5310 in
1361 5258 1596 5312 externis
1618 5261 1820 5316 solem-

225 5338 477 5392 nitatibus
504 5355 704 5408 panper
742 5343 958 5410 quidem
988 5346 1038 5399 in
1091 5361 1342 5412 maerore,
1380 5350 1528 5406 dives
1555 5362 1734 5407 autem
1766 5356 1817 5409 in

228 5427 494 5483 hilaritate
518 5443 778 5498 versatur,
813 5450 918 5488 non
937 5436 1007 5491 oh
1029 5453 1266 5494 mensam
1295 5449 1524 5508 tantum,
1544 5445 1637 5500 sed
1659 5446 1819 5502 etiam

226 5525 294 5569 oh
316 5521 670 5575 vestimenta:
700 5525 839 5594 quod
871 5527 1014 5582 enim
1044 5529 1094 5582 in
1151 5547 1334 5586 mensa
1364 5535 1466 5588 illis
1491 5540 1687 5602 evenit,
1720 5539 1821 5595 hoc

226 5617 280 5660 et
304 5608 354 5662 in
405 5611 738 5667 vestimentis
779 5618 1070 5683 patiuntur.
1101 5618 1232 5674 Cum
1265 5623 1406 5676 enim
1435 5625 1585 5696 inops
1623 5629 1818 5696 pretio-

223 5805 252 5851 2
291 5743 365 5851 Ἧι)
386 5751 498 5799 Quae
522 5749 709 5796 uncinis
725 5748 1027 5812 clauduntur,
1056 5751 1102 5802 in
1127 5754 1260 5804 Edito
1277 5757 1500 5809 deerant.
1521 5772 1684 5823 exque
1704 5769 1817 5825 Reg.

262 5841 272 5851 .
332 5814 551 5851 asumma
577 5818 704 5851 sum-

262 5841 272 5852 .
298 5805 552 5863 desumpta
577 5818 704 5857 sunt.

1165 391 1253 446 DE
1292 388 1862 446 RESURRECTIONE
1903 389 1967 444 D.
2006 388 2070 443 Ν.
2099 387 2262 445 JESU
2303 385 2595 443 CHRISTI.

3394 385 3499 438 433

1902 502 2030 558 siori
2054 503 2307 571 amictum
2323 503 2456 557 stola
2484 501 2677 557 viderit
2697 501 3028 571 opulentum,
3055 499 3382 569 percellitur,
3413 515 3500 554 sc-

1902 609 2010 664 que
2052 609 2163 664 pra:
2205 594 2457 661 omnibus
2509 593 2774 648 infelicem
2826 577 2993 647 ducit.
3026 591 3124 646 llic
3149 606 3277 645 vero
3307 590 3496 645 ct‘ista

1901 687 2108 742 sublata
2139 696 2220 742 est
2249 688 2469 756 penuria
2504 705 2518 741 :
2552 701 2715 758 unum
2741 685 2884 740 enim
2933 684 3074 754 apud
3120 697 3309 737 omnes
3335 683 3500 735 vesti-

1903 788 2141 833 mentum
2171 786 2255 833 est
2303 777 2537 833 salutare
2578 776 2868 832 lavacrum.
2924 776 3239 843 Quicumque
3285 772 3418 826 enim
3447 772 3501 824 in

1902 869 2107 924 (.hristo
2127 870 2374 940 baptizati
2391 869 2532 933 estis,
2550 868 2806 924 Christum
2825 866 3063 920 induistis
3085 863 3281 937 (Galat.
3303 864 3358 918 3.
3380 862 3500 933 27).

1906 962 1984 1018 Ne
2030 963 2190 1033 igitur
2218 962 2476 1017 ebrietate
2518 959 2914 1015 solemnitatem
2970 957 3126 1011 istam
3178 955 3502 1010 dehoneste-

1904 1053 2285 1120 mus;etenim
2334 1052 2590 1107 Dominus
2634 1059 2817 1104 noster
2844 1058 2899 1104 et
2924 1047 3114 1102 divites
3162 1057 3214 1100 et
3240 1057 3514 1114 pauperes.

1905 1150 2103 1220 pariter
2129 1148 2431 1211 honoravit,
2459 1157 2513 1201 et
2541 1159 2727 1201 servos
2754 1153 2807 1199 et
2831 1143 3112 1206 dominos;
3140 1138 3236 1194 sed
3263 1138 3332 1193 ob
3365 1137 3520 1194 hanc.

1905 1257 2030 1313 erga
2075 1258 2175 1296 nos
2230 1238 2657 1296 benevolentiam
2707 1235 2994 1292 Dominum
3053 1244 3502 1287 remuneremur:

1903 1336 2102 1404 optima
2133 1347 2293 1402 porro
2322 1341 2405 1387 est
2429 1329 2793 1386 remuneratio
2840 1325 3178 1382 conversatio
3201 1322 3400 1378 munda
3451 1329 3518 1375 et

1905 1439 2058 1478 mens
2082 1423 2282 1478 sobria.
2311 1421 2437 1476 Hzec
2460 1419 2774 1475 solemnitas
2809 1425 2864 1471 et
2894 1415 3246 1486 panegyricus
3273 1425 3506 1467 conven-

1907 1525 1992 1570 tus
2017 1530 2122 1571 non
2151 1514 2394 1584 pecuniis
2422 1512 2624 1582 indiget
2648 1525 2822 1581 neque
2846 1508 3172 1580 sumptibus,
3191 1505 3286 1562 sed
3301 1505 3505 1583 lvolun-

1907 1617 2014 1663 tate
2033 1622 2098 1662 ac
2118 1615 2297 1662 mente
2320 1606 2520 1676 optima
2553 1621 2568 1659 :
2603 1604 2734 1659 tales
2763 1604 2909 1658 enim
2952 1600 3041 1655 hic
3064 1606 3310 1669 prostant
3355 1613 3502 1652 mer-

1904 1698 2195 1755 cesznihil
2221 1712 2539 1768 corporeum
2593 1695 2682 1752 hic
2733 1693 3024 1757 venditur;
3055 1691 3151 1748 sed
3199 1690 3503 1744 divinorum

1905 1790 2109 1845 auditio
2133 1789 2488 1860 eloquiorum,
2521 1782 2707 1856 preces
2733 1796 2966 1855 patrum,
2994 1782 3396 1837 benedictiones
3421 1793 3505 1832 sa-
3591 1846 3605 1852 η

1907 1880 2208 1947 cerdotum,
2236 1877 2521 1934 concordia
2551 1886 2607 1932 et
2643 1892 2745 1947 pax
2768 1885 2823 1932 et
2849 1887 3169 1940 consensus,
3211 1869 3508 1942 spiritualia

1906 1971 2069 2035 dona,
2102 1968 2378 2039 spirituale
2419 1968 2668 2036 pretium.

1978 2060 2385 2114 Resurreetionis
2408 2058 2599 2113 Christi
2621 2058 2837 2126 fructus.
2865 2085 2937 2096 —-
2957 2053 3176 2110 Festum
3207 2053 3310 2109 hoc
3332 2052 3508 2107 maxi-

1907 2167 2051 2206 mum
2101 2149 2438 2205 celebremus
2467 2157 2524 2206 et
2550 2149 2778 2215 illustre,
2813 2148 2864 2201 in
2892 2161 2998 2216 quo
3045 2145 3302 2200 Dominus
3327 2159 3499 2200 resur-

1907 2243 2044 2297 rexit
2063 2258 2076 2293 :
2095 2240 2430 2296 celebremus
2447 2248 2624 2294 autem
2648 2237 2778 2292 illud
2809 2252 2930 2292 cum
2951 2234 3146 2306 gaudio
3171 2233 3329 2289 simul
3351 2243 3512 2303 atque

1906 2349 2027 2393 cum
2043 2335 2273 2404 pietate;
2303 2332 2596 2389 resurrexit
2623 2329 2766 2384 enim
2791 2327 3052 2382 Dominus
3080 2340 3372 2395 secumque
3393 2339 3514 2379 sus-

1907 2428 2090 2484 citavit
2146 2426 2336 2481 orbcm
2392 2432 2697 2487 terrarum,
2748 2419 2863 2489 ipse
2931 2416 3193 2487 siquidem
3251 2415 3518 2484 disruptis.

1910 2519 2099 2574 mortis
2121 2516 2349 2572 vinculis
2387 2511 2704 2569 resurrexit.
2738 2508 2987 2565 Peccavit
3028 2507 3268 2561 Adamus
3293 2515 3349 2561 et
3370 2521 3516 2559 mor-

1911 2623 2032 2667 tuus
2058 2620 2174 2666 est:
2206 2617 2262 2663 at
2285 2623 2396 2663 non
2432 2605 2679 2677 peccavit
2708 2601 2978 2666 Christus,
3016 2608 3071 2654 et
3122 2606 3207 2653 est
3246 2606 3512 2652 mortuus.

1913 2704 2129 2759 Novum
2158 2710 2244 2758 est
2269 2701 2372 2756 hoc
2405 2707 2461 2755 et
2485 2695 2834 2760 admirabile;
2870 2693 2960 2748 ille
2989 2691 3250 2762 peccavit,
3274 2698 3328 2744 et
3365 2703 3515 2743 mor-

1912 2803 2034 2849 tuus
2057 2803 2174 2859 est;
2204 2792 2290 2846 hic
2319 2805 2425 2845 non
2453 2788 2713 2859 peccavit,
2742 2794 2798 2839 et
2817 2792 3061 2838 mortuus
3087 2791 3170 2836 est
3200 2799 3213 2834 :
3238 2777 3364 2848 quid
3395 2779 3463 2832 ita
3491 2778 3518 2831 τ

1911 2884 2026 2952 Quo
2047 2884 2090 2938 is
2118 2883 2206 2953 qui
2229 2883 2466 2952 peccavit
2491 2887 2546 2934 et
2568 2885 2810 2932 mortuus
2834 2882 2937 2940 est,
2983 2873 3099 2942 ejus
3115 2886 3278 2942 opera
3300 2871 3388 2940 qui
3410 2885 3518 2923 non

1913 2977 2149 3046 peccavit
2188 2973 2405 3045 quidem
2430 3014 2443 3038 ,
2477 2979 2721 3026 mortuus
2758 2978 2842 3023 est
2881 2974 3058 3020 autem
3081 3005 3096 3029 ,
3128 2963 3316 3018 mortis
3347 2977 3516 3016 nexus

1911 3070 2080 3137 possit
2101 3066 2352 3122 evadere.
2383 3064 2459 3119 Ita
2485 3064 2542 3118 ﬁt
2568 3071 2622 3118 et
2651 3063 2704 3116 in
2733 3058 3008 3132 pecuniis:
3034 3070 3404 3125 smpenumcro
3429 3054 3515 3110 dc-

1910 3159 1999 3213 bet
2014 3157 2298 3228 quispiam,
2316 3163 2503 3211 etcum
2519 3169 2623 3210 non
2642 3154 2833 3210 habeat
2850 3152 2987 3208 unde
3005 3153 3198 3213 solvat,
3221 3150 3273 3204 in
3289 3147 3515 3202 vinculis

1912 3249 2217 3314 detinetur;
2249 3246 2386 3301 alius
2399 3247 2487 3316 qui
2510 3260 2618 3299 non
2644 3244 2826 3312 debet,
2853 3244 2956 3314 sed,
2972 3244 3131 3300 habet
3157 3242 3299 3297 unde
3316 3240 3513 3296 solvat.

1913 3354 2035 3394 eum
2065 3339 2156 3408 qui
2185 3337 2447 3392 obnoxius
2469 3345 2550 3392 est
2575 3336 2804 3391 liberare
2834 3335 2969 3390 solet
3000 3351 3014 3388 :
3046 3335 3126 3389 sic
3154 3343 3211 3387 et
3238 3330 3420 3387 evenit
3457 3330 3520 3382 in

1914 3431 2152 3494 Adamo;
2177 3429 2408 3484 debebat
2437 3427 2693 3493 Adamus,
2720 3443 2749 3480 a
2779 3426 2995 3482 diabolo
3024 3423 3386 3487 detinebatur,
3419 3420 3515 3474 sed

1917 3520 2061 3576 unde
2096 3521 2329 3575 solveret
2371 3535 2476 3573 non
2511 3518 2780 3574 habebat:
2812 3531 2920 3571 non
2964 3515 3197 3570 debebat
3243 3512 3512 3573 Christus,

1915 3626 2015 3666 nec
2038 3626 2068 3664 a
2098 3609 2312 3665 diabolo
2355 3608 2726 3674 detinebatur,
2771 3606 2866 3662 sed
2902 3604 3141 3660 debitum
3183 3609 3390 3673 poterat
3420 3615 3520 3654 nu-

1915 3718 2127 3759 merare
2157 3720 2171 3757 :
2194 3702 2359 3768 venit,
2385 3710 2615 3756 mortem
2643 3698 2899 3769 persolvit
2925 3713 3022 3769 pro
3042 3711 3108 3753 eo
3132 3696 3221 3766 qui
3249 3710 3280 3750 a
3302 3693 3520 3750 diabolo

1913 3794 2272 3860 detinebatur,
2291 3803 2349 3849 ut
2372 3793 2519 3848 illum
2548 3793 2870 3849 exsolveret.

1987 3889 2040 3942 4.
2064 3886 2226 3950 Vides
2242 3887 2498 3956 praeclara
2525 3886 2931 3942 resurrectionis
2955 3882 3183 3940 effecta?
3212 3882 3319 3936 Nos
3351 3879 3521 3949 dupli-

1915 3981 1962 4034 ci
1994 3987 2168 4033 morte
2209 3977 2408 4032 monui
2447 3991 2695 4040 eramus;
2741 3976 3011 4047 duplicem
3068 3974 3245 4042 itaque
3275 3986 3518 4026 resurre-

1922 4070 2157 4124 ctionem
2206 4077 2582 4138 exepectemus
2641 4085 2652 4120 :
2700 4067 2814 4137 ipse
2871 4066 3102 4136 simplici
3141 4072 3386 4118 mortuus
3441 4070 3526 4114 cst-

1923 4169 2134 4226 morte;
2164 4167 2454 4230 propterea
2499 4159 2729 4229 simplici
2758 4173 2974 4229 quoque
3011 4155 3409 4211 resurrectione
3439 4168 3524 4206 rc-

1923 4252 2172 4308 surrexit.
2196 4252 2332 4320 Quid
2361 4251 2477 4306 lucc
2493 4251 2592 4306 sibi
2623 4250 2850 4305 volunt?
2881 4250 3142 4314 Mortuus,
3177 4247 3418 4315 inquam,
3443 4253 3524 4297 cst

1927 4344 2184 4410 Adamus,
2209 4349 2264 4397 et
2293 4356 2520 4414 corpore
2549 4350 2604 4397 et
2627 4342 2805 4397 anima
2832 4359 2846 4394 :
2878 4349 3122 4395 mortuus
3165 4346 3250 4394 est
3303 4344 3537 4406 peccato-

1923 4444 1977 4488 et
2006 4443 2218 4488 natura.
2270 4432 2336 4486 In
2385 4448 2700 4503 quocumque
2753 4432 2836 4486 die
2884 4429 3201 4484 comederitis
3251 4428 3314 4480 de
3342 4427 3523 4497 tigno,

1923 4537 2087 4581 morte
2112 4526 2401 4581 moriemini
2429 4524 2587 4598 (Gen.
2611 4525 2658 4580 2.
2701 4525 2813 4595 17).
2864 4522 3024 4593 Atqui
3079 4536 3186 4575 non
3213 4519 3400 4574 eadem
3439 4517 3526 4572 die

1925 4629 2168 4676 mortuus
2195 4631 2278 4675 est
2305 4627 2493 4675 natura
2517 4659 2533 4685 ,
2562 4619 2656 4674 sed
2703 4627 2924 4687 peccato
2961 4625 3044 4670 est
3070 4625 3314 4670 mortuus
3339 4613 3357 4643 ί
3379 4653 3395 4677 ,
3426 4611 3524 4665 illa

1925 4728 2071 4769 mors
2097 4724 2182 4770 est
2211 4713 2426 4780 anima,
2448 4711 2563 4767 haec
2584 4726 2730 4766 mors
2756 4720 2840 4765 est
2861 4710 3124 4778 corporis.
3153 4707 3257 4763 Sed
3278 4721 3400 4761 cum
3431 4719 3526 4758 au-

1924 4804 2088 4858 dieris
2133 4812 2361 4857 mortem
2403 4817 2525 4858 esse
2550 4802 2774 4868 animae,
2809 4801 2912 4854 noli
2941 4800 3075 4855 mori
3117 4799 3351 4853 animam
3380 4796 3526 4851 arbi-

1931 4895 2058 4948 trari
2094 4912 2106 4947 :
2139 4902 2222 4947 est
2251 4895 2392 4948 enim
2424 4893 2783 4956 immortalis;
2808 4908 2993 4946 verum
3036 4891 3230 4945 animae
3258 4904 3408 4944 mors
3437 4899 3520 4943 est

1928 4996 2199 5054 peccatum
2220 4995 2273 5039 et
2295 4985 2612 5055 supplicium
2631 4993 2889 5040 aeternum
2919 5002 2933 5035 ς
2965 4993 3250 5053 propterea
3278 4983 3352 5036 ait
3373 4981 3528 5036 Chri-

1927 5088 2040 5132 stus
2065 5119 2079 5143 ,
2110 5076 2287 5131 Nolite
2337 5079 2512 5131 timere
2563 5093 2646 5131 eos
2691 5081 2777 5145 qui
2801 5077 3036 5131 occidunt
3066 5093 3274 5145 corpus,
3304 5077 3528 5128 animum

1929 5179 2096 5224 autem
2119 5187 2219 5223 non
2248 5179 2457 5240 possunt
2488 5169 2747 5232 occidere;
2776 5170 2868 5222 sed
2891 5170 3058 5239 potius
3082 5171 3248 5222 timete
3276 5183 3412 5232 eum,
3444 5169 3528 5234 qui

1930 5273 2093 5333 potest
2139 5272 2185 5316 et
2232 5263 2458 5314 animum
2516 5272 2562 5316 et
2604 5279 2792 5331 corpus
2838 5263 3055 5342 perdere.
3120 5262 3173 5313 in
3247 5260 3531 5330 gehennam

1931 5354 2143 5422 (Matth.
2181 5353 2269 5407 10.
2299 5354 2395 5424 23)
2422 5372 2434 5406 :
2469 5355 2612 5422 quod
2644 5365 2822 5408 autem
2852 5363 2935 5407 est
2963 5353 3251 5421 perdittun,
3287 5352 3528 5404 subsistit

1931 5447 2166 5515 quidem,
2195 5447 2288 5501 sed
2322 5449 2491 5500 aciem
2519 5447 2796 5501 oculorum
2830 5449 2946 5516 ejus
2977 5448 3064 5515 qui
3097 5446 3347 5514 perdidit,
3374 5444 3523 5512 fugit.

1935 5539 2127 5592 Verum
2153 5546 2209 5590 ut
2230 5537 2494 5601 dicebam,
2525 5539 2717 5606 duplex
2743 5541 2792 5592 in
2815 5539 2967 5592 nobis
2997 5553 3141 5592 mors
3160 5547 3274 5599 est;
3301 5551 3531 5604 quapro-

1932 5643 2047 5700 pter
2076 5643 2128 5687 et
2157 5632 2422 5701 duplicent
2463 5633 2572 5686 ﬁeri
2606 5633 2660 5686 in
2701 5634 2854 5688 nobis
2884 5630 3330 5687 rcsurrecﬁonem
3357 5645 3520 5697 opor-

1996 5765 2008 5795 ¹
2051 5772 2165 5823 ηας.
2189 5764 2232 5823 l,
2252 5771 2425 5815 natura
2446 5774 2621 5824 autem,
2651 5766 2884 5827 posterius
2902 5779 2916 5826 ;
2936 5763 3211 5824 trtstimque
3230 5769 3449 5814 mortuus
3465 5772 3532 5812 cst

1929 5837 2144 5886 parum.
