4070 6482
503 393 609 452 ιιὸθ

504 516 580 560 tet
606 524 617 559 :
653 506 704 559 in
741 504 951 561 Christo
976 503 1201 573 simplex
1228 518 1369 557 mors
1389 504 1483 557 fuit
1509 523 1521 555 :
1550 522 1655 557 non
1677 505 1817 558 enim
1844 503 2085 557 Christus

504 595 773 663 peccavit,
805 596 897 649 sed
934 581 1217 663 ipsa‘mors
1245 594 1468 662 simplex
1499 604 1715 665 propter
1740 608 1835 646 nos
1857 602 1938 646 cst
1963 591 2082 646 sus;

501 694 654 754 cepta
684 699 827 739 :uou
865 684 1006 737 enim
1047 694 1273 737 mortem
1321 683 1505 737 debuit
1552 685 1672 749 ille,
1726 698 1900 752 neque
1943 684 2084 737 enim

507 791 629 830 reus
653 786 768 831 erat
804 777 1025 843 peccati,
1044 776 1288 843 quocirca
1322 768 1417 829 nec
1447 776 1665 829 mortis:
1691 785 1969 843 propterea
1997 775 2085 829 ille

509 866 715 934 quidem
734 867 1122 919 resurrectione
1133 863 1359 933 simplici
1373 880 1398 916 a
1418 865 1641 934 simplici
1660 874 1831 918 morte
1849 880 2099 918 resurre-i

512 956 587 1009 xit
608 974 621 1010 :
646 970 742 1009 nos
763 965 962 1018 autem,
988 957 1074 1025 qui
1094 955 1289 1025 duplici
1304 966 1470 1010 morte
1486 957 1677 1009 mortui
1704 956 2086 1025 sumus,dupli-

509 1046 557 1099 ci
598 1061 809 1115 quoque
835 1046 1223 1101 resurrectione
1240 1046 1560 1116 resurgimus
1592 1062 1603 1097 :
1650 1060 1751 1098 una
1766 1046 1975 1114 quidem
1991 1062 2084 1098 att-

506 1149 587 1190 tea
621 1140 1031 1200 resurreximus,
1055 1152 1173 1206 qua:
1185 1146 1267 1191 est
1290 1152 1317 1190 a
1343 1146 1559 1206 peccato
1587 1153 1599 1188 :
1624 1135 1918 1205 consepulti
1943 1152 2084 1189 ctum

504 1228 799 1297 sumusipsi
822 1228 873 1282 in
889 1228 1167 1297 baptismo,
1189 1238 1241 1282 et
1256 1228 1688 1282 consurreximus
1707 1241 1827 1280 cum
1852 1227 1965 1296 ipso
1992 1242 2085 1295 per

507 1319 855 1387 baptismum.
892 1318 1003 1374 Una
1035 1320 1147 1373 htcc
1176 1318 1496 1372 resurrectio
1522 1327 1605 1372 cst
1636 1318 1877 1371 liberatio
1900 1332 1929 1370 a
1959 1332 2083 1387 pec-

505 1411 669 1473 catis;
691 1410 856 1463 altera
880 1426 1005 1463 vero
1024 1411 1340 1463 resurrectio
1357 1419 1437 1462 est
1452 1409 1720 1477 corporis:
1745 1409 1888 1463 dedit
1914 1408 2085 1477 majo-

512 1516 647 1565 rem,
671 1511 919 1570 cxspecta
946 1504 1104 1553 etiam
1130 1500 1389 1554 minorem
1422 1518 1434 1553 :
1466 1500 1577 1555 lucc
1611 1500 1750 1553 enim
1775 1501 1942 1555 multo
1977 1514 2088 1554 ma-

510 1592 597 1657 jor
626 1600 706 1643 est
733 1591 817 1643 illa
839 1591 1032 1643 :multo
1059 1592 1198 1644 enim
1224 1590 1391 1659 majus
1421 1600 1504 1645 ost
1532 1606 1560 1643 a
1589 1594 1821 1660 peccatis
1850 1591 2084 1655 liberari,

508 1695 663 1747 quam
686 1694 878 1748 corpus
905 1694 1187 1750 resurgens
1213 1680 1427 1734 intueri.
1458 1680 1742 1747 Propterea
1754 1681 1946 1735 cecidit
1966 1696 2088 1735 cor-

509 1784 628 1836 pus,
655 1770 776 1837 quia
805 1771 1042 1837 peccavit
1074 1788 1087 1824 :
1119 1771 1162 1824 si
1193 1771 1352 1839 igitur
1400 1770 1715 1839 principium
1760 1772 1984 1825 cadendi
2009 1780 2091 1825 cst

513 1869 786 1927 peccatum
810 1902 823 1925 ,
855 1861 1171 1931 principium
1202 1862 1509 1931 resurgendi
1539 1872 1623 1916 est
1648 1876 1677 1915 a
1710 1873 1926 1931 peccato
1953 1862 2089 1918 libe-

509 1952 633 2004 rari.
692 1950 1100 2005 Resurreximus
1147 1951 1399 2021 deinceps
1455 1954 1846 2007 resurrectione
1877 1952 2091 2022 majori,

510 2039 715 2108 abjccta
744 2041 889 2108 gravi
945 2050 1117 2095 morte
1156 2042 1380 2110 peccati,
1406 2051 1459 2095 ct
1497 2042 1661 2096 veteri
1709 2052 1864 2096 exuta
1896 2053 2043 2097 veste
2073 2061 2087 2097 :

513 2146 578 2182 ne
610 2129 767 2197 igitur
790 2128 859 2183 dc
888 2131 1076 2184 minori
1107 2129 1476 2200 desperemus.
1516 2131 1625 2187 I‘lac
1647 2141 1701 2185 ct
1732 2147 1828 2185 nos
1854 2132 1978 2186 olim
2007 2150 2092 2188 re-

516 2218 846 2272 surrectione
874 2222 1263 2274 resurreximus
1282 2263 1296 2285 ,
1338 2221 1550 2291 quando
1574 2223 1818 2290 baptizati
1845 2221 2042 2278 fuimus
2073 2264 2089 2288 ,

516 2318 673 2376 atque
695 2308 748 2361 hi
776 2309 863 2377 qui
887 2309 997 2363 heri
1027 2313 1231 2380 vesperi
1260 2312 1575 2380 baptismate
1596 2311 1738 2380 digni
1764 2313 1925 2365 habiti
1948 2323 2090 2379 sunt,

448 2428 449 2431 η
520 2400 570 2451 hi
594 2400 712 2468 agni
745 2401 986 2468 pncclari
1019 2400 1057 2452 ⁸.
1085 2401 1481 2456 Nudiustcrtius
1507 2403 1790 2457 crucilixus
1813 2412 1893 2457 est
1936 2402 2094 2457 Chri-

524 2501 658 2557 stus,
689 2492 780 2545 sed
799 2505 954 2547 noete
984 2494 1247 2561 prazterita
1272 2495 1562 2548 resurrexit
1592 2512 1604 2546 :
1635 2505 1687 2548 et
1715 2494 1766 2547 lli
1793 2495 2093 2549 nudiuster-

524 2583 627 2634 tius
650 2596 678 2633 a
703 2592 916 2648 peccato
936 2582 1331 2648 detinebantur,
1358 2583 1452 2637 sed
1479 2584 1635 2637 simul
1668 2599 1787 2638 cum
1814 2599 1878 2637 eo
1911 2600 2095 2638 resur-

519 2683 768 2725 rexcruut
796 2691 808 2725 :
840 2673 927 2727 ille
966 2687 1189 2741 corpore
1232 2683 1470 2727 mortuus
1512 2683 1591 2727 est
1616 2716 1631 2739 ,
1664 2664 1721 2728 et
1757 2689 1981 2743 corpore
2013 2690 2097 2728 re-

524 2764 792 2816 surrexit:
820 2763 872 2816 hi
899 2766 1093 2817 mortui
1124 2774 1340 2832 peccato
1367 2773 1540 2829 erant,
1565 2773 1618 2817 et
1649 2779 1678 2817 a
1710 2766 1935 2833 peccatis
1964 2765 2100 2818 libe-

528 2854 625 2905 rati
650 2862 1073 2907 resurrcxerunt.
1111 2856 1186 2906 Ac
1216 2862 1353 2907 terra
1386 2855 1601 2922 quidetu
1633 2868 1795 2907 verno
1827 2853 1927 2907 hoc
1963 2863 2102 2907 tem-

526 2958 655 3012 pore
692 2958 843 2997 roszts
869 2951 923 2997 et
967 2944 1131 2997 violas
1156 2943 1395 3012 aliosque
1422 2944 1585 2997 ﬂores
1613 2943 1765 2996 nobis
1786 2943 1927 3005 edit;
1953 2958 2103 3013 aqua:

529 3049 661 3089 vero
708 3044 845 3089 terra
893 3034 1048 3089 nobis
1078 3045 1285 3103 pratum
1334 3035 1697 3090 delectabilius
1727 3034 2101 3089 exhibuerunt.

524 3129 603 3181 Ne
627 3127 835 3180 mireris
850 3127 987 3195 quod
1017 3127 1083 3181 ab
1107 3128 1258 3195 aquis
1285 3125 1444 3179 llores
1470 3126 1845 3195 germinarint;
1880 3127 2105 3195 necipsa

526 3232 664 3271 terra
695 3233 764 3271 ex
794 3218 1005 3287 propria
1027 3227 1237 3283 natura,
1262 3217 1354 3271 sed
1376 3232 1439 3271 ex
1471 3218 1675 3271 Domini
1705 3217 1953 3271 mandato
1974 3234 2103 3288 ger-

527 3324 650 3363 utcn
682 3307 791 3363 edit
815 3325 828 3363 :
860 3308 1102 3361 animalia
1127 3324 1336 3377 quoque
1362 3319 1507 3361 motu
1534 3308 1751 3375 praedita
1777 3309 1825 3361 in
1850 3309 2107 3377 principio

530 3402 643 3455 edit
666 3415 927 3469 aquarum
960 3409 1144 3453 natura
1176 3415 1191 3463 ;
1226 3397 1526 3453 Producant
1550 3400 1709 3463 enim,
1744 3399 1932 3469 inquit,
1964 3414 2109 3470 aqua:

525 3490 727 3558 reptilia
748 3491 1030 3542 animarum
1055 3490 1319 3543 viventium
1342 3488 1492 3557 (Gen.
1527 3491 1577 3543 l.
1607 3490 1697 3559 ΞΟ)
1730 3506 1743 3553 ;
1785 3499 1838 3543 et
1885 3488 2106 3541 manda-

532 3592 641 3633 tutu
685 3595 820 3648 Opus
850 3580 1064 3644 evasit,
1118 3581 1311 3648 illaque
1340 3581 1529 3633 anima:
1586 3596 1776 3648 expers
1820 3580 2110 3633 subStantia

534 3674 767 3725 animata
800 3672 1016 3739 protulit
1042 3672 1312 3726 animalia.
1353 3672 1427 3725 Ita
1460 3687 1600 3725 nunc
1629 3674 1788 3725 etiam
1821 3673 2112 3741 producant

533 3777 705 3831 aqum,
751 3777 854 3815 non
900 3762 1106 3829 reptilia
1137 3762 1422 3816 viventium
1473 3763 1793 3825 animarum,
1827 3764 1919 3816 sed
1952 3763 2110 3830 spiri-

534 3853 691 3906 tualla
730 3852 890 3905 dona.
942 3852 1315 3907 Produxerunt
1362 3862 1475 3906 tum
1502 3868 1652 3922 aquae
1684 3855 1853 3921 pisces
1890 3851 2113 3905 rationis

538 3953 786 4012 expertes
814 3958 876 3997 ac
905 3956 1113 4008 mutos;
1148 3961 1287 3999 nunc
1334 3948 1540 4000 ratione
1570 3946 1823 4015 pratditos
1852 3961 1914 4000 ac
1948 3945 2112 4016 spiri-

535 4036 705 4090 tuales
730 4034 901 4103 pisces
927 4035 1258 4101 effuderunt,
1311 4038 1484 4107 pisces
1504 4080 1519 4102 ,
1560 4053 1694 4107 quos
1743 4039 1967 4106 apostoli
1994 4048 2117 4092 sunt

541 4126 747 4195 piscati.
791 4123 960 4178 Venite
1003 4127 1145 4180 enim
1166 4169 1181 4193 ,
1215 4127 1404 4196 inquit,
1439 4138 1483 4180 et
1510 4128 1695 4190 faciant
1740 4144 1823 4180 vos
1851 4128 2116 4192 piscatores

540 4222 800 4275 hominum
831 4221 1038 4293 (Matth.
1068 4221 1122 4275 4.
1156 4220 1245 4289 l9)
1271 4238 1283 4273 :
1312 4220 1425 4273 hcce
1449 4229 1532 4274 est
1562 4220 1646 4273 illa
1679 4221 1899 4289 piscatio
1930 4221 1995 4273 de
2015 4236 2117 4290 qua

539 4323 647 4367 tum
665 4315 979 4384 loquebatur
1004 4333 1015 4367 :
1047 4328 1216 4368 novus
1242 4328 1423 4366 revera
1457 4312 1764 4381 piscationis
1785 4312 2006 4367 modus:
2031 4315 2120 4382 qui

541 4404 810 4471 piscamur
831 4420 892 4459 ex
923 4403 1076 4474 aquis
1104 4403 1352 4472 cjiciunt,
1384 4418 1483 4457 nos
1535 4404 1585 4456 iu
1628 4418 1790 4471 aquas
1832 4403 2116 4473 injicitnus,

540 4502 699 4563 atque
732 4494 802 4547 ita
835 4496 1123 4563 piscamur.
1178 4494 1299 4547 Fuit
1338 4493 1463 4545 oliut
1504 4504 1557 4547 et
1595 4502 1768 4547 stante
1818 4493 2119 4548 Judtcorunt

546 4585 665 4654 lege
694 4586 891 4653 piscina
929 4600 946 4638 :
977 4586 1123 4639 disce
1165 4584 1288 4653 quid
1319 4586 1546 4653 potuerit
1578 4584 1662 4636 illa
1696 4584 1917 4651 piscina,
1942 4595 1998 4637 ut
2025 4585 2121 4638 Ju-

544 4678 749 4730 daicam
780 4677 951 4730 discas
980 4685 1291 4745 egestatem,
1323 4689 1377 4729 ut
1406 4676 1614 4730 divitias
1643 4676 1817 4731 discas
1844 4678 2118 4732 Ecclesiae.

543 4769 752 4821 Piscina
780 4776 893 4821 erat
922 4783 1175 4837 aquarum
1195 4807 1209 4831 ,
1237 4767 1465 4835 illucque
1493 4768 1712 4838 angelus
1741 4768 2119 4833 descendebat,

544 4870 597 4911 et
626 4874 789 4927 aquas
821 4861 1097 4925 movebat;
1130 4859 1321 4913 deinde
1350 4867 1466 4927 post
1494 4875 1643 4928 aqua:
1665 4862 1953 4915 motionem
1982 4878 2123 4931 aeger

546 4967 683 5004 unus
710 4951 1135 5019 iugrediebatur,
1171 4959 1223 5003 et
1259 4951 1545 5004 satiabatur
1568 4949 1745 5018 (Joan.
1773 4953 1827 5006 5.
1856 4952 1909 5006 2.
1940 4952 2072 5022 sqq.)
2108 4972 2120 5006 :

546 5056 683 5095 unus
711 5043 854 5094 solus
877 5041 1160 5109 quotannis
1186 5040 1487 5103 sanabatur,
1515 5042 1799 5109 statimque
1813 5043 1974 5111 gratia
2004 5057 2123 5096 cou-

548 5130 890 5194 sumcbatur,
939 5146 1045 5184 non
1097 5139 1313 5198 propter
1344 5131 1457 5197 ejus
1484 5132 1571 5199 qui
1605 5129 1765 5183 dabat
1804 5142 2119 5201 egestatem,

548 5222 641 5276 sed
672 5232 887 5290 prepter
917 5238 1100 5276 eorum
1134 5223 1220 5290 qui
1251 5223 1581 5289 accipiebant
1623 5224 1997 5277 iulirmitatcm.
2025 5224 2126 5281 Dc—

547 5315 841 5368 seendehat
885 5315 1033 5384 igitur
1072 5318 1291 5383 angelus
1322 5316 1370 5369 iu
1404 5316 1681 5384 piscinam,
1703 5326 1754 5368 et
1786 5332 1973 5385 aquam
2006 5333 2124 5371 mo-

558 5407 736 5469 vehat,
770 5423 830 5462 ac
859 5408 1148 5462 satiabatur
1174 5423 1307 5461 unus
1339 5426 1351 5461 ε
1380 5408 1658 5463 descendit
1693 5409 1944 5463 Dominus
1966 5426 2126 5479 ange-

551 5497 723 5550 lorum
753 5498 801 5550 in
830 5498 1114 5551 Jordanem
1140 5538 1155 5561 ,
1181 5508 1233 5551 et
1271 5514 1459 5565 aquam
1505 5499 1687 5561 movit,
1722 5508 1879 5567 atque
1910 5502 2124 5553 univcr-

550 5601 671 5639 sum
699 5595 957 5639 terrarum
989 5588 1170 5640 orbem
1197 5590 1423 5641 sanavit.
1458 5588 1741 5657 Propterea
1782 5590 1885 5643 illic
1914 5590 2124 5660 quidem

558 5677 626 5739 is,
660 5676 745 5741 qui
779 5687 892 5743 purt
935 5679 1156 5744 primum
1202 5680 1463 5733 secundus
1494 5679 1861 5743 descenderat,
1912 5683 2127 5737 minimc

622 5790 633 5818 '
676 5789 786 5848 lit‘g.
810 5789 855 5849 2,
878 5788 922 5839 Itt'
948 5787 1125 5838 surculi
1149 5788 1395 5848 pra'clart'.

1222 391 1280 447 S.
1312 389 1586 447 JOANNIS
1622 390 2095 447 CllRYSOSTUMI
2128 391 2442 449 ARClllEP.
2485 392 3014 449 CONSTANTINOP.

3665 393 3776 449 “0

2193 507 2508 568 satiabatur;
2550 505 2746 560 Juda‘is
2779 506 2971 574 quippe
3017 506 3181 574 gratia
3211 504 3330 559 data
3359 515 3475 565 erat
3504 506 3729 559 iutirmis
3754 546 3774 571 ,

2191 596 2374 663 egenis
2404 612 2414 647 :
2448 596 2534 651 hic
2559 610 2682 648 vero
2708 603 2825 663 post
2846 595 3073 661 primum
3103 595 3367 649 secundus
3386 636 3401 662 ,
3429 604 3547 665 post
3576 610 3776 649 secun-

2195 685 2320 739 dum
2347 686 2551 748 tertius,
2588 693 2708 753 post
2748 686 2958 737 tertium
2985 693 3202 752 quartus
3235 702 3247 737 :
3275 689 3396 738 licet
3417 685 3625 750 decetn,
3646 684 3777 740 licet

2194 776 2375 844 viginti
2397 817 2411 837 ,
2444 776 2567 830 licet
2591 786 2825 839 centum,
2858 775 2980 827 licet
3003 773 3181 828 decies
3208 775 3369 839 mille,
3400 775 3523 827 licet
3553 774 3775 828 univer-

2192 879 2307 919 sum
2357 865 2539 919 orbem
2586 874 2847 919 terrarum
2900 864 3180 917 immiseris
3237 866 3285 917 in
3340 864 3632 932 piscinam,
3668 880 3772 916 non

2190 957 2522 1012 consumitur
2550 959 2741 1026 gratia,
2766 971 2868 1009 non
2899 956 3209 1009 exhauritur
3228 955 3425 1009 donum
3448 995 3462 1019 ,
3515 971 3619 1008 non
3651 955 3776 1006 lati-

2190 1063 2280 1102 ces
2305 1048 2643 1117 inquinantur
2662 1064 2674 1099 :
2692 1061 2867 1100 novus
2890 1047 3216 1115 purgationis
3242 1046 3431 1099 modus
3458 1062 3471 1097 :
3503 1060 3607 1098 non
3628 1046 3769 1099 enim

2192 1150 2277 1195 est
2311 1140 2604 1209 corporalis
2634 1157 2647 1192 :
2676 1155 2798 1193 nam
2828 1139 2879 1192 in
2906 1139 3221 1205 corporibus
3263 1137 3501 1205 quidem,
3526 1152 3632 1205 quo
3661 1137 3771 1205 plu-

2191 1247 2277 1285 res
2302 1231 2608 1295 abluuntur,
2641 1245 2706 1285 eo
2728 1231 2959 1298 majores
2984 1230 3169 1283 sordes
3191 1230 3373 1282 latices
3407 1229 3767 1293 contrahunt;

2191 1323 2278 1378 hic
2309 1339 2434 1377 vero
2458 1338 2563 1392 quo
2601 1323 2782 1391 plures
2812 1322 3051 1384 abluunt,
3080 1335 3147 1374 eo
3181 1320 3422 1387 puriores
3451 1318 3701 1373 evadunt.

2261 1415 2314 1470 5.
2349 1414 2510 1468 Vides
2552 1413 2970 1483 magnitudinem
3015 1410 3185 1463 doni?
3232 1413 3299 1461 At
3339 1419 3393 1461 tu
3444 1409 3569 1463 doni
3616 1408 3778 1475 hujus

2191 1504 2616 1574 magnitudinem
2648 1517 2931 1567 conserva,
2962 1501 3032 1554 mi
3058 1500 3238 1554 homo.
3268 1498 3385 1552 Non
3415 1498 3539 1552 licet
3570 1499 3663 1551 tibi
3694 1500 3779 1549 in-

2192 1596 2505 1651 diﬂ'ereuter
2536 1595 2750 1659 vivere;
2784 1594 2956 1662 legem
2998 1592 3090 1646 tibi
3131 1590 3229 1660 ipsi
3295 1605 3415 1644 cum
3459 1590 3603 1643 omni
3653 1588 3784 1641 dili-

2192 1688 2367 1759 gentia
2397 1688 2756 1756 scisce;agon
2786 1693 2870 1738 est
2914 1691 2969 1737 et
3014 1682 3155 1736 lucta
3205 1680 3445 1750 quaedam
3493 1680 3605 1732 lucc
3640 1678 3782 1741 vita;

2193 1780 2281 1848 qui
2309 1787 2485 1831 autem
2516 1776 2567 1829 in
2595 1790 2763 1845 agone
2780 1773 3072 1837 contendit,
3095 1771 3163 1825 ab
3183 1772 3431 1827 omnibus
3454 1785 3511 1823 se
3524 1769 3781 1822 abstinet.

2198 1868 2358 1923 Visne
2374 1868 2631 1937 optimum
2658 1866 2942 1936 quemdam
2986 1880 3049 1918 ac
3074 1879 3316 1917 securum
3346 1872 3489 1917 recte
3519 1864 3784 1915 factorum

2196 1956 2409 2012 modum
2440 1966 2491 2010 te
2518 1954 2777 2010 doceam?
2804 1954 2933 2021 Quae
2980 1953 3225 2006 nimirum
3262 1951 3608 2005 indill‘erentia
3656 1951 3785 2018 qui-

2196 2050 2317 2104 dem
2346 2048 2607 2110 videntur,
2659 2046 2753 2101 sed
2799 2053 3013 2113 peccata
3054 2045 3298 2112 pariunt,
3322 2057 3386 2096 ex
3415 2050 3589 2095 mente
3618 2041 3787 2108 pella-

2196 2152 2492 2192 musznam
2525 2138 2666 2190 inter
2708 2135 2945 2189 actiones
2991 2133 3235 2203 quaedam
3278 2132 3491 2199 quidem
3536 2142 3783 2200 peccata,

2199 2230 2441 2300 quadam
2492 2244 2619 2283 vero
2668 2243 2773 2282 non
2825 2235 3073 2297 peccata,
3127 2226 3221 2280 sed
3270 2234 3604 2294 peccatorum
3657 2234 3789 2277 sunt

2200 2337 2375 2376 causm
2401 2334 2417 2374 :
2448 2320 2527 2373 sic
2555 2318 2693 2373 risus
2721 2318 2934 2388 quidem
2976 2327 3249 2386 peccatum
3300 2326 3485 2369 natura
3526 2330 3630 2368 non
3660 2324 3784 2377 est;

2203 2412 2263 2465 ﬁt
2290 2421 2466 2465 autent
2499 2419 2801 2479 peccatum,
2830 2410 2873 2462 si
2906 2409 3042 2461 ultra
3066 2408 3281 2461 modum
3304 2405 3605 2460 effundatur
3627 2420 3787 2464 :nam

2201 2518 2265 2556 ex
2296 2503 2406 2555 risu
2436 2500 2663 2566 facetiae,
2690 2515 2755 2555 ex
2795 2500 2997 2553 facetiis
3026 2499 3313 2552 verborum
3343 2497 3703 2559 obscteuitas,
3719 2511 3790 2549 ex

2202 2594 2552 2649 obscenitate
2578 2592 2859 2647 verborum
2889 2592 3056 2658 turpia
3088 2588 3247 2653 facta,
3275 2604 3340 2643 ex
3363 2588 3603 2663 turpibus
3632 2584 3793 2640 factis

2204 2686 2460 2755 Supplicia
2490 2686 2756 2749 oriuntur,
2793 2698 2855 2736 ac
2876 2697 3048 2751 ptent}:
3078 2699 3091 2734 :
3121 2680 3247 2734 tolle
3274 2678 3434 2749 igimr
3461 2690 3614 2732 antea
3646 2678 3791 2731 radi-

2206 2794 2344 2844 cem,
2372 2786 2427 2831 ut
2456 2786 2619 2831 totam
2651 2775 3016 2844 aegritudinem
3066 2773 3250 2827 tollas:
3275 2773 3317 2825 si
3349 2772 3489 2825 enim
3532 2771 3685 2824 nobis
3719 2773 3791 2823 ah

2206 2871 2270 2923 iis
2292 2886 2409 2940 quae
2440 2868 2792 2923 indill’erentia
2812 2876 3256 2929 suntcaveamus,
3286 2878 3575 2932 numquam
3607 2862 3659 2915 iu
3698 2878 3787 2923 ea,

2205 2976 2322 3030 qua:
2389 2959 2649 3027 prohibita
2709 2966 2874 3022 sunt,
2939 2955 3299 3024 prolabemur.
3366 2953 3442 3006 lta
3507 2954 3791 3007 mulierem

2208 3051 2481 3119 aSpexisse
2513 3047 2823 3102 indill'erens
2872 3046 3053 3100 multis
3084 3044 3330 3107 videtur;
3364 3053 3417 3096 at
3447 3057 3510 3096 ex
3563 3042 3663 3095 hoc
3692 3057 3793 3095 cu-

2215 3141 2405 3210 piditas
2449 3140 2642 3193 lasciva
2687 3140 2958 3208 gignitur,
3005 3153 3070 3189 ex
3126 3135 3419 3203 cupiditate
3470 3134 3749 3187 fornicatio
3778 3175 3794 3196 ,

2210 3249 2273 3286 ex
2324 3230 2673 3286 fornicatione
2730 3245 2941 3283 rursum
2981 3228 3299 3296 supplicium
3362 3241 3426 3281 ac
3481 3240 3658 3295 paena.
3720 3226 3797 3278 ιω

2210 3321 2439 3376 delicate
2461 3322 2639 3375 vivere
2678 3334 2742 3373 ac
2766 3320 2905 3373 laute
2933 3318 3064 3371 nihil
3095 3332 3256 3387 grave
3277 3332 3396 3371 esse
3427 3316 3667 3379 videtur;
3701 3330 3798 3370 ve-

2211 3427 2328 3466 rum
2356 3410 2477 3464 inde
2501 3410 2752 3474 ebrietas,
2785 3424 3007 3478 quaeque
3033 3422 3099 3462 ex
3120 3408 3377 3461 ebrietate
3399 3407 3535 3461 mala
3558 3421 3798 3460 sexcen-

2213 3513 2265 3556 ta
2326 3511 2636 3556 nascuntur.
2694 3500 2967 3554 Tollamus
3054 3499 3213 3568 igitur
3284 3500 3476 3567 ubique
3547 3506 3799 3566 peccato-

2213 3610 2331 3649 rum
2389 3595 2668 3662 principia.
2722 3593 2922 3646 idcirco
2976 3592 3212 3660 quotidie
3261 3592 3509 3644 continua
3554 3592 3798 3644 doctrina

2219 3686 2546 3755 perfruimini
2600 3703 2613 3738 :
2662 3684 2859 3737 idcirco
2906 3692 3109 3750 septem
3138 3681 3342 3735 dierum
3388 3682 3558 3749 spatio
3603 3695 3801 3735 conse-

2216 3785 2442 3845 quenter
2468 3775 2746 3828 collectam
2771 3774 2971 3841 agimus
2998 3771 3096 3844 (a),
3123 3787 3181 3825 ac
3205 3772 3530 3839 Spirilualem
3558 3785 3799 3823 mensam

2216 3868 2367 3921 vobis
2414 3867 2759 3936 apponimus,
2803 3876 2859 3918 ut
2896 3874 3077 3918 nostra
3118 3878 3276 3931 opera
3328 3863 3519 3917 divinis
3566 3863 3799 3931 eloquiis

2217 3960 2583 4029 perfruamini,
2617 3967 2671 4011 ut
2697 3973 2789 4011 vos
2819 3956 3041 4025 singulis
3068 3956 3254 4009 diebus
3280 3955 3616 4017 instruamus,
3640 3964 3803 4023 atque

2220 4050 2475 4103 adversus
2495 4049 2757 4103 diabolum
2779 4062 3045 4100 armemus
3074 4064 3087 4098 :
3127 4061 3263 4099 nunc
3290 4046 3430 4099 enim
3460 4044 3682 4098 ferocius
3714 4045 3765 4097 in
3788 4076 3804 4087 -

2219 4141 2363 4194 vadit
2394 4158 2407 4193 :
2440 4149 2635 4209 quanto
2659 4138 2829 4207 majus
2858 4148 2938 4191 est
2967 4137 3165 4191 donum
3192 4178 3205 4201 ,
3241 4144 3384 4189 tanto
3430 4136 3587 4189 etiam
3632 4135 3805 4203 majus

2223 4240 2304 4287 est
2336 4230 2551 4285 bellum.
2576 4229 2630 4285 Si
2653 4231 2791 4283 enim
2839 4244 2957 4281 cum
2987 4243 3147 4281 unum
3196 4228 3246 4279 in
3271 4226 3510 4295 paradiso
3538 4225 3757 4279 vidisset
3786 4266 3801 4290 ,

2224 4324 2439 4378 minime
2468 4323 2615 4384 tulit,
2645 4312 2763 4373 cum
2795 4330 2898 4372 tam
2941 4318 3134 4370 multos
3162 4317 3335 4369 videat
3387 4317 3435 4368 iu
3468 4318 3599 4369 czelo
3626 4357 3640 4380 ,
3677 4316 3765 4369 dic
3785 4357 3802 4378 ,

2224 4428 2402 4483 quaeso
2428 4454 2441 4477 ,
2475 4412 2561 4480 qui
2591 4410 2762 4465 feret?
2808 4410 3142 4477 Exasperasti
3185 4409 3443 4464 belluam.
3476 4405 3568 4459 sed
3602 4406 3709 4459 noli
3739 4407 3805 4459 ti-

2226 4521 2403 4568 mere;
2436 4504 2689 4571 majorem
2734 4502 2955 4570 gratiam
2998 4499 3280 4565 accepisti,
3327 4498 3559 4566 gladium
3598 4512 3804 4550 exacu-

2227 4607 2367 4659 tum;
2401 4595 2491 4647 illo
2517 4608 2687 4663 punge
2717 4598 3035 4658 serpentem.
3063 4589 3261 4642 Idcirco
3284 4589 3426 4640 illum
3450 4588 3588 4641 Deus
3615 4587 3807 4641 adver~

2226 4701 2340 4739 sum
2368 4694 2417 4737 te
2444 4683 2744 4751 exasperari
2774 4680 3040 4750 permisit,
3072 4690 3127 4732 ut
3158 4678 3345 4731 virium
3380 4688 3583 4731 tuarum
3607 4688 3801 4747 poten-

2228 4779 2349 4831 tiam
2373 4778 2485 4845 ipso
2511 4775 2869 4845 experimento
2890 4785 3201 4839 cognoscas.
3254 4770 3317 4822 Et
3360 4768 3807 4837 quemadmodum

2226 4882 2344 4921 cum
2375 4867 2602 4935 Optimus
2626 4864 2881 4930 palwslne
2903 4861 3150 4929 magister
3166 4859 3462 4927 squalidum
3481 4860 3806 4928 quempiam,

2227 4969 2531 5015 enervatum
2555 4956 2805 5010 athletam
2836 4969 2897 5007 ac
2922 4952 3226 5021 despectum
3247 4952 3531 5019 acceperit,
3558 4951 3653 5004 ubi
3685 4967 3809 5003 cum

2229 5065 2440 5108 unctum
2466 5049 2791 5113 instruxerit,
2821 5047 3139 5109 exercuerit,
3159 5045 3527 5112 corpulentum
3563 5042 3811 5096 reddide-

2228 5146 2317 5209 rit,
2340 5143 2751 5207 otiaridcinceps
2774 5154 2875 5191 non
2898 5137 3059 5201 sinit;
3086 5151 3268 5189 verum
3290 5134 3338 5186 itt
3358 5133 3814 5198 certaminajuhct

2230 5236 2572 5293 descendere,
2600 5243 2655 5287 ut
2682 5248 2802 5286 eum
2839 5231 3027 5283 doceat
3052 5228 3397 5298 experientia,
3428 5237 3680 5295 quantum
3714 5227 3817 5291 ipsi

2233 5327 2391 5380 robur
2420 5324 2667 5377 iudiderit
2696 5340 2708 5386 ;
2741 5324 2807 5374 ita
2840 5322 3080 5374 Christus
3106 5320 3265 5372 etiam
3302 5318 3423 5370 fecit
3447 5334 3460 5380 ;
3487 5325 3692 5385 poterat
3737 5318 3814 5369 si-

2232 5417 2441 5486 quidem
2474 5416 2739 5468 inimicum
2763 5430 2793 5468 e
2836 5413 3009 5466 medio
3038 5412 3254 5474 tollere,
3300 5409 3391 5461 sed
3420 5419 3476 5461 ut
3504 5409 3683 5476 gratiae
3714 5424 3815 5475 ex-

2234 5507 2554 5570 cellentiam,
2588 5522 2648 5559 ac
2669 5505 2873 5558 virtutis
2899 5503 3205 5572 Spiritualis,
3231 5515 3385 5568 quam
3410 5516 3471 5551 ex
3501 5501 3816 5565 baptismate

2150 5650 2154 5657 ,
2234 5608 2419 5653 nactus
2463 5611 2538 5659 ες,
2585 5594 2996 5663 magnitudinem
3050 5593 3259 5655 discas,
3298 5600 3468 5643 tecum
3498 5590 3640 5641 illum
3685 5604 3815 5640 eon-

2297 5731 2370 5788 (η)
2405 5738 2597 5789 septa-tn
2634 5728 2821 5777 dierum
2857 5728 3010 5789 spatio
3043 5727 3255 5789 q'totidic
3281 5726 3652 5775 cottciouabatur
3675 5725 3819 5785 (ξιτεδ-

2236 5801 2491 5842 aestuum.
