4070 6424
218 393 322 449 ιὸθ
393 453 400 459 .

216 509 466 578 ἥμαρτεν
484 509 512 560 6
538 505 770 575 Χριστός
791 523 805 538 ο
832 505 969 559 άλλά
989 507 1083 559 καὶ
1104 506 1265 569 αὑτὸς
1287 509 1315 559 6
1338 505 1541 568 ἀπλοῦς
1569 503 1803 565 θάνατος

215 597 278 650 δι’
304 599 484 667 ἡμᾶς’
536 598 596 648 οὑ
619 597 728 667 γὰρ
757 597 956 665 ὤφειλε
978 597 1068 650 τὸν
1092 596 1318 649 θάνατον
1341 599 1546 659 ἐκεῖνος
1567 613 1581 627 ·
1607 595 1668 647 οὑ
1694 595 1804 664 γάρ

214 681 283 755 ῆν
318 683 620 744 ὑπεύθυνος
652 684 916 755 ἁμαρτίᾳ,
955 683 1036 737 διὸ
1065 682 1184 734 οὑδέ
1224 683 1453 736 θανάτου
1481 698 1494 712 ⁸
1525 680 1616 734 διά
1647 680 1804 733 τοῦτο

215 777 423 836 ἐκεῖνος
457 774 552 842 μὲν
579 777 776 843 ἀνέστη
803 773 902 844 τὴν
932 773 1224 847 ἀνάστασιν
1250 773 1346 842 τὴν
1373 773 1481 825 ἀπὸ
1505 771 1598 824 τοῦ
1632 769 1802 824 ἁπλοῦ

213 863 450 916 Θανάτου
481 882 497 896 ο
545 866 706 935 ἡμεῖς
759 864 815 916 δέ
862 864 1080 917 διπλοῦν
1133 862 1493 924 ἀποθανόντες
1551 863 1801 926 θάνατον,

209 955 409 1025 διπλῆν
457 956 553 1007 καὶ⁵
597 954 696 1024 τὴν
745 955 1036 1028 ἀνάστασιν
1086 953 1464 1023 ἀνιστάμεθα·
1521 954 1651 1023 μίαν
1703 954 1802 1022 μὲν

211 1042 521 1110 ἀνέστημεν
547 1043 686 1105 τέως
707 1043 806 1112 τὴν
826 1042 932 1094 ἀπὸ
955 1043 1051 1111 τῆς
1081 1043 1353 1113 ἁμαρτίας
1372 1059 1385 1072 ·
1420 1042 1801 1111 συνετάφημεν

210 1131 321 1201 γάρ
357 1128 590 1202 αὑτῷἐν
615 1133 694 1201 τῷ
713 1132 1064 1201 βαπτίσματι,
1092 1133 1188 1184 καὶ
1213 1131 1515 1201 συνηγέρθη
1526 1149 1623 1201 μεν
1652 1131 1801 1202 αὑτῷ

207 1223 297 1274 διά
322 1223 416 1275 τοῦ
450 1223 843 1292 βαπτίσματος.
883 1223 998 1276 Μία
1023 1222 1162 1294 αὕτη
1199 1223 1492 1284 ἀνάστασις
1511 1222 1796 1293 ἀπαλλαγὴ

207 1313 628 1381 ἁμαρτημάτων
647 1329 660 1342 ο
686 1315 910 1384 δευτέρα
927 1314 984 1366 δὲ
1006 1315 1299 1379 ἀνάστασις
1327 1317 1360 1385 ἡ
1391 1315 1482 1368 τοῦ
1513 1315 1760 1385 σώματος
1779 1329 1796 1343 ⁰

207 1403 379 1455 ἐδωκε
429 1405 528 1473 τὴν
583 1405 818 1474 μείζονα,
874 1403 1151 1474 προσδόκα
1203 1407 1299 1459 καὶ
1343 1406 1444 1474 τὴν
1501 1404 1795 1457 ἐλάττονα’

208 1495 350 1564 αὕτη
405 1497 514 1565 γάρ
561 1497 693 1549 πολὺ
745 1494 944 1566 μείζων
991 1495 1243 1567 ἐκείνης’
1281 1494 1412 1548 πολὺ
1461 1495 1567 1564 γάρ
1615 1496 1796 1565 μεῖζον

208 1585 500 1654 ἁμαρτιῶν
539 1586 937 1655 ἀπαλλαγῆναι,
975 1587 1008 1656 ἢ
1056 1586 1213 1655 σῶμα
1253 1586 1382 1638 ἰδεῖν
1417 1587 1793 1657 ἀνιστάμενον.

205 1676 304 1727 Διά
331 1675 488 1728 τοῦτο
521 1676 682 1728 ἔπεσε
709 1676 769 1728 τὸ
801 1678 979 1747 σῶμα,
1007 1676 1192 1745 ἐπειδὴ
1217 1677 1466 1747 ἥμαρτεν
1484 1693 1499 1709 ο
1524 1679 1718 1730 οὑκοὺν
1747 1680 1795 1731 εί

205 1767 349 1836 ἀρχῆ
381 1765 478 1819 τοῦ
515 1770 699 1819 πεσεῖν
727 1769 760 1836 ἡ
795 1767 1071 1838 ἁμαρτία,
1106 1768 1247 1839 ἀρχὴ
1276 1767 1371 1820 τοῦ
1402 1768 1698 1837 ἀναστῆναι
1735 1769 1794 1822 1:6

205 1855 592 1924 ἀπαλλαγῆναι
631 1857 728 1926 τῆς
765 1857 1060 1925 ἁμαρτίας.
1110 1857 1436 1927 ’Δνέστημεν
1472 1857 1656 1910 λοιπὸν
1693 1859 1792 1928 τὴν

208 1943 431 2012 μείζονα
454 1946 770 2010 ἀνάστασιν,
790 1947 880 1998 τὸν
902 1946 1136 2015 χαλεπὸν
1157 1946 1383 2000 θάνατον
1404 1951 1503 2018 τῆς
1523 1948 1792 2017 ἁμαρτίας

207 2033 487 2103 ῥίψαντες,
524 2036 620 2087 καὶ
653 2035 1049 2103 ἀποδυσάμενοι
1084 2034 1145 2086 τὸ
1181 2033 1408 2088 παλαιὸν
1436 2036 1646 2104 ἱμάτιον
1669 2051 1682 2064 ο
1715 2037 1790 2106 μὴ

203 2126 385 2178 τοίνυν
417 2127 557 2195 ὑπὲρ
588 2126 692 2195 τῆς
729 2125 1010 2190 ἐλάττονος
1052 2126 1536 2197 ἀπαγορεύσωμεν.
1574 2127 1790 2198 Ταύτην

199 2217 299 2269 καὶ
359 2218 522 2286 ἡμεῖς
588 2217 749 2271 πάλαι
813 2218 913 2288 τὴν
966 2218 1258 2272 ἀνάστασιν
1317 2219 1639 2288 ἀνέστημεν,
1702 2221 1789 2273 ὅτε

203 2308 613 2378 ἐϐαπτίσθημεν
639 2324 654 2340 ⁶
696 2308 790 2361 καὶ
829 2310 878 2361 οἱ
923 2308 1020 2379 τὴν
1056 2308 1148 2361 τοῦ
1191 2309 1561 2378 βαπτίσματος
1600 2308 1657 2361 δὲ
1695 2308 1788 2362 νῦν

202 2399 444 2470 ἑσπέραν
461 2387 613 2470 [444]
637 2400 1081 2465 καταξιωθέντες,
1114 2400 1181 2452 τὰ
1204 2399 1343 2461 καλά
1366 2399 1534 2451 ταῦτα
1561 2399 1720 2469 ἀρνία
1737 2411 1784 2453 ⁸.

201 2490 317 2560 Πρὸ
349 2490 451 2559 τῆς
484 2489 609 2560 χθές
640 2491 668 2540 6
701 2490 935 2560 Χριστὸς
965 2487 1306 2561 ἐσταυρώθη,
1338 2489 1452 2543 ἀλλ’
1489 2490 1687 2561 ἀνέστη
1722 2492 1786 2560 τῇ

202 2579 550 2652 παρελθούσῃ
582 2580 769 2632 νυκτί·
807 2580 898 2632 καὶ
930 2571 1076 2632 οὑτοι
1108 2581 1213 2649 πρὸ
1254 2580 1353 2648 τῆς
1391 2578 1514 2649 χθὲς
1545 2579 1648 2631 ὑπὸ
1686 2579 1789 2649 τῆς

200 2670 481 2740 ἁμαρτίας
539 2671 881 2739 κατείχοντο,
921 2669 1058 2723 ἀλλά
1105 2669 1540 2739 συνανέστησανο
1581 2671 1788 2734 ἐκεῖνος

199 2759 418 2831 σώματι
446 2759 705 2823 ἀπέθανε,
735 2760 829 2812 καὶ
859 2758 1069 2828 σώματι
1103 2761 1302 2830 ἀνέστη
1326 2776 1339 2789 ·
1374 2754 1517 2812 οὗτοι
1543 2761 1788 2831 ἁμαρτία

197 2848 339 2922 ἦσαν
361 2852 704 2920 τεθνηκότες,
733 2853 827 2904 καὶ
857 2852 964 2904 ἀπὸ
995 2852 1276 2921 ἁμαρτιῶν
1302 2853 1605 2921 ἀνέστησαν
1635 2854 1786 2905 ἐλευ-

195 2943 551 3014 θερωθέντες.
591 2943 655 2995 Ἦ
696 2942 794 3014 μὲν
826 2939 918 2995 οὖν
958 2943 1027 3012 γῆ
1062 2943 1203 2996 κατά
1245 2943 1335 2994 τὸν
1379 2944 1566 3014 καιρὸν
1599 2944 1786 3000 τοῦτον

195 3031 291 3084 τοῦ
341 3031 505 3103 ἔαρος
551 3032 678 3101 ῥόδα
727 3033 822 3085 καὶ
871 3033 925 3085 τα
968 3033 1064 3085 καὶ
1094 3033 1163 3084 τά
1188 3032 1320 3086 άλλα
1349 3035 1478 3102 ἡμῖν
1507 3034 1786 3088 ἐκδίδωσιν

195 3125 333 3194 άνθη
354 3139 370 3154 ο
399 3124 469 3176 τὰ
496 3124 552 3176 δέ
579 3123 743 3178 ὕδατα
763 3125 862 3194 τῆς
882 3125 984 3194 γῆς
1006 3126 1138 3194 ἡμῖν
1165 3125 1520 3196 τερπνότερον
1545 3127 1786 3196 λειμῶνα

195 3212 387 3276 εδειξε.
433 3215 524 3284 Μὴ
555 3207 839 3284 θαυμάσῃς
859 3215 907 3266 εί
932 3214 1038 3286 ἀπὸ
1066 3213 1176 3268 τῶν
1203 3215 1412 3269 ὑδάτων
1449 3215 1787 3288 ἐϐλάστησαν

196 3303 332 3373 άνθη
357 3321 369 3333 ·
403 3303 526 3356 οὑδέ
557 3306 590 3374 ἠ
630 3304 703 3374 γῆ
733 3303 872 3357 κατὰ
897 3305 996 3373 τὴν
1024 3305 1228 3359 οἰκείαν
1259 3305 1440 3374 φύσιν,
1481 3307 1620 3360 ἀλλά
1648 3310 1787 3362 κατά

196 3396 257 3446 τὸ
303 3393 585 3463 ἐπίταγμα
627 3394 720 3447 τοῦ
753 3396 1024 3449 Δεσπύτου
1072 3396 1167 3466 τὴν
1215 3396 1449 3468 βλάστην
1480 3399 1783 3455 ἐκδίδωσιν.

211 3482 472 3546 Ἐξέδωκε
504 3485 597 3535 καὶ
621 3484 678 3536 ἐν
706 3484 848 3554 ἀρχῇ
875 3485 984 3537 τῶν
1011 3485 1214 3539 ὑδάτων
1237 3488 1268 3556 ἡ
1291 3487 1450 3554 φύσις
1482 3488 1594 3551 ζῶα
1616 3491 1789 3542 κινού-

200 3588 375 3643 μεναο
430 3574 798 3643 Ἐξαγαγέτω
838 3577 976 3648 γὰρ,
1018 3579 1180 3646 φησὶ,
1233 3579 1306 3630 τὰ
1347 3578 1535 3631 ὕδατα
1571 3579 1787 3647 ἑρπετὰ

197 3661 418 3732 ψυχῶν
451 3663 672 3729 ζωσῶγ,
707 3667 800 3719 καὶ
827 3667 887 3719 τὸ
917 3668 1198 3737 ἐπίταγμα
1230 3667 1387 3737 ἔργον
1422 3669 1657 3736 ἐγένετο,
1693 3673 1785 3724 καὶ

195 3756 230 3820 ἡ
259 3753 467 3823 ἄψυχος
496 3755 675 3825 ἐκείνη
714 3757 872 3810 οὑσία
911 3755 1130 3826 ἔμψυχα
1171 3757 1286 3820 ζῶα
1323 3757 1577 3828 ἐξέφερεν
1603 3775 1616 3787 “
1645 3759 1788 3812 οὑτω

198 3845 291 3896 καὶ
337 3843 456 3907 νῦν,
502 3844 816 3912 ἐξαγαγέτω
857 3847 927 3900 τά
973 3845 1162 3910 ὕδατα,
1201 3848 1320 3918 οὑχὶ
1364 3850 1564 3916 έρπετά
1599 3850 1785 3920 ψυχῶν

197 3935 408 3998 ζωσῶν,
441 3935 577 3988 ἀλλά
613 3937 958 4005 πνευματικά
991 3937 1321 4008 χαρίσματα.
1365 3939 1630 4008 Ἐξήγαγε
1663 3941 1784 3992 τότε

198 4026 264 4079 τά
298 4027 467 4080 ὕδατα
509 4027 695 4096 ίχθύας
728 4029 955 4096 ἀλόγους
991 4031 1088 4081 καὶ
1127 4029 1394 4098 ἀφώνους,
1435 4031 1653 4095 ἐξέϐαλε
1690 4032 1783 4084 νῦν

200 4118 388 4187 ἰχθύας
422 4119 672 4186 λογικῶς
713 4121 806 4173 καὶ
849 4123 1270 4190 πνευματικοὺς,
1314 4122 1497 4192 ἰχθύας
1535 4125 1639 4176 ὑπὸ
1676 4124 1784 4177 τῶν

197 4207 508 4260 ἀποστόλων
563 4209 905 4272 άλιευθέντας
941 4228 952 4240 ·
1011 4211 1190 4264 Δεῦτε
1250 4213 1396 4282 γάρ,
1451 4215 1619 4284 φησὶ,
1684 4215 1782 4268 καὶ

195 4299 432 4366 ,ποιήσω
460 4299 618 4368 ὑμᾶς
645 4300 835 4367 ἁλιεῖς
871 4302 1196 4370 ἀνθρώπων
1223 4319 1236 4333 °
1267 4305 1470 4375 ταύτην
1501 4305 1650 4372 ἔλεγε
1684 4307 1783 4376 τὴν

197 4390 399 4442 ἁλιείαν
433 4391 574 4446 τότε.
609 4392 807 4454 Καινὸς
833 4393 1002 4454 ὅντως
1031 4394 1129 4463 τῆς
1167 4394 1370 4459 ἁλιείας
1405 4400 1432 4449 6
1461 4398 1659 4466 τρόπος
1681 4415 1694 4428 ο
1731 4401 1781 4450 οί

196 4480 499 4542 ἁλιεύοντες
538 4484 602 4534 ἐκ
627 4481 734 4534 τῶν
764 4483 971 4535 ὑδάτων
1013 4485 1382 4549 ἐκϐάλλουσιν,
1417 4489 1578 4558 ἡμεῖς
1607 4490 1686 4551 εἰς
1716 4491 1783 4542 τὰ

196 4573 362 4624 ὕδατα
395 4569 771 4641 ἐνεϐάλλομεν,
805 4575 896 4626 καὶ
925 4573 1096 4637 οὕτως
1131 4575 1474 4645 ήλιεύσαμεν.
1511 4576 1617 4630 Ἦν
1651 4596 1782 4632 ποτε

196 4665 287 4715 καὶ
313 4662 406 4714 ἐπὶ
440 4663 548 4715 τῶν
595 4664 860 4716 Ἰουδαίων
889 4664 1240 4737 κολυμϐήθρα
1267 4684 1279 4695 ·
1312 4667 1448 4736 μάθε
1477 4670 1530 4720 τί
1565 4671 1782 4739 ἴσχυσεν

194 4755 228 4821 ἡ
257 4752 614 4824 κολυμϐήθρα
648 4756 852 4822 ἐκείνη,
893 4756 980 4807 ῐνα
1018 4755 1194 4827 μάθῃς
1237 4759 1334 4826 τὴν
1379 4761 1651 4828 πτωχείαν
1685 4762 1782 4832 τὴν

206 4841 520 4911 Ἰουδαῖκὴν,
561 4844 648 4894 ἵνα
681 4843 858 4914 μάθῃς
902 4843 991 4896 τὸν
1029 4845 1256 4898 πλοῦτον
1295 4848 1393 4916 τῆς
1438 4849 1775 4919 Ἐκκλησίας.

196 4934 564 5007 Κολυμϐήθρα
593 4934 798 4988 ὑδάτων
819 4932 907 5005 ἦν,
939 4935 1033 4989 καὶ
1060 4940 1363 5008 κατήρχετο
1385 4940 1613 5006 ἄγγελος
1642 4943 1777 5004 ἐκεῖ,

196 5027 287 5076 καὶ
317 5024 586 5092 ἐτάρασσε
612 5026 680 5077 τά
719 5025 886 5078 ὑδατα
910 5043 924 5055 ·
955 5023 1070 5080 εἶτα
1111 5028 1249 5097 μετά
1277 5030 1375 5097 τὴν
1404 5031 1647 5102 ταραχὴν
1684 5031 1778 5083 τοῦ

197 5113 385 5175 ὓδατος
421 5113 707 5164 ἐπέϐαινεν
741 5110 820 5177 εἷς
853 5115 1094 5168 ἀσθενῶν
1133 5119 1223 5170 καὶ
1261 5119 1651 5188 ἐθεραπεύετο·
1701 5117 1780 5184 εἷς

198 5203 356 5271 μόνος
375 5202 470 5254 τοῦ
499 5203 746 5256 ἐνιαυτοῦ
770 5203 1148 5275 ἐθεραπεύετο,
1172 5208 1266 5259 καὶ
1291 5207 1490 5271 εὐθέως
1519 5209 1780 5278 ἀνηλοῦτο

196 5296 228 5360 ἡ
259 5293 436 5362 χάρις,
470 5294 531 5345 οὑ
569 5281 658 5345 διά
687 5295 785 5364 τὴν
819 5295 1091 5364 πτωχείαν
1117 5296 1211 5349 τοῦ
1249 5297 1496 5359 διδόντος,
1524 5299 1658 5351 ἀλλά
1691 5301 1778 5352 διά

193 5384 290 5453 τὴν
316 5384 602 5437 ἀσθένειαν
631 5386 737 5437 τῶν
765 5385 1164 5455 λαμϐανόντων.
1192 5389 1523 5442 Κατέϐαινεν
1552 5391 1778 5458 ἄγγελος

192 5476 368 5526 τοίνυν
410 5477 489 5538 εἰς
518 5476 616 5546 τὴν
650 5479 1052 5549 κολυμϐήθραν,
1084 5481 1176 5532 καὶ
1205 5481 1472 5550 ἐτάρασσε
1512 5483 1571 5534 τὸ
1611 5482 1774 5553 ὕδωρ,

196 5567 287 5621 καὶ
308 5563 386 5630 εἷς
409 5569 772 5638 ἐθεραπεύετο
795 5587 808 5600 °
836 5570 1101 5642 κατῆλθεν
1125 5575 1152 5626 6
1175 5574 1282 5626 τῶν
1304 5573 1550 5641 ἀγγέλων
1577 5577 1777 5628 Δεσπό-

258 5751 278 5779 ⁴
311 5749 435 5811 Reg.
465 5748 494 5796 ‘2
514 5750 573 5796 τὰ
591 5751 709 5798 καλᾶ
731 5751 878 5800 ταῦτα
903 5755 1024 5816 ἔρνη.
1049 5753 1164 5812 Qua:
1185 5756 1330 5803 lectio
1354 5767 1448 5802 non
1470 5757 1769 5815 spcrumnln.

1119 392 1204 448 DE
1240 386 1822 448 RESURRECTIONE
1853 388 1914 443 D.
1957 388 2022 445 N.
2062 390 2226 449 JESU
2269 393 2562 451 CHRISTI.

3397 393 3502 448 HO

1908 520 2008 574 της
2035 506 2114 567 είς
2145 507 2251 565 τὸν,
2270 508 2562 578 Ἰορδάνην,
2589 505 2682 560 καὶ
2713 505 2944 577 ἐτάραξε
2981 503 3043 558 τὸ
3072 504 3236 575 ὕδωρ,
3277 507 3368 558 καὶ
3397 507 3499 574 τὴν

1906 592 2230 663 οἰκουμένην
2269 595 2488 647 ἅπασαν
2527 593 2881 664 ἐθεράπευσε.
2923 592 3022 646 Διά
3053 591 3211 645 τοῦτο
3245 594 3363 646 ἐκεῖ
3399 597 3498 664 μὲν

1910 680 2046 747 μετά
2089 680 2179 732 τὸν
2221 679 2436 750 πρῶτον
2479 683 2506 734 6
2554 680 2807 751 δεύτερος
2855 679 3128 735 κατελθὼν
3166 681 3267 733 οὑκ
3309 681 3498 751 ἐθερα-

1907 765 2102 819 πεύετο
2127 783 2138 796 ·
2184 767 2462 831 Ἰουδαίοις
2489 767 2598 838 γάρ
2620 768 2819 821 ἐδίδοτο
2841 769 2874 838 ἡ
2898 767 3057 838 χάρις
3080 769 3191 830 τοῖς
3221 766 3493 830 ἀσθενέσι,

1903 855 2016 916 τοῖς
2037 857 2270 924 πτωχοῖς
2289 871 2303 885 ⁸
2328 854 2561 909 ἐνταῦθα
2582 855 2639 908 δὲ
2664 853 2801 924 μετά
2822 855 2912 907 τὸν
2940 853 3152 924 πρῶτον
3174 857 3202 907 6
3222 852 3493 924 δεύτερος,

1907 941 2046 1008 μετά
2069 941 2158 994 τὸν
2190 942 2439 1012 δεύτερον
2469 944 2497 995 6
2527 942 2730 1012 τρίτος,
2764 941 2904 1008 μετὰ
2925 939 3016 994 τὸν
3042 940 3222 1010 τρίτον
3243 943 3271 993 6
3299 940 3509 1012 τέτατ’--⁵

1900 1041 2012 1089 τος,
2050 1025 2152 1079 κᾶν
2184 1027 2337 1090 δέκα,
2369 1029 2472 1081 κᾶν
2503 1028 2696 1090 εἴκοσι,
2728 1029 2833 1082 κᾶν
2859 1028 3074 1092 ἑκατὸν,
3108 1027 3211 1080 κᾶν
3243 1029 3491 1097 μυρίους,

1897 1111 2006 1168 ,κᾶν
2039 1113 2136 1184 τὴν
2173 1115 2494 1185 οἰκουμένην
2521 1115 2740 1170 ἃπασαν
2783 1115 3025 1188 ἐμϐάλῃς
3051 1117 3129 1176 εἰς
3161 1118 3261 1184 τὴν
3291 1115 3493 1186 κολυμ-

1901 1201 2127 1272 ϐήθραν,
2167 1205 2268 1257 οὑκ
2305 1203 2652 1258 ἀναλίσκεται
2691 1206 2724 1274 ὴ
2768 1204 2926 1275 χάρις
2951 1222 2964 1234 ⁸
2996 1205 3056 1256 οὑ
3104 1205 3406 1257 δαπανᾶταί
3456 1205 3490 1273 ή

1898 1288 2077 1359 δωρεά
2100 1307 2114 1322 ο
2147 1291 2206 1343 οὑ
2243 1292 2508 1361 ρυποὺται
2549 1291 2617 1344 τά
2653 1291 2889 1362 νάματα.
2939 1292 3136 1354 Καινὺς
3169 1291 3491 1361 καθάρσεως

1898 1377 2133 1446 τρόπος·
2166 1379 2228 1430 οὑ
2267 1379 2375 1447 γάρ
2418 1381 2534 1432 ἐστι
2583 1380 2893 1448 σωματικός
2927 1395 2940 1409 ·
2973 1380 3062 1432 ἐπὶ
3103 1381 3200 1449 μὲν
3241 1379 3350 1450 γὰρ
3380 1377 3490 1430 τῶν

1900 1465 2167 1533 σωμάτων
2189 1466 2313 1518 ὅταν
2338 1467 2586 1528 πλείονας
2609 1466 2895 1539 ἀποπλύνῃ
2914 1467 2983 1519 τά
3005 1468 3242 1536 νάματα,
3268 1466 3488 1518 πλείονα

1894 1550 1994 1618 τὴν
2016 1551 2206 1619 κηλῖδα
2233 1552 2444 1622 δέχεται
2471 1570 2483 1582 ·
2515 1552 2746 1607 ἐνταῦθα
2773 1554 2830 1607 δέ
2861 1555 2970 1624 ὅσῳ
2997 1554 3186 1606 πλύνει
3218 1553 3485 1616 πλείονας,

1896 1637 2136 1706 τοσούτῳ
2171 1639 2529 1710 καθαρώτερα
2562 1640 2789 1708 γίνεται.

1963 1749 2027 1796 ε’.
2062 1738 2215 1806 Εἶδες
2243 1743 2472 1813 μέγεθος
2507 1745 2748 1816 δωρεᾶς;
2793 1745 3128 1815 Διατήρησον
3165 1744 3226 1797 τδ
3262 1744 3489 1814 μέγεθος

1893 1828 1990 1898 τῆς
2017 1829 2225 1900 δωρεᾶς
2251 1830 2476 1900 ταύτης,
2507 1825 2551 1885 ὦ
2582 1831 2856 1902 ἄνθρωπε.
2883 1832 2996 1884 Οὑκ
3029 1832 3204 1897 ἒξεστί
3229 1848 3306 1884 σοι
3332 1831 3487 1885 ἀδια-

1893 1915 2073 1984 φόρως
2094 1919 2192 1987 ζῇν
2217 1934 2229 1946 °
2255 1916 2415 1986 νόμον
2447 1917 2629 1986 σαυτῴ
2653 1917 2742 1979 θὲς
2763 1917 3202 1988 μετά-ἀκριϐείας
3231 1917 3447 1988 ἀπάσης
3469 1933 3482 1946 ⁸

1891 2003 2040 2069 ἀγών
2065 2006 2180 2056 ἐστι
2206 2005 2302 2058 καὶ
2321 2004 2672 2074 παλαίσματα
2694 2022 2706 2034 ο
2738 2007 2765 2057 6
2786 1995 3270 2073 δὲ’ἀγωνιζὸμενος
3305 2005 3482 2059 πάντα

1890 2089 2304 2160 ἐγκρατεύεται.
2360 2093 2513 2144 Εἴπω
2570 2109 2652 2145 σοι
2708 2094 2907 2162 τρόπον
2964 2092 3059 2144 ἕνα
3117 2093 3336 2160 ἄριστον
3389 2094 3484 2145 καὶ

1891 2176 2108 2247 ἀσφαλῆ
2146 2178 2619 2250 κατορθωμάτων;
2657 2177 2738 2231 Τά
2779 2178 3048 2248 ἀδιάφορα
3093 2178 3190 2246 μὲν
3230 2173 3368 2230 εἶναι
3399 2178 3484 2229 60'-

1890 2263 2087 2316 κοῦντα
2110 2307 2124 2330 ,
2155 2264 2307 2337 [445]
2346 2269 2599 2319 τίκτοντα
2633 2267 2690 2319 δὲ
2725 2265 3018 2336 ἁμαρτίας,
3044 2263 3361 2334 ἐκϐάλωμεν
3387 2266 3485 2334 τῆς

1886 2348 2143 2414 διανοίας.
2176 2353 2332 2404 Ἔστι
2361 2353 2469 2421 γάρ
2496 2352 2604 2404 τῶν
2630 2354 2971 2422 πραγμάτων
3003 2351 3068 2404 τά
3107 2354 3206 2422 μὲν
3236 2353 3485 2422 ἁμαρτή-

1891 2453 2058 2506 ματα,
2109 2438 2178 2490 τά
2230 2437 2286 2490 δέ
2346 2440 2443 2508 οὑχ
2506 2439 2901 2508 ἁμαρτήματα,
2965 2438 3374 2510 ἁμαρτημάτων
3426 2439 3483 2490 δὲ

1887 2526 2073 2577 αἴτια·
2109 2517 2220 2574 οἷον
2267 2521 2441 2592 γέλως
2495 2525 2592 2592 μέν
2643 2527 2944 2595 ἁμάρτημα
2990 2527 3088 2577 οὑκ
3136 2525 3252 2577 ἐστι
3300 2525 3480 2593 φύσει,

1887 2612 2092 2678 γίνεται
2118 2611 2172 2664 δὲ
2197 2613 2500 2682 ἁμάρτημα
2530 2614 2878 2683 προενεχθεὶς
2904 2614 2996 2664 ἐπὶ
3019 2612 3178 2668 πλέον
3199 2629 3211 2642 ’
3244 2613 3352 2664 ἀπὸ
3375 2613 3482 2679 γάρ

1885 2699 2120 2765 γέλωτος
2162 2698 2513 2768 εὐτραπελία,
2555 2700 2662 2752 ἀπὸ
2699 2700 3058 2768 εὐτραπελίας
3098 2699 3480 2768 αἰσχρολογία,

1887 2785 1995 2838 ἀπὸ
2031 2785 2411 2856 αίσχρολογίας
2457 2785 2661 2856 αίσχρά
2703 2787 3024 2855 πράγματα,
3072 2785 3181 2838 ἀπὸ
3221 2786 3483 2857 πραγμά-

1885 2889 1994 2926 των
2024 2873 2265 2943 αἰσχρῶν
2301 2875 2548 2935 κολάσεις
2584 2874 2679 2926 καὶ
2723 2873 3004 2944 τιμωρίαι.
3041 2874 3228 2926 Ἃνέλε
3257 2871 3349 2928 οὖν
3381 2876 3480 2944 τὴν

1889 2959 2042 3030 ῥίζαν
2086 2961 2310 3024 ἀνωθεν,
2351 2961 2435 3012 ἵνα
2473 2960 2668 3030 ἀνέλῃς
2702 2960 2820 3012 ὅλον
2863 2961 2923 3012 τὸ
2963 2960 3173 3030 νόσημα
3198 2977 3211 2990 ·
3245 2962 3339 3013 ἐάν
3373 2964 3479 3030 γάρ

1885 3047 1954 3098 τά
2001 3047 2268 3116 ἀδιάφορα
2314 3045 2732 3116 φυλαττώμεθα,
2765 3048 3015 3100 οὐδέποτε
3061 3050 3137 3110 είς
3191 3046 3258 3100 τά
3306 3066 3481 3100 κεκω-

1886 3133 2089 3203 λυμένα
2115 3134 2518 3204 ἐμπεσούμεθα.
2563 3134 2719 3187 Οὕτω
2751 3135 2843 3186 καὶ
2878 3139 3140 3201 γυναῖκας
3173 3135 3298 3187 ἰδεῖν
3328 3137 3480 3188 ἀδιά-

1889 3239 2052 3292 φορον
2080 3217 2217 3274 εἶναι
2251 3221 2399 3274 δοκεῖ
2439 3221 2672 3284 πολλοῖς,
2713 3221 2826 3275 ἀλλ’
2856 3223 2963 3274 ἀπὸ
3000 3222 3186 3274 τούτου
3215 3222 3479 3292 ἐπιθυμία

1889 3309 2184 3372 ἀκόλαστος
2220 3311 2482 3374 τίκτεται,
2524 3311 2587 3362 ἐκ
2627 3311 2724 3376 τῆς
2763 3310 3052 3378 ἐπιθυμίας
3085 3311 3329 3379 πορνεία,
3370 3311 3479 3363 ἀπὸ

1887 3395 2141 3466 πορνείας
2168 3396 2325 3449 πάλιν
2349 3396 2566 3458 κόλασις
2594 3397 2688 3448 καὶ
2713 3396 2971 3465 τιμωρία.
3001 3395 3154 3448 Οὕτω
3180 3396 3234 3449 δέ
3265 3398 3476 3466 τρυφᾷν

1887 3483 2036 3535 οὑδέν
2075 3483 2243 3535 δεινὸν
2290 3478 2424 3534 εἶναι
2467 3482 2630 3544 δοκεῖ,
2667 3481 2780 3534 ἀλλ’
2824 3481 3071 3534 ἐντεῦθεν
3107 3483 3243 3551 μέθη
3284 3483 3374 3533 καὶ
3409 3484 3476 3534 τά

1886 3575 1952 3626 ἐκ
1990 3575 2089 3644 τῆς
2139 3575 2307 3644 μέθης
2345 3577 2515 3645 μυρία
2555 3576 2722 3630 κακά.
2781 3575 3083 3639 Ἀνέλωμεν
3126 3575 3301 3626 τοίνυν
3341 3591 3475 3627 παν-

1885 3664 2047 3732 ταχοῦ
2082 3665 2179 3728 τὰς
2213 3665 2384 3734 ἀρχὰς
2412 3666 2520 3718 τῶν
2560 3664 2992 3736 ἁμαρτημάτων.
3028 3664 3126 3715 Διά
3160 3663 3314 3715 τούτο
3354 3681 3476 3716 συν-

1886 3756 2042 3823 εχοῦς
2074 3749 2370 3809 ἀπολαύετε
2399 3756 2745 3819 διδασκαλίας
2777 3756 2898 3808 καθ’
2925 3755 3137 3826 ἡμέραν
3164 3771 3176 3784 ·
3207 3755 3294 3807 διὰ
3320 3755 3476 3807 τοῦτο

1885 3845 2025 3898 ἑπτά
2052 3847 2264 3917 ἡμέρας
2296 3844 2492 3914 ἐφεξῆς
2531 3847 2749 3912 σύναξιν
2785 3846 3156 3915 ἐπιτελοῦμεν,
3184 3845 3282 3914 τὴν
3316 3863 3475 3897 πνευ-

1887 3937 2121 4006 ματικὴν
2185 3938 2312 4005 ὑμῖν
2365 3937 2790 4006 παρατιθέμενοι
2839 3936 3137 4004 τράπεζαν,
3199 3936 3474 3998 ποιοῦντες

1883 4026 2028 4096 ὑμᾶς
2053 4027 2344 4079 ἀπολαύειν
2387 4028 2546 4080 θείων
2577 4027 2792 4094 λογίων,
2825 4028 3138 4096 ἀλείφοντες
3170 4029 3312 4096 ὑμεῖς
3352 4025 3474 4080 καθ’

1883 4118 2120 4182 ἐκάστην
2159 4117 2392 4188 ἡμέραν,
2427 4117 2844 4182 καθοπλίζοντες
2885 4119 3027 4188 ὑμᾶς
3062 4119 3200 4171 κατὰ
3234 4119 3326 4171 τοῦ
3359 4119 3473 4171 διας

1829 4251 1840 4256 -
1884 4209 2040 4260 δόλου
2067 4225 2081 4240 ο
2115 4208 2446 4279 ἀγριώτερον
2485 4208 2594 4280 γὰρ
2628 4208 2720 4261 νῦν
2759 4209 3056 4262 ἐπιτίθεται
3081 4227 3092 4241 ·
3125 4211 3234 4278 ὅσῳ
3271 4210 3470 4280 μείζων

1883 4301 1915 4369 ἡ
1950 4300 2148 4370 δωρεά,
2182 4295 2419 4369 τοσούτω
2464 4301 2663 4368 μείζων
2697 4302 2790 4354 καὶ
2819 4303 2846 4352 6
2877 4301 3132 4371 πόλεμος.
3172 4303 3233 4354 EE
3275 4303 3382 4372 γάρ
3411 4304 3470 4353 ἐν

1881 4391 1959 4460 τῷ
1998 4391 2311 4459 παραδείσῳ
2341 4389 2435 4441 ’ένα
2477 4391 2504 4441 6
2541 4391 2786 4452 διάϐολος
2831 4391 2954 4443 ἰδών
2987 4394 3086 4444 οὑκ
3127 4393 3374 4462 ἤνεγκεν,
3411 4396 3470 4444 ἐν

1883 4482 1959 4550 τῷ
2003 4480 2215 4550 οὑρανῷ
2265 4479 2549 4542 τοσούτους
2604 4481 2742 4549 ὁρῶν
2797 4481 2914 4544 πῶς
2963 4483 3120 4546 οῖσει,
3173 4482 3294 4534 εἰπέ
3345 4501 3466 4551 μοι;

1895 4573 2252 4642 Ἐξηγρίανας
2291 4573 2352 4625 τὸ
2387 4570 2594 4642 θηρίον,
2639 4572 2774 4624 ἀλλὰ
2811 4574 2884 4642 μὴ
2922 4573 3162 4643 φοϐηθῇς
3190 4590 3202 4603 ·
3248 4575 3465 4642 μείζονα

1880 4663 2106 4732 δύναμιν
2141 4661 2351 4725 ἔλαϐες,
2402 4663 2674 4732 μάχαιραν
2707 4663 3049 4731 ὴκονημένην
3080 4682 3093 4694 ο
3127 4664 3305 4734 ἐκείνῃ
3340 4664 3464 4716 κέν-

1879 4772 2042 4824 τησον
2065 4756 2154 4806 τὸν
2178 4755 2318 4821 ὅφιν.
2343 4755 2440 4805 Διὰ
2459 4752 2616 4805 τοῦτο
2640 4755 2666 4804 6
2695 4753 2824 4814 Θεὸς
2847 4754 3054 4822 ἀφῆκεν
3076 4755 3235 4805 αὑτὸν
3258 4758 3462 4824 ἀγριωο

1881 4846 2040 4918 θῆναι
2084 4846 2222 4899 κατὰ
2271 4845 2387 4908 σού,
2435 4845 2522 4895 ἵνα
2567 4843 2655 4895 διά
2699 4844 2798 4913 τῆς
2844 4843 3035 4913 πείρας
3070 4843 3237 4912 αὑτῆς
3287 4845 3462 4913 μάθῃς

1878 4934 1980 5003 τῆς
2029 4935 2207 5004 ἰσχύος
2239 4935 2337 5003 τῆς
2372 4933 2470 5002 σῆς
2498 4933 2595 5001 τὴν
2624 4932 2869 5000 δύναμιν.
2904 4934 3012 4984 Καὶ
3051 4933 3298 5004 καθάπερ
3339 4953 3462 4987 παιι

1879 5025 2128 5095 δοτρίϐης
2183 5025 2400 5095 ἄριστος
2456 5025 2576 5076 τινά
2635 5025 2925 5094 ῥυπῶντα,
2992 5027 3466 5095 ἐκνενευρισμένον

1879 5117 2136 5186 ἀθλητὴν,
2166 5115 2506 5185 ἠμελημένον
2537 5113 2732 5177 λαϐὼν,
2767 5114 3012 5182 ἀλείψας,
3049 5118 3348 5184 γυμνάσας,
3386 5120 3464 5178 εἰς

1879 5204 2173 5274 εὑσαρκίαν
2219 5203 2459 5270 ἀγαγὼν,
2504 5204 2602 5254 οὑκ
2644 5204 2868 5272 ἀφίησιν
2919 5205 3210 5272 ἡσυχάζειν
3257 5205 3461 5269 λοιπὸν,

1880 5294 1992 5346 ἀλλ’
2037 5297 2114 5356 είς
2158 5296 2282 5356 τοὺς
2335 5293 2551 5360 ἀγῶνας
2597 5295 2842 5347 κατιέναι
2886 5295 3116 5358 κελεύει,
3168 5298 3251 5349 ἵνα
3303 5300 3464 5351 αὑτὸν

1879 5385 2062 5455 διδάξῃ
2092 5385 2176 5437 διὰ
2214 5385 2309 5454 τῆς
2341 5384 2533 5452 πείρας
2566 5385 2693 5452 ὅσην
2729 5384 2982 5454 ἐνέθηκεν
3017 5386 3163 5454 αὑτῷ
3195 5386 3424 5455 δύναμιν
3451 5405 3461 5415 ·

1878 5476 2021 5529 οὕτω
2067 5477 2160 5527 καὶ
2206 5475 2234 5527 0'
2278 5475 2508 5544 Χριστὸς
2560 5475 2835 5544 ἐποίησεν.
2882 5476 3137 5528 Ἰιδύνατο
3199 5477 3297 5545 μὲν
3359 5478 3464 5550 γὰρ

1878 5567 2070 5639 ἐχθρὸν
2107 5570 2170 5620 ἐκ
2211 5567 2303 5620 τοῦ
2336 5567 2498 5636 μέσου
2527 5566 2581 5618 λσ
2597 5567 2710 5618 θεῖν
2736 5584 2750 5596 ·
2783 5568 2895 5620 ἀλλ’
2931 5569 3016 5620 ἵνα
3051 5569 3114 5619 συ
3159 5568 3336 5638 μάθῃς
3368 5572 3464 5642 τῆς

1879 5661 2097 5730 χάριτος
2138 5659 2232 5728 τὴν
2269 5659 2570 5728 ὑπερϐολὴν
2593 5700 2606 5722 ,
2641 5659 2736 5728 τῆς
2776 5660 3148 5729 πνευματικῆς
3183 5661 3464 5728 δυνάμεως

1883 5753 1941 5803 τί)
1979 5752 2222 5821 μέγεθος,
2257 5751 2322 5818 ἣν
2356 5750 2542 5812 ἔλαϐες
2587 5749 2647 5802 ἐκ
2688 5751 2780 5803 τοῦ
2816 5753 3203 5822 βαπτίσματος,
3243 5752 3467 5825 ἀφίησιν
