4070 6420
313 420 410 477 ιιι

307 537 452 607 gredi
480 534 606 590 sinit
631 575 648 600 ,
698 548 762 588 ac
791 529 986 586 multas
1014 529 1105 585 tibi
1133 528 1443 584 occasiones
1468 527 1776 598 suppedth
1800 541 1895 583 co-

307 641 583 681 ronarum.
612 624 815 679 Idcirco
843 631 1048 690 septem
1091 619 1542 690 consequentibus
1588 619 1673 674 his
1707 618 1896 674 diebus

305 719 624 791 concinnum
645 714 886 769 doctrina
908 711 1172 776 fruimini,
1191 719 1250 764 ut
1276 709 1330 764 in
1357 709 1620 764 luetarum
1650 709 1893 779 palaestra

306 810 591 878 diligenter
628 804 998 860 instituamini.
1038 802 1287 871 Alioquin
1319 810 1499 855 autem
1543 800 1705 854 etiam
1735 799 1894 869 Spiri-

307 897 481 952 tuales
505 904 629 951 sunt
652 895 851 964 nuptiae
878 908 941 947 ea
965 933 982 958 ,
1010 907 1126 961 qua:
1143 891 1255 961 jam
1284 889 1444 955 (lunt;
1470 891 1522 943 in
1549 885 1748 958 nuptiis
1768 901 1897 944 vero

303 988 376 1042 ad
406 995 612 1057 septem
640 986 758 1040 dies
788 983 1004 1038 thalami
1034 991 1296 1054 prostant.
1331 981 1619 1050 Propterea
1649 994 1746 1034 nos
1764 993 1896 1048 quo-

303 1094 412 1148 que
442 1079 558 1148 lege
577 1078 851 1132 sanximus
869 1075 1041 1142 vobis,
1069 1083 1130 1128 ut
1154 1074 1240 1128 hic
1263 1081 1468 1145 septem
1489 1072 1699 1128 dierum
1723 1071 1898 1140 spatio

304 1171 372 1224 ad
403 1183 588 1223 sacros
607 1167 869 1221 thalamos
909 1180 1004 1219 vos
1028 1164 1226 1219 sistatis
1252 1164 1293 1216 ⁸.
1326 1163 1522 1218 Verum
1553 1163 1662 1218 illic
1680 1163 1895 1232 quidem

312 1269 432 1331 post
456 1263 660 1328 septem
688 1257 804 1312 dies
843 1257 1161 1310 solvuntur:
1202 1255 1288 1310 hic
1333 1264 1532 1318 autem,
1562 1256 1608 1309 si
1635 1255 1791 1320 velis,
1841 1255 1896 1310 in

307 1364 462 1405 sacro
488 1348 724 1403 thalamo
759 1355 1016 1416 perpetuo
1057 1355 1199 1400 stare
1229 1353 1412 1414 potes;
1441 1355 1600 1414 atque
1644 1344 1695 1398 in
1723 1359 1898 1400 saecu-

305 1440 508 1494 laribus
528 1438 741 1507 quidem
758 1437 959 1506 nuptiis
982 1445 1099 1505 post
1121 1451 1282 1489 unum
1307 1435 1389 1488 vel
1409 1434 1636 1489 alterum
1658 1448 1898 1488 mensem

307 1545 507 1599 sponsa
537 1544 642 1584 non
672 1528 807 1583 adeo
844 1542 1042 1597 sponso
1081 1538 1165 1582 est
1203 1527 1447 1582 amabilis
1475 1545 1488 1579 :
1515 1526 1599 1594 hic
1621 1541 1748 1580 vero
1792 1541 1898 1580 non

313 1622 384 1677 ita
405 1663 422 1688 ,
451 1621 545 1690 sed
572 1630 770 1690 quanto
810 1621 1065 1688 temporis
1095 1618 1153 1672 lit
1178 1618 1348 1686 major
1373 1631 1686 1687 progressus
1705 1658 1720 1680 ,
1755 1625 1900 1673 tanto

307 1712 640 1765 nrdentiores
659 1710 839 1780 sponsi
866 1717 991 1763 sunt
1013 1724 1256 1774 amores;
1288 1717 1434 1762 tanto
1456 1709 1733 1763 suaviores
1752 1723 1904 1764 com--

313 1807 500 1872 plexos
519 1843 535 1868 ,
565 1812 712 1855 tanto
740 1801 1067 1869 spiritualior
1093 1814 1430 1869 congressus,
1463 1800 1507 1854 si
1529 1799 1812 1870 diligentes
1838 1814 1901 1854 ac

309 1937 393 2045 vos!
412 1936 732 2044 unus,
756 1938 936 1996 septem
959 1930 1151 1983 dierum
1193 1931 1350 1995 spatio
1370 1934 1435 1982 ad
1459 1945 1653 1983 sacrant
1687 1945 1903 1983 mensam

333 2226 2756 2259 Μ

1295 414 1362 469 ΙΝ
1401 408 1878 468 ASCENSIONEII
1915 410 1980 465 D.
2019 409 2085 464 Ν.
2122 407 2288 464 JESU
2326 408 2617 467 CHRISTI.

3489 412 3600 471 M2

2005 525 2284 596 vigilantes
2310 527 2497 582 simus.
2548 527 2606 583 ln
2631 528 2946 598 corporibus
2971 543 3157 585 rursus
3176 537 3296 599 post
3331 530 3593 599 juventu-

2010 629 2116 672 tem
2147 629 2438 686 senectus;
2471 619 2558 675 hic
2596 628 2719 690 post
2741 629 3068 676 senectutem
3109 622 3392 692 juventus,
3421 634 3475 678 et
3511 623 3597 692 ju-

2003 717 2202 762 ventus
2249 723 2371 778 qure
2417 708 2579 764 linem
2629 710 2832 765 nullum
2885 711 3084 778 habet,
3136 715 3182 767 si
3249 713 3595 768 voluerimus.

2004 797 2190 868 Magna
2216 799 2407 869 gratia,
2436 799 2530 855 sed
2561 801 2732 871 major
2762 804 2864 856 erit
2886 804 2931 858 si
2971 805 3298 859 voluerimus
3327 818 3595 874 :magnus

2000 897 2117 942 erat
2140 890 2299 944 etiam
2324 889 2542 956 Paulus,
2564 907 2685 947 cum
2711 893 3105 963 baptizaretur;
3128 904 3183 950 at
3209 897 3376 950 multo
3397 896 3590 951 deinde

2000 980 2173 1047 major
2200 987 2284 1035 est
2313 981 2485 1037 lactus
2512 999 2526 1036 :
2558 998 2678 1038 cum
2711 985 3060 1053 praedicaret,
3108 986 3475 1043 confundebat
3503 987 3596 1042 Ju-

2005 1068 2188 1135 daeos;
2247 1079 2430 1138 postea
2480 1081 2667 1142 raptus
2697 1083 2780 1128 est
2831 1074 2885 1129 in
2917 1075 3254 1144 paradisum,
3285 1077 3336 1129 in
3379 1078 3596 1131 tertium

2001 1159 2191 1213 caelum
2217 1161 2477 1217 ascendit.
2508 1160 2690 1233 Itaque
2713 1163 2865 1219 nobis
2907 1165 3070 1219 etiam
3094 1165 3220 1220 licet
3240 1179 3508 1231 crescere,
3551 1167 3595 1220 si

2001 1249 2267 1316 velimus,
2329 1260 2384 1306 et
2431 1253 2678 1308 collatam
2733 1269 2829 1323 per
2871 1255 3191 1324 baptismum
3235 1257 3460 1326 gratiam
3503 1271 3601 1310 au-

2001 1352 2129 1405 gere
2155 1354 2169 1390 :
2203 1338 2360 1393 bonis
2387 1350 2564 1394 autem
2591 1342 2842 1411 operibus
2863 1352 3107 1413 augetur,
3135 1359 3199 1398 ac
3225 1345 3284 1398 lit
3314 1345 3596 1410 illustrior,

2005 1428 2284 1497 lucemque
2313 1430 2470 1485 nobis
2494 1432 2907 1501 splendidiorem
2938 1435 3261 1503 suppeditat.
3285 1437 3434 1502 Quod
3455 1437 3498 1490 si
3527 1436 3597 1492 ita

2006 1518 2119 1584 ﬁat,
2155 1521 2319 1573 multa
2357 1535 2479 1576 cum
2519 1522 2708 1578 ﬁducia
2731 1525 2782 1577 in
2808 1525 3060 1579 conclave
3113 1529 3296 1594 sponsi
3347 1532 3450 1581 una
3471 1543 3594 1581 cum

1964 1680 1972 1688 ἰ
2011 1609 2129 1677 ipso
2179 1611 2524 1679 intrabimus,
2553 1621 2607 1668 et
2632 1614 2696 1668 iis
2725 1613 2878 1668 bonis
2903 1617 3258 1685 perfruemur,
3300 1633 3418 1686 qua:
3443 1633 3597 1685 repo-

2009 1702 2110 1752 sita
2134 1709 2259 1755 sunt
2284 1702 2350 1756 iis
2399 1703 2490 1771 qui
2512 1703 2740 1772 diligunt
2786 1705 2961 1758 illum.
3004 1705 3134 1772 Quae
3163 1706 3321 1760 nobis
3345 1707 3595 1760 omnibus

2008 1791 2264 1860 consequi
2293 1791 2468 1858 detur,
2514 1794 2681 1864 gratia
2711 1805 2764 1849 et
2806 1795 3130 1864 benignitate
3173 1796 3382 1850 Domini
3430 1799 3598 1850 nostri

2005 1878 2132 1933 Jesu
2157 1878 2387 1945 Christi,
2417 1897 2538 1938 cum
2587 1899 2696 1953 quo
2723 1885 2861 1938 Patri
2890 1894 2944 1951 et
2970 1883 3189 1954 Spiritui
3220 1896 3406 1945 sancto
3431 1887 3600 1957 gloria

2010 1982 2065 2025 et
2089 1970 2337 2029 adoratio
2377 1976 2429 2030 in
2459 1978 2653 2032 saecula
2683 1977 3020 2031 saeculorum.
3055 1979 3248 2032 Amen.

2760 2227 3572 2261 ω

1363 2427 1444 2489 IN
1487 2428 1870 2489 HOMILIAM
1913 2427 2011 2489 DE
2051 2429 2542 2490 ASCENSIONE.

317 2608 431 2663 lata
470 2613 780 2678 statuerint,
809 2622 866 2666 stt
897 2622 1054 2667 extra
1082 2613 1349 2666 civitatem
1398 2613 1575 2676 hodie,
1601 2623 1654 2667 et
1689 2614 1900 2684 quidem
1930 2614 1984 2667 in
2015 2613 2112 2667 hoc
2151 2614 2268 2668 loco
2289 2614 2702 2669 conveniremus.
2734 2614 2877 2686 Ergo
2913 2633 2979 2672 ex
3011 2617 3116 2671 lata
3150 2617 3268 2687 iege
3292 2614 3590 2686 quotannis

310 2736 467 2777 extra
503 2723 695 2778 urbem
724 2723 779 2778 in
803 2725 887 2779 die
916 2722 1269 2786 Parasceves,
1294 2725 1362 2779 de
1387 2741 1500 2794 quo
1530 2727 1734 2798 agitur,
1765 2740 1833 2781 eo
1861 2725 1917 2780 in
1947 2727 2070 2781 loco
2129 2735 2432 2782 conventus
2469 2727 2814 2783 habebantur
2847 2748 2862 2783 :
2891 2745 2990 2785 nec
3018 2740 3195 2800 potest
3220 2732 3495 2801 quidpiam
3524 2747 3589 2786 ex

314 2850 484 2906 supra
508 2835 688 2890 allatis
717 2836 896 2891 verbis
933 2837 999 2891 ad
1023 2853 1228 2892 annum
1263 2836 1615 2893 statuendum
1649 2834 1858 2906 colligi.

383 2973 485 3030 Hic
507 2975 661 3031 vides
692 2991 946 3047 magnam
975 2975 1225 3032 Flaviani
1251 2975 1581 3032 Antiocheni
1612 2973 1859 3044 episcopi
1883 2989 2012 3045 erga
2041 2974 2306 3046 reliquias
2330 2985 2634 3047 martyrum
2672 2977 3033 3032 reverentiam
3071 2991 3088 3031 :
3119 2995 3248 3033 nam
3283 2995 3407 3034 cum
3431 2991 3591 3036 antea

306 3095 413 3151 sub
436 3095 685 3150 ecclesia:
713 3093 1365 3164 pavimentojacuissent,
1391 3108 1486 3150 eas
1510 3093 1642 3148 hinc
1671 3091 1898 3148 eductas
1925 3091 1982 3146 in
2014 3091 2261 3159 sublimi,
2289 3107 2432 3164 puro
2469 3093 2784 3163 mundoque
2811 3093 2934 3149 loco
2959 3094 3165 3163 posuit,
3201 3105 3261 3149 ut
3286 3097 3469 3168 populi
3493 3113 3589 3154 ve-

304 3213 576 3268 nerationi
609 3219 878 3283 paterent.

376 3351 890 3421 interpretationem
917 3349 1147 3406 Gerardi
1183 3348 1386 3416 Vossii,
1413 3349 1605 3406 multis
1626 3348 1681 3404 in
1715 3348 1854 3405 locis
1884 3347 2259 3414 emendatam,
2297 3362 2329 3404 e
2355 3346 2580 3418 regione
2618 3345 2794 3403 Graeci
2829 3355 3014 3404 textus
3040 3350 3348 3414 posuimus.

314 3909 378 3951 IN
428 3905 848 3950 ASCENSIONEM
892 3905 1130 3953 οοιιιιη
1163 3903 1391 3947 κοετιιι
1418 3905 1565 3947 JESU
1608 3905 1884 3960 CHRISTI,

2008 3905 2140 3948 ιιΜο
2183 3906 2534 3950 BECITATUS
2579 3907 2644 3948 IN
2687 3906 3017 3951 MARTYRIO
3047 3906 3446 3960 BOMANESIE,
3493 3908 3597 3949 UBI

395 4007 751 4051 HABTYBUM
804 4006 1117 4058 CORPORA,

1189 4004 1306 4046 SUB
1364 4003 1733 4046 PAVIMENTO
1793 4005 1995 4047 PROPR
2065 4006 2411 4050 CADAVERA
2471 4006 2950 4051 HERETICORUII
3001 4006 3292 4062 CONDITA,

3360 4008 3597 4050 ΔΒιΑΤΔ

395 4109 718 4163 ευιζιιυκτ,
751 4108 831 4150 ΒΤ
873 4105 1177 4149 EDITIORB
1220 4105 1377 4148 LOCO
1421 4105 1778 4148 SEPABATIM
1824 4105 1903 4147 SE?

2008 4107 2102 4148 ,τΑ
2143 4089 2242 4166 (a).

392 4371 442 4422 l.
465 4364 569 4421 Cur
596 4374 738 4418 extra
782 4363 1030 4416 civitatem
1058 4371 1330 4415 conventus
1369 4361 1587 4416 habitus.
1621 4392 1694 4404 -—-
1728 4363 1903 4421 Etiam

318 4473 441 4513 cum
468 4456 644 4511 crucis
668 4453 980 4508 memoriam
1010 4451 1369 4514 recoluimus,
1399 4461 1547 4505 extra
1576 4453 1759 4507 urbem
1789 4455 1904 4523 ejus

321 4550 714 4603 solemnitatem
761 4544 1149 4600 celebravimus
1177 4559 1190 4595 :
1221 4552 1275 4597 et
1317 4557 1456 4596 nunc
1483 4543 1694 4612 quando
1731 4545 1907 4598 cruci-

322 4640 408 4693 lixi
429 4637 799 4692 ascensionem
826 4635 1052 4702 agimus,
1085 4633 1341 4687 illustrem
1385 4631 1525 4686 hunc
1549 4643 1711 4701 atque
1746 4634 1909 4690 reful-

320 4738 532 4799 gentem
580 4726 746 4789 diem,
791 4734 942 4779 extra
972 4723 1237 4777 civitatem
1263 4736 1448 4776 rursus
1483 4720 1676 4776 festum
1703 4723 1909 4792 peragi-

320 4859 458 4969 oofa)
490 4855 667 4905 collata
697 4868 809 4904 cum
832 4861 936 4926 ass.
959 4853 1119 4962 Regiis
1141 4852 1298 4924 49.70,.
1316 4851 1458 4911 2027,
1484 4859 1535 4902 et
1555 4853 1697 4924 2424³
1725 4860 1776 4902 et
1800 4867 1911 4924 cum

403 4920 598 4968 bet-tino
618 4917 760 4965 2H3.
807 4922 986 4969 Regius
1060 4913 1168 4969 424,
1194 4927 1241 4962 ιη
1266 4913 1422 4969 titulo,
1448 4921 1740 4964 Romanam
1758 4953 1771 4969 ,
1799 4922 1845 4963 et
1861 4928 1911 4963 tn

403 4913 598 4968 bet-tino
618 4917 760 4965 2H3.
807 4917 986 4977 Regius
1025 4913 1168 4977 2424,
1194 4915 1241 4962 in
1266 4913 1422 4969 titulo,
1448 4913 1740 4977 Romanesite
1757 4953 1771 4975 ,
1799 4915 1913 4977 etin

322 4987 596 5043 martyrum
629 4989 842 5043 _¢_:orporo
863 4973 965 5043 sub
981 4973 1260 5043 pavimento
1282 4987 1430 5043 prope
1454 4976 1694 5043 cadovem
1715 4973 1911 5043 hiereti-

324 5035 493 5090 corum
516 5035 730 5105 condito,
753 5049 863 5105 quo:
884 5035 1046 5105 ablato
1067 5037 1260 5105 fuerunt
1278 5035 1608 5105 gat-separatim
1639 5037 1843 5105 sepulto,
1866 5043 1913 5086 et

323 5102 562 5162 quomodo
944 5094 1142 5147 uerbum
1173 5095 1349 5145 Christi
1373 5094 1539 5146 dicens
1568 5110 1585 5146 :
1618 5115 1640 5142 ι
1670 5094 1912 5147 Invenien-

325 5172 404 5209 tur
429 5161 542 5209 dum
565 5174 644 5209 mo
743 5174 794 5209 cs
813 5158 863 5208 in
878 5159 1021 5208 mota.
1049 5175 1072 5203 ι
1099 5160 1142 5207 si
1166 5159 1298 5209 Regii
1333 5157 1478 5207 lectio
1500 5171 1615 5206 vera
1637 5165 1790 5209 esset.
1817 5171 1912 5207 non

325 5157 404 5211 tur
429 5161 542 5211 duce
565 5157 794 5210 malentcs
813 5158 863 5208 in
878 5159 1021 5208 mota.
1049 5175 1072 5203 ι
1099 5160 1142 5207 si
1166 5159 1310 5219 Regii,
1333 5157 1478 5207 lectio
1500 5171 1615 5206 vera
1637 5165 1790 5215 esset,
1817 5171 1912 5207 non

325 5231 585 5287 martyrum
602 5233 799 5280 wrpora
818 5220 1061 5287 iooomota
1079 5219 1232 5287 ﬁxisse
1241 5218 1538 5287 viderentur,
1557 5219 1644 5268 sed
1658 5221 1915 5287 haeretico-

327 5278 466 5331 rum:
482 5291 538 5333 At
568 5278 765 5344 praestat
799 5282 949 5344 S'ossii
990 5290 1040 5329 et
1080 5281 1235 5329 Savilii
1280 5279 1428 5344 lectio
1453 5293 1463 5327 ε
1492 5293 1586 5328 non
1603 5278 1760 5344 solun:
1784 5281 1913 5344 enim

328 5347 438 5405 quia
463 5341 616 5406 prope
639 5343 977 5391 hereticorum
1011 5355 1229 5407 oorpora,
1252 5341 1339 5390 sed
1366 5342 1511 5407 etiam
1533 5343 1645 5407 quia
1667 5343 1760 5407 sub
1783 5343 1914 5407 pavi-

330 5399 496 5453 t'nent'o
521 5399 661 5454 erant
682 5412 942 5465 martyrum
974 5399 1210 5465 reliquiae,
1233 5399 1475 5465 translatae
1494 5399 1611 5465 etin
1634 5399 1914 5465 sublimiore

331 5475 377 5515 et
404 5467 685 5515 honestiore
708 5463 819 5513 loco
836 5466 1003 5523 posite
1032 5463 1255 5522 fuerunt;
1299 5463 1425 5523 quod
1461 5463 1607 5510 etiam
1637 5464 1772 5511 initio
1797 5475 1912 5510 con-

329 5527 482 5574 cionis
503 5525 790 5576 declaratur.
829 5527 1173 5573 Haareticorum
1210 5531 1374 5572 autem
1410 5535 1517 5572 ossa
1553 5537 1645 5573 non
1687 5523 1915 5572 translata

330 5586 480 5636 fuisse
507 5587 646 5648 paulo
670 5595 837 5647 postea
858 5586 1386 5648 dicit_t:hrysostomus.
1431 5585 1604 5635 Eadem
1640 5587 1740 5648 ipsa
1766 5584 1913 5634 lectio

331 5646 537 5698 habetur
561 5646 776 5699 etiamin
801 5654 917 5710 Reg.
945 5646 1080 5697 1970.

1861 4248 2289 4304 (sm—~—

2011 4383 2156 4430 mus,
2183 4367 2339 4436 Atqui
2366 4365 2502 4431 hoc,
2533 4380 2637 4420 non
2669 4365 2810 4435 quod
2841 4365 3110 4422 civitatem
3161 4367 3438 4436 despicere
3468 4370 3602 4425 veli-

2009 4469 2165 4520 mus,
2220 4454 2315 4509 sed
2364 4465 2628 4524 martyres
2651 4453 2828 4522 potius
2874 4453 3140 4509 honorare
3184 4456 3481 4525 cupiamus.
3526 4457 3606 4512 Ne

2009 4545 2154 4600 enim
2179 4544 2278 4598 viri
2317 4544 2487 4598 sancti
2529 4544 2597 4598 de
2626 4543 2782 4598 nobis
2830 4544 3024 4598 merito
3052 4554 3485 4620 conquerantur,
3541 4561 3606 4601 ac

2011 4638 2190 4692 dicant
2216 4653 2231 4690 :
2259 4636 2367 4692 Nos
2406 4652 2476 4692 ne
2499 4636 2642 4706 digni
2683 4635 2899 4706 quidem
2929 4650 3164 4698 eramus,
3196 4636 3284 4705 qui
3312 4651 3475 4691 unum
3506 4637 3608 4690 Do-

2010 4728 2144 4782 mini
2167 4728 2334 4782 nostri
2359 4727 2501 4782 diem
2547 4728 2598 4781 in
2619 4726 2975 4781 tabernaculis
2999 4726 3201 4782 nostris
3226 4726 3486 4780 celebrari
3517 4727 3603 4779 vi-

2013 4818 2294 4882 deremus;
2337 4833 2474 4872 neve
2495 4817 2772 4871 nobiscum
2800 4817 3184 4886 expostulando
3227 4815 3406 4873 dicant
3433 4833 3449 4869 :
3473 4816 3606 4870 San-

2013 4909 2225 4976 guinem
2250 4907 2466 4976 quidem
2494 4915 2735 4962 nostrum
2779 4921 2877 4975 pro
2908 4906 3023 4974 ipso
3053 4904 3356 4970 ell‘udimus,
3385 4913 3439 4959 et
3458 4905 3605 4974 digni

2015 4997 2183 5053 habiti
2224 5011 2446 5060 sumus,
2504 4997 2698 5066 quibus
2747 5011 2843 5065 pro
2894 5011 2960 5050 eo
3006 5004 3170 5064 caput
3216 5004 3613 5065 amputaretur,

2017 5086 2183 5156 ipsius
2211 5097 2386 5141 autem
2414 5085 2742 5140 salutiferum
2774 5083 2965 5139 festum
2987 5085 3245 5138 celebrari
3264 5085 3403 5138 diem
3428 5083 3622 5139 videre

2016 5193 2123 5232 non
2151 5191 2335 5232 sumus
2361 5176 2632 5245 promeriti
2663 5177 2714 5229 in
2746 5175 3061 5229 habitaculis
3086 5175 3286 5229 nostris
3315 5193 3327 5227 :
3362 5175 3483 5228 ideo
3515 5189 3618 5228 re-

2019 5272 2142 5326 licta
2167 5271 2377 5325 civitate
2397 5269 2461 5326 ad
2485 5269 2647 5339 pedes
2675 5279 2978 5323 sanctorum
3008 5267 3198 5321 horum
3228 5281 3597 5335 properamus,

2018 5363 2298 5417 occasione
2315 5360 2591 5429 praesentis
2612 5359 2714 5412 diei
2739 5400 2751 5420 ,
2776 5368 2828 5412 et
2854 5359 2920 5412 de
2953 5367 3189 5426 tempore
3221 5357 3491 5426 przeterito
3512 5372 3599 5409 ex-

2018 5462 2267 5506 cusantes
2295 5465 2393 5504 nos
2432 5449 2569 5517 apud
2612 5448 2776 5515 ipsos.
2825 5446 2953 5499 Nam
2984 5448 3026 5499 si
3079 5459 3232 5500 antea
3256 5446 3321 5499 ad
3353 5455 3603 5498 strenuos

2021 5545 2118 5597 hos
2143 5542 2350 5610 pietatis
2376 5541 2601 5594 athletas
2622 5554 2838 5592 currere
2870 5539 3171 5604 oportebat,
3202 5535 3414 5604 quando
3437 5535 3608 5587 adhuc

2022 5635 2120 5689 sub
2146 5633 2450 5704 pavimento
2499 5631 2758 5686 reconditi
2789 5630 3030 5703 iacebant
3049 5666 3067 5696 ,
3095 5629 3260 5681 multo
3285 5642 3414 5683 sane
3445 5628 3609 5694 magis
