4070 6454
469 423 568 479 ιιδ
1172 416 1231 474 8.
1271 413 1550 472 JOANNIS
1585 411 2057 470 CllRYSOSTOMI
2096 411 2417 470 ARCHIEP.
2457 414 2991 472 CONSTANTINOP.

469 537 516 588 id
542 537 650 602 jam
687 547 937 602 peragere
963 530 1262 600 oportebit,
1293 528 1504 598 quando
1528 528 1752 582 seorsim
1783 515 2040 595 repositas

469 627 710 678 videmus
747 622 1088 691 margaritas,
1121 620 1333 689 quando
1362 635 1392 674 a
1444 620 1582 688 lupis
1630 619 1864 680 liberata:
1919 624 2044 669 sunt

468 730 623 775 oves,
648 713 863 783 quando
889 729 918 766 a
967 713 1188 766 mortuis
1219 721 1554 765 recesserunt
1599 710 1722 765 vivi.
1771 709 1846 763 Ne
1889 718 2042 763 antea

468 806 678 875 quidem
722 806 883 858 ullum
919 804 1290 857 detrin'ieutum
1324 804 1462 871 passi
1502 812 1625 856 sunt
1667 817 1731 856 ex
1775 801 2040 856 comnmni

470 906 587 948 cum
617 895 719 948 illis
749 896 1014 963 sepultura
1050 912 1062 947 :
1095 898 1318 962 quorum
1351 894 1492 947 enim
1545 893 1760 961 spiritus
1812 893 1862 944 in
1897 892 2044 944 ca-li‘s

471 997 633 1052 sunt,
665 1003 847 1041 eorum
887 1001 1058 1054 neque
1106 1001 1327 1052 corpora
1372 1001 1438 1039 ex
1469 984 1857 1053 prepinquitate
1886 983 2045 1036 hede-

470 1076 692 1140 bantur;
717 1092 936 1145 quorum
978 1077 1168 1129 anima:
1192 1076 1244 1129 in
1274 1091 1430 1128 manu
1459 1075 1548 1128 Dei
1575 1085 1724 1136 sunt,
1757 1089 1927 1142 neque
1955 1088 2044 1126 re-

465 1166 640 1234 liquiae
669 1182 850 1220 eorum
876 1155 942 1220 cit
967 1166 1083 1220 loco
1103 1207 1116 1229 ,
1147 1166 1196 1220 in
1217 1181 1322 1235 quo
1349 1164 1631 1220 recondita:
1663 1175 1816 1227 sunt,
1843 1165 2038 1233 aliquid

471 1257 576 1327 pati
611 1263 867 1324 poterant.
893 1256 1033 1310 Nihil
1080 1271 1207 1325 ergo
1239 1257 1301 1309 iis
1355 1254 1580 1309 antehac
1609 1254 1912 1309 detrimenti
1957 1269 2044 1309 ac-

466 1346 626 1399 cessit
651 1363 664 1399 :
698 1346 920 1414 populus
945 1356 1117 1400 tamen
1148 1356 1327 1400 noster
1356 1361 1459 1398 non
1491 1345 1736 1414 exiguum
1764 1361 1792 1396 a
1817 1345 1932 1400 loco
1952 1346 2045 1398 da-

466 1453 648 1491 mnum
699 1440 900 1491 ferebat
926 1455 938 1490 :
970 1439 1160 1506 quippe
1198 1438 1286 1506 qui
1307 1439 1553 1490 currebat
1573 1438 1782 1506 quidem
1809 1439 1874 1490 ad
1907 1452 2046 1490 mar-

467 1536 641 1596 tyrum
692 1529 976 1596 reliquias,
1003 1537 1055 1580 at
1080 1543 1198 1581 cum
1244 1530 1585 1597 ambiguitate
1627 1538 1681 1582 et
1713 1528 2045 1583 ba-sitatione

467 1633 651 1684 preces
681 1617 955 1682 ollerebat,
983 1619 1120 1686 quod
1148 1629 1449 1672 sanctorum
1481 1619 1723 1687 sepulcra
1753 1620 2040 1688 ignoraret,

463 1719 526 1757 ac
575 1706 661 1758 ubi
705 1707 812 1758 veri
866 1707 938 1758 illi
993 1707 1222 1760 thesauri
1270 1709 1528 1762 reconditi
1555 1719 1753 1763 essent.
1797 1709 2044 1778 Idemque

466 1795 659 1850 factum
678 1806 760 1850 est
780 1797 938 1850 veluti
958 1800 1000 1851 si
1030 1813 1213 1866 greges
1239 1800 1414 1852 ovium
1436 1799 1648 1852 adducti
1675 1800 1739 1853 ad
1769 1800 2043 1868 perfruen-

472 1885 597 1937 dum
634 1888 799 1939 alveis
819 1888 991 1954 puris,
1019 1888 1104 1955 qui
1130 1928 1145 1952 ,
1177 1889 1262 1940 ubi
1307 1889 1371 1939 ad
1403 1888 1574 1942 fontes
1605 1889 1850 1956 Iimpidos
1881 1905 2043 1943 vene-

465 1975 603 2034 rint,
639 1985 772 2026 tetro
800 1975 1025 2042 quodam
1049 1977 1211 2028 odore
1240 1986 1394 2043 atque
1423 1975 1612 2030 ftetore
1640 1973 1852 2032 aliunde
1872 1993 2040 2032 conn-

465 2067 547 2118 nis
572 2076 919 2134 erumpente,
970 2067 1156 2120 iterum
1213 2067 1592 2121 inhibeantur:
1644 2069 1714 2121 ita
1759 2077 1812 2122 et
1858 2070 1909 2122 in
1941 2070 2043 2124 isto

465 2160 588 2212 ovili
625 2161 860 2227 comigit.
919 2160 1026 2212 Ibat
1083 2161 1295 2228 quidem
1347 2161 1568 2228 populus
1624 2161 1689 2215 ad
1732 2176 1889 2229 puros
1920 2163 2040 2217 illos

467 2257 755 2321 martyrum
785 2249 972 2309 fontes,
1002 2249 1095 2302 sed
1122 2249 1246 2302 dum
1271 2248 1512 2302 lectorem
1535 2249 1901 2303 harreticorum
1920 2250 2042 2305 inde

465 2344 704 2396 cominus
749 2350 1111 2408 erumpentem
1143 2343 1396 2403 sentiret,
1453 2351 1643 2394 Iterum
1684 2342 2036 2397 inhibebatur.

465 2432 616 2498 Quod
638 2431 851 2500 quidem
901 2430 1233 2497 conspiciens
1286 2430 1514 2497 prudens
1537 2431 1627 2483 hic
1671 2439 1851 2498 pastor
1885 2442 2040 2501 atque

464 2524 730 2591 magister,
750 2529 935 2575 cuncta
956 2520 1018 2572 ad
1035 2520 1284 2574 Ecclesiae
1307 2520 1706 2574 mdilicationem
1730 2521 2038 2589 disponens,

463 2628 568 2667 non
609 2626 688 2667 est
736 2627 920 2682 passus
947 2611 1035 2664 diu
1087 2612 1185 2665 hoc
1235 2611 1484 2664 damnum
1527 2625 1622 2678 pro
1673 2612 1773 2666 levi
1819 2613 2035 2677 haberi,

462 2702 674 2756 fervens
719 2703 805 2756 hic
832 2713 1037 2756 amator
1078 2709 1131 2754 et
1159 2701 1437 2753 aemulator
1466 2712 1756 2771 maityrum
1807 2703 1905 2770 (a).
1935 2704 2038 2757 Sed

461 2794 585 2861 quid
614 2795 758 2863 agit?
788 2797 1020 2862 Aspicite
1046 2793 1356 2860 sapientiam
1397 2794 1513 2862 ejus
1543 2811 1556 2846 :
1587 2795 1793 2848 turbida
1824 2797 2036 2864 quidem

462 2901 525 2939 ac
554 2885 728 2940 faetida
772 2887 963 2939 ﬂuenta
996 2885 1207 2947 obruit,
1254 2893 1410 2952 atque
1435 2885 1696 2939 obstruxit
1736 2885 1988 2940 deorsum
2020 2905 2034 2940 :

463 2991 626 3045 puros
646 2987 819 3031 autem
847 2986 1136 3048 martyrum
1165 2975 1338 3030 fontes
1365 2990 1604 3030 seorsum
1633 2978 1685 3032 in
1719 2992 1853 3046 puro
1881 2994 2036 3032 mun-

461 3067 636 3136 doque
682 3068 797 3121 loco
843 3067 1141 3121 collocavit.
1192 3066 1534 3120 Considerate
1581 3067 1740 3120 etiam
1785 3077 2036 3137 quantam

462 3171 586 3224 erga
619 3161 720 3209 vita
751 3157 954 3210 hinctos
985 3155 1285 3209 exhibuerit
1307 3154 1706 3220 humanitatem,
1738 3166 1896 3227 atque
1913 3173 2037 3228 erga

463 3256 724 3315 martyres
755 3245 1006 3300 honorem
1028 3287 1044 3311 ,
1069 3256 1122 3300 et
1151 3248 1200 3298 in
1231 3245 1479 3315 populum
1508 3261 1710 3300 curam.
1736 3249 1870 3316 Erga
1895 3265 2038 3303 mor-

464 3344 586 3389 tuos
614 3337 825 3405 quidem
870 3336 1246 3390 immanitatem
1266 3378 1279 3400 ,
1312 3337 1451 3404 quod
1481 3352 1572 3390 eos
1604 3337 1722 3390 loco
1773 3353 1874 3392 non
1917 3354 2035 3393 mo-

461 3427 618 3489 verit,
641 3426 732 3479 sed
756 3427 842 3479 ubi
873 3435 1042 3491 erant,
1073 3426 1142 3478 ibi
1173 3426 1474 3494 reliquerit;
1505 3441 1627 3494 erga
1653 3437 1913 3497 martyres
1940 3445 2034 3482 au-

463 3523 570 3568 tem
601 3515 854 3568 honorem
875 3556 888 3579 ,
924 3530 1016 3569 eos
1057 3515 1124 3568 ab
1162 3516 1398 3584 improba
1428 3516 1696 3571 vicinitate
1745 3519 1984 3572 eximens
2015 3537 2030 3573 :

462 3618 588 3671 erga
637 3605 883 3671 populum
911 3620 1036 3658 vero
1067 3620 1245 3657 curam
1274 3615 1430 3672 atque
1456 3606 1862 3662 sollicitudinem
1885 3651 1899 3673 ,
1931 3626 2035 3665 non

464 3694 774 3761 permittens
796 3710 888 3748 eos
924 3696 1149 3764 amplius
1165 3711 1280 3749 cum
1300 3695 1606 3752 discrimine
1629 3707 1682 3768 et
1703 3698 2034 3767 haesitatione

459 3799 583 3839 suas
610 3801 795 3853 preces
821 3787 1063 3841 fundere.

532 3877 708 3946 Δηρειὶ
728 3877 910 3930 adsunt
931 3879 982 3929 in
1009 3879 1214 3932 ecclesia
1239 3889 1284 3933 et
1314 3881 1510 3950 ubique.
1535 3911 1602 3921 —
1624 3881 1911 3950 Propterea
1939 3899 2033 3938 vos

459 3967 563 4019 huc
582 3966 896 4019 adduximus
915 4009 930 4032 ,
961 3977 1017 4020 ut
1043 3968 1294 4022 illustrior
1322 3980 1614 4024 conventus
1646 3973 1827 4036 lieret,
1857 3974 2036 4042 splen-

457 4056 736 4124 didiusque
762 4059 1116 4124 spectaculum
1158 4074 1260 4112 non
1308 4061 1578 4114 hominum
1606 4063 1776 4115 solum
1800 4105 1814 4128 ,
1862 4065 1954 4118 sed
1982 4074 2035 4119 et

460 4154 751 4215 martyrum
783 4147 1126 4200 eollcctornm
1149 4189 1164 4213 ,
1197 4163 1370 4217 neque
1396 4159 1689 4220 martyrum
1717 4153 1991 4207 dumtaxat
2016 4195 2030 4214 ,

457 4249 641 4287 verum
672 4235 832 4288 etiam
860 4237 1188 4304 angelorum.
1224 4239 1431 4293 Etenim
1460 4251 1515 4295 et
1544 4242 1715 4310 angeli
1747 4254 2035 4310 pra-sentes

457 4332 613 4388 sunt,
643 4325 947 4391 angelorum
977 4334 1032 4378 et
1076 4337 1366 4397 martyrum
1415 4346 1704 4385 concursus
1748 4333 1801 4384 lit
1855 4333 2028 4387 hodie.

462 4414 651 4467 Videre.
700 4416 849 4483 cupis
900 4418 1113 4484 angelos
1162 4420 1359 4485 pariter
1406 4436 1466 4473 ac
1522 4424 1819 4492 martyres?
1871 4425 2030 4492 Aperi

456 4509 638 4560 oculos
665 4507 781 4560 ﬁdei
811 4518 863 4560 et
899 4524 1086 4586 cernes
1115 4513 1477 4577 Spectaculum
1511 4515 1656 4567 illud.
1687 4515 1817 4568 Nam
1845 4517 1888 4568 si
1919 4533 2034 4570 om-

455 4599 537 4651 nis
566 4613 657 4651 aer
677 4600 872 4667 angelis
901 4601 1130 4668 repletus
1155 4604 1257 4666 sit,
1287 4616 1483 4671 quanto
1505 4607 1729 4674 amplius
1754 4607 1978 4662 ecclesia
2013 4627 2026 4662 :

455 4691 498 4740 si
549 4704 672 4741 vero
710 4689 970 4754 ecclesia,
1000 4704 1194 4756 quanto
1237 4696 1405 4762 magis
1451 4696 1563 4749 dies
1596 4696 1704 4765 jam
1757 4712 2027 4764 praisens,

456 4780 665 4846 quando
707 4795 890 4832 eorum
924 4791 1222 4850 assumptus
1251 4794 1330 4837 est
1363 4785 1650 4839 Dominus?
1679 4787 1826 4851 Quod
1853 4798 2029 4841 autem

457 4871 632 4921 munis
664 4886 756 4922 aer
781 4871 982 4936 angelis
1028 4873 1095 4924 sit
1135 4875 1386 4942 repletus,
1416 4877 1536 4929 audi
1584 4878 1708 4944 quid
1733 4879 2032 4947 dicatApo-

451 4963 652 5024 Stolns,
694 4963 984 5014 admonens
1022 4965 1302 5029 mulieres,
1358 4977 1414 5018 ut
1453 4967 1626 5020 velato
1666 4969 1774 5020 sint
1817 4973 2025 5037 capite:

450 5052 645 5101 Debent
675 5053 813 5103 enim
837 5092 852 5114 ,
882 5052 1051 5120 inquit
1078 5093 1091 5116 ,
1138 5057 1368 5108 mulieres
1395 5057 1615 5109 velamen
1665 5059 1842 5111 habere
1870 5078 2028 5127 supra

449 5152 596 5207 (aput
627 5160 806 5206 suum,
842 5156 1042 5211 propter
1061 5145 1263 5214 angt‘los
1293 5144 1367 5214 (l.
1397 5147 1512 5199 Cor.
1550 5150 1635 5200 Η.
1664 5150 1771 5217 10).
1800 5150 2028 5204 llursus—

448 5247 548 5298 quc
567 5232 725 5285 Jacob
757 5253 766 5284 :
799 5234 1016 5302 Angelus
1041 5236 1121 5303 qui
1153 5237 1278 5288 eruit
1302 5254 1378 5288 me
1407 5255 1434 5286 a
1457 5238 1714 5304 jnvcntute
1735 5257 1841 5290 mea
1873 5241 2022 5309 (Gen.

458 5323 539 5374 58.
585 5324 692 5388 l6).
733 5324 792 5375 lit
820 5325 906 5390 qui
958 5325 1006 5376 in
1063 5327 1222 5378 domo
1268 5343 1387 5379 cum
1425 5328 1678 5395 apostolis
1720 5341 1905 5395 erant,
1960 5334 2024 5386 ad

457 5413 675 5466 liboden
699 5417 920 5480 puellam
936 5416 1208 5471 dicebant:
1231 5421 1446 5489 Angelus
1463 5422 1569 5488 ejus
1587 5433 1654 5474 est
1669 5423 1800 5490 (lict.
1819 5425 1883 5477 1?.
1919 5425 2023 5492 l5).

456 5504 742 5556 Aciterum
797 5505 1006 5558 Jat-ob:
1056 5506 1214 5573 Vidi,
1272 5510 1472 5578 inquit,
1520 5525 1682 5566 castra
1732 5517 2025 5586 angelorum

449 5589 602 5656 (Gen.
649 5592 735 5645 52.
768 5593 847 5658 2).
877 5597 977 5648 Sed
1020 5612 1269 5664 quorsum
1299 5601 1604 5668 angelorum
1639 5615 1805 5660 castra
1839 5622 1898 5661 ac
1927 5624 2015 5662 co-

513 5789 585 5848 (a)
620 5795 684 5836 tu:
712 5789 926 5839 lluviano
947 5794 1124 5854 Fj-iseoi
1142 5808 1168 5842 ο
1195 5795 1416 5858 loquitur.

3628 409 3742 466 ιιι

2154 525 2267 593 pias
2301 541 2462 596 super
2496 538 2688 583 terram
2719 530 2883 584 vidit?
2910 529 3058 584 Sicut
3088 546 3179 584 rex
3201 530 3352 599 jubet
3377 545 3469 598 per
3498 528 3740 599 singulas
3780 509 3798 522 ’

2150 616 2392 672 civitates
2415 633 2539 673 suas
2566 620 2762 673 milites
2789 621 2994 689 disponi
3018 663 3029 682 ,
3079 637 3144 674 ne
3165 638 3324 688 grave
3353 620 3568 690 aliquod
3612 620 3738 673 bel-

2150 705 2255 758 lum
2289 708 2568 762 imminens
2593 710 2979 763 incursionibus
3009 710 3222 764 infestet
3250 727 3340 764 cas
3373 713 3486 766 :ita
3510 720 3564 764 et
3595 711 3742 764 Deus

2149 797 2481 852 dmmouihus
2509 800 2557 852 in
2587 815 2710 856 aere
2744 801 2871 864 isto,
2906 801 3144 854 barbaris
3171 814 3328 870 atque
3375 802 3699 855 immanibus
3719 841 3737 862 ,

2148 903 2360 957 semper
2387 891 2524 946 bella
2563 894 2938 946 snscitantibus
2958 934 2972 957 ,
3003 895 3252 962 pacisque
3281 894 3508 946 inimicis
3528 933 3543 957 ,
3567 909 3739 961 ange-

2148 981 2318 1035 lorum
2358 993 2530 1036 castra
2569 985 2816 1052 0pp0nit,
2863 993 2916 1037 ut
2954 984 3079 1038 dum
3119 987 3198 1038 vel
3226 993 3483 1052 apparent
3518 984 3694 1038 solum
3717 1024 3736 1048 ,

2148 1068 2290 1137 ipsos
2316 1073 2639 1140 reprimant,
2676 1074 2933 1142 nobisque
2974 1089 3153 1142 pacem
3204 1082 3512 1142 perpetuam
3551 1074 3737 1128 conci-

2148 1159 2295 1213 lient.
2319 1162 2492 1229 Atque
2513 1171 2570 1214 ut
2595 1162 2768 1215 discas
2796 1163 3012 1231 angelos
3037 1164 3180 1232 pacis
3201 1177 3319 1216 esse
3340 1204 3354 1225 ,
3386 1162 3507 1215 audi
3532 1163 3583 1216 in
3613 1177 3739 1230 pre-

2148 1249 2445 1302 cationibus
2477 1250 2730 1304 diaconos
2758 1267 2970 1320 semper
3003 1253 3242 1306 dicentes
3270 1270 3283 1304 :
3319 1252 3565 1322 Angelum
3593 1255 3738 1322 pacis

2147 1348 2321 1408 rogate
2346 1341 2446 1408 (a).
2482 1341 2638 1394 Vides
2685 1343 2901 1411 angelos
2943 1343 3131 1396 adesse
3169 1351 3223 1395 et
3266 1342 3567 1412 martyres?
3594 1341 3736 1409 Quid

2148 1428 2305 1496 igitur
2351 1431 2710 1485 miserabilius
2737 1433 2800 1485 iis
2821 1472 2836 1496 ,
2866 1433 2953 1500 qui
2983 1448 3042 1486 se
3079 1447 3111 1486 a
3159 1443 3424 1486 conventu
3472 1432 3740 1487 hodierno

2147 1521 2559 1575 abstraxerunt?
2581 1531 2638 1577 et
2661 1524 2786 1592 quid
2801 1525 3006 1579 beatius
3035 1527 3186 1580 nobis
3213 1528 3298 1594 qui
3322 1526 3656 1591 advenimus,
3678 1536 3739 1579 ct

2148 1613 2456 1668 celebritate
2485 1615 2582 1667 ista
2611 1615 2964 1684 perfruimur?
2991 1618 3250 1671 (Steterunt
3283 1618 3366 1670 isti
3392 1617 3460 1671 de
3487 1617 3693 1686 angelis
3717 1618 3734 1646 ¹

2149 1719 2426 1759 sermones
2464 1706 2514 1758 in
2541 1707 2682 1760 aliud
2714 1707 2867 1760 nobis
2898 1718 3104 1776 tempus
3148 1707 3435 1762 referendi.
3459 1708 3578 1762 .Iam
3603 1723 3738 1761 vero

2149 1794 2216 1848 ad
2244 1797 2536 1850 institutum
2569 1800 2842 1865 praesentis
2874 1797 2992 1853 l‘esxi
3015 1808 3364 1852 revertamur.

2216 1884 2273 1938 2.
2326 1886 2454 1952 Quae
2491 1887 2646 1956 igitur
2687 1903 2920 1956 priesens
2947 1898 3029 1943 est
3063 1891 3160 1943 ista
3198 1890 3521 1944 celebritas?
3552 1889 3730 1944 Vene-

2149 1977 2312 2030 randa
2345 1979 2522 2046 utique
2549 1989 2602 2032 et
2634 1995 2842 2047 magna,
2871 1981 3165 2052 carissime,
3205 1996 3523 2049 sensumque
3557 1996 3622 2036 ac
3647 1981 3735 2034 in-

2150 2067 2412 2121 tellectum
2449 2085 2660 2121 omnem
2690 2069 2975 2123 humanum
3009 2071 3292 2136 excedens,
3339 2072 3534 2140 Deique
3559 2073 3737 2126 muni-

2147 2157 2383 2223 licentia,
2405 2160 2492 2228 qui
2521 2159 2662 2213 illam
2688 2161 2828 2226 fecit,
2866 2161 3042 2230 digna.
3072 2162 3242 2215 llodie
3270 2164 3413 2216 enim
3443 2162 3738 2215 humanum

2146 2265 2312 2318 genus
2334 2252 2729 2305 reconciliatum
2749 2263 2833 2306 est
2851 2253 2958 2306 Deo
2983 2271 2995 2305 :
3018 2254 3174 2307 hodie
3193 2254 3439 2307 diuturna
3463 2253 3738 2320 simultas,

2147 2340 2467 2410 longumque
2493 2342 2688 2395 bellum
2721 2343 2950 2396 deletum
2987 2353 3069 2396 est
3093 2353 3252 2411 atque
3286 2344 3549 2396 sublatmn
3583 2361 3596 2395 :
3629 2344 3736 2398 ho-

2144 2431 2230 2486 die
2260 2449 2355 2502 pax
2383 2433 2624 2502 quantam
2667 2435 2818 2488 nobis
2847 2436 3172 2488 admirabilis
3203 2435 3397 2497 rediit,
3427 2451 3531 2488 non
3578 2444 3748 2489 antea»

2145 2538 2393 2591 umquam
2413 2533 2736 2592 exspectata.
2755 2525 2885 2592 Quis
2901 2527 3039 2578 enim
3055 2537 3322 2595 sperasset
3349 2525 3484 2592 fore,
3513 2539 3570 2580 ut
3591 2527 3744 2580 Deus

2146 2614 2344 2668 homini
2385 2616 2861 2672 reconciliaretur?
2893 2632 2995 2669 non
3027 2617 3164 2686 quod
3189 2617 3511 2671 inhumanus
3536 2618 3605 2671 sit
3633 2618 3734 2672 Do-

2145 2705 2338 2770 minus,
2367 2706 2459 2759 sed
2497 2708 2616 2775 quia
2647 2709 2827 2776 segnis
2863 2707 3092 2761 famulus
3121 2716 3175 2762 et
3210 2710 3386 2770 iners;
3435 2724 3540 2761 non
3587 2710 3736 2776 quod

2143 2796 2373 2849 crudelis
2387 2810 2449 2849 ac
2479 2811 2655 2849 saevus
2671 2797 2944 2860 Dominus,
2972 2797 3064 2851 sed
3087 2799 3206 2865 quia
3234 2812 3420 2851 servus
3445 2807 3758 2862 contumax

2143 2895 2302 2952 atque
2328 2887 2582 2954 ingratus.
2611 2886 2702 2940 Vis
2724 2888 2954 2952 discere,
2984 2903 3088 2954 quo
3113 2896 3264 2955 pacto
3290 2888 3733 2956 benignissimum

2144 2974 2283 3029 hunc
2310 2986 2471 3044 atque
2495 2977 2824 3031 lenissimum
2868 2978 3146 3031 Dominum
3181 2986 3418 3030 nostrum
3445 2978 3734 3030 exacerba-

2143 3068 2377 3119 verimus
2397 3066 2421 3118 ?
2445 3067 2677 3136 Equum
2727 3083 2952 3135 namque
2980 3069 3063 3121 est
3093 3068 3283 3134 prioris
3312 3077 3503 3120 nostrzn
3539 3067 3734 3121 silmil-

2144 3158 2264 3208 tatis
2302 3170 2621 3224 cognoscere
2663 3156 3061 3210 fundamentum
3087 3197 3102 3222 ,
3138 3157 3430 3224 utquando
3456 3158 3732 3224 aspexeris

2142 3253 2241 3291 nos
2267 3239 2507 3292 inimicos
2533 3250 2586 3293 et
2615 3239 2795 3292 hostes
2838 3242 3041 3293 honore
3074 3239 3311 3304 allectos,
3347 3241 3508 3307 ipsius
3554 3250 3728 3291 tinuo-

2141 3329 2308 3382 rantis
2350 3329 2631 3382 admireris
2671 3329 3077 3397 benignitatem,
3116 3344 3182 3382 ne
3216 3345 3282 3382 ex
3331 3329 3561 3397 propriis
3587 3340 3743 3382 recte

2141 3417 2292 3472 factis
2321 3419 2460 3471 illam
2485 3417 2675 3472 factum
2699 3421 3040 3472 mutationem
3066 3419 3360 3480 arbitreris,
3386 3429 3440 3471 et
3470 3418 3716 3471 benellcii

2142 3509 2496 3562 immensitate
2541 3521 2816 3577 perspecta
2847 3549 2862 3574 ,
2915 3509 2982 3562 de
3032 3509 3391 3577 magnitudine
3446 3523 3732 3562 munerum

2140 3601 2334 3668 gratias
2375 3600 2446 3652 illi
2494 3615 2652 3668 agere
2682 3616 2785 3652 non
2829 3599 3078 3654 desistas.
3106 3599 3193 3652 Vis
3239 3614 3368 3666 ergo
3411 3614 3569 3652 nosse
3595 3615 3732 3668 quo-

2141 3691 2298 3744 modo
2324 3692 2602 3746 Dominmn
2631 3703 2734 3744 tam
2763 3694 3030 3746 liberalem
3056 3734 3068 3755 ,
3105 3702 3471 3755 mansuetum,
3503 3693 3724 3757 bonum,

2139 3785 2418 3851 omniaque
2447 3784 2512 3836 ad
2536 3786 2758 3863 salutem
2789 3795 3020 3837 nostram
3044 3785 3412 3854 disponentem
3434 3788 3728 3839 exacerba-

2138 3877 2414 3930 verimus?
2460 3877 2778 3930 Deliberavit
2824 3878 3108 3944 aliquando
3132 3878 3199 3930 de
3247 3879 3496 3931 universo
3546 3887 3732 3932 nostro

2139 3982 2337 4033 genere
2360 3968 2575 4018 omnino
2601 3967 2828 4019 delendo
2853 4007 2866 4031 ,
2895 3976 3053 4034 atque
3097 3967 3164 4019 ita
3197 3967 3349 4020 nobis
3390 3968 3551 4020 iratus
3591 3979 3728 4030 erat,

2139 4067 2196 4109 ut
2227 4056 2444 4124 perdere
2485 4072 2581 4109 nos
2609 4058 2766 4112 vellet
2793 4073 2912 4110 cum
2943 4058 3194 4112 uxoribus
3223 4073 3284 4111 ac
3306 4058 3528 4125 liberis:
3545 4060 3732 4112 bestiis

2139 4159 2296 4215 atque
2331 4147 2588 4216 jumentis
2614 4189 2628 4212 ,
2676 4159 2873 4202 etcum
2905 4149 3148 4202 universa
3200 4160 3356 4203 terra.
3407 4149 3474 4203 Et
3502 4151 3545 4203 si
3577 4151 3728 4212 velis,

2139 4239 2338 4292 curabo
2364 4247 2421 4291 ut
2446 4239 2610 4306 ipsam
2635 4254 2844 4308 quoque
2873 4240 3190 4292 sententiam
3226 4241 3341 4308 ejus
3362 4240 3545 4294 audias
3576 4257 3590 4294 :
3623 4239 3733 4293 De-

2140 4331 2269 4394 lcbo,
2301 4330 2488 4398 inquit,
2518 4331 2766 4382 hominem
2808 4347 2952 4399 quem
2980 4331 3142 4383 creavi
3161 4347 3192 4383 a
3217 4330 3348 4398 [acie
3364 4331 3524 4384 omnis
3552 4339 3729 4396 terrm,

2138 4435 2184 4474 et
2226 4421 2370 4474 bruta
2406 4422 2646 4473 animalia
2690 4431 2734 4473 et
2752 4422 3004 4491 iumenta,
3059 4423 3176 4488 quia
3203 4423 3402 4490 panitet
3432 4437 3510 4474 me
3554 4421 3736 4491 fecisse

2139 4513 2388 4564 hominem
2419 4511 2568 4581 (Gen.
2605 4512 2656 4564 6.
2682 4512 2770 4578 7).
2810 4512 2875 4564 Et
2900 4522 2956 4564 ut
2994 4512 3168 4565 discas
3199 4526 3318 4565 eum
3339 4527 3443 4563 non
3491 4519 3729 4564 nostram

2137 4601 2315 4654 odisse
2345 4612 2602 4666 naturam,
2646 4601 2738 4655 sed
2787 4601 3040 4654 malitiam
3067 4602 3426 4654 abominatum
3469 4617 3608 4663 esse,
3637 4602 3730 4669 qui

2138 4693 2365 4756 diccbat,
2395 4675 2580 4746 Delabo
2611 4694 2882 4756 hominem,
2906 4710 3050 4760 quem
3076 4695 3237 4746 creari
3267 4695 3317 4744 in
3341 4703 3472 4746 terra
3496 4692 3654 4760 (Ibid.
3675 4709 3727 4744 υ.

2138 4786 2272 4854 15),
2309 4786 2466 4839 etiam
2498 4786 2628 4838 dixit
2657 4785 2854 4838 homini
2882 4803 2894 4837 :
2928 4784 3147 4853 Tempus
3177 4787 3340 4838 omnis
3391 4786 3606 4837 hominis
3636 4803 3723 4838 vc-

2137 4877 2206 4927 nit
2236 4877 2300 4928 ad
2323 4893 2414 4928 me.
2446 4876 2574 4930 Nam
2608 4875 2650 4928 si
2681 4875 2948 4930 hominem
2971 4877 3190 4935 odisset,
3216 4891 3320 4928 non
3353 4892 3472 4928 cum
3505 4875 3724 4930 hom-ine

2135 4970 2290 5021 verba
2318 4970 2530 5022 laceret.
2552 4967 2701 5022 Nunc
2718 4979 2893 5021 autem
2914 4967 3061 5021 vides
3079 4967 3251 5036 ipsum
3275 4966 3507 5020 noluisse
3526 4968 3696 5020 facere
3717 5009 3731 5031 ,

2135 5061 2272 5127 quod
2310 5060 2664 5115 comminatus
2695 5061 2895 5124 fuerat;
2929 5059 3052 5129 quin
3082 5070 3135 5114 et
3166 5075 3375 5113 servum
3412 5059 3722 5122 excusabat,

2136 5168 2197 5204 ac
2225 5167 2342 5204 cum
2381 5167 2467 5213 eo,
2501 5151 2646 5204 velut
2689 5151 2926 5218 ejusdem
2969 5151 3287 5203 conditionis
3336 5149 3527 5211 amico,
3561 5149 3723 5202 verba

2136 5242 2358 5295 facit-bat
2388 5244 2662 5305 Dominus,
2698 5257 2991 5309 causasque
3032 5251 3428 5309 superveutnra:
3460 5239 3724 5306 perditio-

2136 5339 2216 5389 nis
2235 5339 2510 5390 rnarrabat
2531 5355 2543 5389 :
2566 5353 2670 5391 non
2693 5337 2904 5405 quidem
2935 5346 2990 5388 ut
3018 5351 3204 5388 causas
3225 5335 3391 5387 discat
3425 5333 3606 5394 homo,
3631 5333 3722 5387 sed

2138 5441 2191 5483 ut
2218 5431 2333 5482 aliis
2363 5445 2568 5497 quoque
2596 5445 2685 5482 cas
2718 5429 2989 5480 insinuans
3013 5427 3452 5494 temperantiores
3480 5440 3574 5475 eos
3599 5425 3720 5476 red-

2133 5521 2240 5572 dat.
2270 5523 2336 5572 At
2360 5520 2498 5587 quod
2531 5521 2687 5570 modo
2713 5519 2948 5571 dicebam
2990 5561 3004 5581 ,
3035 5519 3102 5570 ita
3133 5517 3270 5568 male
3299 5527 3533 5568 nostrum
3557 5530 3724 5584 genus

2135 5627 2191 5665 sc
2219 5611 2434 5679 gerebat
2464 5621 2636 5674 antea,
2662 5620 2716 5663 ut
2739 5609 3204 5677 perieulumesset,
3240 5624 3305 5661 ne
3357 5625 3419 5662 cx
3445 5609 3550 5674 ipsa
3584 5617 3722 5658 terra

2203 5749 2214 5775 ¹
2254 5753 2388 5798 neu.
2412 5743 2472 5790 de
2498 5743 2786 5802 nmrturilms
2810 5759 2823 5800 ,'
2850 5744 2986 5802 litlili,
3015 5745 3072 5793 τις
3097 5757 3202 5799 tum:
3221 5742 3294 5791 iis.

2201 5813 2270 5866 μ)
2311 5807 2718 5860 κεν-[ιω1.ιιιιι“;;ι.ιι.
