4070 6422
303 357 408 411 “3

299 471 492 537 ἔδαφος
531 461 739 519 ἔκειντο
759 480 772 495 ·
811 463 992 534 πολλῷ
1025 464 1224 535 μᾶλλον
1255 464 1350 518 νῦν
1384 465 1541 518 τούτο
1562 466 1733 518 ποιεῖν
1757 464 1882 534 χρὴ,

300 554 390 608 ὅτε
417 551 540 604 καθ’
565 549 792 611 ἑαυτοὺς
816 548 865 599 οἱ
896 550 1249 622 μαργαρῖται,
1277 549 1368 601 ὅτε
1398 560 1423 588 α
1457 547 1751 616 ἀπηλλάγη
1777 546 1888 598 τῶν

301 637 484 691 λύκων
532 633 602 685 τά
657 629 941 702 πρόϐατα,
975 633 1065 684 ὅτε
1094 632 1414 702 ἀπέστησαν
1442 631 1549 685 τῶν
1584 631 1795 701 νεκρῶν
1838 631 1886 682 οί

303 719 527 784 ζῶντες.
582 715 774 776 Αύτοῖς
807 713 906 784 μὲν
942 713 1050 783 γὰρ
1085 714 1207 766 οὐδέ
1242 715 1348 784 πρὸ
1374 714 1563 767 τούτου
1597 713 1768 784 βλάϐη
1805 727 1889 774 τις

300 799 369 870 ἦν
418 799 526 854 ἀπὺ
568 798 667 866 τῆς
695 797 982 860 κοινωνίας
1012 797 1111 865 τῆς
1140 796 1282 850 κατά
1302 797 1402 863 τὴν
1430 799 1638 867 ταφήνν
1669 789 1744 848 ῶν
1779 794 1888 864 γάρ

302 887 370 938 τὰ
410 883 696 952 πνεύματα
736 882 792 933 ἐν
839 883 953 943 τοῖς
1003 880 1282 952 οὐρανοῖς,
1335 881 1488 934 οὐδὲν
1531 881 1602 934 τά
1659 879 1889 949 σώματα

302 968 605 1021 ἐϐλάπτετο
635 965 743 1018 ἀπὸ
776 968 874 1035 τῆς
921 966 1304 1031 γειτνιάσεως’
1343 958 1418 1018 ὧν
1450 969 1484 1036 ή
1530 965 1678 1035 ψυχὴ
1727 967 1782 1016 ἐν
1818 965 1886 1033 τῇ

301 1053 447 1123 χειρὶ
494 1049 586 1102 τοῦ
613 1047 783 1116 Θεὸὖ,
817 1048 969 1100 οὐδὲν
999 1048 1065 1101 τά
1111 1048 1340 1118 λείψανα
1392 1048 1500 1102 ἀπὸ
1543 1049 1643 1117 τῆς
1688 1046 1889 1110 θέσεως

301 1138 564 1204 ἔπασχεν.
609 1131 803 1195 Αὐτοῖς
840 1133 940 1201 μὲν
989 1127 1083 1184 οὗν
1131 1133 1358 1203 οὐδεμία
1413 1131 1586 1201 βλάϐη
1635 1127 1736 1201 ἦν,
1767 1131 1888 1182 οὐδέ

302 1217 412 1287 πρὸ
434 1215 656 1268 τούτου·
693 1216 722 1267 6
761 1214 816 1266 δέ
851 1215 977 1277 λαὸς
1020 1219 1150 1286 ήμῖν
1181 1217 1240 1268 οὐ
1275 1215 1372 1285 τὴν
1395 1213 1662 1284 τυχοῦσαν
1686 1211 1888 1281 ζημίαν

303 1301 597 1369 ὑπέμεινεν
625 1298 733 1351 ἀπὸ
767 1297 873 1350 τῶν
904 1298 1108 1358 τόπων,
1142 1297 1352 1370 τρέχων
1385 1299 1482 1367 μὲν
1513 1297 1649 1368 πρὸς
1669 1295 1735 1347 τά
1779 1294 1888 1346 λεί-

299 1383 448 1451 ψανα
472 1381 580 1433 τῶν
613 1381 926 1450 μαρτύρων,
961 1379 1096 1449 μετά
1122 1379 1177 1432 δὲ
1206 1380 1535 1451 ἀμφιϐολίας
1560 1381 1653 1432 καὶ
1679 1379 1889 1446 διακρίο

302 1483 441 1527 σεως
489 1463 805 1534 ποιούμενος
839 1464 938 1524 τας
965 1463 1130 1532 εὐχάς
1169 1463 1256 1516 διά
1283 1463 1345 1515 τὸ
1395 1463 1707 1531 ἀγνοεῖσθαι
1740 1463 1767 1501 Ι)
1789 1463 1888 1525 τὰς

301 1549 476 1615 θήκας
501 1546 610 1598 τῶν
645 1547 848 1611 ἁγίων,
885 1547 979 1598 καὶ
1027 1545 1127 1598 ποῦ
1183 1547 1392 1599 κεῖνται
1443 1547 1492 1598 oi
1548 1545 1810 1614 θησαυροὶ
1839 1545 1888 1596 οί

300 1628 565 1698 ἀληθινοί.
599 1629 707 1680 Kal
751 1629 942 1680 ταυτὸν
976 1628 1218 1694 ἐγίνετο,
1250 1629 1438 1700 ὥσπερ
1487 1629 1551 1681 ἂν
1580 1631 1627 1681 εἰ
1662 1629 1888 1698 ποίμνια

301 1713 592 1781 προϐάτων
629 1711 886 1781 καθαρῶν
929 1710 1238 1764 ἀπολαῦσαι
1279 1711 1512 1782 ῥείθρων
1558 1711 1890 1780 ἐπειγόμενα

299 1797 516 1865 ἔρχοιτο
557 1795 656 1864 μὲν
689 1795 782 1846 ἐπὶ
807 1794 906 1857 τὰς
927 1794 1108 1863 πηγάς
1138 1794 1237 1857 τὰς
1261 1795 1508 1865 καθαρὰς
1532 1834 1546 1857 ,
1585 1793 1804 1864 βρωμου
1831 1792 1889 1845 δέ

303 1879 467 1932 ποθεν
496 1878 727 1947 ἐγγύθεν
763 1879 855 1930 καὶ
900 1878 1161 1941 δυσωδίας
1215 1879 1562 1949 ἐμπεσούσης
1607 1877 1888 1947 ἀναχαιτί-

301 1962 450 2025 ζοιτο
481 1961 640 2013 πάλιν
674 1973 689 1989 ⁸
729 1959 871 2013 οὕτω
904 1961 998 2013 καὶ
1027 1962 1122 2014 ἐπὶ
1144 1960 1240 2029 τῆς
1273 1961 1509 2029 ποίμνης
1535 1960 1738 2029 ταύτης
1768 1975 1890 2010 συνο

302 2045 539 2098 έῦαινεν.
601 2041 848 2107 Ἐϐάδιζε
883 2043 982 2113 μὲν
1007 2045 1034 2094 6
1054 2043 1182 2104 λαὸς
1212 2043 1348 2112 πρὸς
1377 2043 1474 2104 τὰς
1509 2043 1756 2113 καθαράς
1780 2041 1890 2095 τῶν

305 2127 600 2197 μαρτύρων
633 2127 820 2198 πηγάς
841 2145 852 2156 ·
889 2125 1276 2194 αἰσθανόμενος
1302 2124 1358 2177 δὲ
1390 2125 1652 2188 δυσωδίας
1685 2125 1891 2195 αἱρετι-

301 2209 409 2278 κῆς
437 2207 668 2276 ἐγγύθεν
720 2208 978 2279 ἀνιούσης
1004 2249 1018 2271 ,
1073 2208 1447 2279 ἀνεχαιτίζετο
1494 2208 1675 2260 πάλιν.
1711 2208 1889 2277 Ὅπερ

302 2273 398 2344 οὖν
440 2273 694 2352 συνειδὼς
726 2273 953 2360 ὁ’σοφὸς
987 2282 1140 2354 οὗτος
1172 2273 1376 2361 πδιμὴν
1422 2291 1515 2343 καὶ
1541 2291 1717 2353 κοινὸς
1746 2273 1890 2342 διδάλ

305 2375 535 2438 σκαλος,
583 2377 612 2426 6
667 2375 842 2427 πάντα
894 2374 1030 2442 πρὸς
1074 2374 1364 2442 οἰκοδομὴν
1409 2374 1508 2442 τῆς
1565 2373 1890 2441 Ἐκκλησίας

304 2456 458 2528 [MS]
483 2457 782 2526 οἰκονομῶν
804 2498 818 2520 ,
849 2457 947 2509 οὐκ
977 2457 1239 2526 ἠνέσχετο
1269 2458 1426 2527 μέχρι
1460 2454 1655 2509 πολλοῦ
1687 2456 1892 2524 ταύτην

304 2539 404 2610 τὴν
425 2539 627 2608 ζημίαν
655 2540 915 2610 περιιδεῖν
937 2532 1092 2602 οὗτος
1126 2543 1154 2594 6
1185 2540 1386 2609 θερμὸς
1417 2540 1653 2610 ἐραστὴς
1685 2541 1780 2593 καὶ
1806 2541 1894 2609 ζη-

304 2624 481 2694 λωτὴς
503 2624 610 2676 τῶν
641 2623 955 2694 μαρτύρων.
1001 2623 1158 2681 Ἀλλά
1189 2623 1241 2674 τί
1275 2625 1454 2688 ποιεῖ;
1483 2624 1763 2676 Θεάσασθε
1795 2625 1892 2694 τὴν

307 2708 519 2775 σοφίαν·
575 2706 645 2760 τά
691 2707 788 2776 μὲν
840 2707 1034 2777 θολερά
1068 2707 1162 2760 καὶ
1196 2705 1405 2776 δυσώδη
1451 2706 1702 2776 ῥεύματα
1771 2724 1895 2759 κατι

305 2789 479 2858 έχωσε
505 2789 601 2842 καὶ
625 2789 906 2860 ἀπέφραξέ
938 2791 1108 2852 κάτω,
1137 2788 1237 2852 τὰς
1257 2789 1313 2842 δὲ
1339 2789 1588 2860 καθαρὰς
1607 2790 1715 2842 τῶν
1753 2807 1894 2860 μαρ-

303 2871 490 2941 τύρων
517 2871 699 2940 πηγὰς
717 2875 775 2924 ἐν
805 2872 1031 2942 καθαρῷ
1068 2871 1253 2943 χωρίῳ
1275 2872 1596 2942 κατέστησε.
1635 2874 1743 2924 Kal
1779 2889 1896 2924 σκο-

307 2957 462 3008 πεῖτε
506 2956 637 3024 ὅσην
666 2955 759 3008 καὶ
787 2957 916 3025 περὶ
945 2956 1071 3017 τοὺς
1116 2955 1538 3024 κατοιχομένους
1580 2956 1681 3024 τὴν
1715 2954 1895 3023 φιλαν-

307 3037 558 3108 θρωπίαν
604 3038 946 3102 ἐπεδείξατο,
989 3037 1082 3090 καὶ
1129 3035 1260 3106 περὶ
1306 3037 1432 3098 τοὺς
1464 3037 1750 3109 μάρτυρας
1795 3040 1892 3108 τὴν

303 3120 474 3192 τιμὴν
498 3160 513 3184 ,
547 3121 640 3174 καὶ
671 3122 799 3192 περὶ
832 3121 924 3174 τὸν
952 3121 1080 3175 λαὸν
1115 3119 1214 3191 τὴν
1244 3121 1588 3190 κηδεμονίαν.
1623 3123 1757 3193 Περὶ
1795 3127 1893 3194 μὲν

303 3205 436 3266 τοὺς
482 3203 904 3273 κατοιχομένους
952 3202 1756 3273 φιλανθρωπίαν-τέπεδείξατο,
1820 3207 1894 3278 μὴ

307 3287 539 3356 κινήσας
576 3287 756 3339 αὐτῶν
788 3287 857 3339 τὰ
887 3287 1038 3351 ὀστᾶ,
1069 3286 1184 3339 ἀλλ’
1215 3287 1373 3354 ἀφεὶς
1405 3288 1499 3339 ἐπὶ
1547 3288 1642 3340 τοῦ
1671 3290 1838 3343 τόπου
1868 3301 1890 3329 ε

309 3368 532 3438 μένειν”
566 3370 694 3440 περὶ
738 3370 794 3422 δὲ
836 3371 963 3432 τοὺς
1015 3370 1301 3441 μάρτυρας
1327 3371 1532 3441 τιμήν,
1580 3372 1894 3437 ἀπαλλάξας

309 3452 508 3514 αὐτοὺς
537 3452 632 3504 τοῦ
660 3451 898 3522 πονηροῦ
937 3453 1152 3522 γειτονή
1163 3469 1329 3522 ματος
1348 3469 1362 3484 ·
1397 3454 1526 3523 περὶ
1562 3453 1617 3506 δὲ
1649 3454 1740 3507 τὸν
1769 3455 1896 3509 λαὸν

309 3533 660 3603 κηδεμονίαν,
683 3537 784 3588 οὐκ
811 3537 969 3604 ἀφεὶς
997 3537 1196 3598 αὐτοὺς
1228 3535 1367 3604 μετὰ
1387 3533 1714 3607 διακρίσεως
1734 3539 1898 3591 ποιεῖ-

312 3616 434 3670 σθαι
461 3617 559 3680 τάς
588 3619 774 3688 εὐχάς.

382 3700 481 3754 Διά
502 3700 675 3772 ταῦτα
701 3701 844 3772 ὑμᾶς
865 3700 1098 3754 ἐνταῦθα
1127 3701 1406 3771 ἠγάγομεν
1426 3700 1477 3765 ἀ,
1507 3701 1592 3756 ἴνα
1622 3704 1898 3775 φαιδρότε-

315 3801 406 3854 ρος
428 3785 457 3834 ὀ
484 3783 738 3850 σύλλογος
765 3785 1009 3855 γένηται,
1045 3785 1130 3837 ἵνα
1156 3783 1535 3856 λαμπρότερον
1557 3789 1618 3839 τὸ
1646 3788 1893 3859 θέατρον,

311 3866 432 3935 οὐχὶ
478 3865 784 3936 ἀνθρώπων
815 3867 996 3936 μόνον,
1025 3866 1161 3919 ἀλλά
1195 3870 1284 3920 καὶ
1326 3869 1619 3940 μαρτύρων
1653 3871 1899 3941 συλλεγο-

315 3948 522 4017 μένωνο
563 3950 686 4019 οὐχὶ
724 3950 1018 4020 μαρτύρων
1066 3950 1261 4020 μόνον,
1301 3951 1437 4006 ἀλλά
1487 3955 1580 4006 καὶ
1623 3954 1892 4023 ἀγγέλων.

311 4032 423 4084 Kal
452 4031 562 4102 γάρ
585 4033 680 4083 καὶ
708 4033 928 4100 ἄγγελοι
960 4034 1213 4102 πάρεισιν
1237 4072 1251 4095 ,
1291 4034 1540 4101 ἀγγέλων
1566 4038 1660 4091 καὶ
1700 4042 1899 4110 μαρτύ-

314 4132 425 4185 ρων
460 4120 497 4189 ὴ
538 4114 754 4180 σύνοδος
793 4117 983 4185 γέγονε
1026 4118 1288 4188 σήμερον.
1341 4119 1452 4172 Καὶ
1484 4119 1530 4171 εί
1564 4119 1743 4190 βούλει
1771 4126 1898 4180 ίδεῖν

313 4201 408 4252 καὶ
460 4200 744 4270 μάρτυρας
771 4202 865 4254 καὶ
913 4200 1209 4268 ἀγγέλους,
1250 4202 1456 4267 ἄνοιξον
1513 4205 1614 4275 τῆς
1663 4207 1898 4274 πίστεως

311 4282 438 4344 τοὺς
459 4281 804 4352 ὀφθαλμοὺς,
838 4283 931 4336 καὶ
949 4284 1068 4354 ὄψει
1099 4284 1158 4336 τὸ
1188 4283 1414 4355 θέατρον
1451 4288 1627 4340 ἐκεῖνο
1653 4307 1669 4321 ·
1712 4292 1760 4343 εί
1791 4294 1900 4363 γάρ

315 4382 431 4428 πως
481 4367 510 4417 6
555 4365 660 4436 ἀὴρ
693 4365 942 4434 ἀγγέλων
975 4367 1393 4436 ἐμπέπλησται,
1424 4365 1602 4441 πολλῷ
1635 4374 1836 4442 μᾶλλον
1864 4378 1896 4446 ή

315 4447 612 4518 ἐκκλησία·
641 4451 692 4502 εἰ
723 4449 780 4501 δὲ
831 4450 1114 4520 ἐκκλησία,
1151 4451 1330 4523 πολλῷ
1360 4454 1560 4524 μᾶλλον
1586 4458 1619 4528 ή
1655 4459 1902 4529 παροῦσα

315 4530 530 4599 ἡμέρα,
576 4531 664 4583 ὅτε
711 4533 740 4584 6
768 4533 1043 4603 Δεσπότης
1075 4537 1254 4588 αὐτῶν
1285 4536 1742 4607 ἀναλαμϐάνεται.
1777 4541 1901 4594 Ὅτι

316 4616 426 4682 γὰρ
461 4614 607 4674 ἄπας
638 4618 667 4666 6
699 4615 807 4685 ἀὴρ
834 4616 1079 4683 ἀγγέλων
1117 4619 1537 4690 ἐμπέπλησται,
1589 4623 1820 4677 ἄκουσον
1848 4625 1901 4678 τί

316 4713 482 4765 φησιν
513 4698 542 4747 6
579 4696 928 4759 Ἀπόστολος,
982 4701 1257 4768 ἐντρέπων
1297 4703 1395 4766 τάς
1444 4708 1707 4773 γυναῖκας
1760 4706 1900 4760 ὥστε

317 4780 462 4847 ἔχειν
492 4778 756 4850 κάλυμμα
810 4782 903 4833 ἐπὶ
950 4782 1050 4850 τῆς
1093 4786 1362 4854 κεφαλῆς·
1413 4787 1790 4856 Ὀφείλουσιν
1842 4796 1902 4847 αἱ

319 4866 603 4932 γυναῖκες
650 4868 942 4930 ἐξουσίαν
1000 4870 1164 4938 ἔχειν
1209 4873 1306 4924 ἐπὶ
1346 4873 1458 4940 τῆς
1489 4877 1764 4945 κεφαλῆς
1807 4879 1904 4935 διὰ

319 4953 460 5016 τοὺς
490 4952 806 5022 ἀγγέλους.
858 4956 964 5008 Kal
994 4957 1156 5009 πάλιν
1195 4959 1224 5010 6
1265 4958 1458 5012 Ἰακὼὸ
1478 5004 1492 5027 ,
1545 4965 1598 5015 Ὀ
1626 4964 1900 5035 ἄγγελος,

322 5035 486 5103 φησὶν
506 5076 520 5097 ,
553 5038 586 5088 ό
627 5037 926 5106 ῥυόμενός
955 5055 1032 5105 με
1064 5041 1132 5091 ἐκ
1159 5042 1443 5108 νεότητός
1464 5063 1605 5112 μου.
1635 5049 1745 5101 Καὶ
1771 5053 1818 5103 οἱ
1846 5051 1903 5104 ἐν

319 5119 385 5184 τῇ
423 5117 569 5186 οἰκία
620 5118 674 5172 δέ
731 5121 868 5189 μετά
911 5119 1021 5174 τῶν
1068 5122 1379 5178 ἀποστόλων
1420 5127 1570 5191 ὄντες
1625 5132 1763 5202 πρὸς
1804 5134 1904 5203 τὴν

333 5197 519 5268 Ῥόδην
551 5199 735 5270 ἔλεγον
757 5218 768 5230 ·
818 5203 873 5253 '0
903 5203 1156 5272 ἅγγελος
1191 5207 1378 5259 αὑτοῦ
1410 5210 1575 5262 ἐστι’
1617 5197 1711 5265 καὶ
1745 5197 1903 5269 πάλίν

322 5281 350 5331 ὁ
393 5280 586 5334 Ἰακὼὸ
609 5323 622 5345 ,
651 5280 851 5342 Εἶδον.
879 5288 1032 5354 φησὶ,
1069 5289 1456 5355 παρρμόολὴν
1482 5293 1771 5362 ἀγγέλων.
1796 5301 1904 5351 Καὶ

322 5363 463 5426 τίνος
487 5365 670 5418 ἕνεκεν
700 5367 1050 5438 παρεμῦολὴν
1075 5370 1320 5438 ἀγγέλων
1351 5368 1491 5426 εἶδεν
1535 5378 1626 5428 ἐπὶ
1674 5380 1769 5449 τῆς
1801 5381 1904 5450 γῆς

386 5568 408 5633 _‘
435 5569 557 5633 llo-3.
582 5571 612 5616 '5
634 5571 912 5633 μαργαρῖται
931 5574 1106 5622 κεῖνται
1131 5577 1226 5624 ὅτε.

386 5628 412 5695 ᾗ
435 5630 553 5695 ζξρεζ.
569 5628 834 5695 ,ὄνάγνοεῖν

387 5692 412 5760 ξ
437 5689 578 5760 ᾕρειί
601 5689 699 5742 dub
720 5696 795 5742 ἐπὶ
818 5699 887 5759 τῷ
908 5697 1063 5760 τόπῳ.

383 5749 410 5790 ει
436 5749 520 5801 Sic:
541 5767 655 5804 ηιςς.
673 5763 830 5818 recte,
857 5749 1090 5821 ilque'ila
1116 5759 1240 5823 legit
1263 5763 1516 5828 interpr“
1549 5765 1680 5815 Ἠιιίιὶ
1705 5767 1880 5829 ἤγαγεν

1293 353 1358 407 IN
1399 344 1881 407 ASCENSIUNEM
1921 343 1980 397 ο.
2022 342 2087 396 Ν.
2129 343 2293 400 JESU
2336 341 2635 399 CHRISTI.

3466 345 3573 399 4M

1994 460 2089 512 καὶ
2117 461 2407 530 στρατιάν;
2437 459 2700 528 Καθάπερ
2726 455 2977 529 βασιλεὺς
3007 453 3217 511 κελεύει
3249 455 3319 509 τά
3349 463 3574 524 στρατό-

1993 543 2129 596 πεδα
2155 545 2212 595 ἐν
2239 545 2495 606 ἑκάσταις
2528 539 2850 605 καθέζεσθαι
2881 539 3087 602 πόλεσι,
3127 541 3334 610 μήποτε
3370 540 3575 612 βαρϐα-

1995 625 2146 694 ρικὸς
2191 625 2423 695 πόλεμος
2475 624 2784 684 ἐπαναστὰς
2831 622 3153 692 καταδράμῃ
3202 623 3301 684 τάς
3356 623 3571 687 πόλεις·

1991 709 2130 762 οὕτω
2156 708 2219 779 δὴ
2250 709 2344 762 καὶ
2371 710 2400 760 6
2423 707 2557 770 Θεὸς
2576 746 2590 770 ,
2622 706 2809 777 ἐπειδὴ
2831 707 2924 760 καὶ
2951 707 3204 776 δαίμονές
3238 709 3375 760 εἰσιν
3404 709 3463 759 ἐν
3495 707 3577 776 τῷ

1991 792 2113 862 ἀέρι
2150 792 2324 862 τούτῳ
2354 791 2618 862 βάρϐαροι
2643 792 2736 844 καὶ
2778 791 2978 860 ἄγριοι.
3011 790 3104 844 καὶ
3127 789 3395 859 πολέμους
3433 790 3578 858 ἐγεί-

1994 891 2176 944 ροντες
2211 876 2297 928 ἀεὶ
2337 876 2430 927 καὶ
2477 875 2578 943 τῆς
2619 874 2841 945 εἰρήνης
2871 872 3088 944 ἐχθροὶ,
3121 874 3576 942 ἀντικατέστησεν

1991 959 2172 1021 αὐτοῖς
2199 957 2268 1010 τά
2308 957 2642 1028 στρατόπεδα
2670 957 2780 1009 τῶν
2814 957 3060 1024 ἀγγέλων
3087 997 3102 1020 ,
3135 957 3221 1009 ἵνα
3261 957 3576 1026 φαινόμενοι

1994 1042 2152 1111 μόνον
2185 1044 2366 1105 αὐτοῖς
2403 1041 2837 1104 καταστέλλωσιν
2864 1081 2876 1101 ,
2909 1040 2996 1092 ἵνα
3042 1041 3142 1110 τὴν
3188 1041 3410 1110 εἰρήνην
3442 1041 3577 1110 ἡμῖν

1991 1124 2079 1176 ἀεὶ
2106 1125 2538 1194 πρυτανεύσωσι.
2569 1124 2679 1176 Καὶ
2710 1125 2797 1176 ἵνα
2827 1121 3002 1195 μάθῃς
3047 1123 3130 1174 ὅτι
3161 1122 3381 1189 ἄγγελοι
3424 1123 3578 1193 είρή-

1991 1225 2088 1277 νης
2113 1209 2251 1261 είσὶν
2275 1248 2290 1271 ,
2332 1210 2563 1261 ἄκουσον
2592 1209 2649 1260 ἐν
2671 1209 2786 1270 ταῖς
2819 1209 3147 1276 προσευχαῖς
3180 1207 3267 1258 ἀεὶ
3311 1206 3578 1274 λεγόντων

1990 1291 2098 1342 τῶν
2126 1290 2404 1343 διακόνωνο
2442 1290 2556 1344 Τὸν
2583 1289 2839 1360 ἄγγελον
2864 1289 2977 1357 τῆς
3001 1289 3246 1358 εἰρήνης
3265 1289 3573 1354 αἰτήσητε.

2004 1374 2164 1443 Ὁρᾷς
2195 1374 2275 1426 ὅτι
2305 1375 2396 1426 καὶ
2425 1373 2647 1442 ἄγγελοι
2678 1361 2898 1442 πάρεὶσι
2925 1374 3020 1425 καὶ
3053 1375 3360 1442 μάρτυρες;
3389 1367 3430 1422 Τ
3437 1372 3453 1422 ί
3483 1368 3578 1424 οὖν

1990 1454 2317 1524 ἀθλιώτερον
2369 1455 2476 1508 τῶν
2511 1455 2944 1523 ἀπολειφθέντων
2975 1457 3248 1525 σήμερον;
3296 1453 3349 1506 τί
3401 1471 3579 1523 μακα-

1994 1537 2152 1606 ριώτε
2163 1555 2251 1608 ρον
2275 1539 2432 1608 ήμῶν
2451 1538 2559 1590 τῶν
2583 1539 3038 1610 παραγενομένων
3071 1539 3164 1590 καὶ
3198 1537 3578 1612 ἀπολαυόντων

1988 1622 2087 1689 τῆς
2117 1621 2475 1690 πανηγύρεως
2497 1621 2698 1691 ταύτης
2727 1639 2740 1686 ;
2782 1621 2919 1673 Ἀλλ’
2950 1623 2996 1673 οί
3028 1621 3126 1688 μὲν
3177 1621 3304 1690 περὶ
3340 1621 3451 1672 τῶν
3478 1615 3580 1688 ἀγ-

1990 1705 2162 1772 γέλων
2195 1715 2219 1742 ο
2259 1704 2404 1772 λόγοι
2450 1707 2507 1757 ἐν
2537 1703 2745 1775 ἑτέροις
2791 1705 2936 1774 ἡμᾶς
2978 1703 3427 1774 άναμεινάτωσαν
3455 1719 3580 1757 και-

1993 1790 2134 1856 ροῖς·
2163 1789 2322 1858 ἡμεῖς
2354 1787 2409 1839 δὲ
2438 1788 2530 1840 ἐπὶ⁸
2569 1786 2666 1858 τὴν
2703 1787 2959 1840 ὑπόθεσιν
2999 1787 3101 1857 τῆς
3145 1786 3425 1858 παρούσης
3457 1787 3581 1858 ἐορ-

1989 1870 2090 1939 τῆς
2118 1871 2208 1922 τὸν
2240 1870 2394 1938 λόγον
2417 1870 2732 1942 ἀγάγωμεν.

2065 1955 2127 2026 ρ’.
2151 1954 2246 2017 Τίς
2280 1951 2372 2006 οὖν
2403 1957 2549 2008 ἐστιν
2573 1958 2606 2024 ὴ
2643 1954 2893 2025 παροῦσα
2919 1955 3111 2026 ἐορτής
3144 1954 3324 2024 Σεμνὴ
3361 1953 3455 2005 καὶ
3480 1969 3579 2022 με-

1990 2037 2130 2108 γάλη
2153 2079 2167 2102 ,
2206 2037 2492 2106 ἀγαπητὲη
2543 2037 2639 2090 καὶ
2677 2037 2767 2089 τὸν
2820 2037 2930 2090 τῶν
2965 2036 3266 2108 ἀνθρώπων
3314 2033 3581 2106 ὑπερῦαί-

1992 2137 2158 2172 νουσα
2180 2119 2326 2180 νοῦν,
2360 2120 2451 2173 καὶ
2477 2119 2575 2188 τῆς
2608 2119 3022 2190 μεγαλοδωρεᾶς
3048 2119 3172 2184 ἀξία
3194 2119 3286 2172 τοῦ
3319 2119 3582 2186 ποιήσαν-

1989 2221 2082 2267 τος
2112 2203 2281 2271 αὺτὴν
2313 2201 2468 2255 Θεοῦ.
2523 2203 2769 2272 Σήμερον
2819 2201 2928 2272 γάρ
2963 2202 3297 2268 καταλλαγαί
3332 2200 3410 2271 τῷ
3459 2198 3580 2269 Θεῷ

1993 2286 2130 2356 πρὸς
2163 2286 2222 2338 τὸ
2250 2285 2358 2338 τῶν
2411 2284 2716 2356 ἀνθρώπων
2749 2286 3004 2353 γεγόνασι
3039 2287 3195 2352 γένος
3215 2302 3231 2317 ο
3262 2285 3504 2353 σήμερον
3542 2284 3576 2352 ὴ

1992 2368 2184 2439 χρονία
2211 2368 2380 2439 ἔχθρα
2422 2368 2717 2437 κατελύθη,
2749 2371 2841 2420 καὶ
2886 2371 2914 2420 6
2970 2367 3178 2439 μακρὸς
3204 2362 3437 2436 πόλεμος
3483 2367 3579 2418 ἀν-

1991 2451 2162 2523 ῃρέθη
2183 2468 2198 2482 ο
2225 2453 2464 2523 σήμερον
2499 2453 2688 2522 εἰρήνη
2725 2450 3001 2522 θαυμασία
3023 2469 3107 2515 τις
3128 2450 3454 2519 ἐπανῆλθεν,
3487 2450 3580 2502 ού-

1991 2535 2183 2588 δέποτε
2213 2533 2364 2605 [449]
2398 2534 2828 2605 προσδοκηθεῖσα
2872 2535 3154 2606 πρότερον.
3208 2533 3304 2595 Τίς
3353 2533 3464 2602 γάρ
3514 2533 3583 2586 ἂν

1998 2617 2226 2686 ἤλπισεν
2251 2618 2332 2670 ὅτι
2349 2618 2481 2680 Θεὸς
2509 2617 2782 2687 ἀνθρώπῳ
2834 2615 3293 2669 καταλλάττεσθαι
3319 2616 3579 2686 έμελλεν;

1974 2701 2095 2770 -οὑχ
2116 2702 2198 2754 ὅτι
2224 2701 2592 2772 ἀπάνθρωπος
2619 2703 2648 2753 6
2680 2700 2957 2770 Δεσπότης
2975 2738 2990 2762 ,
3025 2699 3139 2752 ἀλλ’
3170 2701 3252 2752 ὅτι
3287 2699 3528 2772 ῥᾴθυμος
3553 2703 3584 2753 6

1993 2783 2215 2854 οἰκέτης
2236 2800 2248 2812 ·
2286 2783 2384 2853 οὐχ
2410 2785 2490 2836 ὅτι
2530 2784 2677 2852 ὠμὸς
2718 2785 2746 2835 6
2774 2784 2978 2852 Κύριος
3004 2823 3019 2846 ,
3047 2783 3160 2834 ἀλλ’
3189 2783 3272 2835 ὅτι
3311 2784 3585 2853 ἀγνώμων

1993 2867 2022 2918 6
2051 2865 2256 2928 δοῦλος.
2294 2867 2484 2919 Βούλει
2536 2866 2724 2936 μαθεῖν
2758 2866 2875 2929 πῶς
2923 2865 3320 2936 παρωξύναμεν
3366 2867 3457 2919 τὸν
3505 2883 3586 2935 φι-

1995 2949 2312 3021 λάνθρωπον
2341 2951 2550 3012 τοῦτον,
2586 2952 2676 3003 τὸν
2706 2952 2911 3022 ἥμερον
2944 2951 3098 3020 ήμῶν
3129 2953 3443 3021 Δεσπότην;
3474 2953 3584 3004 Kal

1994 3033 2103 3105 γὰρ
2148 3034 2353 3088 δίκαιον
2394 3035 2585 3104 μαθεῖν
2637 3037 2735 3105 τῆς
2762 3034 3033 3105 προτέρας
3065 3034 3221 3105 ἡμῶν
3265 3035 3463 3105 ἔχθρας
3487 3035 3584 3107 τὴν

1997 3119 2289 3185 ὑπόθεσιν,
2341 3120 2428 3185 ἵν’,
2483 3119 2610 3171 ὅταν
2673 3119 2788 3188 ἴδῃς
2845 3118 3176 3188 τιμηθέντας
3235 3120 3422 3188 ἡμᾶς,
3456 3121 3583 3186 τοὺς

1997 3201 2352 3271 ἐχθροὺςικαὶ
2389 3201 2714 3272 πολεμίους,
2755 3199 3042 3270 θαυμάσῃς
3099 3201 3192 3254 τοῦ
3253 3205 3585 3273 τιμήσαντος

1996 3285 2094 3354 τὴν
2127 3285 2557 3356 φιλανθρωπίαν,
2597 3286 2684 3338 ἵνα
2713 3286 2784 3356 μὴ
2817 3285 3044 3358 νομίσῃς
3075 3285 3134 3350 ἐξ
3158 3287 3371 3339 οίκείων
3397 3303 3588 3356 κατορο

1998 3368 2268 3438 θωμάτων
2297 3368 2623 3439 γεγενῆσθαι
2653 3369 2750 3439 τὴν
2788 3369 3110 3440 μεταϐολὴν,
3147 3371 3233 3422 ἵνα
3270 3369 3457 3440 μαθὼν
3486 3372 3586 3423 αὐ-

1996 3451 2091 3504 τοῦ
2123 3452 2223 3520 τῆς
2249 3455 2467 3523 χάριτος
2495 3453 2590 3522 τὴν
2622 3451 2949 3522 ὑπερϐολὴν,
2987 3453 3061 3522 μὴ
3086 3453 3269 3525 παύσῃ
3294 3453 3586 3518 διαπαντὸς

1998 3535 2337 3605 εὐχαριστῶν
2376 3534 2525 3605 αὐτῷ
2577 3534 2715 3603 ὑπὲρ
2758 3535 2852 3587 τοῦ
2909 3535 3172 3604 μεγέθους
3211 3536 3320 3588 τῶν
3344 3535 3584 3606 δωρεῶν.

1998 3617 2188 3671 Βούλει
2218 3617 2395 3672 τοίνυν
2426 3616 2617 3687 μαθεῖν
2643 3657 2658 3681 ,
2695 3618 2812 3680 πῶς
2860 3618 3259 3689 παρωξύναμεν
3305 3619 3458 3689 ήμῶν
3493 3619 3588 3674 τὸν

1997 3701 2296 3770 Δεσπότην,
2319 3701 2412 3754 τὸν
2444 3700 2844 3772 φιλάνθρωπον.
2872 3703 2962 3756 τὸν
2998 3703 3228 3774 ἥμερον,
3249 3703 3340 3756 τὸν
3361 3704 3584 3771 ἀγαθὸν,

1996 3785 2091 3837 τὸν
2123 3783 2301 3837 πάντα
2346 3783 2486 3854 ὑπὲρ
2513 3785 2611 3855 τῆς
2647 3785 2923 3857 ἡμετέρας
2957 3787 3231 3857 σωτηρίας
3253 3787 3590 3858 οἰκονομοῦν-

1997 3885 2109 3934 τα;
2170 3868 2558 3922 Ἐὅουλεύσατό
2610 3885 2740 3921 ποτε
2771 3871 2900 3940 περὶ
2942 3871 3240 3942 παντελοῦς
3276 3872 3587 3942 ἀφανισμοῦ

1997 3952 2093 4005 τοῦ
2119 3953 2310 4022 γένους
2342 3955 2375 4022 ή
2386 3951 2522 4023 μῶν,
2551 3954 2643 4004 καὶ
2670 3939 2857 4015 οὕτως
2876 3955 3011 4022 ἡμῖν
3035 3939 3280 4025 ὠργίσθη
3302 3996 3317 4020 ,
3348 3956 3424 4018 ώς
3451 3939 3588 4008 ἀπο·-

1999 4036 2154 4090 λέσαι
2192 4040 2340 4108 ἡμᾶς
2371 4036 2510 4108 μετὰ
2545 4037 2818 4105 γυναικῶν
2851 4039 2946 4090 καὶ
3002 4037 3212 4090 παίδων
3257 4039 3349 4091 καὶ
3382 4038 3590 4110 θηρίων

2001 4121 2097 4176 καὶ
2129 4122 2342 4192 κτηνῶν
2373 4123 2466 4174 καὶ
2490 4121 2587 4191 τῆς
2611 4121 2715 4190 γῆς
2744 4122 2981 4191 ἀπάσης.
3018 4123 3128 4174 Kal
3155 4124 3205 4174 εί
3246 4121 3446 4192 βούλει,
3477 4121 3587 4190 ἐγώ

2004 4225 2063 4259 σε
2095 4209 2306 4277 ποιήσω
2332 4205 2427 4257 καὶ
2457 4204 2553 4275 τῆς
2583 4205 2908 4273 ἀποφάσεως
2964 4205 3129 4274 αὐτῆς
3159 4205 3389 4258 ἀκούσαι
3415 4221 3429 4235 ⁸
3473 4206 3590 4268 Ἐξ·

2001 4291 2233 4358 ωιείψω
2253 4289 2383 4358 γάρ,
2414 4291 2568 4359 φησὶ,
2594 4287 2702 4340 τὸν
2720 4288 3056 4355 ἄνθρωπον,
3078 4287 3150 4341 ὃν
3169 4289 3448 4357 ἐποίησά,
3467 4291 3588 4344 ἀπὸ

2003 4373 2328 4443 προσώπου
2355 4372 2558 4439 πάσης
2595 4369 2706 4438 τῆς
2733 4371 2847 4441 γῆς
2866 4412 2880 4434 ,
2918 4372 3017 4425 καὶ
3043 4373 3115 4425 τὰ
3148 4373 3343 4440 θηρία,
3375 4375 3474 4427 καὶ
3518 4376 3590 4430 τὰ

2004 4457 2191 4524 κτήνη
2213 4497 2229 4520 ,
2262 4457 2351 4510 ὅτι
2379 4457 2775 4524 ἐνεθυμήθην,
2809 4456 2896 4508 ὅτι
2921 4457 3182 4522 ἐποίησα
3217 4458 3327 4512 τὸν
3367 4458 3591 4526 ἅνθρω-

2003 4556 2141 4594 ator.
2173 4542 2283 4594 Kal
2309 4541 2395 4594 ἵνα
2439 4538 2617 4610 μάθῃς
2644 4542 2726 4593 ὅτι
2773 4539 2832 4591 οὑ
2862 4540 2960 4610 τὴν
3003 4540 3164 4608 φύσιν
3199 4541 3356 4612 ήμῶν
3385 4544 3586 4614 ἐμίσει,

2004 4624 2138 4678 άλλά
2184 4625 2282 4695 τὴν
2324 4623 2524 4677 κακίαν
2564 4622 2966 4691 ἀπεστρέφετο,
3017 4625 3044 4674 6
3087 4622 3296 4685 εἰπὼν,
3342 4627 3423 4679 ὅτι
3467 4629 3591 4691 Ἐξ.

2002 4708 2232 4775 αλείψω
2255 4705 2362 4759 τὸν
2388 4705 2722 4773 ἄνθρωπον,
2741 4704 2812 4758 ὃν
2826 4706 3106 4774 ἐποίησα,
3123 4707 3243 4761 ἀπὸ
3261 4711 3592 4776 προσώπου

2004 4789 2112 4857 τῆς
2144 4789 2287 4859 γῆς,
2322 4789 2470 4857 λέγει
2503 4789 2582 4860 τῷ
2620 4788 2918 4860 ἀνθρώπιν’
2962 4791 3177 4858 Καιρὸς
3215 4794 3444 4860 παντὸς
3483 4795 3592 4848 ἀν·-

2005 4871 2240 4939 θρώπου
2282 4871 2414 4939 ἣκει
2447 4875 2598 4940 πρός
2630 4889 2726 4941 με.
2770 4874 2913 4926 Εἰδέ
2941 4873 3032 4926 τὸν
3070 4874 3356 4945 ἄνθρωπον
3387 4877 3588 4947 ἐμίσει,

2003 4959 2102 5009 οὐκ
2137 4954 2205 5007 ἂν
2231 4953 2501 5026 ἀνθρώπῳ
2539 4955 2804 5026 διελέχθη.
2843 4957 2954 5010 Νῦν
2999 4957 3055 5008 δὲ
3087 4958 3219 5029 ὁρᾷς
3263 4960 3425 5012 αὐτὸν
3466 4960 3590 5013 οὔτε

2008 5039 2328 5108 βουλόμενον
2350 5039 2594 5110 ποιῆσαι,
2616 5040 2754 5110 ὅπερ
2779 5041 3042 5111 ἠπείλησε
3069 5045 3315 5113 ποιῆσαι,
3342 5045 3479 5097 ἀ).λά
3496 5049 3590 5099 καὶ

2006 5121 2440 5191 ἀπολογούμενον
2478 5123 2555 5192 τῷ
2583 5122 2754 5193 δούλῳ
2792 5125 2882 5175 τὸν
2917 5125 3146 5195 Κύριον,
3180 5129 3274 5179 καὶ
3306 5127 3380 5191 ὡς
3408 5131 3590 5199 ὁμοτί-

2009 5221 2095 5273 μῳ
2121 5205 2260 5274 φίλῳ
2291 5204 2674 5274 διαλεγόμενον
2721 5207 2815 5258 καὶ
2861 5206 3086 5275 λέγοντα
3122 5209 3222 5272 τάς
3267 5213 3446 5275 αἰτίας
3487 5213 3589 5282 τῆς

2010 5287 2311 5360 μελλούσης
2339 5290 2615 5353 ἀπωλείας
2647 5289 2894 5355 ἔσεσθαι,
2921 5293 3017 5362 οὐχ
3065 5293 3153 5346 ἵνα
3183 5295 3329 5365 μάθῃ
3365 5297 3464 5359 τὰς
3504 5301 3590 5350 αἰ-

2005 5371 2125 5434 τίας
2160 5374 2190 5426 ὁ
2242 5371 2563 5442 ἄνθρωπος,
2592 5373 2706 5427 ἀλλ’
2745 5375 2830 5427 ἴνα
2862 5378 2973 5439 τοῖς
3012 5377 3193 5440 ἄλλοις
3251 5379 3453 5446 εἰπὼν,
3487 5397 3586 5433 σω-

2008 5456 2399 5527 φρονεστέρους
2439 5458 2636 5521 αὐτοὺς
2659 5459 2982 5529 ἐργάσηται.
3031 5461 3170 5512 Ἀλλ’
3203 5461 3340 5534 ὅπερ
3381 5462 3586 5532 ἔλεγον,

2005 5535 2148 5590 οὕτω
2177 5540 2362 5603 κακῶς
2391 5540 2548 5612 ήμῶν
2594 5542 2829 5612 ἔπραττε
2863 5543 2924 5595 τὸ
2946 5543 3101 5611 γένος
3138 5544 3446 5616 ἔμπροσθεν
3471 5587 3485 5610 ,
3513 5548 3590 5610 ὡς

2007 5621 2346 5676 κινδυνεύσαι
2382 5627 2475 5678 καὶ
2505 5625 2601 5696 τῆς
2629 5629 2728 5696 γῆς
2751 5627 2922 5696 αὐτῆς
2953 5630 3226 5682 ἐκπεσεῖν.
3268 5631 3408 5683 ’Λλλ’
3430 5634 3590 5701 ἡμεῖς

2076 5782 2099 5808 ε
2121 5773 2240 5834 Reg,
2263 5777 2368 5836 περὶ
2405 5779 2496 5823 τῶν
2531 5780 2777 5840 μαρτύ,›‹.ιν
2827 5779 2954 5830 Ειιὶιί
2979 5784 3084 5838 περὶ
3113 5784 3211 5831 τῶν
3234 5784 3463 5840 ἀγγελων.
