4070 6430
513 337 619 393 με

509 455 557 507 οί
584 452 683 521 τῆς
716 448 821 519 γῆς
851 445 1058 510 ἀνάξιοι
1102 442 1396 512 φανέντες,
1428 443 1667 514 τήμερον
1692 443 1773 505 είς
1816 432 2077 511 οὖρανοὺς

508 536 823 609 ἀνήχθημεν
841 552 855 567 ·
876 535 926 586 οί
958 532 1091 602 μηδὲ
1113 532 1209 601 τῆς
1236 530 1385 583 κάτω
1408 530 1581 600 ἀρχῆς
1604 529 1755 591 ὄντες
1769 527 1927 591 ἄξιοι,
1941 524 2079 596 πρὸς

508 630 607 696 τὴν
639 624 916 697 βασιλείαν
943 620 1216 692 ἀνέϐημῖεν
1240 620 1339 697 τῂν
1373 618 1485 673 ἀνω
1506 655 1521 681 ,
1569 616 1919 688 ὑπερέϐημεν
1950 616 2077 677 τοὺς

509 713 769 783 οὐρανοὺς
793 752 808 775 ,
847 707 1223 778 ἐπελαϐόμεθα
1250 705 1345 759 τοῦ
1392 706 1581 776 θρόνου
1623 703 1717 756 τοῦ
1758 699 2077 772 βασιλικοῦ*

510 800 603 852 καὶ
634 800 669 870 ὴ
699 797 860 867 φύσις
877 836 892 861 ,
920 796 1081 864 δι’ήν
1122 793 1384 862 ἐφύλαττε
1408 793 1500 845 τὸν
1531 791 1854 861 παράδεισον
1876 788 1945 840 τὰ
1972 788 2079 841 Χε-

511 885 731 956 ρουϐὶμ,
761 884 898 954 αῦτη
921 881 1105 936 ἐπάνω
1126 881 1234 934 τῶν
1257 879 1537 949 Χερουϐὶμ
1555 878 1791 946 κάθηται
1818 876 2075 945 σήμερον.

536 970 683 1024 Λλλά
718 960 837 1033 πῶς
874 967 1032 1023 τοῦτο
1084 967 1277 1035 γέγονε
1322 966 1384 1019 τὸ
1432 963 1740 1034 θαυμαστὸν
1769 962 1863 1016 xal
1894 962 2075 1030 μέγας

511 1060 627 1124 πῶς
660 1060 819 1129 ήμεῖς
869 1058 919 1110 οί
953 1053 1483 1125 προσκεκρουκότες,
1519 1052 1566 1104 οί
1597 1050 1697 1120 τῆς
1738 1049 1841 1118 γῆς
1868 1048 2076 1115 ἀνάξιοι

511 1147 798 1215 φανέντες,
851 1143 945 1198 καὶ
990 1144 1091 1212 τῆς
1132 1142 1306 1212 ἀρχῆς
1333 1140 1433 1207 τῆς
1466 1137 1709 1192 κάτωθεν
1756 1136 2078 1201 ἐκπεσόντες

510 1233 644 1304 πρὸς
671 1230 924 1285 τοσοῦτον
953 1229 1084 1299 ὕψος
1112 1228 1316 1298 ἀνήχθη
1326 1241 1458 1295 μεν;
1492 1224 1610 1287 πῶς
1634 1224 1664 1276 ὀ
1684 1222 1919 1293 πόλεμος
1939 1230 2078 1283 ’κατ-

509 1324 706 1393 ελύθη,
746 1319 863 1382 πῶς
889 1321 923 1390 ή
948 1318 1083 1389 ὀργὴ
1125 1314 1395 1387 ἀνῃρέθης
1430 1312 1587 1379 Πῶς;
1632 1310 1791 1365 τοῦτο
1819 1313 1926 1380 γάρ
1962 1311 2077 1362 ἐστι

515 1413 567 1464 ιδ
596 1410 927 1482 θαυμαστὸν,
967 1409 1047 1460 ὅτι
1075 1406 1196 1475 οὐχὶ
1223 1404 1330 1458 τῶν
1373 1403 1572 1466 ἀδίκως
1613 1400 1977 1473 ὀργιζομένων
2001 1399 2078 1471 τῷ

509 1498 653 1569 θεῷ,
684 1498 797 1551 ἀλλ’
836 1492 997 1549 αὐτοῦ
1036 1492 1128 1547 τοῦ
1170 1491 1392 1554 δικαίως
1419 1488 1865 1558 ἀγανακτοῦντος.
1894 1504 2076 1558 παρα-

509 1582 831 1643 καλέσαντος
860 1580 1007 1649 ἡμᾶς
1026 1619 1040 1642 ,
1065 1576 1239 1660 ρῦτως
1269 1577 1459 1646 εἰρήνη
1490 1575 1731 1643 γέγονεν.
1756 1574 1921 1640 Ὑπὲρ
1942 1576 2077 1641 Χρι-

508 1669 658 1723 στοῦ
705 1667 818 1737 ⁴γὰρ
866 1666 1274 1735 πρεσϐεύομεν
1296 1703 1312 1728 ,
1369 1662 1450 1728 ὡς
1486 1661 1592 1716 τοῦ
1622 1660 1769 1715 Θεοῦ
1814 1676 2077 1728 παρακα-

509 1754 761 1821 λοῦντος
793 1754 865 1807 δι’
900 1751 1089 1821 ήμῶν.
1116 1753 1181 1805 Τί
1213 1749 1404 1812 τοῦτο;
1437 1747 1587 1820 [450]
1614 1747 1771 1809 αὐτὸς
1802 1746 2073 1815 ὕϐρισται,

508 1844 602 1896 καὶ
647 1843 809 1906 αὐτὸς
840 1840 1181 1911 παρακαλεῖς
1207 1838 1346 1891 Ναί*
1392 1836 1522 1899 Θεὸς
1553 1835 1660 1906 γάρ
1688 1837 1833 1898 ἐστι,
1866 1835 1959 1887 καὶ
1990 1834 2077 1887 διά

508 1929 662 1982 τοῦτο
684 1928 759 1991 ὼς
780 1926 1158 1997 φιλάνθρωπος
1188 1925 1369 1995 πατὴρ
1404 1922 1727 1993 παρακαλεῖ.

577 2016 688 2070 Καὶ
719 2015 820 2085 ὅρα
841 2014 894 2067 τί
929 2013 1140 2081 γίνεται
1159 2026 1170 2041 ⁸
1196 2011 1437 2079 Μεσὶτης
1463 2010 1492 2060 0
1519 2007 1614 2061 τοῦ
1640 2005 2079 2078 παρακαλοῦντος

509 2103 635 2165 Υἱὸς
652 2142 668 2168 ,
689 2103 791 2155 οὐκ
811 2101 1092 2173 ἄνθρωπος
1111 2140 1125 2162 ,
1147 2099 1269 2153 οὐδὲ
1300 2098 1525 2165 ἄγγελος
1540 2136 1555 2161 ,
1578 2097 1699 2150 οὐδὲ
1720 2095 2075 2167 ἀρχάγγελος,

506 2193 624 2247 οόδέ
653 2192 759 2245 τῶν
804 2189 1030 2244 οἰκετῶν
1076 2188 1269 2251 οὐδείς.
1303 2186 1414 2239 Kal
1463 2187 1517 2238 τί
1561 2188 1704 2238 ποιεῖ
1755 2186 1784 2237 ὀ
1818 2185 2076 2255 μεσίτης;

512 2281 707 2350 Ἔργον
732 2278 972 2348 μεσίτου.
1003 2276 1269 2345 Καθάπερ
1302 2273 1413 2344 γὰρ
1439 2272 1531 2325 δύο
1561 2271 1719 2325 τινῶν
1742 2273 2081 2341 ἀποστρεφο-

510 2366 686 2436 μένων
738 2362 999 2432 ἀλλήλους
1031 2361 1125 2415 xal
1175 2360 1235 2412 οὑ
1287 2359 1620 2430 βουλομένων
1648 2358 1998 2427 διαλλαγῆναι
2027 2370 2076 2422 ι,

508 2450 689 2521 ἕτερός
718 2466 802 2512 τις
829 2447 998 2501 ἐλθὼν
1016 2486 1031 2511 ,
1074 2447 1167 2500 καὶ
1197 2446 1360 2516 μέσον
1394 2445 1580 2499 ἐαυτὸν
1607 2444 1856 2516 ἐμϐαλὼν
1888 2446 2079 2499 ἐκατέ-

510 2552 619 2607 ρων
646 2536 761 2589 λύει
788 2535 888 2603 τὴν
918 2533 1113 2604 ἔχθραν
1132 2548 1146 2561 ⁸
1186 2531 1329 2585 οὕτω
1355 2532 1449 2585 καὶ
1489 2534 1517 2584 ὀ
1543 2530 1774 2602 Χριστὸς
1801 2532 2071 2603 ἐποίησεν.

520 2623 797 2697 Ὠργίζετο
846 2626 979 2695 ἡμῖν
1007 2627 1036 2677 0
1086 2622 1256 2686 Θεὸς,
1294 2622 1752 2693 ἀπεστρεφόμεθα
1794 2624 1952 2693 ἡμεῖς
1984 2623 2075 2675 τὸν

507 2714 659 2778 Θεὸν,
690 2711 780 2765 τδν
805 2712 1183 2782 φιλάνθρωπον
1213 2709 1485 2778 Δεσπότην
1507 2727 1518 2740 ⁸
1557 2709 1719 2780 μέσον
1755 2710 1945 2763 ἐαυτὸν
1977 2710 2077 2779 ἐμ-

508 2800 686 2855 ϐαλὼν
712 2802 740 2852 0
770 2799 1001 2871 Χριστὸς
1027 2798 1293 2868 ἑκατέραν
1317 2796 1414 2867 τὴν
1442 2796 1601 2866 φύσιν
1627 2797 1941 2868 κατήλλαξε.
1969 2794 2079 2850 Kal

505 2888 627 2949 πιῖις
655 2887 816 2957 μέσον
845 2886 1034 2940 ἐαυτὸν
1067 2883 1283 2938 ἐνέϐαλε
1311 2902 1326 2952 ;
1362 2884 1474 2954 Τὴν
1503 2886 1773 2955 τιμωρίαν
1804 2886 1902 2956 τὴν
1932 2887 2079 2957 ὀφει-

508 2973 738 3049 λομένην
767 2975 898 3043 ήμῖν
927 2972 1080 3049 παρά
1110 2970 1204 3024 τοῦ
1227 2970 1439 3041 Πατρὸς
1468 2971 1629 3033 αὐτὸς
1650 2972 1923 3039 ἐνεδέξατο
1945 3013 1961 3039 ,
1985 2975 2079 3027 καὶ

507 3058 618 3133 τὴν,
655 3061 861 3114 ἐκεῖθεν
890 3060 1155 3131 τιμωρίαν
1196 3058 1289 3112 καὶ
1338 3058 1406 3111 τὰ
1460 3058 1692 3111 ἐνταῦθα
1746 3059 1917 3130 ὀνείδη
1976 3062 2079 3115 ὑπ-

511 3145 711 3218 έμεινε.
747 3146 1160 3216 Βούλειμαθεῖν
1208 3145 1323 3208 πῶς
1359 3146 1592 3215 ἑκάτερα
1642 3146 1803 3211 αὐτὸς
1837 3148 2075 3214 ἐδέξατο;

508 3238 764 3307 Χριστὸς
789 3230 946 3305 ἡμᾶς
976 3237 1025 3300 δ,
1054 3236 1239 3306 φησὶν,
1290 3233 1655 3301 ἐξηγόρασεν
1696 3235 1766 3288 ἐκ
1796 3234 1903 3303 τῆς
1941 3254 2078 3290 κατ-

508 3326 657 3392 άρας
696 3323 803 3379 τοῦ
833 3326 1039 3393 νόμου,
1086 3323 1406 3392 γενόμενος
1450 3321 1602 3391 ὑπὲρ
1639 3322 1807 3391 ἡμῶν
1832 3323 2072 3394 κατάρα.

511 3410 661 3477 Εἶδες
682 3413 797 3475 πῶς
824 3411 1026 3466 ἀνωθεν
1045 3411 1144 3482 τὴν
1177 3411 1480 3481 φερομένην
1516 3412 1783 3481 τιμωρίαν
1827 3410 2040 3475 ἐδέξατο
2058 3427 2075 3445 ⁸

507 3501 607 3569 ὅρα
632 3500 749 3563 πῶς
772 3500 866 3553 καὶ
892 3497 958 3555 τά
980 3498 1223 3552 κάτωθεν
1237 3498 1511 3568 φερόμενα
1533 3497 1707 3567 ὀνείδη
1741 3498 2027 3569 ὑπέμεινεν
2055 3516 2070 3531 ο

513 3590 576 3640 Ol
607 3586 928 3655 ὀνειδισμοὶ
957 3585 1075 3640 τῶν
1106 3583 1506 3645 ὀνειδιζόντων
1531 3599 1623 3645 σε,
1658 3585 1841 3654 φησὶν,
1864 3586 2076 3639 ἐπέπε-

508 3689 626 3727 σον
653 3673 746 3725 ἐπ⁹
771 3673 893 3742 ἐμέ.
924 3671 1075 3735 Εἶδες
1103 3671 1219 3735 πῶς
1242 3671 1447 3724 διέλυσε
1471 3672 1569 3741 τὴν
1602 3671 1797 3741 ἔχθραν
1815 3712 1831 3736 ,
1872 3673 1987 3735 πῶς
2012 3673 2073 3725 οὐ

509 3760 771 3829 πρότερον
809 3759 1020 3829 ἀπέστη
1045 3760 1220 3812 πάντα
1252 3758 1419 3811 ποιῶν
1461 3758 1552 3811 καὶ
1572 3760 1796 3827 πᾲσχων
1823 3759 1917 3812 καὶ
1942 3777 2076 3831 πρα-

504 3847 910 3915 γματευόμενος
936 3884 949 3908 ,
972 3846 1076 3908 ἐως
1107 3845 1198 3898 10v
1236 3845 1493 3913 πολέμιον
1524 3845 1617 3897 καὶ
1648 3846 1840 3916 ἐχθρὸν
1872 3847 2074 3916 ἀνήγα-

506 3948 601 3999 γεν
632 3932 777 4001 αὐτῷ
815 3932 889 4002 τῷ
920 3930 1058 4001 Θεῷ,
1088 3934 1180 3984 καὶ
1229 3932 1380 4001 φίλον
1425 3932 1686 4001 ἐποίησε;
1728 3933 1837 3986 Kal
1873 3934 2073 3987 τούτων

506 4018 615 4070 τῶν
646 4018 862 4085 ἀγαθῶν
907 4018 1155 4081 ὑπόθεσις
1190 4020 1224 4086 ἡ
1275 4020 1508 4086 σήμερον
1560 4019 1775 4088 ἡμέρα⁸
1826 4020 2074 4091 καθάπερ

442 4164 449 4171 _
508 4106 615 4176 γὰρ
639 4106 891 4175 ἀπαρχὴν
929 4110 1026 4175 τῆς
1078 4105 1290 4173 φύσεως
1340 4106 1496 4175 ήμῶν
1529 4106 1738 4168 λαϐὼν,
1771 4106 1942 4169 οὕτως
1978 4109 2073 4160 ἀν-

508 4196 682 4259 ήγαγε
713 4191 789 4261 τῷ
814 4192 1077 4263 Δεσπότῃ.
1107 4194 1214 4244 Kal
1234 4193 1369 4262 ὅπερ
1393 4192 1600 4259 γίνεται
1629 4194 1841 4247 ἐπὶτῶν
1876 4195 2074 4247 πεδίων

506 4279 614 4331 τῶν
648 4279 1032 4349 σταχυηφόρων
1055 4319 1069 4341 ,
1101 4278 1309 4347 ὀλίγους
1342 4297 1423 4342 τις
1461 4281 1697 4351 στάχυας
1736 4280 1945 4343 λαϐὼν,
1981 4282 2075 4333 καὶ

511 4365 702 4435 μικρὸν
730 4366 944 4436 δράγμα
974 4367 1203 4436 ποιήσας
1222 4409 1236 4432 ,
1271 4368 1365 4420 καὶ
1413 4367 1790 4438 προσενεγκὼν
1816 4369 1893 4438 τῷ
1933 4367 2071 4438 Θεῷ,

507 4453 592 4504 διὰ
621 4451 713 4503 τοῦ
748 4452 941 4522 μικροῦ
971 4453 1149 4505 πᾶσαν
1201 4454 1298 4522 τὴν
1336 4456 1572 4535 ἄρουραν
1618 4456 1829 4523 εὐλογεῖ
1853 4472 1866 4487 ⁸
1916 4456 2074 4509 τοῦτο

509 4542 602 4593 καὶ
626 4543 670 4606 ὁ,
694 4542 925 4611 Χριστὸς
950 4542 1171 4611 ἐποίησε
1192 4584 1207 4608 ,
1237 4543 1301 4594 δι’
1342 4545 1553 4611 ἐκείνης
1590 4545 1685 4614 τῆς
1717 4547 1843 4615 μιᾶς
1874 4546 2074 4615 σαρκὸς

510 4628 725 4698 καὶτῆς
754 4631 1002 4699 ἀπαρχῆς
1028 4631 1088 4682 10
1127 4632 1281 4699 γένος
1316 4632 1376 4685 τὸ
1414 4634 1675 4704 ἡμέτερον
1719 4634 2072 4704 εὐλογηθῆναι

511 4716 778 4785 ἐποίησεν.
816 4717 971 4769 ’Λλλά
1001 4718 1089 4771 διά
1116 4719 1168 4770 τί
1211 4721 1271 4772 οὐ
1315 4721 1491 4773 πᾶσαν
1518 4720 1614 4791 τὴν
1647 4720 1805 4789 φύσιν
1848 4722 2075 4792 ἀνήνεγ-

510 4818 638 4865 κεν;
670 4804 789 4856 Ὅτι
817 4804 916 4857 οὐκ
945 4804 1058 4856 ἐστι
1080 4803 1234 4857 τοῦτο
1264 4806 1515 4876 ἀπαρχῆς
1551 4819 1569 4845 ο
1593 4849 1609 4869 ,
1645 4808 1737 4861 ἐὰν
1764 4808 1824 4860 10
1847 4808 1964 4860 ὅλον
1992 4826 2073 4872 τις

512 4892 848 4965 προσενέγκῃ
867 4934 882 4957 ,
910 4894 1027 4947 ἀλλ’
1059 4894 1153 4947 ἐάν
1193 4911 1274 4957 τις
1309 4896 1500 4964 μικρὸν
1529 4898 1903 4965 προσενεγκὼν
1925 4939 1939 4959 ,
1984 4898 2073 4951 διὰ

507 4980 601 5031 τοῦ
633 4982 827 5049 μικροῦ
872 4983 932 5036 10
963 4983 1079 5035 ὅλον
1125 4983 1478 5053 εὐλογηοῆναι
1522 4987 1932 5058 παρασκευάσῃ.
1963 4985 2074 5038 Kal

512 5069 618 5134 μὴν
646 5070 693 5120 εἰ
744 5070 962 5140 ἀπαρχὴ
989 5110 1003 5133 ,
1035 5072 1197 5141 φησὶν
1220 5112 1233 5134 ,
1267 5068 1363 5142 ἦν,
1412 5072 1579 5141 ἐχρῆν
1614 5073 1705 5125 τὸν
1733 5074 1944 5143 πρῶτον
1979 5075 2073 5127 ἅν-

509 5153 725 5223 θρωπον
766 5156 1051 5225 γενόμενον
1100 5158 1258 5211 αὐτὸν
1312 5158 1688 5229 ἀνενεχθῆναι·
1717 5162 1936 5231 ἀπαρχὴ
1965 5162 2073 5229 γάρ

509 5319 1104 5427 εῃῖςὶΕιήὶὲὶίδιαλεχθῆναι.
1122 5324 1265 5374 Hunc
1285 5325 1442 5374 locum
1464 5326 1609 5375 affert
1628 5325 1728 5375 Leo
1749 5340 1870 5388 papa
1902 5328 1951 5376 ιη
1974 5329 2072 5377 ﬁne

580 5393 640 5427 m
684 5393 791 5431 130.

543 5393 608 5515 ρι’,
622 5442 742 5518 R95.
765 5445 892 5518 ποαρά
916 5444 1000 5492 τοῦ
1021 5447 1238 5518 ξωτῆρος
1258 5447 1395 5518 αῦτός
1415 5448 1603 5518 ἐδέξατο
1621 5449 1701 5496 καὶ
1713 5450 1803 5518 ’τάς
1822 5450 1974 5518 ῦϐρεις
1992 5452 2072 5498 καὶ

508 5518 574 5578 τοι
593 5507 1171 5578 ὀδείδηηᾶυέποιῃσάμεθα
1200 5509 1323 5578 κατά
1358 5507 1628 5578 pigeat»,
1674 5511 1812 5578 αότὸς
1834 5507 2068 5578 ὑπέμεινε.

511 5564 679 5637 Βούλει
705 5567 861 5642 μαθεῖν
902 5569 1001 5642 πώς
1028 5564 1406 5646 ἐξκάτεραηαύτὲς
1427 5564 1633 5646 ἐδέξατο,
1657 5572 1737 5618 καὶ
1776 5573 1859 5629 τὴν
1900 5564 2071 5621 ἐκεῖθεν

509 5637 632 5681 τιμω
664 5630 753 5682 ίαν,
774 5630 851 5672 καὶ
869 5630 927 5673 τά
963 5630 1131 5678 ἐκεῖθεν
1151 5630 1303 5687 ὀνείδη
1318 5667 1331 5690 ,
1351 5631 1551 5694 Χριστὸς
1567 5634 1707 5692 ἡμᾶς·

574 5685 596 5713 ε
622 5639 744 5747 ἄρα.
772 5688 978 5752 ἀπαρχὴ.

1208 329 1264 383 S.
1300 326 1584 383 JUANNIS
1625 321 2118 381 CIIRYSOSTOMI
2158 322 2482 383 ARCHIEP.
2526 324 3075 384 CONSTANTINOP.

3648 330 3760 384 με

2180 440 2298 494 ἐστι
2318 441 2382 495 10
2424 442 2639 513 πρῶτον
2679 443 3043 513 ἐκφερόμενον
3063 484 3080 508 ,
3108 443 3168 496 10
3195 444 3408 516 πρῶτον
3436 446 3762 516 βλαστάνον.

2181 531 2295 584 Οὐκ
2322 531 2439 585 ἔστι
2462 532 2622 586 τοῦτο
2657 534 2879 603 ἀπαρχὴ
2902 572 2917 598 ,
2956 534 3236 603 ἀγαπητὴ
3274 533 3369 587 ἐάν
3398 535 3491 589 τὸν
3536 536 3762 607 πρῶτον

2180 624 2634 693 προσενέγκωμεν
2691 624 2905 695 καρπὸν
2945 625 3186 696 ἐξίτηλον
3221 626 3347 680 ὀντα
3391 627 3488 680 καὶ
3528 628 3756 696 ἀσθενῆ.

2178 713 2294 766 ἀλλ’
2321 714 2416 768 ἐάν
2435 714 2525 767 τὸν
2551 715 2771 785 δόκιμον
2800 716 3273 788 προσενέγκωμεν.
3310 720 3461 772 Ἐπεὶ
3487 716 3580 773 οὖν
3613 723 3763 774 ἐκεῖ.

2178 819 2267 867 νος
2293 805 2322 856 ὀ
2344 804 2554 876 καρπὸς
2583 804 2880 869 ὑπεύθυνος
2918 807 3189 878 ἀμαρτίας
3215 804 3282 879 ἦν
3304 850 3319 874 ,
3350 809 3437 885 διὰ
3463 810 3621 864 τοῦτο
3654 814 3762 865 οὐκ

2178 890 2445 962 ἀνηνέχθη
2466 931 2482 950 .
2503 894 2553 946 εί
2586 894 2681 947 καὶ
2713 893 2927 965 πρῶτος
2960 897 3176 963 ἐγένετο
3196 913 3211 929 ·
3250 896 3364 949 ἀλλ’
3392 892 3544 962 οὗτος
3574 901 3762 970 ἀπηλ-

2176 982 2443 1053 λαγμένος
2465 985 2735 1055 ἁμαρτίας
2755 1001 2770 1016 ⁸
2809 985 2895 1039 διά
2919 984 3076 1039 τοῦτο
3096 987 3191 1040 καὶ
3218 988 3489 1058 ἀνηνέχθη
3506 1030 3521 1055 ,
3568 991 3617 1042 εί
3659 990 3763 1042 καὶ

2180 1072 2319 1142 μετά
2337 1072 2510 1127 ταῦτα
2538 1074 2751 1143 ἐγένετο
2767 1092 2782 1107 ·
2811 1074 2970 1130 τοῦτο
2994 1076 3103 1146 γάρ
3134 1076 3355 1148 ἀπαρχή
3373 1075 3424 1131 ἀ.

2246 1162 2315 1232 γ’.
2353 1165 2463 1218 Kal
2490 1165 2575 1218 l'va
2609 1166 2815 1237 μάθῃς,
2849 1167 2932 1219 ὅτι
2967 1168 3087 1236 οὐχὶ
3123 1168 3157 1234 0
3191 1167 3403 1237 πρῶτος
3439 1166 3760 1237 βλαστάνων

2178 1254 2411 1324 καρπὸς,
2428 1254 2585 1307 τοῦτο
2604 1255 2848 1326 ἀπαρχὴ,
2874 1255 2989 1308 ἀλλ’
3006 1259 3034 1308 ό
3048 1256 3264 1326 δόκιμος
3279 1256 3371 1310 καὶ
3388 1258 3631 1323 γενναῖος
3657 1257 3758 1308 καὶ

2179 1343 2258 1405 είς
2281 1340 2466 1412 ἀκμὴν
2495 1342 2647 1413 ἥκων
2686 1345 2785 1415 τὴν
2818 1343 3217 1413 προσήκουσαν,
3248 1342 3356 1395 ἀπὸ
3383 1342 3491 1395 τῶν
3517 1341 3755 1412 Γραφᾶμν

2181 1449 2262 1486 σοι
2289 1433 2507 1502 παρέξω
2531 1433 2629 1503 τὴν
2657 1434 2979 1505 μαρτυρίαν.
3020 1435 3155 1487 Ἐὰν
3192 1433 3493 1501 εἰσέλθῃς,
3525 1434 3696 1503 φησὶν
3724 1433 3757 1484 0

2179 1526 2417 1595 Μωῦσῆς
2448 1525 2584 1595 πρὸς
2616 1526 2705 1579 τὸν
2739 1525 2887 1588 λαὸν,
2917 1528 3005 1590 είς
3040 1524 3155 1590 τὴν
3186 1522 3302 1593 γῆν
3344 1522 3455 1590 τῆς
3500 1525 3759 1594 ἐπαγ-τε-

2177 1614 2338 1680 .llac,
2362 1613 2443 1682 ἣν
2474 1615 2687 1682 Κύριος
2713 1616 2745 1668 ό
2782 1616 2927 1679 Θεός
2961 1631 3077 1668 σου
3105 1613 3314 1667 δίδωσί
3350 1630 3468 1677 σοι,
3504 1615 3601 1666 καί
3634 1632 3754 1682 φει-

2178 1709 2407 1775 τεύσῃς
2441 1706 2588 1779 [451]
2611 1707 2681 1759 ἐν
2715 1705 2870 1773 αὐτῇ
2907 1703 3031 1761 πᾶν
3058 1705 3249 1768 ξύλον
3272 1705 3486 1758 ποιοῦν
3517 1705 3757 1773 καρπὸν

2173 1795 2502 1865 βρώσιμον,
2536 1797 2668 1864 τρία
2695 1795 2799 1862 ἐτη
2826 1796 2898 1849 οὑ
2927 1794 3359 1863 περικαθαριεῑς
3387 1795 3495 1847 τὸν
3519 1794 3759 1862 καρπὸν

2177 1887 2363 1942 αὐτοῦ
2384 1904 2395 1916 ⁸
2413 1887 2495 1953 τῷ
2525 1886 2594 1939 δὲ
2624 1885 2878 1954 τετάρτῳ
2908 1885 3026 1939 ἔτει
3054 1888 3087 1939 ὀ
3114 1884 3340 1952 καρπὸς
3365 1885 3553 1940 αὺτοῦ
3580 1884 3758 1953 ἅγιος

2179 1977 2348 2032 ἔσται
2372 1975 2453 2042 τῷ
2484 1978 2697 2046 Κυρίῳ.
2734 1977 2843 2031 Kal
2874 1976 2978 2047 μὴν
3007 1978 3055 2029 εἰ
3083 1977 3303 2047 ἀπαρχὴ
3337 1973 3404 2045 ἦν
3444 1977 3505 2029 10
3534 1973 3756 2047 πρῶτον

2178 2067 2563 2137 ἐκφερόμενον,
2596 2066 2687 2119 τὸν
2715 2067 2773 2119 ἐν
2813 2066 2891 2135 τῷ
2912 2064 3110 2136 πρώτῳ
3137 2064 3364 2134 ἐνιαυτῷ
3394 2067 3626 2136 καρπὸν.
3653 2067 3758 2119 αὑ-

2177 2157 2267 2210 τὸν
2343 2157 2449 2219 έςδει
2493 2156 2675 2210 δοῦναι
2728 2156 2807 2227 τῷ
2852 2156 3074 2228 Κυρίῳ·
3136 2157 3251 2211 νυνὶ
3295 2158 3353 2212 δέ
3400 2174 3553 2229 φησι⁸
3615 2161 3759 2227 Τρία

2178 2248 2282 2314 ἐτη
2337 2250 2410 2302 οὑ
2444 2247 2874 2316 περικαθαριεῖς
2919 2248 3025 2301 τὸν
3072 2247 3307 2315 καρπὸν
3355 2248 3564 2312 αὐτοῦ,
3615 2249 3759 2304 ἀλλά

2180 2340 2410 2411 ἀφήσεις
2459 2339 2642 2405 αὐτὸν,
2680 2338 2813 2392 διότι
2846 2338 3085 2409 ἐξίτηλον
3113 2340 3171 2393 10
3203 2340 3416 2410 δένδρον
3444 2340 3581 2402 ἐστὶ,
3614 2339 3756 2392 διότι

2180 2426 2433 2501 ἀσθενὴς,
2466 2429 2601 2482 διότι
2634 2429 2811 2499 ἄωρος
2845 2432 2878 2500 ή
2910 2432 3038 2501 γονή
3059 2447 3074 2461 ⁸
3102 2433 3132 2482 0
3160 2431 3216 2483 δέ
3245 2430 3524 2500 τέταρτος,
3560 2431 3755 2499 φησὶν,

2182 2520 2335 2588 ἀγιος
2375 2519 2525 2572 ἐσται
2554 2518 2633 2589 τῷ
2665 2519 2871 2590 Κυρίῳ.
2904 2520 3012 2574 Kal
3051 2521 3242 2573 σκόπει
3293 2520 3486 2589 σοφίαν
3523 2521 3757 2590 νομοθέ-

2178 2630 2271 2665 του
2290 2630 2304 2644 ⁸
2343 2611 2467 2666 οὔτε
2497 2615 2689 2681 φαγεῖν
2713 2614 2871 2665 αὐτὸν
2895 2614 3098 2677 εἴασεν,
3134 2613 3220 2667 ἵνα
3256 2613 3331 2685 μὴ
3351 2614 3456 2685 πρὸ
3482 2613 3575 2666 τοῦ
3613 2614 3754 2667 Θεοῦ

2178 2705 2340 2768 αὐτὸς
2372 2703 2511 2775 λάϐῃ
2559 2706 2650 2756 τὸν
2688 2705 2926 2775 καρπόν⁸
2959 2702 3082 2757 οὔτε
3130 2705 3558 2776 προσενεχθῆναι
3587 2705 3756 2759 αὑτὸν

2178 2793 2497 2864 ἐπέτρεψεν,
2544 2794 2630 2847 ῐνα
2686 2794 2761 2864 μή
2814 2796 2989 2864 ἄωρος
3035 2794 3370 2867 προσενεχθῇ
3423 2794 3501 2864 τῷ
3539 2796 3753 2866 Κυρίῳ.

2191 2884 2370 2950 Ἀλλά,
2406 2886 2575 2952 Ἀφες
2624 2884 2742 2954 μὲν,
2789 2887 2972 2953 φησὶν,
3022 2885 3210 2958 ἐπειδὴ
3244 2886 3459 2957 πρῶτόν
3488 2889 3638 2939 ἐστι’
3673 2890 3752 2957 μὴ

2180 2978 2547 3048 προσενέγκῃς
2574 2976 2654 3041 δέ,
2685 2977 2871 3047 ἐπειδὴ
2905 2977 3120 3044 ἀνάξιόν
3163 2979 3277 3031 ἐστι
3321 2978 3421 3047 τῆς
3447 2979 3613 3047 τιμῆς
3652 2980 3752 3031 τοῦ

2177 3068 2559 3140 λαμϐάνοντος,
2601 3069 2763 3137 Ὀρᾷς
2801 3068 2881 3119 ὅτι
2931 3069 2990 3120 οὐ
3023 3068 3087 3121 10
3114 3068 3328 3139 πρῶτον
3359 3070 3751 3140 ἐκφερόμενον,

2177 3162 2311 3215 ἀλλὰ
2338 3162 2399 3215 10
2429 3161 2673 3231 δόκιμον,
2695 3160 2853 3213 τοῦτό
2908 3161 3057 3215 ἐστιν
3093 3161 3315 3231 ἀπαρχή
3341 3179 3357 3225 ;
3415 3161 3527 3215 Kal
3573 3162 3753 3216 ταῦτα

2177 3254 2309 3323 ἡμῖν
2340 3251 2428 3305 διά
2468 3251 2567 3322 τὴν
2611 3249 2791 3322 σάρκα
2822 3253 2887 3321 ἢν
2920 3250 3294 3321 προσήνεγκεν
3334 3252 3567 3322 εῖρηται.
3629 3253 3753 3306 Ἀν-

2176 3348 2376 3414 ήνεγκε
2397 3343 2574 3396 τοίνυν
2591 3345 2688 3412 τὴν
2714 3341 2966 3412 ἀπαρχὴν
2992 3342 3087 3411 τῆς
3108 3341 3319 3409 φύσεως
3342 3342 3442 3412 τῆς
3473 3338 3751 3416 ἡμετέρας

2174 3432 2253 3500 τῷ
2276 3430 2452 3499 Πατρί
2471 3448 2486 3462 ·
2519 3430 2614 3483 καὶ
2641 3430 2815 3493 οὕτως
2861 3429 3138 3500 ἐθαύμασε
3167 3429 3230 3483 10
3270 3429 3442 3502 δῶρον
3472 3433 3501 3484 ὀ
3533 3432 3748 3502 Πατὴρ,

2176 3524 2271 3577 καὶ
2291 3522 2406 3578 κδιά
2447 3523 2545 3593 τὴν
2577 3521 2733 3587 ἀξίαν
2782 3522 2874 3575 τοῦ
2935 3520 3413 3593 προσενέγκαντος,
3439 3522 3530 3576 καὶ
3572 3523 3659 3577 διά
3687 3525 3753 3577 τὸ

2174 3615 2401 3684 ἀμωμον
2446 3614 2542 3665 τοῦ
2578 3612 3045 3684 προσενεχθέντος,
3078 3612 3151 3675 ὼς
3180 3613 3409 3677 οίκείαις
3429 3613 3560 3666 αὐτὸ
3590 3614 3751 3679 δέξα-

2176 3706 2299 3757 σθαι
2319 3704 2498 3775 χερσὶ,
2530 3705 2624 3756 καὶ
2652 3703 2823 3757 θεῖναι
2860 3702 3087 3772 πλησίον
3113 3704 3173 3756 10
3194 3703 3385 3776 δῶρον,
3413 3707 3509 3759 καὶ
3535 3708 3709 3761 εἰπεῖν
3728 3722 3747 3739 ⁸

2174 3793 2371 3848 Κάθου
2402 3796 2472 3847 ἐκ
2512 3793 2728 3858 δεξιῶν
2752 3814 2889 3863 μου.
2930 3797 3073 3867 Πρὸς
3111 3798 3268 3851 ποίαν
3326 3798 3488 3866 φύσιν
3539 3794 3695 3854 εἶπεν
3718 3802 3750 3853 ὀ

2173 3885 2325 3947 Θεὸς,
2376 3884 2573 3940 Κάθου
2624 3885 2693 3937 ἐκ
2739 3884 2952 3949 δεξιῶν
2995 3904 3146 3955 μου;
3207 3889 3351 3958 Πρὸς
3390 3890 3601 3961 ἐκείνην
3647 3891 3750 3961 τὴν

2174 3977 2506 4037 ἀκούσασαν,
2538 3975 2630 4044 Γῆ
2658 3972 2730 4038 εἷ,
2771 3977 2868 4029 καὶ
2903 3980 2989 4042 είς
3016 3976 3131 4047 γῆν
3161 3980 3497 4047 ἀπηελεύσῃ.
3530 3983 3602 4035 Οὐ
3634 3983 3749 4050 γάρ

2174 4069 2332 4138 ἤρκει
2367 4068 2673 4137 ὑπερϐῆναι
2697 4070 2822 4132 τοὺς
2850 4070 3143 4139 οὐρανούςς
3180 4073 3238 4125 οὐ
3279 4072 3384 4143 γὰρ
3419 4074 3575 4142 ἢρκει
3608 4076 3750 4144 μετά

2174 4160 2418 4228 ἀγγέλων
2466 4160 2685 4227 στῆναι;
2733 4162 2833 4214 οὐκ
2866 4156 2934 4230 ἦν
2973 4162 3175 4230 ἀφατος
3221 4164 3315 4216 καὶ
3348 4163 3485 4235 αῦτη
3513 4167 3545 4234 ή
3577 4168 3747 4236 τιμὴς

2186 4250 2326 4303 Ἀλλ’
2358 4251 2601 4323 ὑπερέϐη
2661 4253 2943 4319 ἀγγέλους,
2995 4254 3273 4323 παρῆλοεν
3345 4256 3747 4328 ἀρχαγγέλους.

2176 4341 2416 4412 ὑπερέϐη
2456 4341 2524 4393 τὰ
2549 4341 2850 4412 Χερουϐὶμ,
2896 4342 3060 4413 ἀνέϐη
3093 4344 3363 4415 ἀνώτερον
3409 4347 3516 4399 τῶν
3571 4349 3750 4419 Σερα-

2175 4432 2329 4501 φεὶμ,
2364 4432 2677 4502 παρέδραμε
2702 4432 2801 4495 τάς
2834 4433 3030 4503 ἀρχὰς.
3064 4437 3123 4486 οὺ
3158 4436 3421 4505 πρότερον
3457 4437 3612 4506 ἔστη.
3639 4439 3751 4502 ἕως

2172 4517 2233 4577 οὗ
2261 4523 2355 4575 τοῦ
2388 4522 2576 4593 θρόνου
2617 4524 2912 4577 ἐπελάϐετο
2954 4525 3049 4578 τοῦ
3081 4528 3434 4580 Δεσποτικοῦ.
3468 4529 3583 4599 Οὐχ
3612 4532 3748 4600 ὁρᾷς

2174 4614 2322 4667 τουτὶ
2346 4613 2402 4666 10
2440 4614 2602 4683 μέσον
2623 4614 2716 4667 τοῦ
2739 4615 2969 4686 οὐρανοῦ
3005 4616 3140 4685 πρὸς
3178 4617 3275 4686 τὴν
3300 4617 3433 4687 γῆν;
3462 4620 3662 4689 μᾶλλον
3688 4623 3747 4674 δέ

2174 4705 2417 4758 κάτωθεν
2450 4705 2772 4775 ἀρξώμεθα·
2828 4709 2924 4777 οὐχ
2971 4710 3120 4779 ὁρᾷς,
3174 4709 3281 4761 ἀπὸ
3330 4712 3422 4764 τοῦ
3450 4711 3576 4782 ᾅδου
3608 4713 3748 4784 πρὸς

2174 4796 2271 4865 τὴν
2304 4796 2408 4865 γῆν
2437 4796 2499 4847 τὸ
2527 4797 2800 4867 διάστημα
2834 4798 2986 4865 ὄσον;
3022 4799 3127 4851 ἀπὸ
3158 4799 3258 4867 τῆς
3285 4801 3387 4870 γῆς
3414 4801 3574 4853 πάλιν
3608 4804 3747 4874 πρὸς

2174 4886 2263 4938 10v
2284 4887 2541 4955 οὐρανόν;
2572 4888 2680 4941 ἀπὸ
2715 4887 2809 4939 τοῦ
2848 4889 3078 4959 οὐρανοῦ
3112 4890 3273 4943 πάλιν
3302 4893 3436 4961 πρὸς
3469 4893 3560 4945 τὸν
3582 4896 3749 4965 οὐρα-

2174 4976 2262 5027 νὸν
2297 4974 2387 5027 τὸν
2427 4976 2698 5046 ἀνώτερον
2720 4995 2733 5042 ;
2759 4976 2851 5028 ἀπ’
2882 4978 3087 5030 ἐκείνου
3122 4980 3259 5049 πρὸς
3297 4982 3423 5043 τοὺς
3457 4982 3742 5049 ἀγγέλους,

2176 5067 2311 5137 πρὸς
2363 5068 2487 5129 τοὺς
2535 5068 2928 5137 ἀρχαγγέλους,
2978 5069 3114 5140 πρὸς
3160 5070 3259 5133 τὰς
3307 5073 3419 5125 ἀνω
3456 5073 3742 5142 δυνάμεις,

2174 5159 2309 5227 πρὸς
2335 5158 2496 5210 αὑτὸν
2541 5158 2631 5211 τὸν
2662 5159 2848 5229 θρόνον
2876 5160 2966 5212 τὸν
2994 5160 3303 5230 βασιλικόν;
3329 5161 3499 5214 Τοῦτο
3531 5162 3652 5216 ὅλον
3686 5165 3746 5217 10

2173 5250 2444 5319 διάστημα
2471 5251 2565 5303 καὶ
2598 5252 2657 5304 10
2701 5250 2834 5320 ὕψος
2875 5253 2973 5320 τὴν
3004 5253 3166 5320 φύσιν
3195 5255 3293 5321 τὴν
3341 5254 3616 5323 ἡμετέραν
3660 5256 3746 5306 ἀν-

2173 5342 2366 5412 ήγαγε.
2407 5342 2576 5395 Βλέπε
2607 5342 2710 5395 ποῦ
2741 5345 2891 5396 κάτω
2913 5343 3108 5404 ἔκειτο.
3137 5344 3233 5397 καὶ
3262 5344 3363 5397 ποῦ
3395 5344 3585 5416 ἀνέϐη⁸
3619 5345 3744 5398 οὔτε

2234 5506 2261 5548 τι
2290 5506 2371 5554 Sic
2404 5504 2565 5571 Regii,
2614 5513 2762 5567 anuo
2806 5510 2871 5557 ita
2897 5522 3072 5560 sensus
3116 5512 3349 5571 quadrat;
3389 5512 3439 5559 in
3475 5510 3622 5559 editis
3659 5524 3751 5557 sr-

2150 5602 2151 5605 η
2172 5567 2480 5635 ri¢s__rp_uti_la
2520 5573 2613 5635 ρει,
2658 5572 2706 5635 εἰ-
2733 5571 2813 5635 καί
2838 5573 3035 5635 Δπρώτος
3063 5567 3260 5632 ἐγένετο.
3286 5567 3441 5635 Τοῦτο
3466 5573 3567 5635 ᾲγάρ
3590 5573 3742 5635 aly-{ap-

2171 5634 2248 5694 χὴ.
2278 5628 2368 5678 Ubi
2388 5631 2551 5697 g'lqna
2581 5629 2707 5674 haud
2732 5628 3277 5697 dgbieﬂesider'anlur.’
3295 5634 3441 5682 Aliud
3466 5628 3591 5697 lég'il
3620 5628 3741 5683 V0.5-

2173 5693 2293 5753 ειυς,
2321 5693 2460 5751 cujus
2484 5695 2823 5750 Iulerprelalio
2851 5693 2910 5741 ad
2928 5702 3145 5745 nostram
3171 5696 3433 5745 lectionem
3457 5696 3677 5757 quadrat.
