4070 6422
211 366 317 424 ωε

212 480 509 536 excideret.
532 474 801 530 Cancrum
829 484 929 526 nos
957 468 1047 540 qui
1065 475 1204 524 terra
1232 464 1546 520 videbamur
1572 459 1792 530 indigni,

215 569 379 625 hodie
408 567 463 622 in
499 566 688 620 calum
733 561 926 616 sublati
955 571 1138 612 sumus
1165 572 1179 608 :
1216 554 1307 624 qui
1336 566 1404 608 ne
1435 562 1646 606 terreno
1673 548 1790 618 qui-

211 660 338 717 dem
364 655 660 728 principatu
697 665 911 708 eramus
935 648 1101 720 digni,
1141 645 1209 700 ad
1251 658 1540 714 supernum
1579 639 1796 696 caeleste

211 763 436 820 regnum
467 744 821 804 ascendimus,
852 741 1013 794 caelos
1040 736 1385 807 pervasimus,
1435 733 1683 787 thronum
1712 745 1798 784 re-

211 840 387 911 galeis
420 843 583 906 atque
626 832 958 888 Dominicum
986 825 1468 899 apprehendimus;
1507 831 1562 877 et
1588 829 1794 911 natura,

213 909 432 998 propter
468 937 624 995 quam
655 919 957 991 paradisum
999 915 1286 974 servabant
1324 911 1633 998 Cherubim,
1683 909 1799 998 ipsa

215 997 380 1086 supra
410 1011 696 1068 Cherubim
743 1007 894 1064 sedet
935 1005 1117 1060 hodie.
1143 1004 1214 1058 At
1240 1016 1349 1072 quo
1375 1008 1530 1070 pacto
1565 997 1798 1051 admira-

214 1105 321 1161 bile
347 1103 448 1158 hoc
468 1112 522 1157 et
548 1113 794 1170 magnum
824 1093 1050 1152 accidit?
1070 1107 1176 1164 quo
1193 1100 1346 1162 pacto
1370 1104 1468 1144 nos
1483 1088 1572 1158 qui
1597 1095 1798 1141 tantam

210 1194 550 1251 clementiam
581 1188 990 1252 olfenderamus,
1040 1193 1285 1253 temque
1332 1181 1447 1249 ipsa
1493 1177 1801 1231 videbamur

213 1283 451 1354 indigni,
482 1296 546 1336 ac
602 1291 812 1336 terreno
846 1277 990 1332 omni
1042 1274 1337 1345 principatu
1386 1277 1544 1338 atque
1599 1267 1802 1321 honore

211 1375 583 1432 excideramus
605 1413 620 1439 ,
650 1369 715 1424 ad
751 1377 949 1423 tantam
990 1364 1326 1421 altitudinem
1372 1375 1556 1416 sumus
1593 1356 1802 1413 evecti?

210 1481 320 1536 quo
349 1475 500 1534 pacto
525 1462 721 1518 bellum
740 1459 1066 1529 dissolutum
1095 1454 1213 1514 est?
1233 1467 1347 1523 quo
1386 1460 1537 1520 pacto
1577 1448 1652 1502 ira
1676 1447 1803 1500 sub-

213 1556 362 1620 lata?
390 1550 703 1620 Quomodo?
736 1564 856 1604 nam
899 1547 1036 1602 istud
1063 1543 1374 1600 admirabile
1398 1550 1501 1603 est,
1525 1555 1630 1593 non
1657 1537 1800 1606 quod

217 1647 306 1710 iis,
343 1645 435 1715 qui
474 1643 662 1712 injuria
692 1639 1054 1695 irascebantur
1084 1636 1212 1699 Deo,
1235 1633 1330 1687 sed
1353 1630 1496 1701 quod
1519 1630 1635 1698 ipso
1666 1629 1798 1692 Deo,

211 1737 303 1805 qui
340 1735 464 1805 jure
507 1733 662 1789 nobis
699 1728 1044 1787 succensebat
1073 1767 1088 1790 ,
1141 1732 1461 1794 provocante
1510 1735 1606 1774 nos
1644 1728 1804 1785 atque

213 1828 488 1888 invitante,
519 1839 618 1894 pax
644 1822 778 1877 facta
804 1823 892 1876 sit.
919 1819 1024 1874 Pro
1045 1819 1241 1873 Christo
1261 1815 1390 1868 enim
1414 1813 1660 1881 legatione
1678 1815 1802 1880 fun-

208 1919 398 1986 g'mur,
425 1915 595 1983 inquit
631 1910 947 1978 Apostolus,
979 1917 1233 1975 tamquam
1257 1904 1368 1958 Deo
1396 1904 1689 1957 exhortante
1715 1914 1804 1968 per

211 2007 393 2079 nos(2.
409 2007 523 2061 Cor.
548 2002 880 2070 5.20).Quid
902 1998 1067 2056 istud?
1085 1999 1197 2068 ipse
1221 2005 1305 2052 est
1331 1995 1558 2050 violatus
1579 1991 1792 2060 injuria,

211 2109 266 2154 et
278 2101 403 2169 ipse
422 2097 486 2151 ad
515 2110 696 2165 pacem
719 2091 937 2147 invitat?
961 2090 1036 2145 Ita
1056 2104 1184 2144 sane
1205 2105 1218 2140 :
1242 2087 1436 2157 quippe
1450 2084 1537 2153 qui
1553 2084 1692 2141 Deus
1708 2081 1797 2146 sit;

216 2200 380 2257 atque
416 2187 488 2240 ob
525 2185 576 2239 id
599 2195 654 2255 ut
680 2183 938 2252 benignus
976 2187 1124 2249 pater
1151 2178 1394 2232 hortatur
1419 2184 1474 2228 et
1492 2173 1678 2226 allicit.

283 2278 514 2333 Christus
535 2275 782 2346 quomodo
813 2272 1074 2326 mediator.
1121 2299 1192 2310 -—-
1225 2267 1330 2323 Sed
1360 2266 1481 2321 vide
1514 2265 1638 2332 quid
1679 2277 1802 2332 aga-

214 2380 352 2425 tur:
399 2370 658 2424 mediator
705 2367 886 2434 utique
930 2371 1013 2419 est
1054 2361 1325 2416 invitantis
1364 2368 1418 2413 et
1469 2355 1801 2412 adhortantis

218 2461 406 2522 Filius,
439 2473 544 2512 non
574 2459 734 2511 homo
764 2468 940 2524 purus,
966 2469 1070 2507 non
1099 2451 1337 2521 angelus,
1370 2461 1544 2516 neque
1570 2446 1800 2500 archan-

217 2551 389 2618 gelus,
407 2563 575 2616 neque
587 2545 901 2601 famulorum
920 2543 1077 2596 ullus.
1097 2541 1163 2594 Et
1183 2539 1308 2610 quid
1330 2535 1801 2593 ellicitmediator?

213 2638 359 2708 Opus
391 2634 716 2692 mediatoris.
746 2629 1202 2698 Quemadmodum
1232 2627 1373 2682 enim
1400 2625 1607 2680 duobus
1630 2637 1690 2678 se
1712 2624 1798 2676 in-

213 2734 384 2784 vicem
409 2726 796 2790 aversantibus,
827 2732 881 2778 et
905 2721 971 2776 ad
1004 2718 1344 2776 concordiam
1369 2728 1657 2785 pacemque
1685 2728 1802 2766 mu-

215 2831 360 2876 tuam
401 2817 592 2873 adduci
621 2814 919 2870 nolentibus
947 2814 964 2844 ⁸
985 2852 1001 2876 ,
1033 2812 1221 2866 tertius
1249 2807 1508 2878 quispiam
1557 2805 1797 2870 veniens,

213 2921 266 2964 et
299 2924 359 2964 se
387 2907 618 2965 medium
653 2906 1016 2972 interponens,
1058 2904 1330 2966 utriusque
1365 2894 1691 2950 inimicitiam
1723 2895 1802 2948 di-

214 2999 309 3053 luit
336 3016 351 3052 :
385 2997 455 3050 ita
479 3006 532 3050 et
568 2994 812 3049 Christus
839 2991 963 3061 egit.
993 2990 1160 3044 Iratus
1200 2986 1460 3056 siquidem
1506 2983 1659 3039 nobis
1691 2991 1804 3038 erat

213 3089 376 3151 Deus,
403 3094 456 3140 et
499 3099 597 3138 nos
634 3083 799 3137 Deum
837 3078 1271 3149 benignissimum
1318 3075 1599 3129 Dominum
1645 3088 1802 3128 aver-

212 3177 466 3230 sabamur
492 3188 508 3238 ;
538 3171 770 3228 medium
807 3171 966 3241 igitur
1017 3183 1076 3224 se
1121 3167 1368 3222 Christus
1424 3166 1788 3234 interponens,

213 3277 494 3335 utramque
539 3272 780 3318 naturam
836 3260 1219 3317 reconciliavit.
1259 3259 1364 3314 Sed
1403 3273 1508 3326 quo
1553 3267 1705 3325 pacto
1744 3271 1804 3310 se

211 3356 564 3411 mediatorem
605 3353 918 3409 constituit?
944 3351 1164 3407 Poenam
1201 3364 1320 3418 quae
1369 3349 1521 3403 nobis
1560 3363 1591 3402 a
1647 3347 1803 3401 Patre

216 3443 502 3514 inﬂigeuda
531 3452 668 3509 erat,
696 3444 746 3496 in
776 3457 835 3496 se
870 3441 1122 3509 suscepit,
1154 3438 1578 3509 suppliciumque
1597 3437 1803 3491 ctelitus

214 3537 512 3590 immissum
534 3550 597 3590 ac
615 3533 962 3588 contumelias
990 3533 1042 3586 in
1066 3532 1167 3585 hoc
1189 3530 1385 3585 mundo
1406 3529 1675 3585 sustinuit.
1709 3527 1802 3582 Vis

216 3640 376 3680 nosse
394 3626 662 3692 quomodo
692 3635 912 3691 utraque
933 3622 1045 3691 ipse
1070 3621 1403 3691 susceperit?
1428 3617 1680 3682 Christus,
1707 3619 1796 3672 in-

215 3716 332 3784 quit
358 3711 707 3784 Apostolus,‘
728 3729 823 3768 nos
853 3712 1058 3766 redemit
1083 3712 1146 3764 de
1169 3711 1434 3763 maledicto
1473 3709 1614 3778 legis,
1641 3713 1803 3778 factus

216 3824 310 3875 pro
341 3807 483 3860 nobis
522 3805 841 3859 maledictum
875 3803 1031 3874 (Gal.
1060 3805 1113 3859 5.
1139 3804 1206 3857 l5
1229 3804 1270 3873 ).
1296 3802 1484 3856 Vidisti
1512 3817 1618 3872 quo
1647 3811 1804 3870 pacto

219 3911 432 3966 poenam
478 3895 683 3950 caelitus
717 3896 876 3949 latam
922 3895 1037 3963 ipse
1085 3894 1420 3962 susceperit?
1475 3894 1596 3947 vide
1643 3895 1801 3947 etiam

217 3986 485 4057 quomodo
530 3988 811 4055 opprobria
842 3986 892 4040 in
935 3987 1091 4040 terris
1133 3986 1438 4040 sustinuerit
1468 4005 1482 4038 :
1517 3984 1804 4054 Opprobria

216 4079 632 4146 exprobrantium
653 4117 667 4140 ,
697 4076 885 4144 inquit,
914 4076 1019 4141 tibi,
1042 4075 1323 4128 ceciderunt
1347 4091 1500 4143 super
1530 4091 1609 4128 me
1630 4073 1802 4143 (Psal.

220 4169 308 4223 68.
339 4169 464 4238 10).
489 4168 673 4222 Cernis
701 4183 806 4236 quo
824 4176 977 4235 pacto
1004 4167 1278 4221 diremerit
1306 4167 1677 4221 inimicitiam?
1698 4183 1802 4236 quo

219 4270 375 4325 pacto
405 4273 510 4310 non
555 4267 677 4310 ante
704 4256 969 4311 destiterit
1005 4256 1220 4326 quidvis
1264 4271 1440 4325 agere,
1490 4258 1598 4326 pati
1648 4267 1806 4327 atque

220 4347 418 4412 moliri,
448 4361 604 4415 quam
629 4347 832 4400 hostem
863 4355 918 4400 et
948 4346 1218 4400 inimicum
1249 4361 1369 4400 cum
1399 4338 1510 4400 Deo
1535 4347 1807 4401 reduxerit

222 4438 271 4491 in
303 4439 550 4508 gratiam.
583 4438 650 4492 Et
691 4438 914 4492 istorum
947 4448 1212 4492 tantorum
1245 4438 1503 4492 bonorum
1541 4455 1698 4494 causa
1725 4449 1807 4494 est

225 4527 477 4582 hodierna
504 4528 618 4582 dies
644 4547 656 4582 :
687 4527 1131 4598 quemadmodum
1151 4529 1290 4582 enim
1315 4529 1574 4597 primitias
1601 4540 1807 4586 natura;

225 4629 424 4674 nostra:
462 4621 770 4689 assumpsit,
804 4621 880 4673 sic
925 4621 1155 4674 restituit
1184 4620 1426 4674 Domino.
1466 4620 1533 4673 Et
1571 4621 1712 4690 quod
1738 4621 1808 4675 de

222 4712 426 4781 campis
480 4711 672 4765 accidit
715 4711 981 4779 spicarum
1024 4710 1228 4779 plenis,
1258 4710 1346 4763 ubi
1376 4710 1493 4777 quis
1534 4725 1600 4765 ex
1627 4714 1810 4781 paucis

221 4805 384 4872 spicis
400 4802 637 4863 collectis
657 4817 880 4871 parvum
908 4802 1231 4870 manipulum
1248 4801 1554 4866 conﬁciens,
1584 4817 1811 4872 eumque

224 4895 335 4950 Deo
349 4895 600 4959 oll'erens,
625 4895 886 4963 paucitate
905 4894 990 4946 illa
1015 4893 1106 4946 toti
1125 4907 1251 4945 arvo
1265 4892 1527 4947 benedicit
1548 4912 1560 4947 :
1578 4894 1647 4948 ita
1662 4895 1812 4948 Chri-

222 4996 341 5040 stus
366 4985 508 5048 l'ecit,
535 4985 622 5053 qui
654 5000 748 5054 per
773 4999 930 5038 unam
954 4984 1095 5037 illam
1122 4997 1334 5038 carnem
1360 4993 1520 5052 atque
1548 4986 1810 5053 primitias

225 5085 393 5130 totum
421 5089 588 5145 genus
618 5086 857 5130 nostrum
887 5074 1308 5132 benedicendum
1329 5075 1553 5129 curavit.
1574 5073 1689 5130 Sed
1715 5091 1811 5130 cur

228 5184 332 5224 non
380 5178 542 5223 tatam
582 5177 824 5221 naturam
852 5165 1079 5220 Obtulit?
1109 5165 1188 5220 Eo
1218 5164 1360 5234 quod
1390 5181 1494 5218 non
1522 5166 1591 5219 sit
1614 5166 1714 5221 hoc
1734 5169 1814 5222 or-

229 5262 367 5316 terre
392 5260 684 5330 primitias,
716 5260 762 5313 si
807 5268 975 5313 totum
1003 5259 1121 5326 quis
1141 5252 1367 5313 offerat:
1397 5258 1489 5312 sed
1520 5259 1564 5312 si
1593 5275 1812 5328 parvum

255 5377 309 5445 ul
349 5381 416 5424 ιω
440 5373 573 5435 negii
595 5371 773 5421 melius
788 5384 933 5434 quam
947 5370 1083 5428 Editi,
1107 5373 1189 5432 qui
1214 5369 1414 5429 habent,
1430 5367 1632 5432 colloqui
1655 5371 1815 5422 nolen-

227 5435 486 5564 ubiauegq
513 5502 707 5544 Poenam
719 5507 875 5564 quam
915 5504 1003 5560 pro
1025 5491 1157 5564 nolis
1179 5490 1357 5564 soluere
1378 5491 1617 5564 oportebat
1651 5493 1814 5543 Salva-

231 5554 453 5613 (0781nd
474 5569 524 5606 se
541 5555 764 5616 suscepit,
782 5554 1078 5616 injuriasque
1102 5559 1149 5616 et
1171 5554 1492 5612 contumelias,
1508 5566 1712 5616 quorum
1733 5569 1816 5606 nos

231 5618 463 5668 adversus
490 5625 642 5665 Deum
672 5614 1085 5676 feceramusreos,
1109 5614 1210 5676 ipse
1232 5616 1469 5664 sustinuit.
1518 5615 1595 5665 Vis
1628 5615 1815 5666 discere

233 5678 468 5740 quonde
489 5675 689 5740 utraque
710 5675 988 5740 susceperit,
1017 5681 1068 5740 et
1085 5675 1207 5725 hanc
1229 5689 1437 5738 partem,
1461 5683 1506 5726 et
1545 5675 1632 5726 Itas
1651 5687 1814 5728 contu-

235 5737 400 5789 melias
418 5739 442 5789 .7
457 5739 690 5800 Christus,
715 5738 866 5800 inquit
889 5737 1146 5800 apostolus,
1174 5737 1270 5788 etc.

1183 350 1250 409 IN
1288 345 1756 407 ASCENSIONEH
1795 344 1859 401 D.
1899 343 1964 401 Ν.
2005 343 2170 401 .IESU
2201 342 2493 399 CHRISTI.

3387 344 3500 405 μϐ

1909 457 2108 527 aliquid
2137 458 2256 527 quis
2284 455 2534 520 offerens,
2571 470 2663 524 per
2689 470 2928 525 parvum,
2964 465 3132 512 totum
3174 458 3496 513 benedicens

1906 546 2033 601 dum
2060 554 2228 601 curet.
2260 545 2415 615 Atqui
2433 547 2477 600 si
2509 546 2754 614 primitia:
2779 586 2795 611 ,
2822 546 2964 601 dicet
2985 547 3269 617 quispiam,
3290 556 3492 614 essent,

1905 637 2134 706 primum
2162 637 2333 706 ipsum
2355 635 2620 700 hominem
2644 644 2976 704 procreatum
3005 635 3181 690 oll'erri
3208 638 3443 705 oportuit
3473 653 3487 688 :

1905 727 2152 798 primitiae
2195 727 2337 780 enim
2384 733 2529 790 sunt,
2560 741 2679 795 quae
2707 725 2939 798 primum
2983 728 3271 800 tolluntur,
3303 736 3357 782 et
3385 731 3495 797 pri-

1907 831 2051 870 mum
2075 815 2393 884 germinant.
2425 814 2542 870 Non
2568 826 2692 869 sunt
2735 817 2980 885 primitiae
3003 817 3304 880 censendus,
3327 820 3496 872 caris-

1906 905 2060 971 sime,
2090 905 2134 959 si
2162 905 2389 974 primum
2439 904 2666 960 fructum
2693 905 3044 973 obtulerimus
3063 908 3252 962 exilem
3275 918 3331 962 et
3366 924 3497 962 eva-

1907 1002 2236 1062 nescentem,
2254 995 2347 1049 sed
2377 995 2421 1049 si
2452 995 2673 1069 probum
2693 1007 2852 1066 atque
2871 995 3162 1066 perfectum
3184 997 3491 1053 oneramus.

1905 1084 2167 1151 Quoniam
2213 1085 2384 1155 igitur.
2413 1085 2614 1141 fructus
2656 1087 2743 1140 ille
2773 1096 2992 1156 peccato
3043 1088 3303 1142 obnoxius
3353 1102 3492 1149 erat,

1908 1176 2029 1231 ideo
2055 1191 2159 1230 non
2189 1186 2272 1231 est
2290 1177 2522 1242 oblatus,
2552 1178 2712 1231 etiam
2741 1178 2785 1232 si
2822 1181 3024 1246 primus
3044 1187 3186 1233 esset
3215 1195 3230 1244 ;
3259 1188 3314 1233 at
3348 1179 3436 1233 hic
3464 1197 3494 1234 ει

1906 1275 2126 1335 peccato
2156 1266 2291 1321 liber
2318 1277 2433 1321 erat
2458 1284 2472 1331 ;
2505 1266 2731 1337 ideoque
2760 1268 2974 1322 oblatus
2999 1278 3104 1334 est,
3151 1269 3276 1324 licet
3310 1281 3491 1339 postc-

1906 1357 2018 1410 rius
2039 1356 2340 1411 exstiterit:
2365 1356 2447 1410 hae
2474 1359 2618 1411 enim
2643 1365 2767 1411 sunt
2795 1358 3064 1428 primitiae.

1975 1446 2028 1501 5.
2054 1445 2121 1500 Et
2148 1455 2206 1500 ut
2228 1447 2422 1507 discas.
2455 1464 2560 1501 non
2593 1448 2817 1517 primum
2845 1455 3232 1519 germlnantem
3262 1450 3489 1504 fructum

1905 1538 2166 1607 primitias
2192 1538 2316 1603 dici,
2364 1538 2458 1592 sed
2490 1539 2790 1606 probatum,
2835 1555 3179 1608 generosum,
3224 1551 3278 1595 et
3301 1541 3390 1610 qui
3420 1541 3486 1593 ad

1904 1629 2140 1694 vigorem
2187 1613 2547 1695 opportunum
2594 1628 3075 1699 perfectionemque
3117 1630 3412 1698 perveniat,
3461 1647 3492 1684 e

1907 1715 2197 1784 Scriptnris
2245 1715 2336 1768 tibi
2365 1715 2674 1785 depromam
2707 1719 3066 1772 testimonium
3103 1734 3117 1771 :
3151 1719 3212 1774 Si
3237 1720 3491 1789 ingressus

1906 1808 2062 1878 fueris
2087 1807 2137 1859 in
2165 1817 2346 1859 terram
2369 1808 2732 1874 promissionis,
2755 1825 2905 1877 quam
2939 1808 3184 1861 Dominus
3211 1807 3350 1862 Deus
3379 1819 3493 1861 ltms

1906 1898 1994 1950 dat
2022 1898 2128 1962 tibi,
2164 1897 2374 1968 Moyses
2398 1897 2464 1952 ad
2495 1898 2748 1967 populum
2793 1898 2887 1964 ait,
2927 1907 2975 1951 et
3002 1898 3309 1968 plantaveris
3343 1901 3396 1953 in
3433 1917 3492 1953 ea

1907 2004 2053 2041 omne
2093 1988 2287 2058 lignum
2317 1988 2638 2058 pomiferum,
2673 1989 2863 2058 faciens
2907 1992 3131 2058 fructum
3176 1989 3244 2041 ad
3286 2005 3492 2043 vescen-

1905 2079 2048 2145 dum,
2085 2080 2242 2132 tribus
2268 2080 2415 2131 annis
2451 2095 2553 2132 non
2580 2079 2845 2132 mundabis
2888 2082 3111 2148 fructum
3139 2081 3248 2150 ejus
3269 2094 3289 2135 :
3310 2091 3492 2149 quarto

1905 2180 2070 2223 autem
2098 2185 2230 2222 anno
2259 2171 2451 2239 fructus
2470 2169 2581 2239 ejus
2607 2178 2810 2222 sanctus
2839 2171 2930 2222 erit
2949 2168 3170 2222 Domino
3195 2169 3376 2239 (Leuit.
3400 2172 3490 2226 19.

1905 2258 1994 2311 25.
2012 2257 2128 2325 24).
2163 2250 2380 2325 Αιηυὶἐί
2398 2265 2577 2311 essent
2608 2259 2851 2326 primitiaa
2865 2259 3065 2327 primus
3077 2259 3166 2327 qui
3185 2259 3492 2328 producitur

1905 2347 2128 2411 fructus,
2147 2363 2264 2401 eum
2285 2348 2372 2417 qui
2391 2348 2562 2416 primo
2578 2363 2715 2402 anno
2731 2350 3046 2404 nascebatur
3061 2350 3240 2403 oll‘erri
3269 2350 3493 2404 Domino

1904 2440 2203 2509 oportebat.
2231 2438 2379 2493 Nunc
2405 2454 2532 2494 vero
2558 2440 2630 2493 ait
2658 2458 2671 2493 :
2700 2438 2881 2493 Tribus
2924 2441 3072 2492 annis
3101 2457 3201 2493 non
3227 2440 3494 2493 mundabis

1906 2533 2125 2600 fructum
2167 2532 2278 2599 ejus
2304 2531 2436 2584 :sed
2478 2531 2744 2599 relinques
2791 2531 2972 2596 illum,
3027 2541 3306 2600 propterea
3350 2531 3492 2601 quod

1903 2620 2125 2675 evanida
2151 2620 2326 2674 adhuc
2353 2631 2406 2675 et
2428 2619 2689 2674 imbecilla
2719 2630 2801 2675 est
2821 2621 3003 2687 arbor,
3045 2631 3098 2674 et
3122 2620 3324 2674 fructus
3351 2637 3492 2691 prae-

1904 2725 2059 2765 coces
2086 2718 2141 2763 et
2168 2710 2456 2764 immaturi.
2502 2710 2701 2777 Quarto
2738 2720 2917 2765 autem
2962 2727 3124 2777 anno,
3157 2712 3344 2780 inquit,
3377 2711 3494 2766 fru-

1905 2810 2021 2853 ctus
2064 2799 2179 2868 ejus
2223 2808 2438 2853 sanctus
2483 2800 2585 2853 erit
2627 2800 2871 2854 Domino.
2911 2800 2980 2854 Et
3005 2801 3056 2854 in
3089 2801 3190 2854 hoc
3215 2816 3378 2856 cerne
3407 2817 3495 2854 sa-

1906 2890 2156 2959 pientiam
2198 2889 2536 2958 legislatoris,
2585 2891 2672 2959 qui
2716 2891 2806 2944 illo
2831 2891 2973 2945 vesci
2999 2905 3104 2944 non
3135 2892 3394 2960 permisit,
3427 2908 3495 2946 ne

1907 2991 2031 3034 ante
2060 2980 2222 3034 Deum
2255 2982 2531 3050 quisquam
2562 2980 2787 3034 fructum
2815 2991 3080 3035 sumeret:
3113 2998 3286 3052 neque
3314 2981 3507 3045 offerri

1905 3071 2052 3124 illum
2095 3071 2384 3136 mandavit,
2434 3087 2502 3125 ne
2540 3071 2738 3125 crudus
2785 3083 2837 3127 et
2876 3073 3193 3126 immaturus
3243 3072 3497 3128 oli‘eralur

1907 3159 2152 3213 Domino.
2203 3160 2309 3214 Sed
2357 3161 2584 3226 dimitte,
2627 3161 2813 3231 inquit,
2858 3163 2980 3231 quia
3024 3163 3228 3232 primus
3275 3171 3396 3218 est:
3427 3179 3497 3218 ue

1906 3250 2098 3305 oﬂ'eras
2123 3260 2319 3318 autem,
2347 3252 2595 3322 quoniam
2619 3252 2865 3321 indignus
2881 3263 2962 3306 est
2988 3253 3192 3308 honore
3216 3264 3497 3322 acceptan-

1913 3343 2002 3396 tis.
2035 3341 2194 3397 Vides
2223 3358 2350 3412 ergo
2376 3359 2480 3397 non
2512 3345 2740 3412 primum
2774 3343 3020 3411 fructum,
3050 3346 3138 3415 qui
3169 3346 3496 3415 producitur,

1907 3431 2001 3485 sed
2030 3432 2225 3486 bonum
2271 3441 2432 3502 atque
2476 3435 2754 3504 probatum
2801 3436 3056 3503 primitias
3081 3436 3207 3491 dici.
3237 3436 3304 3490 Et
3331 3439 3443 3491 inec
3468 3453 3496 3489 a

1907 3523 2061 3577 nobis
2079 3532 2295 3593 propter
2319 3541 2555 3590 carnem,
2582 3543 2742 3596 quam
2767 3529 2975 3592 obtulit,
3003 3529 3143 3582 dicta
3170 3538 3311 3583 sunt.
3335 3528 3500 3584 Obtu-

1907 3613 2119 3684 litergo
2148 3615 2223 3685 (α)
2250 3616 2509 3685 primitias
2557 3630 2752 3674 nostrae
2800 3629 3002 3674 natura:
3048 3619 3211 3684 Patri,
3243 3629 3402 3689 atque
3428 3619 3500 3672 ita

1907 3705 2106 3760 donum
2133 3708 2370 3762 oblatum
2399 3708 2691 3765 admiratus
2717 3719 2797 3766 est
2823 3711 2998 3775 Pater,
3023 3721 3237 3780 pr0pter
3267 3711 3496 3780 dignita-

1908 3804 2014 3850 tem
2044 3797 2313 3852 offerentis
2342 3799 2732 3870 puritatemque
2777 3802 2941 3870 ipsius
2970 3802 3155 3865 oblati,
3188 3810 3244 3854 ut
3270 3803 3499 3870 propriis

1908 3888 2034 3941 illud
2085 3888 2326 3942 manibus
2373 3891 2658 3958 acceperit,
2703 3891 2912 3960 sibique
2959 3892 3257 3958 proximum
3297 3892 3499 3944 coasti-

1911 3981 2086 4045 tuerit,
2117 3979 2300 4034 dicens
2325 3998 2339 4034 :
2372 3980 2506 4035 Sede
2526 3998 2558 4032 a
2583 3982 2774 4035 dextris
2791 3983 2912 4035 meis
2935 3981 3109 4051 (-Psal.
3141 3982 3260 4037 109.
3287 3982 3365 4050 1).
3392 3981 3498 4035 Sed

1910 4069 1975 4123 ad
2003 4085 2160 4138 quam
2203 4070 2336 4124 dixit
2381 4080 2621 4124 naturam
2671 4072 2835 4136 Deus,
2883 4071 3014 4126 Sede
3063 4088 3094 4124 a
3123 4072 3312 4126 dextris
3339 4072 3503 4124 meis?

1909 4161 2270 4216 Clarissimqu
2315 4171 2416 4227 est,
2465 4162 2531 4216 ad
2557 4177 2674 4216 eam
2720 4164 2821 4217 hoc
2849 4165 3070 4229 dictum,
3113 4179 3231 4233 quae
3261 4163 3499 4216 audivit:

1914 4254 2069 4307 Terra
2102 4271 2156 4309 es
2175 4295 2190 4320 ,
2237 4265 2281 4307 et
2323 4255 2375 4308 in
2405 4263 2588 4307 terram
2629 4256 2886 4308 reverteris
2914 4255 3064 4323 (Gen.
3091 4256 3143 4309 5.
3173 4254 3284 4325 19).
3317 4253 3504 4308 Nonne

1912 4344 2041 4396 satis
2067 4353 2181 4398 erat
2207 4359 2459 4414 superare
2485 4345 2678 4398 czclos?
2703 4359 2878 4398 nonne
2907 4343 3036 4398 satis
3061 4353 3176 4399 erat
3199 4360 3316 4398 cum
3342 4358 3502 4412 ange-

1914 4437 1979 4489 lis
2007 4437 2334 4490 consistere?
2377 4452 2443 4490 an
2487 4451 2592 4490 non
2634 4445 2777 4492 esset
2801 4438 2961 4491 etiam
2993 4437 3078 4491 hic
3123 4436 3292 4491 honos
3318 4436 3504 4491 ineﬂ’a-

1915 4524 2072 4578 bilis?
2119 4528 2188 4578 At
2230 4527 2467 4580 ascendit
2507 4541 2667 4594 super
2693 4527 2929 4596 angelos,
2961 4528 3249 4595 przeterivit
3277 4527 3504 4580 archan-

1914 4615 2081 4685 gelos,
2117 4617 2387 4684 superavit
2410 4615 2718 4679 Cheruhim,
2751 4616 2991 4671 ascendit
3009 4631 3167 4685 supra
3199 4616 3502 4685 Seraphim,

1918 4717 2320 4775 prmtergressus
2362 4718 2446 4762 est
2491 4708 2788 4763 Potestates
2819 4749 2834 4774 ,
2881 4723 2979 4763 nec
3048 4710 3198 4777 prius
3246 4709 3497 4771 substitit,

1915 4812 2072 4866 quam
2106 4797 2354 4851 thronum
2384 4798 2554 4868 ipsum
2587 4798 2798 4852 Domini
2827 4799 3255 4867 comprehendit.
3287 4797 3402 4851 Non
3428 4798 3508 4850 vi-

1915 4889 2010 4943 des
2039 4889 2162 4958 quid
2206 4889 2436 4944 medium
2461 4904 2490 4943 a
2521 4891 2652 4944 crelo
2679 4889 2746 4944 ad
2790 4891 3024 4944 terram?
3055 4889 3148 4943 sed
3174 4889 3242 4941 ab
3271 4889 3378 4942 imo
3409 4902 3507 4957 po-

1919 4980 2020 5034 tius
2039 4982 2504 5050 incipiamusmon
2527 4983 2675 5037 vides
2704 4983 2772 5036 ab
2793 4982 3000 5037 inferno
3026 4982 3090 5037 ad
3120 4991 3314 5036 terram
3345 4982 3508 5034 inter-

1919 5072 2112 5127 vallum
2139 5075 2429 5143 quantum?
2470 5088 2656 5128 rursus
2696 5089 2726 5128 a
2755 5083 2892 5128 terra
2921 5075 2974 5127 in
3014 5074 3239 5128 caalum?
3265 5087 3449 5127 rursus
3476 5087 3505 5124 a

1918 5164 2050 5218 caelo
2089 5164 2154 5217 ad
2198 5165 2388 5218 caelum
2432 5165 2726 5230 sublimius,
2771 5172 2827 5219 et
2866 5165 2933 5219 ab
2972 5165 3061 5217 illo
3089 5165 3154 5217 ad
3175 5163 3409 5232 angelos,
3442 5162 3508 5215 ad

1918 5254 2289 5323 anchangelos,
2336 5255 2401 5308 ad
2448 5269 2706 5323 supernas
2730 5254 3050 5320 Potestates,
3082 5254 3148 5308 ad
3179 5254 3350 5322 ipsum
3377 5268 3510 5322 quo-

1919 5358 2022 5413 que
2066 5345 2311 5399 thronum
2351 5346 2624 5415 regalem?
2653 5345 2821 5414 Supra
2850 5345 2952 5399 hoc
2978 5353 3148 5398 totum
3176 5343 3506 5398 intervallum

1920 5449 1984 5488 ac
2028 5437 2255 5504 spatium
2299 5446 2540 5490 naturam
2572 5445 2806 5490 nostram
2855 5436 3086 5490 sustulit.
3131 5436 3301 5490 Cerne
3348 5449 3506 5502 quam

1923 5526 2106 5581 humili
2137 5538 2260 5582 ante
2289 5529 2404 5583 loco
2448 5529 2534 5582 illa
2577 5537 2711 5594 erat,
2745 5537 2799 5583 et
2841 5542 2999 5598 quam
3029 5527 3134 5582 alte
3164 5526 3460 5582 ascenderit
3496 5543 3508 5580 :

1987 5681 2059 5748 (α)
2092 5687 2262 5748 locum
2290 5683 2451 5748 hunc,
2474 5684 2650 5736 obtulit
2681 5697 2812 5748 ergo,
2841 5691 2919 5734 etc
2942 5722 2956 5743 ,
3004 5689 3098 5732 Leo
3141 5690 3260 5745 Papa
3287 5681 3428 5730 effert
3453 5680 3511 5728 ad

1923 5743 2104 5794 calcem
2131 5745 2347 5806 epistolae
2378 5745 2481 5794 I51.
