4070 6466
526 363 648 419 M7

553 489 722 544 neque
768 471 907 527 enim
939 466 1261 525 descendere
1302 467 1534 519 licuisset
1564 460 1799 525 inferius,
1831 471 1985 527 quam
2016 468 2122 524 quo

554 563 898 619 descenderat
928 560 1106 623 homo,
1140 571 1309 625 neque
1330 555 1614 609 ascendere
1642 549 1936 613 sublimius,
1963 559 2123 615 quam

552 669 657 722 quo
691 668 811 706 eum
857 663 1038 704 rursus
1083 655 1333 702 evexerat
1378 644 1641 697 Christus.
1683 643 1853 707 Atque
1878 638 1974 728 ista
2006 650 2129 705 per-

554 744 732 810 spicue
774 740 966 794 Paulus
997 738 1239 792 dicebat:
1276 735 1372 800 Qui
1414 732 1685 794 descendit,
1725 731 1830 799 ipse
1870 736 1939 780 est
1964 727 2049 794 qui
2078 734 2125 778 et

553 833 775 885 ascendit
801 830 1011 899 (Ephes.
1037 830 1089 881 4.
1111 827 1217 895 10).
1244 826 1430 893 thuo
1451 820 1750 878 descendit?
1777 817 1844 870 In
1866 817 2127 887 inferiores

556 932 724 990 partes
763 929 908 973 teme
950 916 1056 985 (Ib.
1089 933 1136 969 υ.
1168 917 1222 985 9)
1249 932 1263 979 ;
1292 914 1529 968 ascendit
1554 912 1725 964 autbm
1757 923 1911 977 supra
1941 920 2127 961 omnes

554 1010 739 1063 caelos.
769 1008 921 1062 Disce
941 1008 1059 1076 quis
1082 1005 1400 1065 ascenderit,
1424 1012 1477 1056 et
1504 998 1797 1068 cujusmodi
1828 1007 2034 1059 natura,
2064 1010 2126 1049 ac

556 1096 996 1167 quemadmodum
1039 1104 1195 1149 antea
1239 1108 1356 1147 sese
1403 1093 1660 1145 haberet:
1713 1088 1940 1140 libenter
1981 1085 2123 1139 enim

556 1201 743 1242 versor
766 1188 907 1241 circa
936 1186 1196 1239 vilitatem
1222 1184 1429 1254 generis
1455 1182 1638 1243 nostri,
1683 1188 1740 1234 ut
1780 1178 2126 1233 excellentius

559 1277 834 1341 honorem,
863 1277 952 1346 qui
982 1292 1011 1329 a
1043 1276 1361 1345 benignitate
1394 1272 1597 1326 Domini
1625 1270 1689 1324 ad
1717 1286 1813 1322 nos
1838 1270 2122 1332 derivatur,

557 1367 871 1435 perdiscam.
903 1366 1064 1421 Terra
1090 1375 1142 1420 et
1185 1366 1317 1419 cinis
1358 1378 1566 1417 eramus
1610 1376 1706 1415 nos
1732 1379 1745 1415 :
1774 1361 1864 1414 sed
1895 1360 2125 1413 nondum

558 1456 661 1511 hoc
686 1458 875 1526 culpa:
906 1468 1105 1509 natura:
1133 1457 1272 1508 enim
1311 1454 1585 1506 infirmitas
1619 1460 1751 1505 erat.
1795 1448 2126 1504 lrrationahi-

557 1546 695 1599 libus
721 1545 840 1598 facti
868 1558 1051 1599 sumus
1077 1544 1464 1611 insipientiores
1502 1560 1514 1595 :
1542 1540 1873 1610 Comparatus
1894 1549 1963 1592 est
1986 1539 2126 1592 enim

556 1636 791 1701 iumentis
836 1634 1177 1703 insipientibus
1215 1635 1381 1695 homo,
1427 1641 1473 1685 et
1509 1632 1684 1684 similis
1727 1635 1887 1700 factus
1931 1638 2001 1682 est
2026 1628 2129 1681 illis

557 1725 728 1794 (Psal.
779 1725 867 1779 48.
912 1725 1031 1793 21).
1090 1724 1457 1777 Animantibus
1523 1732 1697 1775 autem
1743 1719 2129 1773 irrationalibus

558 1816 672 1868 fieri
702 1814 892 1868 similis
921 1814 1020 1867 hoc
1048 1824 1129 1866 est
1171 1812 1403 1865 deterior
1434 1811 1553 1863 illis.
1597 1809 1865 1878 Siquidem
1913 1807 2129 1859 rationis

558 1916 825 1973 expertem
847 1918 965 1957 esse
990 1914 1199 1967 natura,
1221 1911 1274 1955 et
1296 1903 1371 1954 sic
1398 1915 1725 1968 permanere,
1755 1896 1994 1951 naturale
2018 1904 2127 1949 est:

556 1993 653 2047 sed
682 2002 857 2046 mente
887 2005 949 2045 ac
985 1991 1189 2044 ratione
1220 1999 1434 2043 ornatos
1476 1990 1528 2042 in
1562 1989 1701 2040 illam
1729 1988 2010 2040 amentiam
2038 1986 2131 2038 dc-

558 2084 684 2149 labi,
731 2085 1012 2136 voluntatis
1058 2092 1139 2136 est
1181 2083 1351 2149 culpa.
1387 2080 1565 2149 Itaque
1594 2094 1713 2132 cum
1738 2077 1966 2130 audieris
1990 2075 2130 2145 quod

556 2174 742 2226 similis
769 2171 936 2226 factus
962 2174 1029 2225 sit
1055 2172 1273 2225 rationis
1298 2170 1621 2238 expertibus,
1650 2182 1714 2221 ne
1740 2166 2010 2220 arbitreris
2031 2166 2133 2219 hoc

557 2264 754 2328 dicere,
801 2272 857 2316 ut
897 2263 1141 2317 ostendat
1183 2262 1424 2315 homines
1451 2275 1569 2313 esse
1612 2259 1798 2312 belluis
1830 2272 2001 2327 pares,
2037 2256 2131 2311 sed

557 2355 660 2406 illis
688 2353 894 2422 pejores
932 2352 1211 2406 ostendere
1255 2350 1505 2405 voluisse.
1555 2349 1763 2402 Etenim
1793 2348 2009 2401 rationis
2034 2362 2128 2401 ex-

559 2446 795 2513 pertibus
835 2445 1098 2497 evasimus
1143 2443 1349 2511 pejores
1393 2452 1445 2496 et
1473 2440 1779 2494 insulsiores
1808 2456 1820 2492 :
1849 2452 1955 2491 non
1992 2436 2132 2506 quod

560 2547 615 2588 ut
645 2536 884 2589 homines
911 2535 1034 2587 illuc
1060 2533 1259 2601 delapsi
1290 2534 1474 2596 simus,
1505 2543 1559 2584 at
1584 2529 1721 2599 quod
1743 2529 1902 2582 etiam
1930 2529 1995 2581 ad
2022 2544 2133 2581 ina-

556 2627 722 2694 jorem
766 2624 1187 2692 ingratitudinem
1234 2622 1635 2690 prosilierimus.
1687 2620 1752 2673 Et
1797 2620 1895 2673 hoc
1929 2618 2133 2688 patefa-

558 2716 702 2769 ciens
732 2716 891 2769 lsaias
915 2715 1117 2769 dicebat
1142 2732 1154 2767 :
1178 2711 1417 2782 Cognovit
1442 2713 1529 2765 bos
1551 2727 1878 2781 possessorem
1899 2728 2063 2775 suum,
2088 2720 2134 2763 et

559 2807 730 2859 asinus
767 2821 984 2875 prasepe
1017 2805 1205 2857 domini
1243 2804 1320 2857 sui
1339 2820 1357 2867 ;
1397 2802 1561 2855 Israel
1597 2813 1762 2855 autem
1798 2817 1876 2854 me
1904 2817 2003 2853 non
2044 2817 2133 2853 co-

561 2898 727 2966 gnovit
756 2895 906 2965 (lsai.
932 2897 982 2949 1.
1013 2896 1086 2964 3).
1130 2895 1393 2948 Οεκιοιτιιιιι
1436 2909 1539 2946 non
1567 2892 1948 2946 confundantur
1976 2904 2135 2959 super

563 2988 825 3057 prioribus
851 3004 862 3039 :
898 2986 993 3041 Ubi
1021 2987 1160 3040 enim
1190 2966 1458 3037 abundabit
1484 2983 1739 3045 delictum,
1768 2982 2136 3050 superabunda-

560 3083 628 3131 vit
657 3090 702 3131 et
744 3080 905 3148 gratia
932 3077 1102 3146 (Rom.
1134 3078 1187 3131 5.
1214 3076 1331 3145 20).
1372 3075 1557 3128 Vidisti
1596 3074 1859 3143 quomodo
1887 3073 2137 3141 jumentis

562 3170 950 3239 insipientiores
994 3182 1244 3222 eramus:
1274 3169 1423 3235 cupis
1465 3176 1519 3218 et
1548 3166 1842 3219 volucribus
1886 3165 2013 3233 ipsis
2041 3179 2138 3219 nos

564 3260 1034 3314 irrationabiliores
1067 3257 1342 3327 aspicere?
1373 3255 1579 3320 Turtur,
1613 3264 1658 3308 et
1685 3256 1919 3318 hirundo,
1949 3264 1995 3307 et
2022 3271 2139 3323 pas-

563 3364 700 3402 seres
722 3350 830 3418 agri
868 3360 1205 3418 cognouerunt
1245 3359 1437 3415 tempus
1484 3347 1720 3398 adventus
1767 3347 1885 3398 sui:
1924 3346 2138 3414 populus

564 3450 730 3492 autem
774 3455 911 3491 meus
952 3456 1050 3490 non
1093 3440 1320 3507 cognovit
1358 3438 1559 3507 judicia
1606 3453 1715 3489 mea
1758 3436 1890 3506 (Jer.
1938 3437 1991 3489 8.
2035 3438 2137 3505 7).

568 3528 707 3582 Ecce
751 3538 805 3582 et
849 3529 1011 3582 asinis
1048 3537 1105 3582 et
1150 3529 1338 3595 bobus,
1366 3544 1489 3581 ecce
1517 3528 1907 3590 etvolucribus,
1938 3536 2141 3581 turture

568 3630 727 3689 atque
770 3619 1049 3674 hirundine
1095 3634 1192 3673 nos
1236 3619 1620 3687 insipientiores
1671 3618 2015 3671 ostendimur.
2051 3618 2141 3672 Vis

572 3710 777 3763 discere
824 3720 874 3763 et
922 3709 1077 3761 aliam
1109 3717 1340 3762 nostram
1368 3708 1760 3776 insipientiam?
1790 3706 1869 3761 Ad
1896 3706 2142 3761 formicas

572 3815 781 3869 quoque
798 3814 912 3864 nos,
933 3810 986 3853 ut
1007 3784 1074 3852 ab
1096 3800 1157 3851 iis
1173 3797 1457 3863 discamus,
1487 3798 1724 3871 remittit;
1745 3799 1812 3849 ita
1848 3796 2142 3851 naturalem

573 3902 803 3943 mentem
825 3890 1197 3943 amiseratnus:
1236 3886 1372 3941 Vade
1398 3889 1535 3941 enim
1564 3888 1629 3940 ad
1659 3888 2141 3957 formicam,inquit,

571 3990 617 4034 et
636 3980 902 4033 considera
922 3981 1026 4032 vias
1044 3981 1154 4049 ejus
1169 3978 1349 4049 (Prov.
1367 3981 1418 4033 6.
1435 3978 1511 4048 6).
1534 3978 1791 4053 Formica:
1814 3978 1933 4031 facti
1962 3992 2144 4033 sumus

575 4072 839 4141 discipuli,
854 4086 950 4125 nos
968 4073 1055 4142 qui
1081 4072 1145 4125 ad
1161 4072 1437 4140 imaginem
1458 4071 1549 4125 Dei
1572 4070 1690 4123 facti
1711 4085 1950 4125 eramus:
1967 4079 2018 4122 at
2039 4086 2144 4124 non

577 4164 667 4233 qui
682 4180 777 4217 nos
798 4163 941 4227 fecit,
972 4173 1053 4217 est
1070 4174 1273 4226 auctor,
1288 4161 1381 4215 sed
1403 4176 1498 4215 nos
1517 4161 1612 4230 ipsi
1636 4162 1724 4230 qui
1743 4162 2017 4229 imaginem
2031 4161 2147 4229 ejus

576 4258 806 4311 retinere
835 4257 1119 4310 noluimus.
1156 4255 1221 4308 Et
1248 4254 1372 4323 quid
1397 4254 1514 4308 dico
1546 4253 1814 4308 formicis?
1841 4255 1947 4306 imo
1973 4253 2147 4321 lapidi-

576 4349 676 4403 bus
698 4349 826 4417 ipsis
872 4346 1188 4415 stupidiores
1210 4346 1489 4423 evasi/mus.
1525 4344 1682 4403 Visne
1726 4344 1914 4398 horum
1942 4359 2150 4414 quoque

579 4438 840 4508 proferam
865 4437 1258 4491 testimonium?
1286 4437 1466 4489 Audite
1485 4436 1732 4490 convalles
1757 4449 1801 4489 et
1823 4437 2150 4506 fundamenta

579 4541 759 4593 terrae;
796 4531 913 4597 quia
932 4529 1182 4598 judicium
1217 4527 1431 4581 Domino
1455 4528 1689 4580 adversus
1724 4529 1965 4598 papulum
2003 4544 2151 4580 suunt

580 4618 767 4687 (Mich.
809 4618 860 4672 6.
907 4617 986 4688 2).
1013 4616 1142 4672 Cum
1189 4616 1490 4671 hominibus
1532 4617 1785 4686 judicium
1822 4631 2065 4681 exerces,
2096 4625 2151 4671 et

581 4724 737 4764 vocas
784 4709 1119 4764 fundamenta
1173 4709 1365 4763 terras?
1408 4708 1517 4761 lmo
1557 4723 1683 4762 vero
1711 4708 1876 4777 inquit
1904 4723 1919 4761 :
1949 4723 2066 4761 nam
2097 4718 2152 4762 et

581 4811 737 4855 terra:
781 4801 1134 4855 fundamentis
1178 4801 1475 4855 stolidiores
1515 4809 1638 4855 sunt
1681 4800 1942 4854 homines.
1980 4801 2150 4868 Quem

583 4910 710 4964 ergo
750 4895 920 4947 adhuc
972 4896 1164 4963 qua-ris
1195 4896 1245 4947 in
1277 4894 1338 4947 iis
1364 4908 1641 4948 excessum
1686 4893 1915 4958 malitiae,
1942 4893 2152 4961 quando

581 4998 635 5040 et
662 4985 824 5038 asinis
866 4986 1200 5055 stupidiores,
1249 4997 1301 5038 et
1344 4984 1513 5039 bobus
1556 4985 2051 5049 irrationabiliores,
2097 4993 2153 5039 et

582 5074 863 5130 hirundine
886 5090 949 5126 ac
976 5084 1175 5130 turture
1216 5076 1545 5144 ingratiores,
1586 5086 1637 5129 et
1664 5075 1895 5130 formicis
1931 5076 2152 5130 demen-

581 5168 765 5231 tiores,
794 5166 1021 5235 ipsisque
1044 5166 1301 5234 lapidibus
1343 5165 1680 5236 stupidiores,
1706 5168 1831 5235 quin
1857 5177 1910 5221 et
1934 5182 2151 5236 serpen-

582 5256 709 5308 tium
737 5256 935 5310 similes
963 5256 1268 5310 videamur?
1310 5255 1478 5309 Furor
1507 5257 1646 5310 enim
1684 5257 1803 5323 illis,
1845 5258 2030 5324 inquit,
2069 5274 2151 5310 se-

580 5347 800 5399 cundum
828 5348 1207 5400 similitudinem
1238 5349 1477 5417 serpentis
1501 5363 1518 5400 :
1540 5364 1775 5400 venenum
1802 5350 2034 5417 aspidunt
2060 5349 2150 5402 sub

583 5438 725 5490 labiis
752 5455 921 5491 eorum
964 5438 1131 5507 (Psal.
1168 5442 1256 5493 57.
1284 5442 1335 5494 4.
1380 5451 1425 5493 et
1457 5442 1542 5495 15.
1567 5441 1644 5512 5).
1691 5441 1824 5508 Quid
1868 5454 2039 5497 autem
2069 5452 2150 5497 est

582 5544 716 5598 opus
739 5530 957 5584 rationis
981 5533 1274 5599 expertium
1317 5541 1584 5601 stuporem
1615 5543 1771 5601 atque
1810 5535 2146 5589 stoliditatem

581 5635 1016 5687 commemorare,
1047 5622 1257 5692 quando
1286 5633 1339 5678 et
1383 5624 1545 5691 ipsius
1575 5623 1767 5677 diaboli
1799 5624 2038 5680 videmur
2057 5628 2147 5681 lilii

582 5710 742 5766 dicti?
779 5711 876 5767 Vos
897 5713 1058 5777 enim,
1083 5713 1269 5783 inquit,
1290 5714 1384 5782 ﬁlii
1413 5714 1598 5770 diaboli
1617 5715 1730 5770 estis
1754 5714 1930 5787 (Joan.
1956 5717 2006 5772 8.
2028 5719 2054 5773 4
2073 5720 2139 5788 i).

1232 356 1287 411 5.
1327 350 1598 409 JUANNIS
1634 341 2104 405 CHRYSOSTOMI
2144 337 2463 394 ARCHIEP.
2503 336 3033 393 CONSTANTINOP.

3699 343 3811 400 “8

2302 451 2356 506 ι.
2401 449 2773 506 Verumtamen
2802 464 2897 503 nos
2918 447 3107 518 stupidi
3129 457 3285 518 atque
3312 449 3525 519 ingrati,
3550 452 3821 522 insipicu.

2233 550 2332 604 tes,
2356 550 2409 594 et
2435 540 2693 608 lapidibus
2736 539 2865 609 ipsis
2908 537 3345 604 insensibiliores,
3367 541 3456 608 qui
3487 542 3697 595 cunctis
3736 543 3819 597 in-

2229 630 2451 686 feriores
2490 646 2701 686 eramus
2725 671 2740 695 ,
2786 630 3128 699 ahjectissimi
3170 640 3330 699 atque
3383 631 3627 685 vilissimi
3660 649 3674 685 :
3712 650 3823 701 quo

2232 732 2386 791 pacto
2436 722 2607 777 dicam
2641 723 2739 794 (a),
2780 732 2871 775 aut
2923 721 3047 791 quid
3089 720 3327 790 eloquar,
3357 724 3628 791 quomodo
3674 724 3821 779 istud

2234 815 2452 869 verbum
2503 815 2761 870 efferam?
2792 815 3055 869 Vilissitna
3082 815 3171 868 illa
3210 824 3391 867 nostra
3441 825 3629 869 natura
3649 854 3668 883 ,
3694 832 3822 886 qua:

2229 905 2446 958 cunctis
2462 905 2793 973 insipientior
2815 913 2947 969 erat,
2968 904 3173 957 cunctis
3198 914 3281 958 est
3304 904 3461 958 hodie
3481 904 3623 961 facta
3650 908 3824 962 subli-

2231 995 2386 1047 mior.
2414 994 2579 1049 Hodie
2616 1006 2992 1064 recuperarunt
3031 995 3224 1062 angeli,
3254 995 3393 1064 quod
3439 995 3639 1050 dudum
3667 998 3819 1052 desi-

2229 1084 2590 1139 deraverant:
2623 1084 2779 1139 hodie
2822 1096 3140 1154 aspexerunt
3175 1086 3511 1154 archangeli,
3537 1087 3675 1154 quod
3725 1088 3821 1141 ditt

2230 1176 2609 1245 concupierant
2632 1192 2645 1226 :
2667 1175 2823 1229 hodie
2838 1185 3070 1228 nostram
3095 1184 3332 1228 naturam
3356 1176 3422 1229 de
3441 1175 3632 1229 throno
3650 1179 3819 1246 regali

2230 1264 2450 1333 fulgoris
2482 1266 2646 1319 instar
2674 1265 3100 1333 resplendentem
3126 1267 3291 1335 gloria
3334 1275 3387 1319 et
3424 1266 3819 1335 pulchritudine

2232 1357 2519 1411 immortali
2546 1357 2811 1411 viderunt.
2841 1356 2895 1409 ld
2918 1357 3057 1410 enim
3088 1358 3254 1410 multo
3286 1366 3410 1409 ante
3440 1358 3820 1412 desiderabant

2232 1447 2425 1515 angeli,
2455 1457 2509 1500 et
2547 1448 2992 1515 concupiscebam
3029 1447 3354 1515 archangeli.
3387 1446 3516 1501 Nam
3556 1449 3679 1502 licet
3720 1463 3820 1502 eos

2234 1548 2417 1591 natura
2441 1537 2667 1591 humana
2693 1552 2950 1592 concesso
2975 1538 3075 1591 sibi
3106 1537 3307 1592 honore
3333 1550 3643 1607 superaret,
3674 1548 3820 1593 atta-

2234 1644 2353 1682 men
2376 1629 2445 1682 de
2466 1630 2616 1682 bonis
2644 1630 2838 1682 nostris
2867 1628 3199 1698 gaudebant:
3233 1644 3352 1681 nam
3381 1638 3435 1682 et
3454 1630 3665 1698 quando
3690 1645 3821 1683 cru-

2234 1720 2525 1784 ciabamur,
2579 1720 2862 1784 dolebant;
2898 1729 2953 1774 et
2991 1720 3112 1774 licet
3146 1720 3432 1773 Cherubin]
3484 1721 3824 1777 custodirent

2235 1811 2570 1879 paradisum,
2604 1812 2771 1864 vicem
2796 1821 2970 1866 tamen
3003 1821 3235 1866 nostram
3282 1813 3551 1867 dolebant.
3586 1813 3652 1867 Et
3682 1815 3826 1869 sicut

2236 1903 2494 1965 minister,
2518 1918 2831 1956 conservum
2863 1918 2931 1956 ex
2976 1903 3222 1957 mandato
3267 1904 3467 1957 domini
3512 1904 3824 1973 apprehen-

2241 2005 2359 2045 sum
2382 2003 2435 2045 et
2459 1994 2658 2045 carceri
2683 1993 2952 2058 traditum,
2982 1995 3215 2046 custodit
3254 1994 3466 2062 quidem
3485 2035 3500 2058 ,
3528 1998 3826 2049 commise-

2236 2082 2439 2135 ratione
2462 2093 2633 2135 tamen
2655 2084 2896 2136 conservi
2918 2082 3125 2145 ductus,
3148 2098 3308 2152 super
3330 2084 3418 2137 illo
3439 2084 3579 2153 quod
3601 2084 3825 2150 accidit,

2235 2168 2378 2223 dolet
2402 2180 2457 2225 et
2486 2172 2693 2240 angitur
2724 2188 2736 2222 :
2771 2174 2841 2225 ita
2879 2182 2934 2226 et
2976 2171 3261 2226 Cherubim
3312 2186 3657 2242 susceperant
3701 2178 3827 2245 qui-

2236 2260 2355 2314 dem
2382 2261 2783 2315 custodiendum
2830 2264 3152 2332 paradisum,
3185 2280 3246 2317 ac
3273 2265 3339 2318 de
3377 2267 3616 2319 custodia
3666 2267 3829 2321 dole-

2238 2350 2381 2405 bant.
2409 2354 2476 2406 Et
2502 2361 2556 2406 ut
2581 2353 2751 2407 discas
2782 2356 2921 2421 quod
2951 2355 3236 2420 doluerint,
3264 2355 3331 2408 ab
3357 2357 3662 2411 hominibus
3690 2358 3829 2412 illud

2242 2441 2336 2495 tibi
2367 2444 2702 2510 perspicuum
2729 2444 2967 2497 reddam.
3000 2444 3223 2511 Quando
3244 2446 3385 2498 enim
3421 2446 3663 2501 homines
3691 2463 3831 2501 con-

2238 2532 2404 2584 servis
2434 2533 2661 2600 compati
2686 2533 2832 2587 vides
2853 2573 2866 2594 ,
2891 2533 3001 2599 jam
3034 2550 3137 2587 non
3165 2536 3390 2603 amplius
3422 2535 3697 2590 dubitandi
3728 2538 3829 2592 tibi

2245 2621 2394 2674 locus
2423 2623 2738 2691 relinquitur
2762 2624 2829 2675 de
2854 2622 3139 2677 Clieruhim
3167 2640 3180 2675 :
3207 2625 3374 2677 multo
3400 2626 3538 2678 enim
3568 2636 3693 2679 sunt
3720 2625 3830 2681 illa:

2241 2720 2529 2778 potestates
2605 2712 3017 2781 indulgentiores
3085 2712 3407 2767 hominibus.
3461 2716 3593 2782 Quis
3661 2717 3830 2786 igitur

2236 2801 2500 2869 justorum
2534 2817 2635 2855 non
2656 2802 2842 2866 doluit,
2876 2817 2994 2856 cum
3022 2802 3163 2871 juste
3190 2805 3503 2871 punirentur
3541 2806 3789 2862 homines
3810 2849 3830 2873 ,

2239 2893 2399 2946 etiam
2428 2904 2548 2961 post
2567 2902 2814 2947 sexcenta
2844 2902 3060 2963 peccata
3087 2894 3108 2945 Τ
3157 2893 3267 2947 lloc
3291 2896 3434 2948 enim
3470 2905 3553 2950 est
3590 2897 3831 2952 admira-

2239 2985 2383 3039 tione
2404 2985 2791 3055 dignissiinuin,
2810 2985 2951 3053 quod
2971 3001 3090 3043 cum
3121 2986 3329 3040 illorum
3354 2987 3553 3041 scelera
3580 3001 3829 3058 nossent,

2242 3075 2775 3144 atqueintelligerent
2801 3075 2921 3128 illos
2952 3074 3011 3128 in
3037 3076 3314 3129 Dominum
3345 3076 3740 3140 offendisse,ex
3762 3095 3831 3134 ea

2244 3175 2419 3220 tamen
2468 3182 2528 3219 re
2566 3167 2802 3219 dolorem
2830 3167 3008 3219 animo
3060 3167 3353 3235 capiebant.
3385 3167 3578 3238 Utique
3616 3169 3835 3240 Moyses

2243 3267 2363 3325 post
2389 3257 2562 3324 populi
2595 3256 2942 3309 idololatriam
2964 3256 3173 3311 dicebat
3204 3274 3216 3308 :
3251 3258 3350 3309 Aut
3379 3259 3574 3311 dimitte
3593 3260 3665 3312 eis
3690 3262 3829 3314 hanc

2243 3361 2468 3399 noxam:
2496 3347 2573 3398 sin
2603 3361 2715 3397 vero
2734 3385 2748 3409 ,
2788 3345 2898 3397 dele
2927 3347 3075 3398 etiam
3111 3362 3191 3399 me
3228 3348 3289 3399 de
3335 3348 3480 3412 libro,
3504 3364 3650 3416 quem
3696 3352 3831 3402 scri-

2244 3437 2384 3504 psisti
2417 3434 2607 3503 (Exod.
2638 3434 2725 3489 52.
2756 3436 2841 3488 51.
2866 3435 2933 3489 52
2953 3440 2995 3504 ).
3024 3436 3159 3501 Quid
3196 3438 3295 3490 sibi
3324 3438 3431 3490 vult
3473 3438 3648 3492 istud?
3677 3441 3834 3494 vides

2245 3526 2569 3593 impietatem
2612 3526 2906 3591 hominum,
2934 3534 2987 3579 et
3031 3527 3239 3580 illorum
3282 3527 3432 3581 doles
3467 3528 3834 3584 afﬂictiones?

2245 3616 2565 3685 Pr0pterea,
2592 3616 2797 3686 inquit,
2837 3618 3013 3681 doleo,
3040 3626 3150 3670 tum
3194 3619 3314 3686 quia
3364 3620 3673 3688 puniuntur,
3718 3632 3833 3675 ttun

2247 3709 2369 3777 quia
2389 3709 2561 3777 justas
2588 3710 2823 3777 praebent
2851 3722 2960 3763 sua:
2997 3710 3287 3777 punitionis
3321 3725 3529 3764 causas.
3579 3711 3833 3768 Ezechiel

2246 3814 2458 3869 quoque
2496 3800 2758 3869 aspiciens
2812 3800 3055 3869 angelum
3109 3802 3492 3870 percutientem
3547 3806 3828 3873 populum,

2247 3906 2436 3961 magna
2463 3892 2765 3946 exclamans
2792 3907 2924 3947 voce
2944 3908 3062 3947 cum
3104 3894 3303 3963 ejulatu
3325 3894 3455 3948 dixit
3483 3913 3495 3946 :
3531 3894 3643 3948 Heu
3665 3898 3792 3949 mihi
3814 3937 3832 3962 ,

2248 3981 2464 4036 Domine
2492 3982 2627 4035 Deus
2656 3998 2674 4036 :
2700 3985 3175 4037 consummationem
3216 3996 3271 4037 tu
3312 3986 3438 4054 facis
3494 3986 3834 4055 reliquimus»

2249 4071 2414 4126 Israel
2444 4071 2655 4143 (Ezech.
2682 4072 2735 4126 9.
2763 4072 2863 4141 8)?
2893 4074 2957 4127 Et
2990 4075 3249 4129 Jeremias
3284 4093 3296 4128 :
3330 4074 3538 4145 Corripe
3559 4092 3649 4129 nos
3673 4117 3689 4141 ,
3721 4077 3834 4130 Do-

2252 4164 2402 4228 mine,
2434 4174 2768 4219 verumtamen
2810 4166 2863 4218 in
2882 4166 3097 4235 judicio,
3127 4178 3171 4220 et
3197 4184 3296 4219 non
3336 4168 3390 4220 in
3417 4169 3589 4237 furore
3617 4180 3703 4221 tuo
3722 4210 3738 4229 .
3769 4187 3835 4225 ne

2253 4271 2341 4309 nos
2372 4255 2695 4323 paucissimos
2721 4256 2879 4323 facias
2908 4256 2926 4323 (
2943 4254 3053 4309 Jer.
3082 4258 3167 4312 10.
3190 4257 3259 4311 24
3284 4258 3322 4326 ).
3360 4259 3498 4327 Ergo
3519 4260 3561 4311 si
3580 4258 3790 4329 Moyses
3815 4304 3832 4325 ,

2254 4346 2519 4411 Ezechiel,
2547 4356 2703 4415 atque
2722 4347 2979 4402 Jeremias
3008 4363 3170 4415 SUper
3210 4350 3322 4402 istis
3355 4351 3542 4404 tristati
3583 4350 3690 4402 sint
3719 4366 3733 4402 :
3763 4365 3832 4405 au

2254 4448 2542 4508 potestates
2572 4440 2674 4492 illic
2714 4440 2841 4492 nihil
2887 4442 3081 4494 nostris
3132 4442 3483 4493 movebantur
3533 4441 3734 4495 malis?
3767 4446 3835 4497 At

2253 4546 2355 4600 qua
2378 4532 2577 4587 ratione
2600 4532 2648 4585 id
2677 4540 2817 4586 esset
2841 4531 2943 4585 nlla
2958 4546 3023 4585 ex
3045 4539 3193 4599 parte
3212 4529 3462 4584 credibile
3478 4530 3501 4583 ?
3520 4531 3671 4598 Quod
3687 4534 3836 4588 enim

2253 4637 2339 4676 res
2368 4631 2574 4676 nostras
2603 4638 2697 4691 pro
2717 4623 2827 4675 suis
2854 4622 3078 4685 ducant,
3111 4621 3254 4676 disce
3281 4632 3533 4690 quantum
3577 4622 3835 4691 gaudium

2254 4717 2614 4784 conceperint,
2642 4715 2881 4769 videntes
2922 4716 3076 4769 nobis
3108 4717 3449 4770 conciliatum
3501 4731 3620 4771 esse
3651 4718 3837 4772 Domi-

2255 4822 2401 4861 num.
2434 4806 2487 4861 Si
2513 4808 2653 4861 enim
2674 4815 2829 4859 antea
2857 4821 2961 4859 non
2992 4807 3305 4870 doluissent,
3340 4822 3445 4862 non
3472 4822 3600 4861 sane
3638 4823 3701 4862 ea
3743 4824 3839 4864 es-

2254 4908 2373 4951 sent
2403 4907 2581 4967 postea
2628 4898 2823 4952 ltetitize
2866 4883 3147 4968 voluptate.
3182 4900 3429 4969 perfusas.
3462 4900 3610 4967 Quod
3653 4911 3837 4957 autem

2254 4990 2446 5056 gavisa:
2489 4990 2615 5054 sint,
2640 4998 2782 5057 patet
2822 5005 2887 5043 ex
2918 4990 2981 5043 iis
3010 5006 3124 5059 qtae
3170 5001 3223 5045 et
3248 4991 3489 5046 Christus
3514 4993 3629 5061 ipse
3658 4992 3835 5047 dixit:

2259 5079 2506 5145 Quoniam
2527 5080 2770 5149 gaudium
2813 5081 2903 5133 erit
2942 5082 2992 5134 in
3020 5081 3142 5134 caelo
3162 5122 3175 5145 ,
3205 5091 3258 5134 et
3301 5082 3353 5134 in
3388 5095 3524 5135 terra
3552 5098 3705 5151 super
3734 5100 3841 5139 uno

2256 5179 2515 5237 peccatore
2569 5170 2907 5239 paenitentiam
2947 5182 3121 5240 agente
3148 5170 3295 5241 (Luc.
3332 5172 3418 5226 l5.
3448 5173 3524 5242 7).
3570 5172 3742 5228 Porro
3791 5176 3840 5231 si

2257 5277 2414 5314 unum
2456 5271 2793 5331 peccatorum
2840 5271 3235 5317 convertentem
3283 5276 3341 5317 se
3372 5264 3611 5320 videntes
3660 5268 3839 5336 angeli

2254 5352 2485 5420 gaudent
2514 5369 2526 5403 :
2552 5352 2818 5422 quomodo
2879 5351 3035 5407 hodie
3079 5368 3173 5421 per
3223 5355 3483 5422 primitias
3528 5356 3839 5411 universam

2256 5455 2496 5498 naturam
2524 5445 2806 5500 humanam
2852 5445 3165 5514 aspicientes
3193 5445 3245 5499 in
3268 5446 3455 5500 czelum
3486 5448 3836 5511 illatam,non

2254 5537 2485 5591 maximo
2520 5537 2710 5605 gaudio
2748 5537 2855 5590 sint
2904 5535 3271 5591 aliecti?Audi
3322 5537 3478 5607 igitur
3520 5546 3573 5591 et
3616 5536 3839 5594 aliunde

2320 5667 2393 5727 (α)
2429 5674 2558 5730 nunc
2583 5668 2724 5715 etiam
2741 5664 2925 5730 locum.
2948 5678 3041 5727 quo
3062 5673 3198 5730 pacto
3213 5666 3392 5725 dicam,
3432 5676 3547 5726 etc.,
3571 5666 3705 5717 alter:
3739 5674 3836 5719 Leo

2252 5737 2371 5791 Papa
2393 5728 2452 5777 ad
2470 5727 2650 5777 calcem
2673 5729 2816 5790 Epist.
2845 5727 2950 5777 151.
