  <div class='ocr_page' id='page_1' title='image "/cluster/home/n/w/nwhite01/storage/ocr_20150623/50/ien.35556001660778/048.png"; bbox 0 0 4070 6458; ppageno 0'>
   <div class='ocr_carea' id='block_1_1' title="bbox 170 387 1777 492">
    <p class='ocr_par' dir='ltr' id='par_1_1' title="bbox 170 387 1742 492">
     <span class='ocr_line' id='line_1_1' title="bbox 170 387 1742 492; baseline -0.016 0"><span class='ocrx_word' id='word_1_1' title='bbox 170 432 263 492; x_wconf 67' lang='lat' dir='ltr'><strong>iis</strong></span> <span class='ocrx_word' id='word_1_2' title='bbox 1163 418 1229 475; x_wconf 78' lang='lat' dir='ltr'><strong>IN</strong></span> <span class='ocrx_word' id='word_1_3' title='bbox 1270 387 1742 476; x_wconf 59' lang='lat' dir='ltr'><strong>ascensxoatgit</strong></span> 
     </span>
    </p>
   </div>
   <div class='ocr_carea' id='block_1_2' title="bbox 1892 387 3462 492">
    <p class='ocr_par' dir='ltr' id='par_1_2' title="bbox 1895 404 3462 466">
     <span class='ocr_line' id='line_1_2' title="bbox 1895 404 3462 466; baseline -0.004 0"><span class='ocrx_word' id='word_1_4' title='bbox 1895 410 1958 466; x_wconf 71' lang='grc' dir='ltr'><strong>Ν.</strong></span> <span class='ocrx_word' id='word_1_5' title='bbox 2003 408 2168 466; x_wconf 81' lang='lat' dir='ltr'><strong>JESU</strong></span> <span class='ocrx_word' id='word_1_6' title='bbox 2197 405 2492 466; x_wconf 79' lang='lat' dir='ltr'><strong>CHRISTI.</strong></span> <span class='ocrx_word' id='word_1_7' title='bbox 3279 415 3286 422; x_wconf 87' lang='lat'><strong>&#39;</strong></span> <span class='ocrx_word' id='word_1_8' title='bbox 3391 404 3462 460; x_wconf 59' lang='lat'><strong>«&#39;5</strong></span> 
     </span>
    </p>
   </div>
   <div class='ocr_carea' id='block_1_3' title="bbox 164 529 1763 616">
    <p class='ocr_par' dir='ltr' id='par_1_3' title="bbox 164 529 1763 616">
     <span class='ocr_line' id='line_1_3' title="bbox 164 529 1763 616; baseline -0.014 -15"><span class='ocrx_word' id='word_1_9' title='bbox 164 560 412 616; x_wconf 79' lang='lat' dir='ltr'><strong>superna:</strong></span> <span class='ocrx_word' id='word_1_10' title='bbox 443 537 608 599; x_wconf 69' lang='lat' dir='ltr'><strong>turbte</strong></span> <span class='ocrx_word' id='word_1_11' title='bbox 637 538 1068 606; x_wconf 60' lang='lat' dir='ltr'><strong>laetitiam-super</strong></span> <span class='ocrx_word' id='word_1_12' title='bbox 1096 542 1277 588; x_wconf 87' lang='lat' dir='ltr'><strong>nostra</strong></span> <span class='ocrx_word' id='word_1_13' title='bbox 1308 529 1763 586; x_wconf 69' lang='lat' dir='ltr'><strong>reconciliatione.</strong></span> 
     </span>
    </p>
   </div>
   <div class='ocr_carea' id='block_1_4' title="bbox 164 619 1768 707">
    <p class='ocr_par' dir='ltr' id='par_1_4' title="bbox 164 619 1768 707">
     <span class='ocr_line' id='line_1_4' title="bbox 164 619 1768 707; baseline -0.013 -14"><span class='ocrx_word' id='word_1_14' title='bbox 164 635 388 707; x_wconf 80' lang='lat' dir='ltr'><strong>Quando</strong></span> <span class='ocrx_word' id='word_1_15' title='bbox 440 634 586 690; x_wconf 86' lang='lat' dir='ltr'><strong>enim</strong></span> <span class='ocrx_word' id='word_1_16' title='bbox 633 630 888 685; x_wconf 87' lang='lat' dir='ltr'><strong>Dominus</strong></span> <span class='ocrx_word' id='word_1_17' title='bbox 927 634 1111 682; x_wconf 90' lang='lat' dir='ltr'><strong>noster</strong></span> <span class='ocrx_word' id='word_1_18' title='bbox 1141 632 1296 679; x_wconf 84' lang='lat' dir='ltr'><strong>natus</strong></span> <span class='ocrx_word' id='word_1_19' title='bbox 1346 631 1429 676; x_wconf 89' lang='lat' dir='ltr'><strong>est</strong></span> <span class='ocrx_word' id='word_1_20' title='bbox 1471 619 1768 675; x_wconf 76' lang='lat' dir='ltr'><strong>secundum</strong></span> 
     </span>
    </p>
   </div>
   <div class='ocr_carea' id='block_1_5' title="bbox 163 710 1765 793">
    <p class='ocr_par' dir='ltr' id='par_1_5' title="bbox 163 710 1765 793">
     <span class='ocr_line' id='line_1_5' title="bbox 163 710 1765 793; baseline -0.014 -10"><span class='ocrx_word' id='word_1_21' title='bbox 163 743 405 793; x_wconf 83' lang='lat' dir='ltr'><strong>carnem,</strong></span> <span class='ocrx_word' id='word_1_22' title='bbox 437 741 503 781; x_wconf 78' lang='lat' dir='ltr'><strong>ex</strong></span> <span class='ocrx_word' id='word_1_23' title='bbox 535 739 600 779; x_wconf 89' lang='lat' dir='ltr'><strong>eo</strong></span> <span class='ocrx_word' id='word_1_24' title='bbox 624 721 878 790; x_wconf 84' lang='lat' dir='ltr'><strong>deinceps</strong></span> <span class='ocrx_word' id='word_1_25' title='bbox 906 717 1214 774; x_wconf 88' lang='lat' dir='ltr'><strong>hominibus</strong></span> <span class='ocrx_word' id='word_1_26' title='bbox 1244 715 1416 784; x_wconf 90' lang='lat' dir='ltr'><strong>ipsum</strong></span> <span class='ocrx_word' id='word_1_27' title='bbox 1449 710 1765 766; x_wconf 81' lang='lat' dir='ltr'><strong>reconcilia-</strong></span> 
     </span>
    </p>
   </div>
   <div class='ocr_carea' id='block_1_6' title="bbox 165 799 1770 880">
    <p class='ocr_par' dir='ltr' id='par_1_6' title="bbox 165 799 1770 880">
     <span class='ocr_line' id='line_1_6' title="bbox 165 799 1770 880; baseline -0.013 -6"><span class='ocrx_word' id='word_1_28' title='bbox 165 833 276 874; x_wconf 87' lang='lat' dir='ltr'><strong>tum</strong></span> <span class='ocrx_word' id='word_1_29' title='bbox 307 824 624 880; x_wconf 79' lang='lat' dir='ltr'><strong>cernentes;</strong></span> <span class='ocrx_word' id='word_1_30' title='bbox 656 827 763 868; x_wconf 89' lang='lat' dir='ltr'><strong>non</strong></span> <span class='ocrx_word' id='word_1_31' title='bbox 794 811 960 874; x_wconf 90' lang='lat' dir='ltr'><strong>enim,</strong></span> <span class='ocrx_word' id='word_1_32' title='bbox 989 808 1035 863; x_wconf 90' lang='lat' dir='ltr'><strong>si</strong></span> <span class='ocrx_word' id='word_1_33' title='bbox 1078 805 1454 862; x_wconf 89' lang='lat' dir='ltr'><strong>reconciliatus</strong></span> <span class='ocrx_word' id='word_1_34' title='bbox 1498 819 1602 856; x_wconf 89' lang='lat' dir='ltr'><strong>non</strong></span> <span class='ocrx_word' id='word_1_35' title='bbox 1636 799 1770 854; x_wconf 88' lang='lat' dir='ltr'><strong>fuis-</strong></span> 
     </span>
    </p>
   </div>
   <div class='ocr_carea' id='block_1_7' title="bbox 161 893 1768 981">
    <p class='ocr_par' dir='ltr' id='par_1_7' title="bbox 161 893 1768 981">
     <span class='ocr_line' id='line_1_7' title="bbox 161 893 1768 981; baseline -0.013 -13"><span class='ocrx_word' id='word_1_36' title='bbox 161 922 264 972; x_wconf 90' lang='lat' dir='ltr'><strong>set.</strong></span> <span class='ocrx_word' id='word_1_37' title='bbox 295 923 468 981; x_wconf 86' lang='lat' dir='ltr'><strong>usque</strong></span> <span class='ocrx_word' id='word_1_38' title='bbox 493 907 630 963; x_wconf 87' lang='lat' dir='ltr'><strong>adeo</strong></span> <span class='ocrx_word' id='word_1_39' title='bbox 660 903 1063 969; x_wconf 76' lang='lat' dir='ltr'><strong>descendisset;</strong></span> <span class='ocrx_word' id='word_1_40' title='bbox 1094 902 1381 956; x_wconf 80' lang='lat' dir='ltr'><strong>cernentes</strong></span> <span class='ocrx_word' id='word_1_41' title='bbox 1426 910 1557 965; x_wconf 84' lang='lat' dir='ltr'><strong>ergo</strong></span> <span class='ocrx_word' id='word_1_42' title='bbox 1586 893 1726 949; x_wconf 88' lang='lat' dir='ltr'><strong>istud</strong></span> <span class='ocrx_word' id='word_1_43' title='bbox 1752 934 1768 959; x_wconf 90' lang='lat'><strong>,</strong></span> 
     </span>
    </p>
   </div>
   <div class='ocr_carea' id='block_1_8' title="bbox 159 985 1771 1057">
    <p class='ocr_par' dir='ltr' id='par_1_8' title="bbox 159 985 1771 1057">
     <span class='ocr_line' id='line_1_8' title="bbox 159 985 1771 1057; baseline -0.011 0"><span class='ocrx_word' id='word_1_44' title='bbox 159 1003 346 1057; x_wconf 88' lang='lat' dir='ltr'><strong>choris</strong></span> <span class='ocrx_word' id='word_1_45' title='bbox 374 1001 427 1056; x_wconf 91' lang='lat' dir='ltr'><strong>in</strong></span> <span class='ocrx_word' id='word_1_46' title='bbox 457 998 837 1056; x_wconf 86' lang='lat' dir='ltr'><strong>terrastatutis</strong></span> <span class='ocrx_word' id='word_1_47' title='bbox 866 992 1234 1050; x_wconf 80' lang='lat' dir='ltr'><strong>exclamabant</strong></span> <span class='ocrx_word' id='word_1_48' title='bbox 1265 1007 1278 1044; x_wconf 91' lang='lat'><strong>:</strong></span> <span class='ocrx_word' id='word_1_49' title='bbox 1320 988 1499 1043; x_wconf 80' lang='lat' dir='ltr'><strong>Gloria</strong></span> <span class='ocrx_word' id='word_1_50' title='bbox 1525 989 1578 1042; x_wconf 84' lang='lat' dir='ltr'><strong>in</strong></span> <span class='ocrx_word' id='word_1_51' title='bbox 1607 985 1771 1042; x_wconf 71' lang='lat' dir='ltr'><strong>excel-</strong></span> 
     </span>
    </p>
   </div>
   <div class='ocr_carea' id='block_1_9' title="bbox 161 1081 1771 1155">
    <p class='ocr_par' dir='ltr' id='par_1_9' title="bbox 161 1081 1771 1155">
     <span class='ocr_line' id='line_1_9' title="bbox 161 1081 1771 1155; baseline -0.006 -9"><span class='ocrx_word' id='word_1_52' title='bbox 161 1097 232 1148; x_wconf 84' lang='lat' dir='ltr'><strong>sis</strong></span> <span class='ocrx_word' id='word_1_53' title='bbox 263 1092 371 1147; x_wconf 80' lang='lat' dir='ltr'><strong>Deo</strong></span> <span class='ocrx_word' id='word_1_54' title='bbox 402 1107 422 1147; x_wconf 88' lang='lat'><strong><em>:</em></strong></span> <span class='ocrx_word' id='word_1_55' title='bbox 447 1102 496 1147; x_wconf 92' lang='lat' dir='ltr'><strong>et</strong></span> <span class='ocrx_word' id='word_1_56' title='bbox 539 1092 592 1145; x_wconf 87' lang='lat' dir='ltr'><strong>itt</strong></span> <span class='ocrx_word' id='word_1_57' title='bbox 620 1099 754 1144; x_wconf 83' lang='lat' dir='ltr'><strong>terra</strong></span> <span class='ocrx_word' id='word_1_58' title='bbox 785 1103 921 1155; x_wconf 76' lang='lat' dir='ltr'><strong>pax,</strong></span> <span class='ocrx_word' id='word_1_59' title='bbox 953 1087 1007 1139; x_wconf 88' lang='lat' dir='ltr'><strong>in</strong></span> <span class='ocrx_word' id='word_1_60' title='bbox 1032 1083 1322 1139; x_wconf 78' lang='lat' dir='ltr'><strong>hominibus</strong></span> <span class='ocrx_word' id='word_1_61' title='bbox 1369 1082 1499 1135; x_wconf 84' lang='lat' dir='ltr'><strong>bona</strong></span> <span class='ocrx_word' id='word_1_62' title='bbox 1543 1081 1771 1136; x_wconf 79' lang='lat' dir='ltr'><strong>voluntas</strong></span> 
     </span>
    </p>
   </div>
   <div class='ocr_carea' id='block_1_10' title="bbox 160 1169 1775 1254">
    <p class='ocr_par' dir='ltr' id='par_1_10' title="bbox 160 1169 1775 1254">
     <span class='ocr_line' id='line_1_10' title="bbox 160 1169 1775 1254; baseline -0.008 -15"><span class='ocrx_word' id='word_1_63' title='bbox 160 1184 320 1254; x_wconf 75' lang='lat' dir='ltr'><strong>(Luc.</strong></span> <span class='ocrx_word' id='word_1_64' title='bbox 352 1183 409 1238; x_wconf 73' lang='grc'><strong>2.</strong></span> <span class='ocrx_word' id='word_1_65' title='bbox 442 1182 553 1254; x_wconf 66' lang='lat' dir='ltr'><strong>ll).</strong></span> <span class='ocrx_word' id='word_1_66' title='bbox 587 1181 654 1236; x_wconf 84' lang='lat' dir='ltr'><strong>Et</strong></span> <span class='ocrx_word' id='word_1_67' title='bbox 683 1188 740 1234; x_wconf 91' lang='lat' dir='ltr'><strong>ut</strong></span> <span class='ocrx_word' id='word_1_68' title='bbox 766 1179 974 1244; x_wconf 89' lang='lat' dir='ltr'><strong>discas,</strong></span> <span class='ocrx_word' id='word_1_69' title='bbox 1007 1174 1150 1246; x_wconf 88' lang='lat' dir='ltr'><strong>qttod</strong></span> <span class='ocrx_word' id='word_1_70' title='bbox 1181 1174 1250 1229; x_wconf 93' lang='lat' dir='ltr'><strong>ob</strong></span> <span class='ocrx_word' id='word_1_71' title='bbox 1279 1173 1331 1228; x_wconf 92' lang='lat' dir='ltr'><strong>id</strong></span> <span class='ocrx_word' id='word_1_72' title='bbox 1357 1169 1775 1244; x_wconf 72' lang='lat' dir='ltr'><strong>glrrilicaverint</strong></span> 
     </span>
    </p>
   </div>
   <div class='ocr_carea' id='block_1_11' title="bbox 163 1265 1772 1347">
    <p class='ocr_par' dir='ltr' id='par_1_11' title="bbox 163 1265 1772 1347">
     <span class='ocr_line' id='line_1_11' title="bbox 163 1265 1772 1347; baseline -0.01 -16"><span class='ocrx_word' id='word_1_73' title='bbox 163 1278 336 1332; x_wconf 89' lang='lat' dir='ltr'><strong>Deum</strong></span> <span class='ocrx_word' id='word_1_74' title='bbox 363 1317 379 1343; x_wconf 92' lang='lat'><strong>,</strong></span> <span class='ocrx_word' id='word_1_75' title='bbox 411 1285 694 1347; x_wconf 78' lang='lat' dir='ltr'><strong>postquam</strong></span> <span class='ocrx_word' id='word_1_76' title='bbox 728 1282 867 1326; x_wconf 89' lang='lat' dir='ltr'><strong>terra</strong></span> <span class='ocrx_word' id='word_1_77' title='bbox 909 1268 1108 1337; x_wconf 87' lang='lat' dir='ltr'><strong>recepit</strong></span> <span class='ocrx_word' id='word_1_78' title='bbox 1154 1265 1330 1330; x_wconf 89' lang='lat' dir='ltr'><strong>bona,</strong></span> <span class='ocrx_word' id='word_1_79' title='bbox 1357 1265 1518 1319; x_wconf 89' lang='lat' dir='ltr'><strong>etiam</strong></span> <span class='ocrx_word' id='word_1_80' title='bbox 1555 1278 1772 1318; x_wconf 80' lang='lat' dir='ltr'><strong>causam</strong></span> 
     </span>
    </p>
   </div>
   <div class='ocr_carea' id='block_1_12' title="bbox 165 1354 1775 1439">
    <p class='ocr_par' dir='ltr' id='par_1_12' title="bbox 165 1354 1775 1439">
     <span class='ocr_line' id='line_1_12' title="bbox 165 1354 1775 1439; baseline -0.006 -21"><span class='ocrx_word' id='word_1_81' title='bbox 165 1366 557 1432; x_wconf 75' lang='lat' dir='ltr'><strong>adduxerunt,</strong></span> <span class='ocrx_word' id='word_1_82' title='bbox 606 1362 846 1418; x_wconf 81' lang='lat' dir='ltr'><strong>dicentes</strong></span> <span class='ocrx_word' id='word_1_83' title='bbox 879 1378 892 1412; x_wconf 77' lang='grc' dir='ltr'><strong>ε</strong></span> <span class='ocrx_word' id='word_1_84' title='bbox 925 1358 994 1412; x_wconf 83' lang='grc' dir='ltr'><strong>1η</strong></span> <span class='ocrx_word' id='word_1_85' title='bbox 1048 1366 1185 1412; x_wconf 86' lang='lat' dir='ltr'><strong>terra</strong></span> <span class='ocrx_word' id='word_1_86' title='bbox 1229 1372 1359 1427; x_wconf 70' lang='lat' dir='ltr'><strong>pax,</strong></span> <span class='ocrx_word' id='word_1_87' title='bbox 1389 1357 1441 1409; x_wconf 87' lang='lat' dir='ltr'><strong>in</strong></span> <span class='ocrx_word' id='word_1_88' title='bbox 1491 1354 1775 1439; x_wconf 68' lang='lat' dir='ltr'><strong>hominibus</strong></span> 
     </span>
    </p>
   </div>
   <div class='ocr_carea' id='block_1_13' title="bbox 159 1448 1776 1520">
    <p class='ocr_par' dir='ltr' id='par_1_13' title="bbox 159 1448 1776 1520">
     <span class='ocr_line' id='line_1_13' title="bbox 159 1448 1776 1520; baseline -0.006 -11"><span class='ocrx_word' id='word_1_89' title='bbox 159 1458 299 1512; x_wconf 74' lang='lat' dir='ltr'><strong>bona</strong></span> <span class='ocrx_word' id='word_1_90' title='bbox 327 1456 564 1511; x_wconf 81' lang='lat' dir='ltr'><strong>voluntas</strong></span> <span class='ocrx_word' id='word_1_91' title='bbox 593 1470 613 1509; x_wconf 90' lang='lat'><strong><em>:</em></strong></span> <span class='ocrx_word' id='word_1_92' title='bbox 645 1451 974 1515; x_wconf 90' lang='lat' dir='ltr'><strong>hominibus,</strong></span> <span class='ocrx_word' id='word_1_93' title='bbox 1007 1451 1222 1520; x_wconf 71' lang='lat' dir='ltr'><strong>inquam</strong></span> <span class='ocrx_word' id='word_1_94' title='bbox 1246 1489 1260 1511; x_wconf 92' lang='lat'><strong>,</strong></span> <span class='ocrx_word' id='word_1_95' title='bbox 1291 1448 1382 1518; x_wconf 86' lang='lat' dir='ltr'><strong>qui</strong></span> <span class='ocrx_word' id='word_1_96' title='bbox 1422 1456 1576 1501; x_wconf 92' lang='lat' dir='ltr'><strong>erant</strong></span> <span class='ocrx_word' id='word_1_97' title='bbox 1618 1453 1776 1500; x_wconf 86' lang='lat' dir='ltr'><strong>antea</strong></span> 
     </span>
    </p>
   </div>
   <div class='ocr_carea' id='block_1_14' title="bbox 161 1537 1775 1613">
    <p class='ocr_par' dir='ltr' id='par_1_14' title="bbox 161 1537 1775 1613">
     <span class='ocr_line' id='line_1_14' title="bbox 161 1537 1775 1613; baseline -0.007 -11"><span class='ocrx_word' id='word_1_98' title='bbox 161 1551 354 1604; x_wconf 89' lang='lat' dir='ltr'><strong>hostes</strong></span> <span class='ocrx_word' id='word_1_99' title='bbox 377 1545 669 1610; x_wconf 89' lang='lat' dir='ltr'><strong>declarati,</strong></span> <span class='ocrx_word' id='word_1_100' title='bbox 697 1554 753 1600; x_wconf 89' lang='lat' dir='ltr'><strong>et</strong></span> <span class='ocrx_word' id='word_1_101' title='bbox 801 1542 1013 1613; x_wconf 77' lang='lat' dir='ltr'><strong>ingrati.</strong></span> <span class='ocrx_word' id='word_1_102' title='bbox 1048 1540 1240 1595; x_wconf 81' lang='lat' dir='ltr'><strong>Vidisti</strong></span> <span class='ocrx_word' id='word_1_103' title='bbox 1276 1553 1384 1608; x_wconf 90' lang='lat' dir='ltr'><strong>quo</strong></span> <span class='ocrx_word' id='word_1_104' title='bbox 1423 1547 1576 1608; x_wconf 89' lang='lat' dir='ltr'><strong>pacto</strong></span> <span class='ocrx_word' id='word_1_105' title='bbox 1607 1537 1775 1591; x_wconf 89' lang='lat' dir='ltr'><strong>Deum</strong></span> 
     </span>
    </p>
   </div>
   <div class='ocr_carea' id='block_1_15' title="bbox 159 1626 1775 1701">
    <p class='ocr_par' dir='ltr' id='par_1_15' title="bbox 159 1626 1775 1701">
     <span class='ocr_line' id='line_1_15' title="bbox 159 1626 1775 1701; baseline -0.008 -7"><span class='ocrx_word' id='word_1_106' title='bbox 159 1641 230 1694; x_wconf 89' lang='lat' dir='ltr'><strong>de</strong></span> <span class='ocrx_word' id='word_1_107' title='bbox 258 1638 453 1693; x_wconf 86' lang='lat' dir='ltr'><strong>alienis</strong></span> <span class='ocrx_word' id='word_1_108' title='bbox 481 1637 638 1691; x_wconf 87' lang='lat' dir='ltr'><strong>bonis</strong></span> <span class='ocrx_word' id='word_1_109' title='bbox 668 1626 918 1698; x_wconf 86' lang='lat' dir='ltr'><strong>laudent,</strong></span> <span class='ocrx_word' id='word_1_110' title='bbox 950 1642 1043 1686; x_wconf 89' lang='lat' dir='ltr'><strong>aut</strong></span> <span class='ocrx_word' id='word_1_111' title='bbox 1073 1631 1253 1701; x_wconf 80' lang='lat' dir='ltr'><strong>potius</strong></span> <span class='ocrx_word' id='word_1_112' title='bbox 1278 1631 1345 1685; x_wconf 89' lang='lat' dir='ltr'><strong>de</strong></span> <span class='ocrx_word' id='word_1_113' title='bbox 1370 1629 1620 1698; x_wconf 81' lang='lat' dir='ltr'><strong>pmpriis,</strong></span> <span class='ocrx_word' id='word_1_114' title='bbox 1653 1641 1775 1682; x_wconf 90' lang='lat' dir='ltr'><strong>cum</strong></span> 
     </span>
    </p>
   </div>
   <div class='ocr_carea' id='block_1_16' title="bbox 164 1719 1774 1787">
    <p class='ocr_par' dir='ltr' id='par_1_16' title="bbox 164 1719 1774 1787">
     <span class='ocr_line' id='line_1_16' title="bbox 164 1719 1774 1787; baseline -0.007 -4"><span class='ocrx_word' id='word_1_115' title='bbox 164 1737 356 1784; x_wconf 88' lang='lat' dir='ltr'><strong>nostra</strong></span> <span class='ocrx_word' id='word_1_116' title='bbox 385 1729 523 1782; x_wconf 86' lang='lat' dir='ltr'><strong>bona</strong></span> <span class='ocrx_word' id='word_1_117' title='bbox 554 1741 648 1781; x_wconf 87' lang='lat' dir='ltr'><strong>sua</strong></span> <span class='ocrx_word' id='word_1_118' title='bbox 685 1739 808 1779; x_wconf 85' lang='lat' dir='ltr'><strong>esse</strong></span> <span class='ocrx_word' id='word_1_119' title='bbox 851 1726 1083 1776; x_wconf 86' lang='lat' dir='ltr'><strong>ducant:</strong></span> <span class='ocrx_word' id='word_1_120' title='bbox 1119 1721 1198 1774; x_wconf 79' lang='lat' dir='ltr'><strong>vis</strong></span> <span class='ocrx_word' id='word_1_121' title='bbox 1237 1719 1398 1774; x_wconf 88' lang='lat' dir='ltr'><strong>etiam</strong></span> <span class='ocrx_word' id='word_1_122' title='bbox 1443 1732 1602 1773; x_wconf 86' lang='lat' dir='ltr'><strong>nosse</strong></span> <span class='ocrx_word' id='word_1_123' title='bbox 1644 1731 1774 1787; x_wconf 77' lang='lat' dir='ltr'><strong>quo-</strong></span> 
     </span>
    </p>
   </div>
   <div class='ocr_carea' id='block_1_17' title="bbox 161 1808 1775 1886">
    <p class='ocr_par' dir='ltr' id='par_1_17' title="bbox 161 1808 1775 1886">
     <span class='ocr_line' id='line_1_17' title="bbox 161 1808 1775 1886; baseline -0.007 -12"><span class='ocrx_word' id='word_1_124' title='bbox 161 1818 330 1874; x_wconf 89' lang='lat' dir='ltr'><strong>modo</strong></span> <span class='ocrx_word' id='word_1_125' title='bbox 380 1819 545 1873; x_wconf 89' lang='lat' dir='ltr'><strong>etiam</strong></span> <span class='ocrx_word' id='word_1_126' title='bbox 599 1817 771 1886; x_wconf 86' lang='lat' dir='ltr'><strong>ipsum</strong></span> <span class='ocrx_word' id='word_1_127' title='bbox 824 1813 1207 1869; x_wconf 81' lang='lat' dir='ltr'><strong>ascendentem</strong></span> <span class='ocrx_word' id='word_1_128' title='bbox 1257 1808 1550 1881; x_wconf 86' lang='lat' dir='ltr'><strong>aliquando</strong></span> <span class='ocrx_word' id='word_1_129' title='bbox 1589 1809 1775 1874; x_wconf 84' lang='lat' dir='ltr'><strong>visuri,</strong></span> 
     </span>
    </p>
   </div>
   <div class='ocr_carea' id='block_1_18' title="bbox 163 1901 1777 1982">
    <p class='ocr_par' dir='ltr' id='par_1_18' title="bbox 163 1901 1777 1982">
     <span class='ocr_line' id='line_1_18' title="bbox 163 1901 1777 1982; baseline -0.006 -16"><span class='ocrx_word' id='word_1_130' title='bbox 163 1922 281 1966; x_wconf 86' lang='lat' dir='ltr'><strong>tum</strong></span> <span class='ocrx_word' id='word_1_131' title='bbox 351 1911 522 1982; x_wconf 87' lang='lat' dir='ltr'><strong>gavisi</strong></span> <span class='ocrx_word' id='word_1_132' title='bbox 586 1911 695 1965; x_wconf 89' lang='lat' dir='ltr'><strong>sint</strong></span> <span class='ocrx_word' id='word_1_133' title='bbox 750 1917 805 1963; x_wconf 91' lang='lat' dir='ltr'><strong>et</strong></span> <span class='ocrx_word' id='word_1_134' title='bbox 854 1904 1217 1962; x_wconf 78' lang='lat' dir='ltr'><strong>exsultarint?</strong></span> <span class='ocrx_word' id='word_1_135' title='bbox 1273 1905 1449 1974; x_wconf 85' lang='lat' dir='ltr'><strong>Ipsum</strong></span> <span class='ocrx_word' id='word_1_136' title='bbox 1501 1901 1777 1958; x_wconf 82' lang='lat' dir='ltr'><strong>Christum</strong></span> 
     </span>
    </p>
   </div>
   <div class='ocr_carea' id='block_1_19' title="bbox 162 1993 1781 2070">
    <p class='ocr_par' dir='ltr' id='par_1_19' title="bbox 162 1993 1781 2070">
     <span class='ocr_line' id='line_1_19' title="bbox 162 1993 1781 2070; baseline -0.006 -12"><span class='ocrx_word' id='word_1_137' title='bbox 162 2004 437 2058; x_wconf 75' lang='lat' dir='ltr'><strong>dicentem</strong></span> <span class='ocrx_word' id='word_1_138' title='bbox 463 2002 588 2056; x_wconf 80' lang='lat' dir='ltr'><strong>autli</strong></span> <span class='ocrx_word' id='word_1_139' title='bbox 617 2019 630 2055; x_wconf 92' lang='lat'>:</span> <span class='ocrx_word' id='word_1_140' title='bbox 655 2000 918 2070; x_wconf 86' lang='lat' dir='ltr'><strong>Quoniam</strong></span> <span class='ocrx_word' id='word_1_141' title='bbox 950 1997 1337 2063; x_wconf 87' lang='lat' dir='ltr'><strong>ascendebant,</strong></span> <span class='ocrx_word' id='word_1_142' title='bbox 1367 1995 1557 2064; x_wconf 88' lang='lat' dir='ltr'><strong>inquit,</strong></span> <span class='ocrx_word' id='word_1_143' title='bbox 1595 2005 1650 2050; x_wconf 89' lang='lat' dir='ltr'><strong>et</strong></span> <span class='ocrx_word' id='word_1_144' title='bbox 1692 1993 1781 2050; x_wconf 84' lang='lat' dir='ltr'><strong>de-</strong></span> 
     </span>
    </p>
   </div>
   <div class='ocr_carea' id='block_1_20' title="bbox 167 2086 1777 2162">
    <p class='ocr_par' dir='ltr' id='par_1_20' title="bbox 167 2086 1777 2162">
     <span class='ocr_line' id='line_1_20' title="bbox 167 2086 1777 2162; baseline -0.006 -13"><span class='ocrx_word' id='word_1_145' title='bbox 167 2093 503 2151; x_wconf 81' lang='lat' dir='ltr'><strong>scendebant</strong></span> <span class='ocrx_word' id='word_1_146' title='bbox 528 2093 807 2148; x_wconf 90' lang='lat' dir='ltr'><strong>continue.</strong></span> <span class='ocrx_word' id='word_1_147' title='bbox 836 2093 1013 2162; x_wconf 84' lang='lat' dir='ltr'><strong>Atque</strong></span> <span class='ocrx_word' id='word_1_148' title='bbox 1043 2089 1146 2143; x_wconf 89' lang='lat' dir='ltr'><strong>hoc</strong></span> <span class='ocrx_word' id='word_1_149' title='bbox 1183 2088 1458 2158; x_wconf 89' lang='lat' dir='ltr'><strong>proprium</strong></span> <span class='ocrx_word' id='word_1_150' title='bbox 1505 2096 1588 2142; x_wconf 91' lang='lat' dir='ltr'><strong>est</strong></span> <span class='ocrx_word' id='word_1_151' title='bbox 1628 2086 1777 2142; x_wconf 88' lang='lat' dir='ltr'><strong>desi-</strong></span> 
     </span>
    </p>
   </div>
   <div class='ocr_carea' id='block_1_21' title="bbox 167 2176 1779 2252">
    <p class='ocr_par' dir='ltr' id='par_1_21' title="bbox 167 2176 1779 2252">
     <span class='ocr_line' id='line_1_21' title="bbox 167 2176 1779 2252; baseline -0.005 -12"><span class='ocrx_word' id='word_1_152' title='bbox 167 2185 498 2251; x_wconf 89' lang='lat' dir='ltr'><strong>derantium,</strong></span> <span class='ocrx_word' id='word_1_153' title='bbox 522 2182 877 2252; x_wconf 89' lang='lat' dir='ltr'><strong>contemplari</strong></span> <span class='ocrx_word' id='word_1_154' title='bbox 908 2181 1243 2250; x_wconf 83' lang='lat' dir='ltr'><strong>inOpiuatum</strong></span> <span class='ocrx_word' id='word_1_155' title='bbox 1292 2176 1681 2248; x_wconf 84' lang='lat' dir='ltr'><strong>spectaculum.</strong></span> <span class='ocrx_word' id='word_1_156' title='bbox 1715 2177 1779 2232; x_wconf 85' lang='lat' dir='ltr'><strong>Et</strong></span> 
     </span>
    </p>
   </div>
   <div class='ocr_carea' id='block_1_22' title="bbox 166 2268 1776 2338">
    <p class='ocr_par' dir='ltr' id='par_1_22' title="bbox 166 2268 1776 2338">
     <span class='ocr_line' id='line_1_22' title="bbox 166 2268 1776 2338; baseline -0.006 -7"><span class='ocrx_word' id='word_1_157' title='bbox 166 2277 310 2331; x_wconf 90' lang='lat' dir='ltr'><strong>unde</strong></span> <span class='ocrx_word' id='word_1_158' title='bbox 348 2285 562 2331; x_wconf 81' lang='lat' dir='ltr'><strong>constat</strong></span> <span class='ocrx_word' id='word_1_159' title='bbox 589 2273 805 2329; x_wconf 71' lang='lat' dir='ltr'><strong>assidue</strong></span> <span class='ocrx_word' id='word_1_160' title='bbox 850 2271 973 2326; x_wconf 88' lang='lat' dir='ltr'><strong>illos</strong></span> <span class='ocrx_word' id='word_1_161' title='bbox 1016 2269 1308 2325; x_wconf 82' lang='lat' dir='ltr'><strong>ascendere</strong></span> <span class='ocrx_word' id='word_1_162' title='bbox 1358 2277 1518 2338; x_wconf 91' lang='lat' dir='ltr'><strong>atque</strong></span> <span class='ocrx_word' id='word_1_163' title='bbox 1550 2268 1776 2324; x_wconf 81' lang='lat' dir='ltr'><strong>descen-</strong></span> 
     </span>
    </p>
   </div>
   <div class='ocr_carea' id='block_1_23' title="bbox 168 2359 1781 2437">
    <p class='ocr_par' dir='ltr' id='par_1_23' title="bbox 168 2359 1781 2437">
     <span class='ocr_line' id='line_1_23' title="bbox 168 2359 1781 2437; baseline -0.006 -16"><span class='ocrx_word' id='word_1_164' title='bbox 168 2370 336 2422; x_wconf 77' lang='lat' dir='ltr'><strong>dere?</strong></span> <span class='ocrx_word' id='word_1_165' title='bbox 368 2365 550 2437; x_wconf 84' lang='lat' dir='ltr'><strong>Ipsum</strong></span> <span class='ocrx_word' id='word_1_166' title='bbox 594 2365 870 2420; x_wconf 90' lang='lat' dir='ltr'><strong>dicentem</strong></span> <span class='ocrx_word' id='word_1_167' title='bbox 900 2361 1026 2417; x_wconf 89' lang='lat' dir='ltr'><strong>audi</strong></span> <span class='ocrx_word' id='word_1_168' title='bbox 1056 2379 1069 2416; x_wconf 88' lang='lat'><strong>:</strong></span> <span class='ocrx_word' id='word_1_169' title='bbox 1102 2361 1301 2414; x_wconf 79' lang='lat' dir='ltr'><strong>Amodo</strong></span> <span class='ocrx_word' id='word_1_170' title='bbox 1327 2359 1557 2414; x_wconf 79' lang='lat' dir='ltr'><strong>videbitis</strong></span> <span class='ocrx_word' id='word_1_171' title='bbox 1597 2359 1781 2413; x_wconf 61' lang='lat' dir='ltr'><strong>cretum</strong></span> 
     </span>
    </p>
   </div>
   <div class='ocr_carea' id='block_1_24' title="bbox 171 2453 1774 2530">
    <p class='ocr_par' dir='ltr' id='par_1_24' title="bbox 171 2453 1774 2530">
     <span class='ocr_line' id='line_1_24' title="bbox 171 2453 1774 2530; baseline -0.004 -18"><span class='ocrx_word' id='word_1_172' title='bbox 171 2469 439 2530; x_wconf 83' lang='lat' dir='ltr'><strong>apertum,</strong></span> <span class='ocrx_word' id='word_1_173' title='bbox 465 2468 512 2511; x_wconf 89' lang='lat' dir='ltr'><strong>et</strong></span> <span class='ocrx_word' id='word_1_174' title='bbox 542 2457 746 2529; x_wconf 82' lang='lat' dir='ltr'><strong>angelos</strong></span> <span class='ocrx_word' id='word_1_175' title='bbox 793 2453 892 2509; x_wconf 88' lang='lat' dir='ltr'><strong>Dei</strong></span> <span class='ocrx_word' id='word_1_176' title='bbox 940 2454 1268 2509; x_wconf 83' lang='lat' dir='ltr'><strong>ascendentes</strong></span> <span class='ocrx_word' id='word_1_177' title='bbox 1314 2460 1362 2506; x_wconf 87' lang='lat' dir='ltr'><strong>et</strong></span> <span class='ocrx_word' id='word_1_178' title='bbox 1417 2454 1774 2505; x_wconf 80' lang='lat' dir='ltr'><strong>descendentes</strong></span> 
     </span>
    </p>
   </div>
   <div class='ocr_carea' id='block_1_25' title="bbox 167 2541 1780 2620">
    <p class='ocr_par' dir='ltr' id='par_1_25' title="bbox 167 2541 1780 2620">
     <span class='ocr_line' id='line_1_25' title="bbox 167 2541 1780 2620; baseline -0.004 -16"><span class='ocrx_word' id='word_1_179' title='bbox 167 2566 328 2620; x_wconf 84' lang='lat' dir='ltr'><strong>supra</strong></span> <span class='ocrx_word' id='word_1_180' title='bbox 367 2547 566 2602; x_wconf 84' lang='lat' dir='ltr'><strong>Filium</strong></span> <span class='ocrx_word' id='word_1_181' title='bbox 618 2547 838 2602; x_wconf 77' lang='lat' dir='ltr'><strong>hominis</strong></span> <span class='ocrx_word' id='word_1_182' title='bbox 871 2544 1049 2619; x_wconf 79' lang='lat' dir='ltr'><strong>(Joan.</strong></span> <span class='ocrx_word' id='word_1_183' title='bbox 1086 2545 1134 2599; x_wconf 87' lang='grc'><strong>1.</strong></span> <span class='ocrx_word' id='word_1_184' title='bbox 1169 2541 1285 2616; x_wconf 74' lang='lat' dir='ltr'><strong>Si).</strong></span> <span class='ocrx_word' id='word_1_185' title='bbox 1327 2542 1472 2598; x_wconf 87' lang='lat' dir='ltr'><strong>Talis</strong></span> <span class='ocrx_word' id='word_1_186' title='bbox 1516 2542 1780 2612; x_wconf 81' lang='lat' dir='ltr'><strong>siquidem</strong></span> 
     </span>
    </p>
   </div>
   <div class='ocr_carea' id='block_1_26' title="bbox 169 2638 1781 2710">
    <p class='ocr_par' dir='ltr' id='par_1_26' title="bbox 169 2638 1781 2710">
     <span class='ocr_line' id='line_1_26' title="bbox 169 2638 1781 2710; baseline -0.002 -14"><span class='ocrx_word' id='word_1_187' title='bbox 169 2641 467 2696; x_wconf 79' lang='lat' dir='ltr'><strong>amantium</strong></span> <span class='ocrx_word' id='word_1_188' title='bbox 518 2655 636 2694; x_wconf 89' lang='lat' dir='ltr'><strong>mos</strong></span> <span class='ocrx_word' id='word_1_189' title='bbox 665 2650 786 2704; x_wconf 89' lang='lat' dir='ltr'><strong>est;</strong></span> <span class='ocrx_word' id='word_1_190' title='bbox 820 2653 993 2710; x_wconf 87' lang='lat' dir='ltr'><strong>neque</strong></span> <span class='ocrx_word' id='word_1_191' title='bbox 1037 2649 1248 2709; x_wconf 87' lang='lat' dir='ltr'><strong>tempus</strong></span> <span class='ocrx_word' id='word_1_192' title='bbox 1290 2646 1638 2709; x_wconf 73' lang='lat' dir='ltr'><strong>exspectant,</strong></span> <span class='ocrx_word' id='word_1_193' title='bbox 1684 2638 1781 2692; x_wconf 86' lang='lat' dir='ltr'><strong>sed</strong></span> 
     </span>
    </p>
   </div>
   <div class='ocr_carea' id='block_1_27' title="bbox 171 2729 1783 2803">
    <p class='ocr_par' dir='ltr' id='par_1_27' title="bbox 171 2729 1783 2803">
     <span class='ocr_line' id='line_1_27' title="bbox 171 2729 1783 2803; baseline -0.001 -17"><span class='ocrx_word' id='word_1_194' title='bbox 171 2745 390 2803; x_wconf 85' lang='lat' dir='ltr'><strong>tempus</strong></span> <span class='ocrx_word' id='word_1_195' title='bbox 417 2733 738 2803; x_wconf 84' lang='lat' dir='ltr'><strong>pra:linitum</strong></span> <span class='ocrx_word' id='word_1_196' title='bbox 765 2733 947 2786; x_wconf 71' lang='lat' dir='ltr'><strong>ltetitia</strong></span> <span class='ocrx_word' id='word_1_197' title='bbox 974 2730 1289 2800; x_wconf 83' lang='lat' dir='ltr'><strong>anticipant.</strong></span> <span class='ocrx_word' id='word_1_198' title='bbox 1318 2729 1524 2784; x_wconf 81' lang='lat' dir='ltr'><strong>Idcirco</strong></span> <span class='ocrx_word' id='word_1_199' title='bbox 1551 2729 1783 2785; x_wconf 88' lang='lat' dir='ltr'><strong>descen-</strong></span> 
     </span>
    </p>
   </div>
   <div class='ocr_carea' id='block_1_28' title="bbox 169 2823 1781 2895">
    <p class='ocr_par' dir='ltr' id='par_1_28' title="bbox 169 2823 1781 2895">
     <span class='ocr_line' id='line_1_28' title="bbox 169 2823 1781 2895; baseline -0.001 -15"><span class='ocrx_word' id='word_1_200' title='bbox 169 2827 306 2881; x_wconf 90' lang='lat' dir='ltr'><strong>dunt</strong></span> <span class='ocrx_word' id='word_1_201' title='bbox 333 2827 456 2880; x_wconf 81' lang='lat' dir='ltr'><strong>novi</strong></span> <span class='ocrx_word' id='word_1_202' title='bbox 485 2835 538 2881; x_wconf 92' lang='lat' dir='ltr'><strong>et</strong></span> <span class='ocrx_word' id='word_1_203' title='bbox 568 2825 786 2880; x_wconf 89' lang='lat' dir='ltr'><strong>inauditi</strong></span> <span class='ocrx_word' id='word_1_204' title='bbox 836 2824 976 2879; x_wconf 87' lang='lat' dir='ltr'><strong>illius</strong></span> <span class='ocrx_word' id='word_1_205' title='bbox 999 2823 1293 2895; x_wconf 86' lang='lat' dir='ltr'><strong>spectaculi</strong></span> <span class='ocrx_word' id='word_1_206' title='bbox 1324 2823 1531 2878; x_wconf 78' lang='lat' dir='ltr'><strong>visendi</strong></span> <span class='ocrx_word' id='word_1_207' title='bbox 1562 2823 1781 2879; x_wconf 81' lang='lat' dir='ltr'><strong>deside-</strong></span> 
     </span>
    </p>
   </div>
   <div class='ocr_carea' id='block_1_29' title="bbox 172 2915 1778 2988">
    <p class='ocr_par' dir='ltr' id='par_1_29' title="bbox 172 2915 1778 2988">
     <span class='ocr_line' id='line_1_29' title="bbox 172 2915 1778 2988; baseline -0.001 -15"><span class='ocrx_word' id='word_1_208' title='bbox 172 2923 255 2974; x_wconf 89' lang='lat' dir='ltr'><strong>rio</strong></span> <span class='ocrx_word' id='word_1_209' title='bbox 280 2917 524 2988; x_wconf 87' lang='lat' dir='ltr'><strong>impulsi,</strong></span> <span class='ocrx_word' id='word_1_210' title='bbox 554 2917 827 2973; x_wconf 83' lang='lat' dir='ltr'><strong>hominem</strong></span> <span class='ocrx_word' id='word_1_211' title='bbox 853 2917 1056 2973; x_wconf 84' lang='lat' dir='ltr'><strong>scilicet</strong></span> <span class='ocrx_word' id='word_1_212' title='bbox 1110 2917 1163 2971; x_wconf 94' lang='lat' dir='ltr'><strong>in</strong></span> <span class='ocrx_word' id='word_1_213' title='bbox 1210 2915 1345 2972; x_wconf 61' lang='lat' dir='ltr'><strong>ca‘lo</strong></span> <span class='ocrx_word' id='word_1_214' title='bbox 1389 2926 1734 2986; x_wconf 88' lang='lat' dir='ltr'><strong>apparentem</strong></span> <span class='ocrx_word' id='word_1_215' title='bbox 1764 2935 1778 2971; x_wconf 89' lang='lat'><strong>:</strong></span> 
     </span>
    </p>
   </div>
   <div class='ocr_carea' id='block_1_30' title="bbox 171 3007 1785 3079">
    <p class='ocr_par' dir='ltr' id='par_1_30' title="bbox 171 3007 1785 3079">
     <span class='ocr_line' id='line_1_30' title="bbox 171 3007 1785 3079; baseline -0.001 -14"><span class='ocrx_word' id='word_1_216' title='bbox 171 3013 426 3079; x_wconf 75' lang='lat' dir='ltr'><strong>ideoque</strong></span> <span class='ocrx_word' id='word_1_217' title='bbox 461 3009 658 3079; x_wconf 88' lang='lat' dir='ltr'><strong>ubique</strong></span> <span class='ocrx_word' id='word_1_218' title='bbox 707 3022 767 3063; x_wconf 90' lang='lat' dir='ltr'><strong>se</strong></span> <span class='ocrx_word' id='word_1_219' title='bbox 810 3009 986 3079; x_wconf 82' lang='lat' dir='ltr'><strong>angeli</strong></span> <span class='ocrx_word' id='word_1_220' title='bbox 1039 3009 1408 3074; x_wconf 76' lang='lat' dir='ltr'><strong>manifestam,</strong></span> <span class='ocrx_word' id='word_1_221' title='bbox 1463 3018 1517 3062; x_wconf 92' lang='lat' dir='ltr'><strong>et</strong></span> <span class='ocrx_word' id='word_1_222' title='bbox 1569 3007 1785 3077; x_wconf 89' lang='lat' dir='ltr'><strong>quando</strong></span> 
     </span>
    </p>
   </div>
   <div class='ocr_carea' id='block_1_31' title="bbox 175 3099 1780 3171">
    <p class='ocr_par' dir='ltr' id='par_1_31' title="bbox 175 3099 1780 3171">
     <span class='ocr_line' id='line_1_31' title="bbox 175 3099 1780 3171; baseline 0 -16"><span class='ocrx_word' id='word_1_223' title='bbox 175 3117 336 3156; x_wconf 89' lang='lat' dir='ltr'><strong>natus</strong></span> <span class='ocrx_word' id='word_1_224' title='bbox 361 3110 468 3167; x_wconf 79' lang='lat' dir='ltr'><strong>est,</strong></span> <span class='ocrx_word' id='word_1_225' title='bbox 496 3109 551 3155; x_wconf 91' lang='lat' dir='ltr'><strong>et</strong></span> <span class='ocrx_word' id='word_1_226' title='bbox 575 3099 791 3171; x_wconf 82' lang='lat' dir='ltr'><strong>quando</strong></span> <span class='ocrx_word' id='word_1_227' title='bbox 816 3101 1145 3165; x_wconf 79' lang='lat' dir='ltr'><strong>resurrexit,</strong></span> <span class='ocrx_word' id='word_1_228' title='bbox 1169 3114 1232 3154; x_wconf 86' lang='lat' dir='ltr'><strong>ac</strong></span> <span class='ocrx_word' id='word_1_229' title='bbox 1274 3100 1434 3154; x_wconf 87' lang='lat' dir='ltr'><strong>hodie</strong></span> <span class='ocrx_word' id='word_1_230' title='bbox 1462 3101 1676 3170; x_wconf 85' lang='lat' dir='ltr'><strong>quando</strong></span> <span class='ocrx_word' id='word_1_231' title='bbox 1727 3102 1780 3155; x_wconf 91' lang='lat' dir='ltr'><strong>in</strong></span> 
     </span>
    </p>
   </div>
   <div class='ocr_carea' id='block_1_32' title="bbox 173 3191 1766 3269">
    <p class='ocr_par' dir='ltr' id='par_1_32' title="bbox 173 3191 1766 3269">
     <span class='ocr_line' id='line_1_32' title="bbox 173 3191 1766 3269; baseline -0.001 -16"><span class='ocrx_word' id='word_1_232' title='bbox 173 3203 347 3253; x_wconf 73' lang='lat' dir='ltr'><strong>caelos</strong></span> <span class='ocrx_word' id='word_1_233' title='bbox 377 3195 620 3252; x_wconf 85' lang='lat' dir='ltr'><strong>ascendit</strong></span> <span class='ocrx_word' id='word_1_234' title='bbox 651 3212 665 3248; x_wconf 89' lang='lat'><strong>:</strong></span> <span class='ocrx_word' id='word_1_235' title='bbox 691 3193 825 3269; x_wconf 74' lang='lat' dir='ltr'><strong>Ecce</strong></span> <span class='ocrx_word' id='word_1_236' title='bbox 845 3195 993 3269; x_wconf 81' lang='lat' dir='ltr'><strong>enim</strong></span> <span class='ocrx_word' id='word_1_237' title='bbox 1023 3191 1125 3246; x_wconf 82' lang='lat' dir='ltr'><strong>duo</strong></span> <span class='ocrx_word' id='word_1_238' title='bbox 1148 3195 1272 3261; x_wconf 84' lang='lat' dir='ltr'><strong>viri,</strong></span> <span class='ocrx_word' id='word_1_239' title='bbox 1303 3195 1501 3265; x_wconf 88' lang='lat' dir='ltr'><strong>inquit,</strong></span> <span class='ocrx_word' id='word_1_240' title='bbox 1528 3197 1584 3249; x_wconf 79' lang='lat' dir='ltr'><strong>in</strong></span> <span class='ocrx_word' id='word_1_241' title='bbox 1606 3196 1766 3252; x_wconf 79' lang='lat' dir='ltr'><strong>vesti-</strong></span> 
     </span>
    </p>
   </div>
   <div class='ocr_carea' id='block_1_33' title="bbox 177 3268 1762 3357">
    <p class='ocr_par' dir='ltr' id='par_1_33' title="bbox 177 3268 1762 3357">
     <span class='ocr_line' id='line_1_33' title="bbox 177 3268 1762 3357; baseline 0 -15"><span class='ocrx_word' id='word_1_242' title='bbox 177 3270 520 3344; x_wconf 41' lang='lat' dir='ltr'><strong>mentis&#39;albis</strong></span> <span class='ocrx_word' id='word_1_243' title='bbox 535 3285 650 3356; x_wconf 80' lang='lat' dir='ltr'><strong>(Act</strong></span> <span class='ocrx_word' id='word_1_244' title='bbox 660 3285 708 3339; x_wconf 88' lang='grc'><strong>.1</strong></span> <span class='ocrx_word' id='word_1_245' title='bbox 721 3325 733 3339; x_wconf 95' lang='grc'><strong>.</strong></span> <span class='ocrx_word' id='word_1_246' title='bbox 743 3268 831 3357; x_wconf 83' lang='grc'><strong>10)</strong></span> <span class='ocrx_word' id='word_1_247' title='bbox 839 3268 954 3355; x_wconf 64' lang='lat' dir='ltr'><strong>,per</strong></span> <span class='ocrx_word' id='word_1_248' title='bbox 968 3284 1215 3339; x_wconf 84' lang='lat' dir='ltr'><strong>habitum</strong></span> <span class='ocrx_word' id='word_1_249' title='bbox 1229 3284 1471 3339; x_wconf 67' lang='lat' dir='ltr'><strong>laetitiam</strong></span> <span class='ocrx_word' id='word_1_250' title='bbox 1486 3284 1762 3342; x_wconf 85' lang='lat' dir='ltr'><strong>declaran-</strong></span> 
     </span>
    </p>
   </div>
   <div class='ocr_carea' id='block_1_34' title="bbox 177 3374 1763 3447">
    <p class='ocr_par' dir='ltr' id='par_1_34' title="bbox 177 3374 1763 3447">
     <span class='ocr_line' id='line_1_34' title="bbox 177 3374 1763 3447; baseline -0.001 -14"><span class='ocrx_word' id='word_1_251' title='bbox 177 3391 282 3436; x_wconf 87' lang='lat' dir='ltr'><strong>tes:</strong></span> <span class='ocrx_word' id='word_1_252' title='bbox 300 3378 623 3433; x_wconf 80' lang='lat' dir='ltr'><strong>etdixerunt</strong></span> <span class='ocrx_word' id='word_1_253' title='bbox 636 3376 698 3432; x_wconf 87' lang='lat' dir='ltr'><strong>ad</strong></span> <span class='ocrx_word' id='word_1_254' title='bbox 713 3376 1042 3446; x_wconf 77' lang='lat' dir='ltr'><strong>discipulos:</strong></span> <span class='ocrx_word' id='word_1_255' title='bbox 1062 3374 1172 3429; x_wconf 80' lang='lat' dir='ltr'><strong>Viri</strong></span> <span class='ocrx_word' id='word_1_256' title='bbox 1189 3374 1425 3440; x_wconf 59' lang='lat' dir='ltr'><strong>Galilei,</strong></span> <span class='ocrx_word' id='word_1_257' title='bbox 1439 3376 1564 3447; x_wconf 85' lang='lat' dir='ltr'><strong>quid</strong></span> <span class='ocrx_word' id='word_1_258' title='bbox 1577 3377 1763 3436; x_wconf 72' lang='lat' dir='ltr'><strong>statis?</strong></span> 
     </span>
    </p>
   </div>
   <div class='ocr_carea' id='block_1_35' title="bbox 173 3468 1759 3539">
    <p class='ocr_par' dir='ltr' id='par_1_35' title="bbox 173 3468 1759 3539">
     <span class='ocr_line' id='line_1_35' title="bbox 173 3468 1759 3539; baseline 0.001 -15"><span class='ocrx_word' id='word_1_259' title='bbox 173 3475 260 3526; x_wconf 81' lang='lat' dir='ltr'><strong>hic</strong></span> <span class='ocrx_word' id='word_1_260' title='bbox 270 3470 454 3535; x_wconf 73' lang='lat' dir='ltr'><strong>Iesus,</strong></span> <span class='ocrx_word' id='word_1_261' title='bbox 467 3469 556 3539; x_wconf 86' lang='lat' dir='ltr'><strong>qui</strong></span> <span class='ocrx_word' id='word_1_262' title='bbox 573 3479 874 3537; x_wconf 79' lang='lat' dir='ltr'><strong>assumptus</strong></span> <span class='ocrx_word' id='word_1_263' title='bbox 884 3478 960 3523; x_wconf 85' lang='lat' dir='ltr'><strong>est</strong></span> <span class='ocrx_word' id='word_1_264' title='bbox 979 3486 1012 3523; x_wconf 88' lang='lat' dir='ltr'><strong>a</strong></span> <span class='ocrx_word' id='word_1_265' title='bbox 1029 3469 1172 3523; x_wconf 84' lang='lat' dir='ltr'><strong>vobis</strong></span> <span class='ocrx_word' id='word_1_266' title='bbox 1184 3470 1240 3521; x_wconf 88' lang='lat' dir='ltr'><strong>in</strong></span> <span class='ocrx_word' id='word_1_267' title='bbox 1256 3470 1461 3532; x_wconf 67' lang='lat' dir='ltr'><strong>(telum,</strong></span> <span class='ocrx_word' id='word_1_268' title='bbox 1481 3468 1558 3521; x_wconf 84' lang='lat' dir='ltr'><strong>sic</strong></span> <span class='ocrx_word' id='word_1_269' title='bbox 1574 3470 1759 3535; x_wconf 75' lang='lat' dir='ltr'><strong>veniet,</strong></span> 
     </span>
    </p>
   </div>
   <div class='ocr_carea' id='block_1_36' title="bbox 172 3558 1759 3634">
    <p class='ocr_par' dir='ltr' id='par_1_36' title="bbox 172 3558 1759 3634">
     <span class='ocr_line' id='line_1_36' title="bbox 172 3558 1759 3634; baseline 0.002 -17"><span class='ocrx_word' id='word_1_270' title='bbox 172 3561 622 3634; x_wconf 82' lang='lat' dir='ltr'><strong>quemadmodum</strong></span> <span class='ocrx_word' id='word_1_271' title='bbox 637 3561 843 3614; x_wconf 84' lang='lat' dir='ltr'><strong>vidistis</strong></span> <span class='ocrx_word' id='word_1_272' title='bbox 855 3578 971 3614; x_wconf 79' lang='lat' dir='ltr'><strong>eum</strong></span> <span class='ocrx_word' id='word_1_273' title='bbox 985 3571 1194 3614; x_wconf 82' lang='lat' dir='ltr'><strong>euntem</strong></span> <span class='ocrx_word' id='word_1_274' title='bbox 1209 3561 1263 3613; x_wconf 88' lang='lat' dir='ltr'><strong>in</strong></span> <span class='ocrx_word' id='word_1_275' title='bbox 1275 3559 1460 3613; x_wconf 61' lang='lat' dir='ltr'><strong>caelum</strong></span> <span class='ocrx_word' id='word_1_276' title='bbox 1476 3558 1668 3630; x_wconf 73' lang='lat' dir='ltr'><strong>(Ib.v.l</strong></span> <span class='ocrx_word' id='word_1_277' title='bbox 1685 3560 1759 3634; x_wconf 81' lang='grc'><strong>1).</strong></span> 
     </span>
    </p>
   </div>
   <div class='ocr_carea' id='block_1_37' title="bbox 244 3651 1763 3722">
    <p class='ocr_par' dir='ltr' id='par_1_37' title="bbox 244 3651 1763 3722">
     <span class='ocr_line' id='line_1_37' title="bbox 244 3651 1763 3722; baseline -0.003 -13"><span class='ocrx_word' id='word_1_278' title='bbox 244 3656 280 3709; x_wconf 83' lang='grc'><strong>5</strong></span> <span class='ocrx_word' id='word_1_279' title='bbox 328 3652 439 3708; x_wconf 86' lang='lat' dir='ltr'><strong>Cur</strong></span> <span class='ocrx_word' id='word_1_280' title='bbox 462 3651 637 3722; x_wconf 80' lang='lat' dir='ltr'><strong>angeli</strong></span> <span class='ocrx_word' id='word_1_281' title='bbox 665 3653 718 3705; x_wconf 89' lang='lat' dir='ltr'><strong>in</strong></span> <span class='ocrx_word' id='word_1_282' title='bbox 747 3653 1052 3706; x_wconf 80' lang='lat' dir='ltr'><strong>ascensione</strong></span> <span class='ocrx_word' id='word_1_283' title='bbox 1087 3651 1300 3704; x_wconf 80' lang='lat' dir='ltr'><strong>Domini</strong></span> <span class='ocrx_word' id='word_1_284' title='bbox 1331 3652 1429 3705; x_wconf 87' lang='lat' dir='ltr'><strong>visi</strong></span> <span class='ocrx_word' id='word_1_285' title='bbox 1451 3652 1763 3720; x_wconf 73' lang='lat' dir='ltr'><strong>fuerint.—</strong></span> 
     </span>
    </p>
   </div>
   <div class='ocr_carea' id='block_1_38' title="bbox 176 3741 1760 3813">
    <p class='ocr_par' dir='ltr' id='par_1_38' title="bbox 176 3741 1760 3813">
     <span class='ocr_line' id='line_1_38' title="bbox 176 3741 1760 3813; baseline 0.001 -17"><span class='ocrx_word' id='word_1_286' title='bbox 176 3743 274 3799; x_wconf 85' lang='lat' dir='ltr'><strong>llie</strong></span> <span class='ocrx_word' id='word_1_287' title='bbox 294 3745 408 3813; x_wconf 87' lang='lat' dir='ltr'><strong>jam</strong></span> <span class='ocrx_word' id='word_1_288' title='bbox 427 3744 558 3798; x_wconf 86' lang='lat' dir='ltr'><strong>mihi</strong></span> <span class='ocrx_word' id='word_1_289' title='bbox 587 3743 871 3813; x_wconf 71' lang='lat' dir='ltr'><strong>diligenter</strong></span> <span class='ocrx_word' id='word_1_290' title='bbox 890 3743 1171 3799; x_wconf 86' lang='lat' dir='ltr'><strong>attendite.</strong></span> <span class='ocrx_word' id='word_1_291' title='bbox 1195 3741 1560 3809; x_wconf 82' lang='lat' dir='ltr'><strong>Quamobrem</strong></span> <span class='ocrx_word' id='word_1_292' title='bbox 1580 3742 1656 3797; x_wconf 81' lang='lat' dir='ltr'><strong>ita</strong></span> <span class='ocrx_word' id='word_1_293' title='bbox 1676 3741 1760 3798; x_wconf 84' lang='lat' dir='ltr'><strong>di-</strong></span> 
     </span>
    </p>
   </div>
   <div class='ocr_carea' id='block_1_39' title="bbox 174 3829 1758 3905">
    <p class='ocr_par' dir='ltr' id='par_1_39' title="bbox 174 3829 1758 3905">
     <span class='ocr_line' id='line_1_39' title="bbox 174 3829 1758 3905; baseline -0.001 -16"><span class='ocrx_word' id='word_1_294' title='bbox 174 3835 344 3890; x_wconf 84' lang='lat' dir='ltr'><strong>cunt?</strong></span> <span class='ocrx_word' id='word_1_295' title='bbox 358 3849 426 3887; x_wconf 90' lang='lat' dir='ltr'><strong>an</strong></span> <span class='ocrx_word' id='word_1_296' title='bbox 441 3835 583 3903; x_wconf 83' lang='lat' dir='ltr'><strong>quod</strong></span> <span class='ocrx_word' id='word_1_297' title='bbox 603 3836 792 3889; x_wconf 89' lang='lat' dir='ltr'><strong>oeulos</strong></span> <span class='ocrx_word' id='word_1_298' title='bbox 810 3851 916 3889; x_wconf 91' lang='lat' dir='ltr'><strong>non</strong></span> <span class='ocrx_word' id='word_1_299' title='bbox 935 3835 1195 3889; x_wconf 89' lang='lat' dir='ltr'><strong>haberent</strong></span> <span class='ocrx_word' id='word_1_300' title='bbox 1212 3829 1502 3903; x_wconf 73' lang='lat' dir='ltr'><strong>discipuli!</strong></span> <span class='ocrx_word' id='word_1_301' title='bbox 1515 3840 1611 3888; x_wconf 78' lang='lat' dir='ltr'><strong>aut</strong></span> <span class='ocrx_word' id='word_1_302' title='bbox 1627 3834 1758 3905; x_wconf 84' lang='lat' dir='ltr'><strong>quia</strong></span> 
     </span>
    </p>
   </div>
   <div class='ocr_carea' id='block_1_40' title="bbox 174 3922 1779 3993">
    <p class='ocr_par' dir='ltr' id='par_1_40' title="bbox 174 3922 1779 3993">
     <span class='ocr_line' id='line_1_40' title="bbox 174 3922 1779 3993; baseline 0.001 -15"><span class='ocrx_word' id='word_1_303' title='bbox 174 3923 320 3993; x_wconf 87' lang='lat' dir='ltr'><strong>quod</strong></span> <span class='ocrx_word' id='word_1_304' title='bbox 395 3922 700 3989; x_wconf 88' lang='lat' dir='ltr'><strong>acciderat,</strong></span> <span class='ocrx_word' id='word_1_305' title='bbox 758 3937 864 3977; x_wconf 88' lang='lat' dir='ltr'><strong>non</strong></span> <span class='ocrx_word' id='word_1_306' title='bbox 919 3922 1207 3979; x_wconf 81' lang='lat' dir='ltr'><strong>viderent?</strong></span> <span class='ocrx_word' id='word_1_307' title='bbox 1257 3938 1435 3979; x_wconf 87' lang='lat' dir='ltr'><strong>nonne</strong></span> <span class='ocrx_word' id='word_1_308' title='bbox 1478 3926 1548 3978; x_wconf 87' lang='lat' dir='ltr'><strong>ait</strong></span> <span class='ocrx_word' id='word_1_309' title='bbox 1618 3942 1779 3981; x_wconf 85' lang='lat' dir='ltr'><strong>evan-</strong></span> 
     </span>
    </p>
   </div>
   <div class='ocr_carea' id='block_1_41' title="bbox 173 4014 1782 4090">
    <p class='ocr_par' dir='ltr' id='par_1_41' title="bbox 173 4014 1782 4090">
     <span class='ocr_line' id='line_1_41' title="bbox 173 4014 1782 4090; baseline 0.004 -21"><span class='ocrx_word' id='word_1_310' title='bbox 173 4015 388 4086; x_wconf 83' lang='lat' dir='ltr'><strong>gelista,</strong></span> <span class='ocrx_word' id='word_1_311' title='bbox 417 4015 558 4085; x_wconf 89' lang='lat' dir='ltr'><strong>quod</strong></span> <span class='ocrx_word' id='word_1_312' title='bbox 586 4014 890 4070; x_wconf 84' lang='lat' dir='ltr'><strong>videntibus</strong></span> <span class='ocrx_word' id='word_1_313' title='bbox 915 4015 1046 4084; x_wconf 87' lang='lat' dir='ltr'><strong>ipsis</strong></span> <span class='ocrx_word' id='word_1_314' title='bbox 1066 4014 1307 4071; x_wconf 82' lang='lat' dir='ltr'><strong>elevatus</strong></span> <span class='ocrx_word' id='word_1_315' title='bbox 1338 4025 1419 4071; x_wconf 86' lang='lat' dir='ltr'><strong>est</strong></span> <span class='ocrx_word' id='word_1_316' title='bbox 1445 4017 1470 4070; x_wconf 74' lang='grc' dir='ltr'><strong><em>τ</em></strong></span> <span class='ocrx_word' id='word_1_317' title='bbox 1509 4015 1623 4085; x_wconf 80' lang='lat' dir='ltr'><strong>Qua</strong></span> <span class='ocrx_word' id='word_1_318' title='bbox 1653 4033 1782 4090; x_wconf 84' lang='lat' dir='ltr'><strong>ergo</strong></span> 
     </span>
    </p>
   </div>
   <div class='ocr_carea' id='block_1_42' title="bbox 173 4107 1783 4180">
    <p class='ocr_par' dir='ltr' id='par_1_42' title="bbox 173 4107 1783 4180">
     <span class='ocr_line' id='line_1_42' title="bbox 173 4107 1783 4180; baseline 0.001 -18"><span class='ocrx_word' id='word_1_319' title='bbox 173 4109 243 4163; x_wconf 92' lang='lat' dir='ltr'><strong>de</strong></span> <span class='ocrx_word' id='word_1_320' title='bbox 295 4122 456 4164; x_wconf 74' lang='lat' dir='ltr'><strong>causa</strong></span> <span class='ocrx_word' id='word_1_321' title='bbox 507 4107 856 4162; x_wconf 54' lang='lat' dir='ltr'><strong>assistebant.</strong></span> <span class='ocrx_word' id='word_1_322' title='bbox 880 4108 1057 4178; x_wconf 89' lang='lat' dir='ltr'><strong>angeli</strong></span> <span class='ocrx_word' id='word_1_323' title='bbox 1085 4107 1343 4163; x_wconf 87' lang='lat' dir='ltr'><strong>docentes</strong></span> <span class='ocrx_word' id='word_1_324' title='bbox 1375 4123 1502 4174; x_wconf 88' lang='lat' dir='ltr'><strong>eos,</strong></span> <span class='ocrx_word' id='word_1_325' title='bbox 1535 4113 1676 4180; x_wconf 87' lang='lat' dir='ltr'><strong>quod</strong></span> <span class='ocrx_word' id='word_1_326' title='bbox 1729 4112 1783 4164; x_wconf 89' lang='lat' dir='ltr'><strong>in</strong></span> 
     </span>
    </p>
   </div>
   <div class='ocr_carea' id='block_1_43' title="bbox 175 4201 1785 4273">
    <p class='ocr_par' dir='ltr' id='par_1_43' title="bbox 175 4201 1785 4273">
     <span class='ocr_line' id='line_1_43' title="bbox 175 4201 1785 4273; baseline 0 -16"><span class='ocrx_word' id='word_1_327' title='bbox 175 4203 370 4257; x_wconf 71' lang='lat' dir='ltr'><strong>cadum</strong></span> <span class='ocrx_word' id='word_1_328' title='bbox 393 4201 770 4258; x_wconf 75' lang='lat' dir='ltr'><strong>ascendisset?</strong></span> <span class='ocrx_word' id='word_1_329' title='bbox 795 4202 1022 4273; x_wconf 86' lang='lat' dir='ltr'><strong>Propter</strong></span> <span class='ocrx_word' id='word_1_330' title='bbox 1052 4202 1184 4256; x_wconf 91' lang='lat' dir='ltr'><strong>duas</strong></span> <span class='ocrx_word' id='word_1_331' title='bbox 1214 4201 1464 4255; x_wconf 89' lang='lat' dir='ltr'><strong>nimirum</strong></span> <span class='ocrx_word' id='word_1_332' title='bbox 1498 4201 1629 4257; x_wconf 82' lang='lat' dir='ltr'><strong>istas</strong></span> <span class='ocrx_word' id='word_1_333' title='bbox 1652 4218 1785 4256; x_wconf 89' lang='lat' dir='ltr'><strong>cau-</strong></span> 
     </span>
    </p>
   </div>
   <div class='ocr_carea' id='block_1_44' title="bbox 181 4293 1787 4365">
    <p class='ocr_par' dir='ltr' id='par_1_44' title="bbox 181 4293 1787 4365">
     <span class='ocr_line' id='line_1_44' title="bbox 181 4293 1787 4365; baseline 0 -14"><span class='ocrx_word' id='word_1_334' title='bbox 181 4309 272 4351; x_wconf 84' lang='lat' dir='ltr'><strong>sas</strong></span> <span class='ocrx_word' id='word_1_335' title='bbox 306 4311 320 4347; x_wconf 91' lang='lat'><strong>:</strong></span> <span class='ocrx_word' id='word_1_336' title='bbox 352 4309 516 4350; x_wconf 89' lang='lat' dir='ltr'><strong>unam</strong></span> <span class='ocrx_word' id='word_1_337' title='bbox 546 4295 764 4365; x_wconf 88' lang='lat' dir='ltr'><strong>quidem</strong></span> <span class='ocrx_word' id='word_1_338' title='bbox 790 4295 933 4365; x_wconf 84' lang='lat' dir='ltr'><strong>quod</strong></span> <span class='ocrx_word' id='word_1_339' title='bbox 963 4295 1210 4350; x_wconf 89' lang='lat' dir='ltr'><strong>dolerent</strong></span> <span class='ocrx_word' id='word_1_340' title='bbox 1255 4295 1331 4348; x_wconf 87' lang='lat' dir='ltr'><strong>illi</strong></span> <span class='ocrx_word' id='word_1_341' title='bbox 1376 4297 1444 4349; x_wconf 89' lang='lat' dir='ltr'><strong>oh</strong></span> <span class='ocrx_word' id='word_1_342' title='bbox 1472 4293 1671 4350; x_wconf 62' lang='lat' dir='ltr'><strong>Christi</strong></span> <span class='ocrx_word' id='word_1_343' title='bbox 1719 4297 1787 4351; x_wconf 90' lang='lat' dir='ltr'><strong>ab</strong></span> 
     </span>
    </p>
   </div>
   <div class='ocr_carea' id='block_1_45' title="bbox 176 4385 1784 4457">
    <p class='ocr_par' dir='ltr' id='par_1_45' title="bbox 176 4385 1784 4457">
     <span class='ocr_line' id='line_1_45' title="bbox 176 4385 1784 4457; baseline 0.001 -17"><span class='ocrx_word' id='word_1_344' title='bbox 176 4387 306 4456; x_wconf 84' lang='lat' dir='ltr'><strong>ipsis</strong></span> <span class='ocrx_word' id='word_1_345' title='bbox 333 4387 722 4441; x_wconf 86' lang='lat' dir='ltr'><strong>discessionem</strong></span> <span class='ocrx_word' id='word_1_346' title='bbox 751 4385 927 4455; x_wconf 81' lang='lat' dir='ltr'><strong>:and</strong></span> <span class='ocrx_word' id='word_1_347' title='bbox 953 4395 1130 4441; x_wconf 90' lang='lat' dir='ltr'><strong>autem</strong></span> <span class='ocrx_word' id='word_1_348' title='bbox 1161 4387 1406 4441; x_wconf 86' lang='lat' dir='ltr'><strong>dolerent</strong></span> <span class='ocrx_word' id='word_1_349' title='bbox 1437 4429 1451 4452; x_wconf 95' lang='lat'><strong>,</strong></span> <span class='ocrx_word' id='word_1_350' title='bbox 1484 4387 1607 4441; x_wconf 88' lang='lat' dir='ltr'><strong>audi</strong></span> <span class='ocrx_word' id='word_1_351' title='bbox 1658 4388 1784 4457; x_wconf 86' lang='lat' dir='ltr'><strong>quid</strong></span> 
     </span>
    </p>
   </div>
   <div class='ocr_carea' id='block_1_46' title="bbox 174 4477 1786 4551">
    <p class='ocr_par' dir='ltr' id='par_1_46' title="bbox 174 4477 1786 4551">
     <span class='ocr_line' id='line_1_46' title="bbox 174 4477 1786 4551; baseline 0.002 -19"><span class='ocrx_word' id='word_1_352' title='bbox 174 4479 242 4534; x_wconf 91' lang='lat' dir='ltr'><strong>ad</strong></span> <span class='ocrx_word' id='word_1_353' title='bbox 264 4494 361 4534; x_wconf 89' lang='lat' dir='ltr'><strong>eos</strong></span> <span class='ocrx_word' id='word_1_354' title='bbox 380 4479 556 4534; x_wconf 86' lang='lat' dir='ltr'><strong>dicat:</strong></span> <span class='ocrx_word' id='word_1_355' title='bbox 583 4477 635 4533; x_wconf 84' lang='grc' dir='ltr'><em>Ν</em></span> <span class='ocrx_word' id='word_1_356' title='bbox 641 4495 751 4534; x_wconf 85' lang='lat' dir='ltr'><strong>cata</strong></span> <span class='ocrx_word' id='word_1_357' title='bbox 781 4496 844 4534; x_wconf 75' lang='lat' dir='ltr'><strong>ea:</strong></span> <span class='ocrx_word' id='word_1_358' title='bbox 864 4481 1019 4546; x_wconf 84' lang='lat' dir='ltr'><strong>vobis,</strong></span> <span class='ocrx_word' id='word_1_359' title='bbox 1036 4481 1229 4549; x_wconf 88' lang='lat' dir='ltr'><strong>inquit,</strong></span> <span class='ocrx_word' id='word_1_360' title='bbox 1249 4483 1524 4551; x_wconf 84' lang='lat' dir='ltr'><strong>interrogat</strong></span> <span class='ocrx_word' id='word_1_361' title='bbox 1547 4498 1645 4543; x_wconf 84' lang='lat' dir='ltr'><strong>me,</strong></span> <span class='ocrx_word' id='word_1_362' title='bbox 1673 4481 1786 4548; x_wconf 81' lang='lat' dir='ltr'><strong>Quo</strong></span> 
     </span>
    </p>
   </div>
   <div class='ocr_carea' id='block_1_47' title="bbox 174 4571 1786 4644">
    <p class='ocr_par' dir='ltr' id='par_1_47' title="bbox 174 4571 1786 4644">
     <span class='ocr_line' id='line_1_47' title="bbox 174 4571 1786 4644; baseline 0.001 -18"><span class='ocrx_word' id='word_1_363' title='bbox 174 4573 321 4627; x_wconf 79' lang='lat' dir='ltr'><strong>vadis</strong></span> <span class='ocrx_word' id='word_1_364' title='bbox 337 4573 362 4625; x_wconf 77' lang='lat'><strong>.’</strong></span> <span class='ocrx_word' id='word_1_365' title='bbox 381 4580 473 4628; x_wconf 87' lang='lat' dir='ltr'><strong>sed</strong></span> <span class='ocrx_word' id='word_1_366' title='bbox 491 4574 610 4643; x_wconf 85' lang='lat' dir='ltr'><strong>quia</strong></span> <span class='ocrx_word' id='word_1_367' title='bbox 639 4573 747 4627; x_wconf 83' lang='lat' dir='ltr'><strong>Ita&#39;c</strong></span> <span class='ocrx_word' id='word_1_368' title='bbox 769 4571 1004 4644; x_wconf 79' lang='lat' dir='ltr'><strong>loquutus</strong></span> <span class='ocrx_word' id='word_1_369' title='bbox 1029 4589 1143 4626; x_wconf 80' lang='lat' dir='ltr'><strong>sunt</strong></span> <span class='ocrx_word' id='word_1_370' title='bbox 1173 4572 1328 4636; x_wconf 86' lang='lat' dir='ltr'><strong>vobis,</strong></span> <span class='ocrx_word' id='word_1_371' title='bbox 1342 4574 1546 4627; x_wconf 74' lang='lat' dir='ltr'><strong>tristitia</strong></span> <span class='ocrx_word' id='word_1_372' title='bbox 1563 4574 1786 4643; x_wconf 80' lang='lat' dir='ltr'><strong>implerit</strong></span> 
     </span>
    </p>
   </div>
   <div class='ocr_carea' id='block_1_48' title="bbox 175 4661 1784 4736">
    <p class='ocr_par' dir='ltr' id='par_1_48' title="bbox 175 4661 1784 4736">
     <span class='ocr_line' id='line_1_48' title="bbox 175 4661 1784 4736; baseline 0.001 -19"><span class='ocrx_word' id='word_1_373' title='bbox 175 4681 264 4717; x_wconf 82' lang='lat' dir='ltr'><strong>cor</strong></span> <span class='ocrx_word' id='word_1_374' title='bbox 287 4674 510 4718; x_wconf 79' lang='lat' dir='ltr'><strong>vestrum</strong></span> <span class='ocrx_word' id='word_1_375' title='bbox 536 4662 717 4734; x_wconf 85' lang='lat' dir='ltr'><strong>(Joan.</strong></span> <span class='ocrx_word' id='word_1_376' title='bbox 749 4664 838 4719; x_wconf 78' lang='grc'><strong>16.</strong></span> <span class='ocrx_word' id='word_1_377' title='bbox 868 4664 920 4718; x_wconf 89' lang='grc'><strong>5.</strong></span> <span class='ocrx_word' id='word_1_378' title='bbox 946 4663 1023 4736; x_wconf 85' lang='lat'><strong>6).</strong></span> <span class='ocrx_word' id='word_1_379' title='bbox 1056 4661 1189 4718; x_wconf 75' lang='lat' dir='ltr'><strong>Nam</strong></span> <span class='ocrx_word' id='word_1_380' title='bbox 1232 4663 1277 4717; x_wconf 86' lang='lat' dir='ltr'><strong>si</strong></span> <span class='ocrx_word' id='word_1_381' title='bbox 1308 4665 1512 4720; x_wconf 82' lang='lat' dir='ltr'><strong>amicns</strong></span> <span class='ocrx_word' id='word_1_382' title='bbox 1557 4675 1611 4719; x_wconf 86' lang='lat' dir='ltr'><strong>et</strong></span> <span class='ocrx_word' id='word_1_383' title='bbox 1654 4680 1784 4720; x_wconf 89' lang='lat' dir='ltr'><strong>con-</strong></span> 
     </span>
    </p>
   </div>
   <div class='ocr_carea' id='block_1_49' title="bbox 176 4753 1782 4828">
    <p class='ocr_par' dir='ltr' id='par_1_49' title="bbox 176 4753 1782 4828">
     <span class='ocr_line' id='line_1_49' title="bbox 176 4753 1782 4828; baseline 0.001 -19"><span class='ocrx_word' id='word_1_384' title='bbox 176 4753 507 4828; x_wconf 80' lang='lat' dir='ltr'><strong>sanguineos</strong></span> <span class='ocrx_word' id='word_1_385' title='bbox 554 4765 772 4811; x_wconf 90' lang='lat' dir='ltr'><strong>nostros</strong></span> <span class='ocrx_word' id='word_1_386' title='bbox 810 4754 1052 4825; x_wconf 86' lang='lat' dir='ltr'><strong>separari</strong></span> <span class='ocrx_word' id='word_1_387' title='bbox 1098 4770 1126 4807; x_wconf 93' lang='lat' dir='ltr'><strong>a</strong></span> <span class='ocrx_word' id='word_1_388' title='bbox 1175 4754 1331 4809; x_wconf 89' lang='lat' dir='ltr'><strong>nobis</strong></span> <span class='ocrx_word' id='word_1_389' title='bbox 1353 4769 1484 4808; x_wconf 73' lang='lat' dir='ltr'><strong>mou</strong></span> <span class='ocrx_word' id='word_1_390' title='bbox 1537 4755 1782 4822; x_wconf 89' lang='lat' dir='ltr'><strong>ferimus,</strong></span> 
     </span>
    </p>
   </div>
   <div class='ocr_carea' id='block_1_50' title="bbox 177 4845 1786 4917">
    <p class='ocr_par' dir='ltr' id='par_1_50' title="bbox 177 4845 1786 4917">
     <span class='ocr_line' id='line_1_50' title="bbox 177 4845 1786 4917; baseline 0.001 -18"><span class='ocrx_word' id='word_1_391' title='bbox 177 4845 456 4916; x_wconf 85' lang='lat' dir='ltr'><strong>quomodo</strong></span> <span class='ocrx_word' id='word_1_392' title='bbox 478 4846 726 4917; x_wconf 86' lang='lat' dir='ltr'><strong>discipuli</strong></span> <span class='ocrx_word' id='word_1_393' title='bbox 757 4861 911 4900; x_wconf 90' lang='lat' dir='ltr'><strong>sumn</strong></span> <span class='ocrx_word' id='word_1_394' title='bbox 939 4847 1008 4901; x_wconf 88' lang='lat' dir='ltr'><strong>ab</strong></span> <span class='ocrx_word' id='word_1_395' title='bbox 1050 4846 1179 4916; x_wconf 88' lang='lat' dir='ltr'><strong>ipsis</strong></span> <span class='ocrx_word' id='word_1_396' title='bbox 1234 4847 1472 4915; x_wconf 87' lang='lat' dir='ltr'><strong>separari</strong></span> <span class='ocrx_word' id='word_1_397' title='bbox 1503 4856 1786 4901; x_wconf 88' lang='lat' dir='ltr'><strong>cernentes</strong></span> 
     </span>
    </p>
   </div>
   <div class='ocr_carea' id='block_1_51' title="bbox 177 4939 1781 5010">
    <p class='ocr_par' dir='ltr' id='par_1_51' title="bbox 177 4939 1781 5010">
     <span class='ocr_line' id='line_1_51' title="bbox 177 4939 1781 5010; baseline 0.001 -18"><span class='ocrx_word' id='word_1_398' title='bbox 177 4939 538 5004; x_wconf 66' lang='lat' dir='ltr'><strong>Salvatorcm,</strong></span> <span class='ocrx_word' id='word_1_399' title='bbox 562 4941 895 5010; x_wconf 88' lang='lat' dir='ltr'><strong>magistrum,</strong></span> <span class='ocrx_word' id='word_1_400' title='bbox 911 4954 972 4992; x_wconf 91' lang='lat' dir='ltr'><strong>ac</strong></span> <span class='ocrx_word' id='word_1_401' title='bbox 989 4949 1291 4993; x_wconf 80' lang='lat' dir='ltr'><strong>curatorem</strong></span> <span class='ocrx_word' id='word_1_402' title='bbox 1320 4939 1781 5008; x_wconf 56' lang='lat' dir='ltr'><strong>benignissimum,</strong></span> 
     </span>
    </p>
   </div>
   <div class='ocr_carea' id='block_1_52' title="bbox 179 5021 1821 5100">
    <p class='ocr_par' dir='ltr' id='par_1_52' title="bbox 179 5021 1821 5100">
     <span class='ocr_line' id='line_1_52' title="bbox 179 5021 1821 5100; baseline 0.002 -18"><span class='ocrx_word' id='word_1_403' title='bbox 179 5030 670 5084; x_wconf 74' lang='lat' dir='ltr'><strong>mansuetissimam</strong></span> <span class='ocrx_word' id='word_1_404' title='bbox 714 5039 769 5085; x_wconf 89' lang='lat' dir='ltr'><strong>et</strong></span> <span class='ocrx_word' id='word_1_405' title='bbox 819 5031 1110 5100; x_wconf 86' lang='lat' dir='ltr'><strong>Optimum,</strong></span> <span class='ocrx_word' id='word_1_406' title='bbox 1145 5032 1302 5098; x_wconf 86' lang='lat' dir='ltr'><strong>plane</strong></span> <span class='ocrx_word' id='word_1_407' title='bbox 1342 5046 1448 5086; x_wconf 86' lang='lat' dir='ltr'><strong>non</strong></span> <span class='ocrx_word' id='word_1_408' title='bbox 1493 5031 1739 5088; x_wconf 83' lang='lat' dir='ltr'><strong>dolerent</strong></span> <span class='ocrx_word' id='word_1_409' title='bbox 1762 5021 1821 5086; x_wconf 54' lang='grc' dir='ltr'><em>Γ</em></span> 
     </span>
    </p>
   </div>
   <div class='ocr_carea' id='block_1_53' title="bbox 178 5119 1782 5193">
    <p class='ocr_par' dir='ltr' id='par_1_53' title="bbox 178 5119 1782 5193">
     <span class='ocr_line' id='line_1_53' title="bbox 178 5119 1782 5193; baseline 0.003 -21"><span class='ocrx_word' id='word_1_410' title='bbox 178 5119 450 5190; x_wconf 86' lang='lat' dir='ltr'><strong>quomodo</strong></span> <span class='ocrx_word' id='word_1_411' title='bbox 471 5134 581 5174; x_wconf 83' lang='lat' dir='ltr'><strong>non</strong></span> <span class='ocrx_word' id='word_1_412' title='bbox 610 5121 1060 5183; x_wconf 82' lang='lat' dir='ltr'><strong>contristarentttr</strong></span> <span class='ocrx_word' id='word_1_413' title='bbox 1075 5123 1100 5174; x_wconf 78' lang='lat' dir='ltr'><strong>‘l</strong></span> <span class='ocrx_word' id='word_1_414' title='bbox 1119 5119 1324 5176; x_wconf 85' lang='lat' dir='ltr'><strong>Idcirco</strong></span> <span class='ocrx_word' id='word_1_415' title='bbox 1347 5122 1517 5177; x_wconf 87' lang='lat' dir='ltr'><strong>astitit</strong></span> <span class='ocrx_word' id='word_1_416' title='bbox 1541 5123 1782 5193; x_wconf 75' lang='lat' dir='ltr'><strong>angelus,</strong></span> 
     </span>
    </p>
   </div>
   <div class='ocr_carea' id='block_1_54' title="bbox 173 5213 1784 5284">
    <p class='ocr_par' dir='ltr' id='par_1_54' title="bbox 173 5213 1784 5284">
     <span class='ocr_line' id='line_1_54' title="bbox 173 5213 1784 5284; baseline 0.003 -22"><span class='ocrx_word' id='word_1_417' title='bbox 173 5214 263 5284; x_wconf 77' lang='grc' dir='ltr'><strong>(ιιιί</strong></span> <span class='ocrx_word' id='word_1_418' title='bbox 311 5213 556 5268; x_wconf 68' lang='lat' dir='ltr'><strong>dolorem</strong></span> <span class='ocrx_word' id='word_1_419' title='bbox 585 5228 650 5269; x_wconf 77' lang='lat' dir='ltr'><strong>ex</strong></span> <span class='ocrx_word' id='word_1_420' title='bbox 682 5228 907 5268; x_wconf 86' lang='lat' dir='ltr'><strong>ascensu</strong></span> <span class='ocrx_word' id='word_1_421' title='bbox 933 5215 1336 5284; x_wconf 82' lang='lat' dir='ltr'><strong>provenietttem</strong></span> <span class='ocrx_word' id='word_1_422' title='bbox 1389 5213 1596 5268; x_wconf 90' lang='lat' dir='ltr'><strong>reditus</strong></span> <span class='ocrx_word' id='word_1_423' title='bbox 1632 5229 1784 5269; x_wconf 86' lang='lat' dir='ltr'><strong>com-</strong></span> 
     </span>
    </p>
   </div>
   <div class='ocr_carea' id='block_1_55' title="bbox 177 5305 1787 5376">
    <p class='ocr_par' dir='ltr' id='par_1_55' title="bbox 177 5305 1787 5376">
     <span class='ocr_line' id='line_1_55' title="bbox 177 5305 1787 5376; baseline 0.002 -18"><span class='ocrx_word' id='word_1_424' title='bbox 177 5306 576 5359; x_wconf 84' lang='lat' dir='ltr'><strong>memoratione</strong></span> <span class='ocrx_word' id='word_1_425' title='bbox 650 5306 842 5359; x_wconf 90' lang='lat' dir='ltr'><strong>iterum</strong></span> <span class='ocrx_word' id='word_1_426' title='bbox 921 5306 1234 5374; x_wconf 81' lang='lat' dir='ltr'><strong>mitigaret,</strong></span> <span class='ocrx_word' id='word_1_427' title='bbox 1311 5305 1787 5376; x_wconf 84' lang='lat' dir='ltr'><strong>consolareturque</strong></span> 
     </span>
    </p>
   </div>
   <div class='ocr_carea' id='block_1_56' title="bbox 179 5394 1786 5468">
    <p class='ocr_par' dir='ltr' id='par_1_56' title="bbox 179 5394 1786 5468">
     <span class='ocr_line' id='line_1_56' title="bbox 179 5394 1786 5468; baseline 0.002 -19"><span class='ocrx_word' id='word_1_428' title='bbox 179 5398 350 5468; x_wconf 81' lang='lat' dir='ltr'><strong>ipsos.</strong></span> <span class='ocrx_word' id='word_1_429' title='bbox 383 5394 484 5449; x_wconf 81' lang='lat' dir='ltr'><strong>llic</strong></span> <span class='ocrx_word' id='word_1_430' title='bbox 509 5397 656 5450; x_wconf 91' lang='lat' dir='ltr'><strong>enim</strong></span> <span class='ocrx_word' id='word_1_431' title='bbox 671 5395 850 5463; x_wconf 77' lang='lat' dir='ltr'><strong>Jesus,</strong></span> <span class='ocrx_word' id='word_1_432' title='bbox 874 5397 968 5460; x_wconf 90' lang='lat' dir='ltr'><strong>ait,</strong></span> <span class='ocrx_word' id='word_1_433' title='bbox 989 5397 1076 5466; x_wconf 86' lang='lat' dir='ltr'><strong>qui</strong></span> <span class='ocrx_word' id='word_1_434' title='bbox 1101 5405 1394 5466; x_wconf 72' lang='lat' dir='ltr'><strong>assumptus</strong></span> <span class='ocrx_word' id='word_1_435' title='bbox 1417 5408 1491 5451; x_wconf 85' lang='lat' dir='ltr'><strong>est</strong></span> <span class='ocrx_word' id='word_1_436' title='bbox 1511 5413 1542 5450; x_wconf 82' lang='grc' dir='ltr'><em>α</em></span> <span class='ocrx_word' id='word_1_437' title='bbox 1568 5397 1704 5453; x_wconf 76' lang='lat' dir='ltr'><strong>vabts</strong></span> <span class='ocrx_word' id='word_1_438' title='bbox 1733 5401 1786 5453; x_wconf 90' lang='lat' dir='ltr'><strong>in</strong></span> 
     </span>
    </p>
   </div>
   <div class='ocr_carea' id='block_1_57' title="bbox 176 5487 1788 5562">
    <p class='ocr_par' dir='ltr' id='par_1_57' title="bbox 176 5487 1788 5562">
     <span class='ocr_line' id='line_1_57' title="bbox 176 5487 1788 5562; baseline 0.002 -20"><span class='ocrx_word' id='word_1_439' title='bbox 176 5491 360 5542; x_wconf 74' lang='lat' dir='ltr'><strong>cazlum</strong></span> <span class='ocrx_word' id='word_1_440' title='bbox 383 5529 401 5556; x_wconf 92' lang='lat'><strong>,</strong></span> <span class='ocrx_word' id='word_1_441' title='bbox 429 5489 504 5543; x_wconf 86' lang='lat' dir='ltr'><strong>sic</strong></span> <span class='ocrx_word' id='word_1_442' title='bbox 534 5489 694 5543; x_wconf 78' lang='lat' dir='ltr'><strong>veniet</strong></span> <span class='ocrx_word' id='word_1_443' title='bbox 725 5487 860 5560; x_wconf 78' lang='lat' dir='ltr'><strong>(Act.</strong></span> <span class='ocrx_word' id='word_1_444' title='bbox 915 5491 966 5545; x_wconf 91' lang='grc'><strong>1.</strong></span> <span class='ocrx_word' id='word_1_445' title='bbox 997 5489 1105 5558; x_wconf 89' lang='grc'><strong>11).</strong></span> <span class='ocrx_word' id='word_1_446' title='bbox 1158 5489 1412 5544; x_wconf 89' lang='lat' dir='ltr'><strong>Doluistis</strong></span> <span class='ocrx_word' id='word_1_447' title='bbox 1447 5531 1462 5555; x_wconf 93' lang='lat'><strong>,</strong></span> <span class='ocrx_word' id='word_1_448' title='bbox 1497 5491 1688 5562; x_wconf 83' lang='lat' dir='ltr'><strong>inquit,</strong></span> <span class='ocrx_word' id='word_1_449' title='bbox 1718 5491 1788 5546; x_wconf 88' lang='lat' dir='ltr'><strong>de</strong></span> 
     </span>
    </p>
   </div>
   <div class='ocr_carea' id='block_1_58' title="bbox 176 5580 1786 5653">
    <p class='ocr_par' dir='ltr' id='par_1_58' title="bbox 176 5580 1786 5653">
     <span class='ocr_line' id='line_1_58' title="bbox 176 5580 1786 5653; baseline 0.001 -17"><span class='ocrx_word' id='word_1_450' title='bbox 176 5582 549 5652; x_wconf 65' lang='lat' dir='ltr'><strong>assumptione</strong></span> <span class='ocrx_word' id='word_1_451' title='bbox 569 5581 771 5653; x_wconf 80' lang='lat' dir='ltr'><strong>ipsius?</strong></span> <span class='ocrx_word' id='word_1_452' title='bbox 786 5580 892 5637; x_wconf 79' lang='lat' dir='ltr'><strong>Sed</strong></span> <span class='ocrx_word' id='word_1_453' title='bbox 917 5582 1080 5636; x_wconf 81' lang='lat' dir='ltr'><strong>nolite</strong></span> <span class='ocrx_word' id='word_1_454' title='bbox 1102 5583 1332 5652; x_wconf 88' lang='lat' dir='ltr'><strong>amplius</strong></span> <span class='ocrx_word' id='word_1_455' title='bbox 1348 5583 1562 5650; x_wconf 89' lang='lat' dir='ltr'><strong>dolere;</strong></span> <span class='ocrx_word' id='word_1_456' title='bbox 1585 5585 1786 5640; x_wconf 89' lang='lat' dir='ltr'><strong>etenim</strong></span> 
     </span>
    </p>
   </div>
   <div class='ocr_carea' id='block_1_59' title="bbox 180 5669 1782 5745">
    <p class='ocr_par' dir='ltr' id='par_1_59' title="bbox 180 5669 1782 5745">
     <span class='ocr_line' id='line_1_59' title="bbox 180 5669 1782 5745; baseline 0.001 -17"><span class='ocrx_word' id='word_1_457' title='bbox 180 5685 366 5728; x_wconf 84' lang='lat' dir='ltr'><strong>rursus</strong></span> <span class='ocrx_word' id='word_1_458' title='bbox 394 5671 594 5726; x_wconf 86' lang='lat' dir='ltr'><strong>veniet.</strong></span> <span class='ocrx_word' id='word_1_459' title='bbox 627 5669 760 5726; x_wconf 78' lang='lat' dir='ltr'><strong>Nam</strong></span> <span class='ocrx_word' id='word_1_460' title='bbox 787 5681 845 5726; x_wconf 90' lang='lat' dir='ltr'><strong>ut</strong></span> <span class='ocrx_word' id='word_1_461' title='bbox 869 5687 936 5728; x_wconf 90' lang='lat' dir='ltr'><strong>ne</strong></span> <span class='ocrx_word' id='word_1_462' title='bbox 964 5671 1203 5728; x_wconf 81' lang='lat' dir='ltr'><strong>iacerent</strong></span> <span class='ocrx_word' id='word_1_463' title='bbox 1227 5673 1371 5745; x_wconf 90' lang='lat' dir='ltr'><strong>quod</strong></span> <span class='ocrx_word' id='word_1_464' title='bbox 1397 5676 1508 5745; x_wconf 77' lang='lat' dir='ltr'><strong>egit</strong></span> <span class='ocrx_word' id='word_1_465' title='bbox 1536 5675 1782 5741; x_wconf 68' lang='lat' dir='ltr'><strong>Elismus,</strong></span> 
     </span>
    </p>
   </div>
   <div class='ocr_carea' id='block_1_60' title="bbox 167 5763 1786 5835">
    <p class='ocr_par' dir='ltr' id='par_1_60' title="bbox 167 5763 1786 5835">
     <span class='ocr_line' id='line_1_60' title="bbox 167 5763 1786 5835; baseline 0.004 -19"><span class='ocrx_word' id='word_1_466' title='bbox 167 5763 446 5832; x_wconf 82' lang='lat' dir='ltr'><strong>aspiciens</strong></span> <span class='ocrx_word' id='word_1_467' title='bbox 473 5764 783 5834; x_wconf 83' lang='lat' dir='ltr'><strong>magistrum</strong></span> <span class='ocrx_word' id='word_1_468' title='bbox 809 5779 967 5820; x_wconf 90' lang='lat' dir='ltr'><strong>suum</strong></span> <span class='ocrx_word' id='word_1_469' title='bbox 1009 5766 1232 5831; x_wconf 88' lang='lat' dir='ltr'><strong>assumi,</strong></span> <span class='ocrx_word' id='word_1_470' title='bbox 1265 5768 1353 5835; x_wconf 89' lang='lat' dir='ltr'><strong>qui</strong></span> <span class='ocrx_word' id='word_1_471' title='bbox 1381 5767 1595 5823; x_wconf 73' lang='lat' dir='ltr'><strong>di.~cidit</strong></span> <span class='ocrx_word' id='word_1_472' title='bbox 1623 5769 1786 5823; x_wconf 86' lang='lat' dir='ltr'><strong>vesti-</strong></span> 
     </span>
    </p>
   </div>
   <div class='ocr_carea' id='block_1_61' title="bbox 182 5854 1786 5932">
    <p class='ocr_par' dir='ltr' id='par_1_61' title="bbox 182 5854 1786 5932">
     <span class='ocr_line' id='line_1_61' title="bbox 182 5854 1786 5932; baseline 0.006 -24"><span class='ocrx_word' id='word_1_473' title='bbox 182 5865 419 5912; x_wconf 82' lang='lat' dir='ltr'><strong>mentum</strong></span> <span class='ocrx_word' id='word_1_474' title='bbox 454 5856 472 5927; x_wconf 86' lang='lat'><strong>(</strong></span> <span class='ocrx_word' id='word_1_475' title='bbox 501 5855 549 5911; x_wconf 72' lang='grc' dir='ltr'><strong>ι.</strong></span> <span class='ocrx_word' id='word_1_476' title='bbox 609 5854 733 5927; x_wconf 77' lang='lat' dir='ltr'><strong>lieg.</strong></span> <span class='ocrx_word' id='word_1_477' title='bbox 759 5856 840 5930; x_wconf 62' lang='grc' dir='ltr'><strong>Ξ)</strong></span> <span class='ocrx_word' id='word_1_478' title='bbox 871 5874 884 5912; x_wconf 89' lang='lat'><strong>:</strong></span> <span class='ocrx_word' id='word_1_479' title='bbox 917 5873 1024 5914; x_wconf 87' lang='lat' dir='ltr'><strong>non</strong></span> <span class='ocrx_word' id='word_1_480' title='bbox 1077 5859 1221 5916; x_wconf 87' lang='lat' dir='ltr'><strong>enim</strong></span> <span class='ocrx_word' id='word_1_481' title='bbox 1269 5859 1499 5916; x_wconf 85' lang='lat' dir='ltr'><strong>habebat</strong></span> <span class='ocrx_word' id='word_1_482' title='bbox 1553 5862 1786 5932; x_wconf 81' lang='lat' dir='ltr'><strong>aliquem</strong></span> 
     </span>
    </p>
   </div>
   <div class='ocr_carea' id='block_1_62' title="bbox 1885 516 3488 592">
    <p class='ocr_par' dir='ltr' id='par_1_62' title="bbox 1885 516 3488 592">
     <span class='ocr_line' id='line_1_62' title="bbox 1885 516 3488 592; baseline -0.006 -12"><span class='ocrx_word' id='word_1_483' title='bbox 1885 524 2190 580; x_wconf 81' lang='lat' dir='ltr'><strong>adstantem</strong></span> <span class='ocrx_word' id='word_1_484' title='bbox 2211 523 2310 579; x_wconf 88' lang='lat' dir='ltr'><strong>sibi</strong></span> <span class='ocrx_word' id='word_1_485' title='bbox 2332 533 2490 592; x_wconf 83' lang='lat' dir='ltr'><strong>atque</strong></span> <span class='ocrx_word' id='word_1_486' title='bbox 2520 521 2790 575; x_wconf 85' lang='lat' dir='ltr'><strong>dicentem</strong></span> <span class='ocrx_word' id='word_1_487' title='bbox 2817 516 2960 588; x_wconf 86' lang='lat' dir='ltr'><strong>quod</strong></span> <span class='ocrx_word' id='word_1_488' title='bbox 2993 518 3186 573; x_wconf 88' lang='lat' dir='ltr'><strong>iterum</strong></span> <span class='ocrx_word' id='word_1_489' title='bbox 3230 527 3488 572; x_wconf 85' lang='lat' dir='ltr'><strong>venturus</strong></span> 
     </span>
    </p>
   </div>
   <div class='ocr_carea' id='block_1_63' title="bbox 1879 603 3496 684">
    <p class='ocr_par' dir='ltr' id='par_1_63' title="bbox 1879 603 3496 684">
     <span class='ocr_line' id='line_1_63' title="bbox 1879 603 3496 684; baseline -0.007 -13"><span class='ocrx_word' id='word_1_490' title='bbox 1879 625 2026 671; x_wconf 88' lang='lat' dir='ltr'><strong>esset</strong></span> <span class='ocrx_word' id='word_1_491' title='bbox 2055 614 2275 678; x_wconf 84' lang='lat' dir='ltr'><strong>Helias;</strong></span> <span class='ocrx_word' id='word_1_492' title='bbox 2308 629 2374 668; x_wconf 85' lang='lat' dir='ltr'><strong>ne</strong></span> <span class='ocrx_word' id='word_1_493' title='bbox 2400 613 2560 684; x_wconf 81' lang='lat' dir='ltr'><strong>igitur</strong></span> <span class='ocrx_word' id='word_1_494' title='bbox 2581 611 2687 666; x_wconf 78' lang='lat' dir='ltr'><strong>hoc</strong></span> <span class='ocrx_word' id='word_1_495' title='bbox 2718 618 2774 665; x_wconf 91' lang='lat' dir='ltr'><strong>et</strong></span> <span class='ocrx_word' id='word_1_496' title='bbox 2806 610 2894 665; x_wconf 81' lang='lat' dir='ltr'><strong>iSti</strong></span> <span class='ocrx_word' id='word_1_497' title='bbox 2927 608 3200 670; x_wconf 78' lang='lat' dir='ltr'><strong>facerent,</strong></span> <span class='ocrx_word' id='word_1_498' title='bbox 3246 603 3367 662; x_wconf 88' lang='lat' dir='ltr'><strong>ideo</strong></span> <span class='ocrx_word' id='word_1_499' title='bbox 3397 621 3496 660; x_wconf 82' lang='lat' dir='ltr'><strong>an-</strong></span> 
     </span>
    </p>
   </div>
   <div class='ocr_carea' id='block_1_64' title="bbox 1877 700 3491 778">
    <p class='ocr_par' dir='ltr' id='par_1_64' title="bbox 1877 700 3491 778">
     <span class='ocr_line' id='line_1_64' title="bbox 1877 700 3491 778; baseline -0.008 -13"><span class='ocrx_word' id='word_1_500' title='bbox 1877 708 1983 778; x_wconf 81' lang='lat' dir='ltr'><strong>geli</strong></span> <span class='ocrx_word' id='word_1_501' title='bbox 2031 708 2390 770; x_wconf 86' lang='lat' dir='ltr'><strong>adstiterunt,</strong></span> <span class='ocrx_word' id='word_1_502' title='bbox 2421 706 2511 777; x_wconf 89' lang='lat' dir='ltr'><strong>qui</strong></span> <span class='ocrx_word' id='word_1_503' title='bbox 2554 702 2824 759; x_wconf 79' lang='lat' dir='ltr'><strong>tristitiam</strong></span> <span class='ocrx_word' id='word_1_504' title='bbox 2871 701 3086 756; x_wconf 89' lang='lat' dir='ltr'><strong>illorum</strong></span> <span class='ocrx_word' id='word_1_505' title='bbox 3135 700 3371 754; x_wconf 88' lang='lat' dir='ltr'><strong>lenirent</strong></span> <span class='ocrx_word' id='word_1_506' title='bbox 3426 712 3491 752; x_wconf 88' lang='lat' dir='ltr'><strong>ac</strong></span> 
     </span>
    </p>
   </div>
   <div class='ocr_carea' id='block_1_65' title="bbox 1878 798 2310 854">
    <p class='ocr_par' dir='ltr' id='par_1_65' title="bbox 1878 798 2310 854">
     <span class='ocr_line' id='line_1_65' title="bbox 1878 798 2310 854; baseline -0.005 0"><span class='ocrx_word' id='word_1_507' title='bbox 1878 798 2310 854; x_wconf 89' lang='lat' dir='ltr'><strong>consolarentur.</strong></span> 
     </span>
    </p>
   </div>
   <div class='ocr_carea' id='block_1_66' title="bbox 1961 882 3496 961">
    <p class='ocr_par' dir='ltr' id='par_1_66' title="bbox 1961 882 3496 961">
     <span class='ocr_line' id='line_1_66' title="bbox 1961 882 3496 961; baseline -0.007 -14"><span class='ocrx_word' id='word_1_508' title='bbox 1961 891 2265 961; x_wconf 79' lang='lat' dir='ltr'><strong>Dilferentia</strong></span> <span class='ocrx_word' id='word_1_509' title='bbox 2293 892 2424 945; x_wconf 88' lang='lat' dir='ltr'><strong>inter</strong></span> <span class='ocrx_word' id='word_1_510' title='bbox 2448 890 2794 944; x_wconf 80' lang='lat' dir='ltr'><strong>ascensionem</strong></span> <span class='ocrx_word' id='word_1_511' title='bbox 2822 886 2956 942; x_wconf 74' lang='lat' dir='ltr'><strong>Elite</strong></span> <span class='ocrx_word' id='word_1_512' title='bbox 2974 927 2988 950; x_wconf 90' lang='lat'><strong>,</strong></span> <span class='ocrx_word' id='word_1_513' title='bbox 3019 895 3066 939; x_wconf 89' lang='lat' dir='ltr'><strong>et</strong></span> <span class='ocrx_word' id='word_1_514' title='bbox 3093 883 3282 940; x_wconf 79' lang='lat' dir='ltr'><strong>Christi</strong></span> <span class='ocrx_word' id='word_1_515' title='bbox 3304 882 3496 939; x_wconf 88' lang='lat' dir='ltr'><strong>Salva-</strong></span> 
     </span>
    </p>
   </div>
   <div class='ocr_carea' id='block_1_67' title="bbox 1886 971 3499 1053">
    <p class='ocr_par' dir='ltr' id='par_1_67' title="bbox 1886 971 3499 1053">
     <span class='ocr_line' id='line_1_67' title="bbox 1886 971 3499 1053; baseline -0.006 -15"><span class='ocrx_word' id='word_1_516' title='bbox 1886 983 2223 1040; x_wconf 86' lang='lat' dir='ltr'><strong>toris.—Et</strong></span> <span class='ocrx_word' id='word_1_517' title='bbox 2271 983 2387 1038; x_wconf 62' lang='lat' dir='ltr'><strong>haec</strong></span> <span class='ocrx_word' id='word_1_518' title='bbox 2433 982 2650 1053; x_wconf 87' lang='lat' dir='ltr'><strong>quidem</strong></span> <span class='ocrx_word' id='word_1_519' title='bbox 2697 991 2802 1036; x_wconf 87' lang='lat' dir='ltr'><strong>una</strong></span> <span class='ocrx_word' id='word_1_520' title='bbox 2847 987 2932 1034; x_wconf 88' lang='lat' dir='ltr'><strong>est</strong></span> <span class='ocrx_word' id='word_1_521' title='bbox 2986 993 3147 1033; x_wconf 85' lang='lat' dir='ltr'><strong>causa</strong></span> <span class='ocrx_word' id='word_1_522' title='bbox 3192 971 3499 1047; x_wconf 63' lang='lat' dir='ltr'><strong>praesentiae</strong></span> 
     </span>
    </p>
   </div>
   <div class='ocr_carea' id='block_1_68' title="bbox 1881 1059 3496 1148">
    <p class='ocr_par' dir='ltr' id='par_1_68' title="bbox 1881 1059 3496 1148">
     <span class='ocr_line' id='line_1_68' title="bbox 1881 1059 3496 1148; baseline -0.009 -14"><span class='ocrx_word' id='word_1_523' title='bbox 1881 1077 2196 1148; x_wconf 82' lang='lat' dir='ltr'><strong>angelorum</strong></span> <span class='ocrx_word' id='word_1_524' title='bbox 2233 1094 2245 1127; x_wconf 91' lang='lat'>:</span> <span class='ocrx_word' id='word_1_525' title='bbox 2278 1059 2543 1145; x_wconf 83' lang='lat' dir='ltr'><strong>posterior</strong></span> <span class='ocrx_word' id='word_1_526' title='bbox 2566 1081 2748 1128; x_wconf 89' lang='lat' dir='ltr'><strong>autem</strong></span> <span class='ocrx_word' id='word_1_527' title='bbox 2778 1085 2841 1126; x_wconf 89' lang='lat' dir='ltr'><strong>ea</strong></span> <span class='ocrx_word' id='word_1_528' title='bbox 2865 1084 2972 1124; x_wconf 92' lang='lat' dir='ltr'><strong>non</strong></span> <span class='ocrx_word' id='word_1_529' title='bbox 2995 1068 3217 1124; x_wconf 89' lang='lat' dir='ltr'><strong>inferior</strong></span> <span class='ocrx_word' id='word_1_530' title='bbox 3240 1075 3344 1131; x_wconf 86' lang='lat' dir='ltr'><strong>est,</strong></span> <span class='ocrx_word' id='word_1_531' title='bbox 3374 1078 3496 1136; x_wconf 80' lang='lat' dir='ltr'><strong>pro-</strong></span> 
     </span>
    </p>
   </div>
   <div class='ocr_carea' id='block_1_69' title="bbox 1882 1153 3501 1239">
    <p class='ocr_par' dir='ltr' id='par_1_69' title="bbox 1882 1153 3501 1239">
     <span class='ocr_line' id='line_1_69' title="bbox 1882 1153 3501 1239; baseline -0.006 -18"><span class='ocrx_word' id='word_1_532' title='bbox 1882 1174 2004 1238; x_wconf 90' lang='lat' dir='ltr'><strong>pter</strong></span> <span class='ocrx_word' id='word_1_533' title='bbox 2017 1183 2178 1239; x_wconf 89' lang='lat' dir='ltr'><strong>quam</strong></span> <span class='ocrx_word' id='word_1_534' title='bbox 2204 1167 2367 1222; x_wconf 90' lang='lat' dir='ltr'><strong>etiam</strong></span> <span class='ocrx_word' id='word_1_535' title='bbox 2386 1179 2604 1220; x_wconf 86' lang='lat' dir='ltr'><strong>causam</strong></span> <span class='ocrx_word' id='word_1_536' title='bbox 2633 1161 2852 1232; x_wconf 86' lang='lat' dir='ltr'><strong>adjecit,</strong></span> <span class='ocrx_word' id='word_1_537' title='bbox 2875 1160 2976 1228; x_wconf 82' lang='lat' dir='ltr'><strong>Qui</strong></span> <span class='ocrx_word' id='word_1_538' title='bbox 3000 1168 3294 1229; x_wconf 77' lang='lat' dir='ltr'><strong>assmuptus</strong></span> <span class='ocrx_word' id='word_1_539' title='bbox 3313 1167 3404 1212; x_wconf 86' lang='lat' dir='ltr'><strong>est.</strong></span> <span class='ocrx_word' id='word_1_540' title='bbox 3431 1153 3501 1212; x_wconf 77' lang='lat' dir='ltr'><strong>Et</strong></span> 
     </span>
    </p>
   </div>
   <div class='ocr_carea' id='block_1_70' title="bbox 1882 1250 3499 1332">
    <p class='ocr_par' dir='ltr' id='par_1_70' title="bbox 1882 1250 3499 1332">
     <span class='ocr_line' id='line_1_70' title="bbox 1882 1250 3499 1332; baseline -0.006 -19"><span class='ocrx_word' id='word_1_541' title='bbox 1882 1277 2002 1332; x_wconf 71' lang='lat' dir='ltr'><strong>qua:</strong></span> <span class='ocrx_word' id='word_1_542' title='bbox 2029 1269 2113 1316; x_wconf 89' lang='lat' dir='ltr'><strong>est</strong></span> <span class='ocrx_word' id='word_1_543' title='bbox 2141 1257 2285 1314; x_wconf 75' lang='lat' dir='ltr'><strong>ista?</strong></span> <span class='ocrx_word' id='word_1_544' title='bbox 2331 1259 2387 1314; x_wconf 86' lang='lat' dir='ltr'><strong>In</strong></span> <span class='ocrx_word' id='word_1_545' title='bbox 2414 1257 2601 1313; x_wconf 63' lang='lat' dir='ltr'><strong>caelum</strong></span> <span class='ocrx_word' id='word_1_546' title='bbox 2629 1266 2938 1323; x_wconf 81' lang='lat' dir='ltr'><strong>assumptus</strong></span> <span class='ocrx_word' id='word_1_547' title='bbox 2963 1262 3066 1307; x_wconf 90' lang='lat' dir='ltr'><strong>est.</strong></span> <span class='ocrx_word' id='word_1_548' title='bbox 3097 1250 3289 1321; x_wconf 84' lang='lat' dir='ltr'><strong>Ingens</strong></span> <span class='ocrx_word' id='word_1_549' title='bbox 3318 1258 3499 1304; x_wconf 86' lang='lat' dir='ltr'><strong>autem</strong></span> 
     </span>
    </p>
   </div>
   <div class='ocr_carea' id='block_1_71' title="bbox 1885 1342 3501 1420">
    <p class='ocr_par' dir='ltr' id='par_1_71' title="bbox 1885 1342 3501 1420">
     <span class='ocr_line' id='line_1_71' title="bbox 1885 1342 3501 1420; baseline -0.009 -11"><span class='ocrx_word' id='word_1_550' title='bbox 1885 1354 2232 1409; x_wconf 81' lang='lat' dir='ltr'><strong>interstitiutn</strong></span> <span class='ocrx_word' id='word_1_551' title='bbox 2278 1361 2415 1419; x_wconf 88' lang='lat' dir='ltr'><strong>erat,</strong></span> <span class='ocrx_word' id='word_1_552' title='bbox 2450 1363 2622 1420; x_wconf 82' lang='lat' dir='ltr'><strong>neque</strong></span> <span class='ocrx_word' id='word_1_553' title='bbox 2668 1346 2971 1403; x_wconf 75' lang='lat' dir='ltr'><strong>sufﬁciebat</strong></span> <span class='ocrx_word' id='word_1_554' title='bbox 3000 1345 3078 1398; x_wconf 81' lang='lat' dir='ltr'><strong>vis</strong></span> <span class='ocrx_word' id='word_1_555' title='bbox 3121 1342 3288 1398; x_wconf 90' lang='lat' dir='ltr'><strong>nostri</strong></span> <span class='ocrx_word' id='word_1_556' title='bbox 3342 1353 3501 1412; x_wconf 83' lang='lat' dir='ltr'><strong>aspe-</strong></span> 
     </span>
    </p>
   </div>
   <div class='ocr_carea' id='block_1_72' title="bbox 1884 1434 3495 1515">
    <p class='ocr_par' dir='ltr' id='par_1_72' title="bbox 1884 1434 3495 1515">
     <span class='ocr_line' id='line_1_72' title="bbox 1884 1434 3495 1515; baseline -0.009 -14"><span class='ocrx_word' id='word_1_557' title='bbox 1884 1455 2025 1515; x_wconf 88' lang='lat' dir='ltr'><strong>ctus,</strong></span> <span class='ocrx_word' id='word_1_558' title='bbox 2051 1454 2108 1500; x_wconf 91' lang='lat' dir='ltr'><strong>ut</strong></span> <span class='ocrx_word' id='word_1_559' title='bbox 2135 1459 2334 1515; x_wconf 89' lang='lat' dir='ltr'><strong>corpus</strong></span> <span class='ocrx_word' id='word_1_560' title='bbox 2365 1443 2432 1498; x_wconf 93' lang='lat' dir='ltr'><strong>ad</strong></span> <span class='ocrx_word' id='word_1_561' title='bbox 2477 1441 2640 1498; x_wconf 79' lang='lat' dir='ltr'><strong>cales</strong></span> <span class='ocrx_word' id='word_1_562' title='bbox 2665 1454 2838 1510; x_wconf 89' lang='lat' dir='ltr'><strong>usque</strong></span> <span class='ocrx_word' id='word_1_563' title='bbox 2878 1437 3078 1492; x_wconf 89' lang='lat' dir='ltr'><strong>assumi</strong></span> <span class='ocrx_word' id='word_1_564' title='bbox 3116 1434 3448 1506; x_wconf 87' lang='lat' dir='ltr'><strong>prospiceret</strong></span> <span class='ocrx_word' id='word_1_565' title='bbox 3481 1449 3495 1487; x_wconf 84' lang='lat' dir='ltr'><strong><em>z</em></strong></span> 
     </span>
    </p>
   </div>
   <div class='ocr_carea' id='block_1_73' title="bbox 1884 1524 3499 1598">
    <p class='ocr_par' dir='ltr' id='par_1_73' title="bbox 1884 1524 3499 1598">
     <span class='ocr_line' id='line_1_73' title="bbox 1884 1524 3499 1598; baseline -0.01 -4"><span class='ocrx_word' id='word_1_566' title='bbox 1884 1537 1980 1594; x_wconf 87' lang='lat' dir='ltr'><strong>sed</strong></span> <span class='ocrx_word' id='word_1_567' title='bbox 2008 1538 2149 1593; x_wconf 86' lang='lat' dir='ltr'><strong>sicut</strong></span> <span class='ocrx_word' id='word_1_568' title='bbox 2171 1536 2286 1591; x_wconf 82' lang='lat' dir='ltr'><strong>avis</strong></span> <span class='ocrx_word' id='word_1_569' title='bbox 2322 1535 2376 1590; x_wconf 93' lang='lat' dir='ltr'><strong>in</strong></span> <span class='ocrx_word' id='word_1_570' title='bbox 2423 1533 2654 1590; x_wconf 87' lang='lat' dir='ltr'><strong>sublime</strong></span> <span class='ocrx_word' id='word_1_571' title='bbox 2707 1530 2961 1594; x_wconf 87' lang='lat' dir='ltr'><strong>volitans,</strong></span> <span class='ocrx_word' id='word_1_572' title='bbox 2991 1535 3196 1598; x_wconf 89' lang='lat' dir='ltr'><strong>quanto</strong></span> <span class='ocrx_word' id='word_1_573' title='bbox 3243 1524 3413 1595; x_wconf 85' lang='lat' dir='ltr'><strong>magis</strong></span> <span class='ocrx_word' id='word_1_574' title='bbox 3445 1524 3499 1578; x_wconf 92' lang='lat' dir='ltr'><strong>in</strong></span> 
     </span>
    </p>
   </div>
   <div class='ocr_carea' id='block_1_74' title="bbox 1885 1622 3502 1694">
    <p class='ocr_par' dir='ltr' id='par_1_74' title="bbox 1885 1622 3502 1694">
     <span class='ocr_line' id='line_1_74' title="bbox 1885 1622 3502 1694; baseline -0.009 -8"><span class='ocrx_word' id='word_1_575' title='bbox 1885 1632 2051 1686; x_wconf 89' lang='lat' dir='ltr'><strong>altum</strong></span> <span class='ocrx_word' id='word_1_576' title='bbox 2107 1629 2449 1692; x_wconf 84' lang='lat' dir='ltr'><strong>ascenderit,</strong></span> <span class='ocrx_word' id='word_1_577' title='bbox 2486 1635 2635 1681; x_wconf 87' lang='lat' dir='ltr'><strong>tanto</strong></span> <span class='ocrx_word' id='word_1_578' title='bbox 2676 1623 2908 1694; x_wconf 88' lang='lat' dir='ltr'><strong>amplius</strong></span> <span class='ocrx_word' id='word_1_579' title='bbox 2956 1637 2986 1675; x_wconf 90' lang='lat' dir='ltr'><strong>a</strong></span> <span class='ocrx_word' id='word_1_580' title='bbox 3041 1628 3230 1676; x_wconf 89' lang='lat' dir='ltr'><strong>nostro</strong></span> <span class='ocrx_word' id='word_1_581' title='bbox 3279 1622 3502 1687; x_wconf 80' lang='lat' dir='ltr'><strong>aspectu</strong></span> 
     </span>
    </p>
   </div>
   <div class='ocr_carea' id='block_1_75' title="bbox 1886 1710 3496 1790">
    <p class='ocr_par' dir='ltr' id='par_1_75' title="bbox 1886 1710 3496 1790">
     <span class='ocr_line' id='line_1_75' title="bbox 1886 1710 3496 1790; baseline -0.007 -12"><span class='ocrx_word' id='word_1_582' title='bbox 1886 1722 2224 1778; x_wconf 86' lang='lat' dir='ltr'><strong>subtrahitur</strong></span> <span class='ocrx_word' id='word_1_583' title='bbox 2256 1739 2271 1775; x_wconf 90' lang='lat'><strong>:</strong></span> <span class='ocrx_word' id='word_1_584' title='bbox 2305 1722 2377 1776; x_wconf 90' lang='lat' dir='ltr'><strong>ita</strong></span> <span class='ocrx_word' id='word_1_585' title='bbox 2404 1729 2458 1775; x_wconf 82' lang='lat' dir='ltr'><strong>et</strong></span> <span class='ocrx_word' id='word_1_586' title='bbox 2481 1732 2678 1790; x_wconf 89' lang='lat' dir='ltr'><strong>corpus</strong></span> <span class='ocrx_word' id='word_1_587' title='bbox 2699 1715 2850 1784; x_wconf 90' lang='lat' dir='ltr'><strong>illud,</strong></span> <span class='ocrx_word' id='word_1_588' title='bbox 2880 1724 3082 1785; x_wconf 88' lang='lat' dir='ltr'><strong>quanto</strong></span> <span class='ocrx_word' id='word_1_589' title='bbox 3109 1713 3268 1767; x_wconf 91' lang='lat' dir='ltr'><strong>altius</strong></span> <span class='ocrx_word' id='word_1_590' title='bbox 3295 1710 3496 1766; x_wconf 44' lang='lat' dir='ltr'><strong>evehcs</strong></span> 
     </span>
    </p>
   </div>
   <div class='ocr_carea' id='block_1_76' title="bbox 1887 1800 3502 1884">
    <p class='ocr_par' dir='ltr' id='par_1_76' title="bbox 1887 1800 3502 1884">
     <span class='ocr_line' id='line_1_76' title="bbox 1887 1800 3502 1884; baseline -0.008 -13"><span class='ocrx_word' id='word_1_591' title='bbox 1887 1816 2062 1883; x_wconf 88' lang='lat' dir='ltr'><strong>batur,</strong></span> <span class='ocrx_word' id='word_1_592' title='bbox 2097 1823 2247 1870; x_wconf 88' lang='lat' dir='ltr'><strong>tanto</strong></span> <span class='ocrx_word' id='word_1_593' title='bbox 2277 1814 2447 1884; x_wconf 89' lang='lat' dir='ltr'><strong>magis</strong></span> <span class='ocrx_word' id='word_1_594' title='bbox 2480 1809 2917 1869; x_wconf 88' lang='lat' dir='ltr'><strong>abscondebatur</strong></span> <span class='ocrx_word' id='word_1_595' title='bbox 2946 1824 2960 1874; x_wconf 91' lang='lat'><strong>;</strong></span> <span class='ocrx_word' id='word_1_596' title='bbox 2992 1822 3114 1862; x_wconf 90' lang='lat' dir='ltr'><strong>cum</strong></span> <span class='ocrx_word' id='word_1_597' title='bbox 3159 1820 3267 1860; x_wconf 89' lang='lat' dir='ltr'><strong>non</strong></span> <span class='ocrx_word' id='word_1_598' title='bbox 3318 1800 3502 1875; x_wconf 74' lang='lat' dir='ltr'><strong>posset</strong></span> 
     </span>
    </p>
   </div>
   <div class='ocr_carea' id='block_1_77' title="bbox 1887 1895 3497 1972">
    <p class='ocr_par' dir='ltr' id='par_1_77' title="bbox 1887 1895 3497 1972">
     <span class='ocr_line' id='line_1_77' title="bbox 1887 1895 3497 1972; baseline -0.009 -8"><span class='ocrx_word' id='word_1_599' title='bbox 1887 1909 2168 1964; x_wconf 90' lang='lat' dir='ltr'><strong>oculorum</strong></span> <span class='ocrx_word' id='word_1_600' title='bbox 2206 1908 2489 1962; x_wconf 84' lang='lat' dir='ltr'><strong>infirmitas</strong></span> <span class='ocrx_word' id='word_1_601' title='bbox 2517 1902 2785 1959; x_wconf 83' lang='lat' dir='ltr'><strong>intervalli</strong></span> <span class='ocrx_word' id='word_1_602' title='bbox 2825 1897 3217 1972; x_wconf 89' lang='lat' dir='ltr'><strong>longitudinem</strong></span> <span class='ocrx_word' id='word_1_603' title='bbox 3260 1895 3497 1966; x_wconf 61' lang='lat' dir='ltr'><strong>assequi;</strong></span> 
     </span>
    </p>
   </div>
   <div class='ocr_carea' id='block_1_78' title="bbox 1891 1988 3502 2072">
    <p class='ocr_par' dir='ltr' id='par_1_78' title="bbox 1891 1988 3502 2072">
     <span class='ocr_line' id='line_1_78' title="bbox 1891 1988 3502 2072; baseline -0.01 -15"><span class='ocrx_word' id='word_1_604' title='bbox 1891 2001 2180 2072; x_wconf 84' lang='lat' dir='ltr'><strong>Propterea</strong></span> <span class='ocrx_word' id='word_1_605' title='bbox 2205 2001 2495 2056; x_wconf 85' lang='lat' dir='ltr'><strong>astiterunt</strong></span> <span class='ocrx_word' id='word_1_606' title='bbox 2541 1996 2750 2068; x_wconf 80' lang='lat' dir='ltr'><strong>angeli,</strong></span> <span class='ocrx_word' id='word_1_607' title='bbox 2780 1993 2871 2066; x_wconf 90' lang='lat' dir='ltr'><strong>qui</strong></span> <span class='ocrx_word' id='word_1_608' title='bbox 2924 1993 3185 2048; x_wconf 90' lang='lat' dir='ltr'><strong>docerent</strong></span> <span class='ocrx_word' id='word_1_609' title='bbox 3230 1988 3502 2044; x_wconf 47' lang='lat' dir='ltr'><strong>ascensio‘</strong></span> 
     </span>
    </p>
   </div>
   <div class='ocr_carea' id='block_1_79' title="bbox 1887 2080 3502 2156">
    <p class='ocr_par' dir='ltr' id='par_1_79' title="bbox 1887 2080 3502 2156">
     <span class='ocr_line' id='line_1_79' title="bbox 1887 2080 3502 2156; baseline -0.009 -9"><span class='ocrx_word' id='word_1_610' title='bbox 1887 2109 2014 2150; x_wconf 88' lang='lat' dir='ltr'><strong>nem</strong></span> <span class='ocrx_word' id='word_1_611' title='bbox 2037 2093 2089 2148; x_wconf 91' lang='lat' dir='ltr'><strong>in</strong></span> <span class='ocrx_word' id='word_1_612' title='bbox 2111 2093 2326 2156; x_wconf 69' lang='lat' dir='ltr'><strong>caelum,</strong></span> <span class='ocrx_word' id='word_1_613' title='bbox 2360 2107 2428 2146; x_wconf 89' lang='lat' dir='ltr'><strong>ne</strong></span> <span class='ocrx_word' id='word_1_614' title='bbox 2456 2090 2848 2147; x_wconf 79' lang='lat' dir='ltr'><strong>arbitrarentur</strong></span> <span class='ocrx_word' id='word_1_615' title='bbox 2876 2100 3001 2141; x_wconf 91' lang='lat' dir='ltr'><strong>eum</strong></span> <span class='ocrx_word' id='word_1_616' title='bbox 3031 2083 3186 2154; x_wconf 85' lang='lat' dir='ltr'><strong>quasi</strong></span> <span class='ocrx_word' id='word_1_617' title='bbox 3218 2083 3272 2136; x_wconf 87' lang='lat' dir='ltr'><strong>in</strong></span> <span class='ocrx_word' id='word_1_618' title='bbox 3308 2080 3502 2135; x_wconf 68' lang='lat' dir='ltr'><strong>etclam</strong></span> 
     </span>
    </p>
   </div>
   <div class='ocr_carea' id='block_1_80' title="bbox 1889 2171 3503 2248">
    <p class='ocr_par' dir='ltr' id='par_1_80' title="bbox 1889 2171 3503 2248">
     <span class='ocr_line' id='line_1_80' title="bbox 1889 2171 3503 2248; baseline -0.009 -7"><span class='ocrx_word' id='word_1_619' title='bbox 1889 2185 2205 2242; x_wconf 87' lang='lat' dir='ltr'><strong>ascendisse</strong></span> <span class='ocrx_word' id='word_1_620' title='bbox 2249 2185 2418 2239; x_wconf 82' lang='lat' dir='ltr'><strong>instar</strong></span> <span class='ocrx_word' id='word_1_621' title='bbox 2455 2183 2656 2246; x_wconf 67' lang='lat' dir='ltr'><strong>llelim;</strong></span> <span class='ocrx_word' id='word_1_622' title='bbox 2689 2178 2784 2234; x_wconf 88' lang='lat' dir='ltr'><strong>sed</strong></span> <span class='ocrx_word' id='word_1_623' title='bbox 2829 2177 2972 2248; x_wconf 90' lang='lat' dir='ltr'><strong>quod</strong></span> <span class='ocrx_word' id='word_1_624' title='bbox 3029 2189 3155 2232; x_wconf 85' lang='lat' dir='ltr'><strong>vere</strong></span> <span class='ocrx_word' id='word_1_625' title='bbox 3199 2173 3252 2228; x_wconf 88' lang='lat' dir='ltr'><strong>in</strong></span> <span class='ocrx_word' id='word_1_626' title='bbox 3310 2171 3503 2227; x_wconf 64' lang='lat' dir='ltr'><strong>ett-lum</strong></span> 
     </span>
    </p>
   </div>
   <div class='ocr_carea' id='block_1_81' title="bbox 1889 2264 3502 2342">
    <p class='ocr_par' dir='ltr' id='par_1_81' title="bbox 1889 2264 3502 2342">
     <span class='ocr_line' id='line_1_81' title="bbox 1889 2264 3502 2342; baseline -0.007 -12"><span class='ocrx_word' id='word_1_627' title='bbox 1889 2276 2234 2342; x_wconf 84' lang='lat' dir='ltr'><strong>ascenderit,</strong></span> <span class='ocrx_word' id='word_1_628' title='bbox 2265 2274 2337 2331; x_wconf 89' lang='lat' dir='ltr'><strong>ob</strong></span> <span class='ocrx_word' id='word_1_629' title='bbox 2387 2273 2441 2329; x_wconf 89' lang='lat' dir='ltr'><strong>id</strong></span> <span class='ocrx_word' id='word_1_630' title='bbox 2492 2274 2567 2328; x_wconf 81' lang='lat' dir='ltr'><strong>ait</strong></span> <span class='ocrx_word' id='word_1_631' title='bbox 2595 2289 2608 2325; x_wconf 92' lang='lat'><strong>:</strong></span> <span class='ocrx_word' id='word_1_632' title='bbox 2643 2270 2746 2339; x_wconf 83' lang='lat' dir='ltr'><strong>Qui</strong></span> <span class='ocrx_word' id='word_1_633' title='bbox 2772 2277 3065 2338; x_wconf 84' lang='lat' dir='ltr'><strong>assumptus</strong></span> <span class='ocrx_word' id='word_1_634' title='bbox 3095 2276 3169 2321; x_wconf 89' lang='lat' dir='ltr'><strong>est</strong></span> <span class='ocrx_word' id='word_1_635' title='bbox 3203 2282 3237 2318; x_wconf 90' lang='lat' dir='ltr'><strong>a</strong></span> <span class='ocrx_word' id='word_1_636' title='bbox 3286 2264 3424 2318; x_wconf 83' lang='lat' dir='ltr'><strong>vobis</strong></span> <span class='ocrx_word' id='word_1_637' title='bbox 3450 2264 3502 2318; x_wconf 73' lang='lat' dir='ltr'><strong>in</strong></span> 
     </span>
    </p>
   </div>
   <div class='ocr_carea' id='block_1_82' title="bbox 1889 2353 3499 2437">
    <p class='ocr_par' dir='ltr' id='par_1_82' title="bbox 1889 2353 3499 2437">
     <span class='ocr_line' id='line_1_82' title="bbox 1889 2353 3499 2437; baseline -0.01 -12"><span class='ocrx_word' id='word_1_638' title='bbox 1889 2371 2092 2425; x_wconf 82' lang='lat' dir='ltr'><strong>ctelum.</strong></span> <span class='ocrx_word' id='word_1_639' title='bbox 2144 2369 2330 2437; x_wconf 80' lang='lat' dir='ltr'><strong>Neque</strong></span> <span class='ocrx_word' id='word_1_640' title='bbox 2357 2353 2515 2423; x_wconf 81' lang='lat' dir='ltr'><strong>enim</strong></span> <span class='ocrx_word' id='word_1_641' title='bbox 2561 2366 2662 2421; x_wconf 86' lang='lat' dir='ltr'><strong>hoc</strong></span> <span class='ocrx_word' id='word_1_642' title='bbox 2711 2361 3030 2432; x_wconf 88' lang='lat' dir='ltr'><strong>simpliciter</strong></span> <span class='ocrx_word' id='word_1_643' title='bbox 3071 2359 3339 2429; x_wconf 85' lang='lat' dir='ltr'><strong>adjectum</strong></span> <span class='ocrx_word' id='word_1_644' title='bbox 3374 2367 3499 2413; x_wconf 71' lang='lat' dir='ltr'><strong>~est.</strong></span> 
     </span>
    </p>
   </div>
   <div class='ocr_carea' id='block_1_83' title="bbox 1888 2454 3500 2531">
    <p class='ocr_par' dir='ltr' id='par_1_83' title="bbox 1888 2454 3500 2531">
     <span class='ocr_line' id='line_1_83' title="bbox 1888 2454 3500 2531; baseline -0.007 -16"><span class='ocrx_word' id='word_1_645' title='bbox 1888 2462 2143 2531; x_wconf 83' lang='lat' dir='ltr'><strong>Quinimo</strong></span> <span class='ocrx_word' id='word_1_646' title='bbox 2174 2461 2354 2516; x_wconf 83' lang='lat' dir='ltr'><strong>Helias</strong></span> <span class='ocrx_word' id='word_1_647' title='bbox 2387 2469 2659 2528; x_wconf 84' lang='lat' dir='ltr'><strong>tamquam</strong></span> <span class='ocrx_word' id='word_1_648' title='bbox 2712 2457 2766 2511; x_wconf 93' lang='lat' dir='ltr'><strong>in</strong></span> <span class='ocrx_word' id='word_1_649' title='bbox 2795 2454 2988 2511; x_wconf 72' lang='lat' dir='ltr'><strong>ctelum</strong></span> <span class='ocrx_word' id='word_1_650' title='bbox 3032 2460 3344 2521; x_wconf 89' lang='lat' dir='ltr'><strong>assumptus</strong></span> <span class='ocrx_word' id='word_1_651' title='bbox 3371 2459 3454 2504; x_wconf 87' lang='lat' dir='ltr'><strong>est</strong></span> <span class='ocrx_word' id='word_1_652' title='bbox 3489 2468 3500 2503; x_wconf 92' lang='lat'><strong>:</strong></span> 
     </span>
    </p>
   </div>
   <div class='ocr_carea' id='block_1_84' title="bbox 1890 2543 3502 2618">
    <p class='ocr_par' dir='ltr' id='par_1_84' title="bbox 1890 2543 3502 2618">
     <span class='ocr_line' id='line_1_84' title="bbox 1890 2543 3502 2618; baseline -0.01 -8"><span class='ocrx_word' id='word_1_653' title='bbox 1890 2569 2082 2612; x_wconf 84' lang='lat' dir='ltr'><strong>servus</strong></span> <span class='ocrx_word' id='word_1_654' title='bbox 2109 2556 2254 2611; x_wconf 91' lang='lat' dir='ltr'><strong>enim</strong></span> <span class='ocrx_word' id='word_1_655' title='bbox 2295 2563 2446 2618; x_wconf 87' lang='lat' dir='ltr'><strong>erat;</strong></span> <span class='ocrx_word' id='word_1_656' title='bbox 2477 2553 2636 2609; x_wconf 82' lang='lat' dir='ltr'><strong>Jesus</strong></span> <span class='ocrx_word' id='word_1_657' title='bbox 2662 2559 2845 2605; x_wconf 88' lang='lat' dir='ltr'><strong>autem</strong></span> <span class='ocrx_word' id='word_1_658' title='bbox 2889 2551 2943 2603; x_wconf 91' lang='lat' dir='ltr'><strong>in</strong></span> <span class='ocrx_word' id='word_1_659' title='bbox 2970 2547 3160 2602; x_wconf 79' lang='lat' dir='ltr'><strong>ea-lutn</strong></span> <span class='ocrx_word' id='word_1_660' title='bbox 3182 2586 3198 2612; x_wconf 93' lang='lat'><strong>,</strong></span> <span class='ocrx_word' id='word_1_661' title='bbox 3232 2546 3354 2614; x_wconf 89' lang='lat' dir='ltr'><strong>quia</strong></span> <span class='ocrx_word' id='word_1_662' title='bbox 3395 2543 3502 2596; x_wconf 52' lang='lat' dir='ltr'><strong>ltoa</strong></span> 
     </span>
    </p>
   </div>
   <div class='ocr_carea' id='block_1_85' title="bbox 1890 2635 3504 2713">
    <p class='ocr_par' dir='ltr' id='par_1_85' title="bbox 1890 2635 3504 2713">
     <span class='ocr_line' id='line_1_85' title="bbox 1890 2635 3504 2713; baseline -0.009 -10"><span class='ocrx_word' id='word_1_663' title='bbox 1890 2650 2068 2704; x_wconf 89' lang='lat' dir='ltr'><strong>minus</strong></span> <span class='ocrx_word' id='word_1_664' title='bbox 2106 2658 2222 2703; x_wconf 87' lang='lat' dir='ltr'><strong>erat</strong></span> <span class='ocrx_word' id='word_1_665' title='bbox 2256 2667 2269 2702; x_wconf 89' lang='lat'><strong>:</strong></span> <span class='ocrx_word' id='word_1_666' title='bbox 2301 2647 2391 2702; x_wconf 87' lang='lat' dir='ltr'><strong>ille</strong></span> <span class='ocrx_word' id='word_1_667' title='bbox 2421 2647 2472 2701; x_wconf 90' lang='lat' dir='ltr'><strong>in</strong></span> <span class='ocrx_word' id='word_1_668' title='bbox 2523 2651 2686 2700; x_wconf 82' lang='lat' dir='ltr'><strong>curru</strong></span> <span class='ocrx_word' id='word_1_669' title='bbox 2731 2643 2908 2713; x_wconf 83' lang='lat' dir='ltr'><strong>igneo,</strong></span> <span class='ocrx_word' id='word_1_670' title='bbox 2947 2640 3032 2694; x_wconf 87' lang='lat' dir='ltr'><strong>hic</strong></span> <span class='ocrx_word' id='word_1_671' title='bbox 3065 2641 3118 2693; x_wconf 91' lang='lat' dir='ltr'><strong>in</strong></span> <span class='ocrx_word' id='word_1_672' title='bbox 3158 2638 3322 2693; x_wconf 88' lang='lat' dir='ltr'><strong>nube.</strong></span> <span class='ocrx_word' id='word_1_673' title='bbox 3369 2635 3504 2690; x_wconf 80' lang='lat' dir='ltr'><strong>Nam</strong></span> 
     </span>
    </p>
   </div>
   <div class='ocr_carea' id='block_1_86' title="bbox 1889 2730 3497 2811">
    <p class='ocr_par' dir='ltr' id='par_1_86' title="bbox 1889 2730 3497 2811">
     <span class='ocr_line' id='line_1_86' title="bbox 1889 2730 3497 2811; baseline -0.006 -19"><span class='ocrx_word' id='word_1_674' title='bbox 1889 2739 2104 2811; x_wconf 84' lang='lat' dir='ltr'><strong>quando</strong></span> <span class='ocrx_word' id='word_1_675' title='bbox 2132 2753 2347 2794; x_wconf 88' lang='lat' dir='ltr'><strong>servum</strong></span> <span class='ocrx_word' id='word_1_676' title='bbox 2380 2737 2556 2792; x_wconf 88' lang='lat' dir='ltr'><strong>vocari</strong></span> <span class='ocrx_word' id='word_1_677' title='bbox 2588 2735 2894 2804; x_wconf 83' lang='lat' dir='ltr'><strong>Oportebat,</strong></span> <span class='ocrx_word' id='word_1_678' title='bbox 2925 2745 3117 2788; x_wconf 90' lang='lat' dir='ltr'><strong>currus</strong></span> <span class='ocrx_word' id='word_1_679' title='bbox 3148 2730 3460 2788; x_wconf 81' lang='lat' dir='ltr'><strong>mittebatur</strong></span> <span class='ocrx_word' id='word_1_680' title='bbox 3485 2748 3497 2791; x_wconf 89' lang='lat'><strong>;</strong></span> 
     </span>
    </p>
   </div>
   <div class='ocr_carea' id='block_1_87' title="bbox 1892 2822 3505 2900">
    <p class='ocr_par' dir='ltr' id='par_1_87' title="bbox 1892 2822 3505 2900">
     <span class='ocr_line' id='line_1_87' title="bbox 1892 2822 3505 2900; baseline -0.007 -14"><span class='ocrx_word' id='word_1_681' title='bbox 1892 2829 2110 2900; x_wconf 84' lang='lat' dir='ltr'><strong>quando</strong></span> <span class='ocrx_word' id='word_1_682' title='bbox 2140 2841 2322 2885; x_wconf 87' lang='lat' dir='ltr'><strong>autem</strong></span> <span class='ocrx_word' id='word_1_683' title='bbox 2365 2828 2581 2894; x_wconf 82' lang='lat' dir='ltr'><strong>Filium,</strong></span> <span class='ocrx_word' id='word_1_684' title='bbox 2615 2830 2844 2882; x_wconf 85' lang='lat' dir='ltr'><strong>thronus</strong></span> <span class='ocrx_word' id='word_1_685' title='bbox 2886 2823 3121 2894; x_wconf 87' lang='lat' dir='ltr'><strong>regalis;</strong></span> <span class='ocrx_word' id='word_1_686' title='bbox 3155 2836 3332 2891; x_wconf 92' lang='lat' dir='ltr'><strong>neque</strong></span> <span class='ocrx_word' id='word_1_687' title='bbox 3375 2822 3505 2875; x_wconf 63' lang='lat' dir='ltr'><strong>sinu</strong></span> 
     </span>
    </p>
   </div>
   <div class='ocr_carea' id='block_1_88' title="bbox 1891 2911 3505 2993">
    <p class='ocr_par' dir='ltr' id='par_1_88' title="bbox 1891 2911 3505 2993">
     <span class='ocr_line' id='line_1_88' title="bbox 1891 2911 3505 2993; baseline -0.006 -17"><span class='ocrx_word' id='word_1_688' title='bbox 1891 2922 2104 2993; x_wconf 88' lang='lat' dir='ltr'><strong>pliciter</strong></span> <span class='ocrx_word' id='word_1_689' title='bbox 2121 2920 2348 2976; x_wconf 85' lang='lat' dir='ltr'><strong>thronus</strong></span> <span class='ocrx_word' id='word_1_690' title='bbox 2375 2919 2592 2990; x_wconf 84' lang='lat' dir='ltr'><strong>regalis,</strong></span> <span class='ocrx_word' id='word_1_691' title='bbox 2623 2917 2719 2973; x_wconf 87' lang='lat' dir='ltr'><strong>sed</strong></span> <span class='ocrx_word' id='word_1_692' title='bbox 2741 2917 2968 2987; x_wconf 87' lang='lat' dir='ltr'><strong>ipsemet</strong></span> <span class='ocrx_word' id='word_1_693' title='bbox 2990 2923 3266 2985; x_wconf 85' lang='lat' dir='ltr'><strong>paternus.</strong></span> <span class='ocrx_word' id='word_1_694' title='bbox 3293 2911 3505 2966; x_wconf 79' lang='lat' dir='ltr'><strong>Etenim</strong></span> 
     </span>
    </p>
   </div>
   <div class='ocr_carea' id='block_1_89' title="bbox 1889 3005 3500 3075">
    <p class='ocr_par' dir='ltr' id='par_1_89' title="bbox 1889 3005 3500 3075">
     <span class='ocr_line' id='line_1_89' title="bbox 1889 3005 3500 3075; baseline -0.009 -4"><span class='ocrx_word' id='word_1_695' title='bbox 1889 3016 1960 3072; x_wconf 89' lang='lat' dir='ltr'><strong>de</strong></span> <span class='ocrx_word' id='word_1_696' title='bbox 1988 3015 2150 3070; x_wconf 85' lang='lat' dir='ltr'><strong>Patre</strong></span> <span class='ocrx_word' id='word_1_697' title='bbox 2178 3017 2253 3068; x_wconf 88' lang='lat' dir='ltr'><strong>ait</strong></span> <span class='ocrx_word' id='word_1_698' title='bbox 2286 3013 2447 3068; x_wconf 87' lang='lat' dir='ltr'><strong>Isaias</strong></span> <span class='ocrx_word' id='word_1_699' title='bbox 2481 3031 2492 3066; x_wconf 92' lang='lat'><strong>:</strong></span> <span class='ocrx_word' id='word_1_700' title='bbox 2526 3009 2658 3065; x_wconf 84' lang='lat' dir='ltr'><strong>Ecce</strong></span> <span class='ocrx_word' id='word_1_701' title='bbox 2680 3008 2936 3064; x_wconf 84' lang='lat' dir='ltr'><strong>Dominus</strong></span> <span class='ocrx_word' id='word_1_702' title='bbox 2963 3007 3102 3062; x_wconf 85' lang='lat' dir='ltr'><strong>sedet</strong></span> <span class='ocrx_word' id='word_1_703' title='bbox 3135 3022 3288 3075; x_wconf 82' lang='lat' dir='ltr'><strong>super</strong></span> <span class='ocrx_word' id='word_1_704' title='bbox 3316 3005 3500 3059; x_wconf 79' lang='lat' dir='ltr'><strong>nubent</strong></span> 
     </span>
    </p>
   </div>
   <div class='ocr_carea' id='block_1_90' title="bbox 1893 3096 3504 3176">
    <p class='ocr_par' dir='ltr' id='par_1_90' title="bbox 1893 3096 3504 3176">
     <span class='ocr_line' id='line_1_90' title="bbox 1893 3096 3504 3176; baseline -0.007 -14"><span class='ocrx_word' id='word_1_705' title='bbox 1893 3104 2347 3176; x_wconf 76' lang='lat' dir='ltr'><strong>levent(lsai.19.</strong></span> <span class='ocrx_word' id='word_1_706' title='bbox 2381 3105 2461 3174; x_wconf 90' lang='grc'><strong>1).</strong></span> <span class='ocrx_word' id='word_1_707' title='bbox 2492 3103 2629 3170; x_wconf 84' lang='lat' dir='ltr'><strong>Quia</strong></span> <span class='ocrx_word' id='word_1_708' title='bbox 2674 3116 2804 3172; x_wconf 81' lang='lat' dir='ltr'><strong>ergo</strong></span> <span class='ocrx_word' id='word_1_709' title='bbox 2825 3100 2986 3155; x_wconf 86' lang='lat' dir='ltr'><strong>Pater</strong></span> <span class='ocrx_word' id='word_1_710' title='bbox 3042 3101 3094 3154; x_wconf 87' lang='lat' dir='ltr'><strong>itt</strong></span> <span class='ocrx_word' id='word_1_711' title='bbox 3141 3100 3282 3154; x_wconf 88' lang='lat' dir='ltr'><strong>nube</strong></span> <span class='ocrx_word' id='word_1_712' title='bbox 3329 3096 3504 3166; x_wconf 83' lang='lat' dir='ltr'><strong>sedet,</strong></span> 
     </span>
    </p>
   </div>
   <div class='ocr_carea' id='block_1_91' title="bbox 1891 3189 3502 3262">
    <p class='ocr_par' dir='ltr' id='par_1_91' title="bbox 1891 3189 3502 3262">
     <span class='ocr_line' id='line_1_91' title="bbox 1891 3189 3502 3262; baseline -0.007 -7"><span class='ocrx_word' id='word_1_713' title='bbox 1891 3199 2016 3255; x_wconf 91' lang='lat' dir='ltr'><strong>ideo</strong></span> <span class='ocrx_word' id='word_1_714' title='bbox 2067 3209 2121 3252; x_wconf 91' lang='lat' dir='ltr'><strong>et</strong></span> <span class='ocrx_word' id='word_1_715' title='bbox 2172 3196 2556 3252; x_wconf 74' lang='lat' dir='ltr'><strong>Filio-nubem</strong></span> <span class='ocrx_word' id='word_1_716' title='bbox 2607 3193 2775 3249; x_wconf 85' lang='lat' dir='ltr'><strong>misit.</strong></span> <span class='ocrx_word' id='word_1_717' title='bbox 2823 3195 3001 3262; x_wconf 84' lang='lat' dir='ltr'><strong>Atque</strong></span> <span class='ocrx_word' id='word_1_718' title='bbox 3057 3191 3238 3246; x_wconf 86' lang='lat' dir='ltr'><strong>Helias</strong></span> <span class='ocrx_word' id='word_1_719' title='bbox 3284 3189 3502 3261; x_wconf 84' lang='lat' dir='ltr'><strong>quidem</strong></span> 
     </span>
    </p>
   </div>
   <div class='ocr_carea' id='block_1_92' title="bbox 1894 3274 3504 3357">
    <p class='ocr_par' dir='ltr' id='par_1_92' title="bbox 1894 3274 3504 3357">
     <span class='ocr_line' id='line_1_92' title="bbox 1894 3274 3504 3357; baseline -0.007 -11"><span class='ocrx_word' id='word_1_720' title='bbox 1894 3290 2200 3346; x_wconf 84' lang='lat' dir='ltr'><strong>ascendens</strong></span> <span class='ocrx_word' id='word_1_721' title='bbox 2239 3290 2452 3344; x_wconf 87' lang='lat' dir='ltr'><strong>ovinam</strong></span> <span class='ocrx_word' id='word_1_722' title='bbox 2483 3287 2681 3357; x_wconf 78' lang='lat' dir='ltr'><strong>pellent</strong></span> <span class='ocrx_word' id='word_1_723' title='bbox 2732 3299 2896 3354; x_wconf 86' lang='lat' dir='ltr'><strong>super</strong></span> <span class='ocrx_word' id='word_1_724' title='bbox 2943 3283 3197 3338; x_wconf 73' lang='lat' dir='ltr'><strong>Elisarum</strong></span> <span class='ocrx_word' id='word_1_725' title='bbox 3237 3274 3504 3346; x_wconf 77' lang='lat' dir='ltr'><strong>demisit,</strong></span> 
     </span>
    </p>
   </div>
   <div class='ocr_carea' id='block_1_93' title="bbox 1891 3373 3500 3450">
    <p class='ocr_par' dir='ltr' id='par_1_93' title="bbox 1891 3373 3500 3450">
     <span class='ocr_line' id='line_1_93' title="bbox 1891 3373 3500 3450; baseline -0.009 -10"><span class='ocrx_word' id='word_1_726' title='bbox 1891 3384 2254 3440; x_wconf 67' lang='lat' dir='ltr'><strong>lentum</strong></span> <span class='ocrx_word' id='word_1_727' title='bbox 2286 3380 2586 3437; x_wconf 85' lang='lat' dir='ltr'><strong>ascendens</strong></span> <span class='ocrx_word' id='word_1_728' title='bbox 2609 3377 2906 3450; x_wconf 82' lang='lat' dir='ltr'><strong>gratiarum</strong></span> <span class='ocrx_word' id='word_1_729' title='bbox 2933 3374 3075 3431; x_wconf 88' lang='lat' dir='ltr'><strong>dona</strong></span> <span class='ocrx_word' id='word_1_730' title='bbox 3113 3376 3167 3430; x_wconf 90' lang='lat' dir='ltr'><strong>in</strong></span> <span class='ocrx_word' id='word_1_731' title='bbox 3202 3373 3500 3444; x_wconf 80' lang='lat' dir='ltr'><strong>discipulos</strong></span> 
     </span>
    </p>
   </div>
   <div class='ocr_carea' id='block_1_94' title="bbox 1892 3467 3497 3542">
    <p class='ocr_par' dir='ltr' id='par_1_94' title="bbox 1892 3467 3497 3542">
     <span class='ocr_line' id='line_1_94' title="bbox 1892 3467 3497 3542; baseline -0.006 -13"><span class='ocrx_word' id='word_1_732' title='bbox 1892 3475 2132 3542; x_wconf 88' lang='lat' dir='ltr'><strong>demisit,</strong></span> <span class='ocrx_word' id='word_1_733' title='bbox 2152 3490 2258 3529; x_wconf 91' lang='lat' dir='ltr'><strong>non</strong></span> <span class='ocrx_word' id='word_1_734' title='bbox 2292 3486 2456 3529; x_wconf 73' lang='lat' dir='ltr'><strong>unum</strong></span> <span class='ocrx_word' id='word_1_735' title='bbox 2480 3472 2801 3542; x_wconf 74' lang='lat' dir='ltr'><strong>prophetam</strong></span> <span class='ocrx_word' id='word_1_736' title='bbox 2830 3469 3103 3534; x_wconf 81' lang='lat' dir='ltr'><strong>facientia,</strong></span> <span class='ocrx_word' id='word_1_737' title='bbox 3135 3467 3229 3524; x_wconf 89' lang='lat' dir='ltr'><strong>sed</strong></span> <span class='ocrx_word' id='word_1_738' title='bbox 3262 3468 3497 3521; x_wconf 72' lang='lat' dir='ltr'><strong>infinitos</strong></span> 
     </span>
    </p>
   </div>
   <div class='ocr_carea' id='block_1_95' title="bbox 1894 3560 3508 3636">
    <p class='ocr_par' dir='ltr' id='par_1_95' title="bbox 1894 3560 3508 3636">
     <span class='ocr_line' id='line_1_95' title="bbox 1894 3560 3508 3636; baseline -0.008 -13"><span class='ocrx_word' id='word_1_739' title='bbox 1894 3567 2146 3632; x_wconf 63' lang='lat' dir='ltr'><strong>Elisus,</strong></span> <span class='ocrx_word' id='word_1_740' title='bbox 2174 3573 2335 3636; x_wconf 88' lang='lat' dir='ltr'><strong>atqtte</strong></span> <span class='ocrx_word' id='word_1_741' title='bbox 2377 3563 2514 3618; x_wconf 88' lang='lat' dir='ltr'><strong>adeo</strong></span> <span class='ocrx_word' id='word_1_742' title='bbox 2542 3563 2633 3617; x_wconf 92' lang='lat' dir='ltr'><strong>illo</strong></span> <span class='ocrx_word' id='word_1_743' title='bbox 2687 3562 2858 3616; x_wconf 90' lang='lat' dir='ltr'><strong>multo</strong></span> <span class='ocrx_word' id='word_1_744' title='bbox 2888 3560 3122 3630; x_wconf 88' lang='lat' dir='ltr'><strong>majores</strong></span> <span class='ocrx_word' id='word_1_745' title='bbox 3156 3571 3211 3616; x_wconf 90' lang='lat' dir='ltr'><strong>et</strong></span> <span class='ocrx_word' id='word_1_746' title='bbox 3252 3560 3508 3615; x_wconf 59' lang='lat' dir='ltr'><strong>illustria»</strong></span> 
     </span>
    </p>
   </div>
   <div class='ocr_carea' id='block_1_96' title="bbox 1893 3652 3506 3728">
    <p class='ocr_par' dir='ltr' id='par_1_96' title="bbox 1893 3652 3506 3728">
     <span class='ocr_line' id='line_1_96' title="bbox 1893 3652 3506 3728; baseline -0.006 -14"><span class='ocrx_word' id='word_1_747' title='bbox 1893 3672 2002 3714; x_wconf 88' lang='lat' dir='ltr'><strong>res.</strong></span> <span class='ocrx_word' id='word_1_748' title='bbox 2051 3659 2420 3728; x_wconf 77' lang='lat' dir='ltr'><strong>Exsurgamus</strong></span> <span class='ocrx_word' id='word_1_749' title='bbox 2463 3655 2647 3726; x_wconf 89' lang='lat' dir='ltr'><strong>igitur,</strong></span> <span class='ocrx_word' id='word_1_750' title='bbox 2675 3653 3032 3716; x_wconf 79' lang='lat' dir='ltr'><strong>dilectissimi,</strong></span> <span class='ocrx_word' id='word_1_751' title='bbox 3075 3663 3129 3708; x_wconf 87' lang='lat' dir='ltr'><strong>et</strong></span> <span class='ocrx_word' id='word_1_752' title='bbox 3157 3652 3223 3707; x_wconf 89' lang='lat' dir='ltr'><strong>ad</strong></span> <span class='ocrx_word' id='word_1_753' title='bbox 3276 3653 3506 3717; x_wconf 79' lang='lat' dir='ltr'><strong>reditum</strong></span> 
     </span>
    </p>
   </div>
   <div class='ocr_carea' id='block_1_97' title="bbox 1895 3744 3506 3818">
    <p class='ocr_par' dir='ltr' id='par_1_97' title="bbox 1895 3744 3506 3818">
     <span class='ocr_line' id='line_1_97' title="bbox 1895 3744 3506 3818; baseline -0.003 -14"><span class='ocrx_word' id='word_1_754' title='bbox 1895 3748 2046 3804; x_wconf 88' lang='lat' dir='ltr'><strong>illum</strong></span> <span class='ocrx_word' id='word_1_755' title='bbox 2072 3749 2260 3804; x_wconf 87' lang='lat' dir='ltr'><strong>oculos</strong></span> <span class='ocrx_word' id='word_1_756' title='bbox 2301 3749 2497 3803; x_wconf 90' lang='lat' dir='ltr'><strong>mentis</strong></span> <span class='ocrx_word' id='word_1_757' title='bbox 2545 3745 2860 3818; x_wconf 87' lang='lat' dir='ltr'><strong>dirigamus.</strong></span> <span class='ocrx_word' id='word_1_758' title='bbox 2887 3745 3102 3800; x_wconf 85' lang='lat' dir='ltr'><strong>Etenim</strong></span> <span class='ocrx_word' id='word_1_759' title='bbox 3145 3744 3340 3799; x_wconf 85' lang='lat' dir='ltr'><strong>Paulus</strong></span> <span class='ocrx_word' id='word_1_760' title='bbox 3383 3745 3457 3798; x_wconf 91' lang='lat' dir='ltr'><strong>ait</strong></span> <span class='ocrx_word' id='word_1_761' title='bbox 3493 3763 3506 3799; x_wconf 89' lang='lat'><strong>:</strong></span> 
     </span>
    </p>
   </div>
   <div class='ocr_carea' id='block_1_98' title="bbox 1895 3838 3506 3911">
    <p class='ocr_par' dir='ltr' id='par_1_98' title="bbox 1895 3838 3506 3911">
     <span class='ocr_line' id='line_1_98' title="bbox 1895 3838 3506 3911; baseline -0.003 -15"><span class='ocrx_word' id='word_1_762' title='bbox 1895 3840 2017 3911; x_wconf 80' lang='lat' dir='ltr'><strong>Ipse</strong></span> <span class='ocrx_word' id='word_1_763' title='bbox 2044 3839 2309 3894; x_wconf 78' lang='lat' dir='ltr'><strong>descendet</strong></span> <span class='ocrx_word' id='word_1_764' title='bbox 2335 3840 2399 3894; x_wconf 82' lang='lat' dir='ltr'><strong>de</strong></span> <span class='ocrx_word' id='word_1_765' title='bbox 2423 3840 2559 3894; x_wconf 68' lang='lat' dir='ltr'><strong>ctelis</strong></span> <span class='ocrx_word' id='word_1_766' title='bbox 2578 3880 2591 3903; x_wconf 92' lang='lat'><strong>,</strong></span> <span class='ocrx_word' id='word_1_767' title='bbox 2624 3839 2677 3892; x_wconf 89' lang='lat' dir='ltr'><strong>in</strong></span> <span class='ocrx_word' id='word_1_768' title='bbox 2708 3838 2857 3910; x_wconf 80' lang='lat' dir='ltr'><strong>jussu</strong></span> <span class='ocrx_word' id='word_1_769' title='bbox 2879 3879 2894 3904; x_wconf 92' lang='lat'><strong>,</strong></span> <span class='ocrx_word' id='word_1_770' title='bbox 2925 3839 2978 3891; x_wconf 87' lang='lat' dir='ltr'><strong>in</strong></span> <span class='ocrx_word' id='word_1_771' title='bbox 3008 3852 3126 3891; x_wconf 81' lang='lat' dir='ltr'><strong>voce</strong></span> <span class='ocrx_word' id='word_1_772' title='bbox 3169 3838 3464 3907; x_wconf 83' lang='lat' dir='ltr'><strong>archangeli</strong></span> <span class='ocrx_word' id='word_1_773' title='bbox 3490 3854 3506 3891; x_wconf 92' lang='lat'><em>:</em></span> 
     </span>
    </p>
   </div>
   <div class='ocr_carea' id='block_1_99' title="bbox 1893 3931 3506 4000">
    <p class='ocr_par' dir='ltr' id='par_1_99' title="bbox 1893 3931 3506 4000">
     <span class='ocr_line' id='line_1_99' title="bbox 1893 3931 3506 4000; baseline -0.001 -13"><span class='ocrx_word' id='word_1_774' title='bbox 1893 3945 1941 3988; x_wconf 87' lang='lat' dir='ltr'><strong>et</strong></span> <span class='ocrx_word' id='word_1_775' title='bbox 1963 3949 2054 3987; x_wconf 82' lang='lat' dir='ltr'><strong>nos</strong></span> <span class='ocrx_word' id='word_1_776' title='bbox 2082 3934 2169 4000; x_wconf 84' lang='lat' dir='ltr'><strong>qui</strong></span> <span class='ocrx_word' id='word_1_777' title='bbox 2190 3933 2402 3987; x_wconf 82' lang='lat' dir='ltr'><strong>vivimus</strong></span> <span class='ocrx_word' id='word_1_778' title='bbox 2422 3942 2469 3986; x_wconf 88' lang='lat' dir='ltr'><strong>et</strong></span> <span class='ocrx_word' id='word_1_779' title='bbox 2495 3932 2684 3986; x_wconf 81' lang='lat' dir='ltr'><strong>residui</strong></span> <span class='ocrx_word' id='word_1_780' title='bbox 2713 3949 2911 3998; x_wconf 73' lang='lat' dir='ltr'><strong>suum,</strong></span> <span class='ocrx_word' id='word_1_781' title='bbox 2944 3931 3141 3985; x_wconf 83' lang='lat' dir='ltr'><strong>obviam</strong></span> <span class='ocrx_word' id='word_1_782' title='bbox 3173 3933 3430 4000; x_wconf 80' lang='lat' dir='ltr'><strong>rapientur</strong></span> <span class='ocrx_word' id='word_1_783' title='bbox 3451 3935 3506 3987; x_wconf 80' lang='lat' dir='ltr'><strong>in</strong></span> 
     </span>
    </p>
   </div>
   <div class='ocr_carea' id='block_1_100' title="bbox 1893 4021 3505 4088">
    <p class='ocr_par' dir='ltr' id='par_1_100' title="bbox 1893 4021 3505 4088">
     <span class='ocr_line' id='line_1_100' title="bbox 1893 4021 3505 4088; baseline 0.001 -11"><span class='ocrx_word' id='word_1_784' title='bbox 1893 4025 2109 4078; x_wconf 75' lang='lat' dir='ltr'><strong>nubibus</strong></span> <span class='ocrx_word' id='word_1_785' title='bbox 2150 4026 2205 4078; x_wconf 88' lang='lat' dir='ltr'><strong>ia</strong></span> <span class='ocrx_word' id='word_1_786' title='bbox 2253 4040 2522 4078; x_wconf 85' lang='lat' dir='ltr'><strong>occursum</strong></span> <span class='ocrx_word' id='word_1_787' title='bbox 2569 4021 2779 4077; x_wconf 87' lang='lat' dir='ltr'><strong>Domini</strong></span> <span class='ocrx_word' id='word_1_788' title='bbox 2816 4023 2869 4076; x_wconf 91' lang='lat' dir='ltr'><strong>in</strong></span> <span class='ocrx_word' id='word_1_789' title='bbox 2907 4039 3048 4088; x_wconf 83' lang='lat' dir='ltr'><strong>aera,</strong></span> <span class='ocrx_word' id='word_1_790' title='bbox 3093 4034 3145 4076; x_wconf 89' lang='lat' dir='ltr'><strong>at</strong></span> <span class='ocrx_word' id='word_1_791' title='bbox 3174 4039 3279 4077; x_wconf 91' lang='lat' dir='ltr'><strong>non</strong></span> <span class='ocrx_word' id='word_1_792' title='bbox 3311 4037 3505 4078; x_wconf 91' lang='lat' dir='ltr'><strong>omnes</strong></span> 
     </span>
    </p>
   </div>
   <div class='ocr_carea' id='block_1_101' title="bbox 1899 4113 3507 4186">
    <p class='ocr_par' dir='ltr' id='par_1_101' title="bbox 1899 4113 3507 4186">
     <span class='ocr_line' id='line_1_101' title="bbox 1899 4113 3507 4186; baseline -0.001 -16"><span class='ocrx_word' id='word_1_793' title='bbox 1899 4115 1975 4186; x_wconf 90' lang='grc'><strong>(1.</strong></span> <span class='ocrx_word' id='word_1_794' title='bbox 2000 4113 2177 4172; x_wconf 53' lang='lat' dir='ltr'><strong>Thess.</strong></span> <span class='ocrx_word' id='word_1_795' title='bbox 2212 4118 2264 4171; x_wconf 72' lang='grc' dir='ltr'><strong>ι.</strong></span> <span class='ocrx_word' id='word_1_796' title='bbox 2294 4117 2381 4171; x_wconf 84' lang='grc'><strong>15.</strong></span> <span class='ocrx_word' id='word_1_797' title='bbox 2417 4115 2529 4186; x_wconf 84' lang='grc'><strong>16).</strong></span> <span class='ocrx_word' id='word_1_798' title='bbox 2560 4115 2714 4182; x_wconf 81' lang='lat' dir='ltr'><strong>Quod</strong></span> <span class='ocrx_word' id='word_1_799' title='bbox 2757 4126 2938 4170; x_wconf 89' lang='lat' dir='ltr'><strong>autem</strong></span> <span class='ocrx_word' id='word_1_800' title='bbox 2987 4131 3092 4172; x_wconf 87' lang='lat' dir='ltr'><strong>non</strong></span> <span class='ocrx_word' id='word_1_801' title='bbox 3116 4131 3305 4172; x_wconf 90' lang='lat' dir='ltr'><strong>omnes</strong></span> <span class='ocrx_word' id='word_1_802' title='bbox 3335 4119 3507 4186; x_wconf 81' lang='lat' dir='ltr'><strong>rapie-</strong></span> 
     </span>
    </p>
   </div>
   <div class='ocr_carea' id='block_1_102' title="bbox 1895 4207 3503 4278">
    <p class='ocr_par' dir='ltr' id='par_1_102' title="bbox 1895 4207 3503 4278">
     <span class='ocr_line' id='line_1_102' title="bbox 1895 4207 3503 4278; baseline 0.001 -16"><span class='ocrx_word' id='word_1_803' title='bbox 1895 4217 2038 4273; x_wconf 79' lang='lat' dir='ltr'><strong>ntur,</strong></span> <span class='ocrx_word' id='word_1_804' title='bbox 2067 4207 2163 4262; x_wconf 89' lang='lat' dir='ltr'><strong>sed</strong></span> <span class='ocrx_word' id='word_1_805' title='bbox 2205 4207 2298 4262; x_wconf 90' lang='lat' dir='ltr'><strong>alii</strong></span> <span class='ocrx_word' id='word_1_806' title='bbox 2347 4208 2684 4275; x_wconf 91' lang='lat' dir='ltr'><strong>permansuri</strong></span> <span class='ocrx_word' id='word_1_807' title='bbox 2736 4209 2880 4272; x_wconf 90' lang='lat' dir='ltr'><strong>sint,</strong></span> <span class='ocrx_word' id='word_1_808' title='bbox 2912 4207 3003 4262; x_wconf 87' lang='lat' dir='ltr'><strong>alii</strong></span> <span class='ocrx_word' id='word_1_809' title='bbox 3051 4223 3179 4263; x_wconf 76' lang='lat' dir='ltr'><strong>vero</strong></span> <span class='ocrx_word' id='word_1_810' title='bbox 3222 4207 3503 4278; x_wconf 86' lang='lat' dir='ltr'><strong>rapiendi,</strong></span> 
     </span>
    </p>
   </div>
   <div class='ocr_carea' id='block_1_103' title="bbox 1898 4298 3505 4370">
    <p class='ocr_par' dir='ltr' id='par_1_103' title="bbox 1898 4298 3505 4370">
     <span class='ocr_line' id='line_1_103' title="bbox 1898 4298 3505 4370; baseline 0.001 -18"><span class='ocrx_word' id='word_1_811' title='bbox 1898 4298 2022 4353; x_wconf 86' lang='lat' dir='ltr'><strong>audi</strong></span> <span class='ocrx_word' id='word_1_812' title='bbox 2069 4300 2198 4370; x_wconf 90' lang='lat' dir='ltr'><strong>quid</strong></span> <span class='ocrx_word' id='word_1_813' title='bbox 2225 4300 2370 4355; x_wconf 91' lang='lat' dir='ltr'><strong>dicat</strong></span> <span class='ocrx_word' id='word_1_814' title='bbox 2395 4299 2651 4356; x_wconf 82' lang='lat' dir='ltr'><strong>Christus</strong></span> <span class='ocrx_word' id='word_1_815' title='bbox 2679 4315 2699 4354; x_wconf 89' lang='lat'><strong><em>:</em></strong></span> <span class='ocrx_word' id='word_1_816' title='bbox 2726 4299 2870 4353; x_wconf 83' lang='lat' dir='ltr'><strong>Tunc</strong></span> <span class='ocrx_word' id='word_1_817' title='bbox 2904 4301 3225 4354; x_wconf 74' lang='lat' dir='ltr'><strong>invenientur</strong></span> <span class='ocrx_word' id='word_1_818' title='bbox 3249 4302 3367 4356; x_wconf 68' lang='lat' dir='ltr'><strong>dua</strong></span> <span class='ocrx_word' id='word_1_819' title='bbox 3393 4319 3505 4354; x_wconf 54' lang='lat' dir='ltr'><strong>mo.</strong></span> 
     </span>
    </p>
   </div>
   <div class='ocr_carea' id='block_1_104' title="bbox 1895 4390 3503 4464">
    <p class='ocr_par' dir='ltr' id='par_1_104' title="bbox 1895 4390 3503 4464">
     <span class='ocr_line' id='line_1_104' title="bbox 1895 4390 3503 4464; baseline 0.001 -19"><span class='ocrx_word' id='word_1_820' title='bbox 1895 4390 2052 4445; x_wconf 84' lang='lat' dir='ltr'><strong>lentes</strong></span> <span class='ocrx_word' id='word_1_821' title='bbox 2078 4393 2131 4445; x_wconf 90' lang='lat' dir='ltr'><strong>in</strong></span> <span class='ocrx_word' id='word_1_822' title='bbox 2164 4394 2320 4460; x_wconf 89' lang='lat' dir='ltr'><strong>mola,</strong></span> <span class='ocrx_word' id='word_1_823' title='bbox 2348 4409 2451 4447; x_wconf 87' lang='lat' dir='ltr'><strong>una</strong></span> <span class='ocrx_word' id='word_1_824' title='bbox 2480 4403 2787 4459; x_wconf 74' lang='lat' dir='ltr'><strong>assumatur,</strong></span> <span class='ocrx_word' id='word_1_825' title='bbox 2817 4402 2864 4445; x_wconf 87' lang='lat' dir='ltr'><strong>et</strong></span> <span class='ocrx_word' id='word_1_826' title='bbox 2885 4409 2988 4446; x_wconf 87' lang='lat' dir='ltr'><strong>una</strong></span> <span class='ocrx_word' id='word_1_827' title='bbox 3014 4395 3329 4464; x_wconf 80' lang='lat' dir='ltr'><strong>relinquetur</strong></span> <span class='ocrx_word' id='word_1_828' title='bbox 3358 4411 3376 4448; x_wconf 89' lang='lat'><strong><em>:</em></strong></span> <span class='ocrx_word' id='word_1_829' title='bbox 3402 4397 3503 4448; x_wconf 83' lang='lat' dir='ltr'><strong>duo</strong></span> 
     </span>
    </p>
   </div>
   <div class='ocr_carea' id='block_1_105' title="bbox 1895 4481 3496 4548">
    <p class='ocr_par' dir='ltr' id='par_1_105' title="bbox 1895 4481 3496 4548">
     <span class='ocr_line' id='line_1_105' title="bbox 1895 4481 3496 4548; baseline 0.002 -13"><span class='ocrx_word' id='word_1_830' title='bbox 1895 4481 1949 4536; x_wconf 85' lang='lat' dir='ltr'><strong>in</strong></span> <span class='ocrx_word' id='word_1_831' title='bbox 2001 4483 2128 4537; x_wconf 87' lang='lat' dir='ltr'><strong>lecto</strong></span> <span class='ocrx_word' id='word_1_832' title='bbox 2182 4499 2286 4537; x_wconf 88' lang='lat' dir='ltr'><strong>uno</strong></span> <span class='ocrx_word' id='word_1_833' title='bbox 2332 4493 2508 4548; x_wconf 85' lang='lat' dir='ltr'><strong>cruat,</strong></span> <span class='ocrx_word' id='word_1_834' title='bbox 2559 4496 2694 4536; x_wconf 84' lang='lat' dir='ltr'><strong>unus</strong></span> <span class='ocrx_word' id='word_1_835' title='bbox 2739 4494 3045 4548; x_wconf 75' lang='lat' dir='ltr'><strong>assumatur,</strong></span> <span class='ocrx_word' id='word_1_836' title='bbox 3074 4495 3119 4535; x_wconf 88' lang='lat' dir='ltr'><strong>et</strong></span> <span class='ocrx_word' id='word_1_837' title='bbox 3161 4501 3294 4538; x_wconf 85' lang='lat' dir='ltr'><strong>unus</strong></span> <span class='ocrx_word' id='word_1_838' title='bbox 3338 4487 3496 4538; x_wconf 85' lang='lat' dir='ltr'><strong>relin-</strong></span> 
     </span>
    </p>
   </div>
   <div class='ocr_carea' id='block_1_106' title="bbox 1895 4573 3500 4649">
    <p class='ocr_par' dir='ltr' id='par_1_106' title="bbox 1895 4573 3500 4649">
     <span class='ocr_line' id='line_1_106' title="bbox 1895 4573 3500 4649; baseline 0.002 -22"><span class='ocrx_word' id='word_1_839' title='bbox 1895 4586 2076 4644; x_wconf 85' lang='lat' dir='ltr'><strong>quetur</strong></span> <span class='ocrx_word' id='word_1_840' title='bbox 2124 4573 2355 4646; x_wconf 77' lang='lat' dir='ltr'><strong>(Matth.</strong></span> <span class='ocrx_word' id='word_1_841' title='bbox 2409 4575 2501 4630; x_wconf 64' lang='grc'><strong>26.</strong></span> <span class='ocrx_word' id='word_1_842' title='bbox 2531 4575 2618 4631; x_wconf 68' lang='grc'><strong>40.</strong></span> <span class='ocrx_word' id='word_1_843' title='bbox 2643 4574 2760 4645; x_wconf 65' lang='grc'><strong>41).</strong></span> <span class='ocrx_word' id='word_1_844' title='bbox 2791 4573 2930 4642; x_wconf 85' lang='lat' dir='ltr'><strong>Quid</strong></span> <span class='ocrx_word' id='word_1_845' title='bbox 2976 4576 3076 4631; x_wconf 88' lang='lat' dir='ltr'><strong>sibi</strong></span> <span class='ocrx_word' id='word_1_846' title='bbox 3135 4576 3246 4631; x_wconf 84' lang='lat' dir='ltr'><strong>vult</strong></span> <span class='ocrx_word' id='word_1_847' title='bbox 3275 4579 3500 4649; x_wconf 76' lang='lat' dir='ltr'><strong>aenigma</strong></span> 
     </span>
    </p>
   </div>
   <div class='ocr_carea' id='block_1_107' title="bbox 1895 4667 3506 4741">
    <p class='ocr_par' dir='ltr' id='par_1_107' title="bbox 1895 4667 3506 4741">
     <span class='ocr_line' id='line_1_107' title="bbox 1895 4667 3506 4741; baseline 0.001 -19"><span class='ocrx_word' id='word_1_848' title='bbox 1895 4667 2036 4723; x_wconf 81' lang='lat' dir='ltr'><strong>istud</strong></span> <span class='ocrx_word' id='word_1_849' title='bbox 2061 4667 2085 4721; x_wconf 66' lang='grc' dir='ltr'><strong><em>ἲ</em></strong></span> <span class='ocrx_word' id='word_1_850' title='bbox 2113 4667 2240 4738; x_wconf 91' lang='lat' dir='ltr'><strong>quid</strong></span> <span class='ocrx_word' id='word_1_851' title='bbox 2276 4667 2498 4723; x_wconf 87' lang='lat' dir='ltr'><strong>denotat</strong></span> <span class='ocrx_word' id='word_1_852' title='bbox 2533 4668 2847 4741; x_wconf 81' lang='lat' dir='ltr'><strong>mysterium</strong></span> <span class='ocrx_word' id='word_1_853' title='bbox 2877 4668 2980 4724; x_wconf 87' lang='lat' dir='ltr'><strong>hoc</strong></span> <span class='ocrx_word' id='word_1_854' title='bbox 3002 4669 3378 4725; x_wconf 86' lang='lat' dir='ltr'><strong>reconditum?</strong></span> <span class='ocrx_word' id='word_1_855' title='bbox 3403 4671 3506 4725; x_wconf 74' lang='lat' dir='ltr'><strong>Per</strong></span> 
     </span>
    </p>
   </div>
   <div class='ocr_carea' id='block_1_108' title="bbox 1894 4759 3506 4830">
    <p class='ocr_par' dir='ltr' id='par_1_108' title="bbox 1894 4759 3506 4830">
     <span class='ocr_line' id='line_1_108' title="bbox 1894 4759 3506 4830; baseline 0.001 -16"><span class='ocrx_word' id='word_1_856' title='bbox 1894 4759 2095 4814; x_wconf 87' lang='lat' dir='ltr'><strong>molam</strong></span> <span class='ocrx_word' id='word_1_857' title='bbox 2123 4775 2314 4814; x_wconf 89' lang='lat' dir='ltr'><strong>omnes</strong></span> <span class='ocrx_word' id='word_1_858' title='bbox 2351 4761 2405 4814; x_wconf 91' lang='lat' dir='ltr'><strong>in</strong></span> <span class='ocrx_word' id='word_1_859' title='bbox 2435 4770 2752 4830; x_wconf 90' lang='lat' dir='ltr'><strong>paupertate</strong></span> <span class='ocrx_word' id='word_1_860' title='bbox 2779 4771 2831 4816; x_wconf 90' lang='lat' dir='ltr'><strong>et</strong></span> <span class='ocrx_word' id='word_1_861' title='bbox 2861 4761 3079 4815; x_wconf 85' lang='lat' dir='ltr'><strong>miseria</strong></span> <span class='ocrx_word' id='word_1_862' title='bbox 3128 4763 3367 4816; x_wconf 78' lang='lat' dir='ltr'><strong>viventes</strong></span> <span class='ocrx_word' id='word_1_863' title='bbox 3409 4773 3506 4816; x_wconf 74' lang='lat' dir='ltr'><strong>no”-</strong></span> 
     </span>
    </p>
   </div>
   <div class='ocr_carea' id='block_1_109' title="bbox 1897 4848 3504 4924">
    <p class='ocr_par' dir='ltr' id='par_1_109' title="bbox 1897 4848 3504 4924">
     <span class='ocr_line' id='line_1_109' title="bbox 1897 4848 3504 4924; baseline 0.002 -20"><span class='ocrx_word' id='word_1_864' title='bbox 1897 4848 1982 4904; x_wconf 88' lang='lat' dir='ltr'><strong>bls</strong></span> <span class='ocrx_word' id='word_1_865' title='bbox 2041 4849 2416 4916; x_wconf 88' lang='lat' dir='ltr'><strong>demonstrat;</strong></span> <span class='ocrx_word' id='word_1_866' title='bbox 2465 4866 2560 4921; x_wconf 90' lang='lat' dir='ltr'><strong>per</strong></span> <span class='ocrx_word' id='word_1_867' title='bbox 2617 4851 2814 4906; x_wconf 89' lang='lat' dir='ltr'><strong>lectum</strong></span> <span class='ocrx_word' id='word_1_868' title='bbox 2894 4862 3074 4907; x_wconf 83' lang='lat' dir='ltr'><strong>autem</strong></span> <span class='ocrx_word' id='word_1_869' title='bbox 3130 4869 3193 4905; x_wconf 71' lang='lat' dir='ltr'><strong>ac</strong></span> <span class='ocrx_word' id='word_1_870' title='bbox 3263 4856 3504 4924; x_wconf 86' lang='lat' dir='ltr'><strong>requiem</strong></span> 
     </span>
    </p>
   </div>
   <div class='ocr_carea' id='block_1_110' title="bbox 1895 4942 3502 5015">
    <p class='ocr_par' dir='ltr' id='par_1_110' title="bbox 1895 4942 3502 5015">
     <span class='ocr_line' id='line_1_110' title="bbox 1895 4942 3502 5015; baseline 0.002 -18"><span class='ocrx_word' id='word_1_871' title='bbox 1895 4953 2120 4997; x_wconf 80' lang='lat' dir='ltr'><strong>cunctus</strong></span> <span class='ocrx_word' id='word_1_872' title='bbox 2150 4945 2349 4998; x_wconf 75' lang='lat' dir='ltr'><strong>divitiis</strong></span> <span class='ocrx_word' id='word_1_873' title='bbox 2380 4942 2699 5010; x_wconf 87' lang='lat' dir='ltr'><strong>affluentes,</strong></span> <span class='ocrx_word' id='word_1_874' title='bbox 2732 4954 2788 5000; x_wconf 82' lang='lat' dir='ltr'><strong>et</strong></span> <span class='ocrx_word' id='word_1_875' title='bbox 2831 4944 3128 5000; x_wconf 87' lang='lat' dir='ltr'><strong>honoribus</strong></span> <span class='ocrx_word' id='word_1_876' title='bbox 3173 4949 3502 5015; x_wconf 69' lang='lat' dir='ltr'><strong>CONSIDiCIIUS</strong></span> 
     </span>
    </p>
   </div>
   <div class='ocr_carea' id='block_1_111' title="bbox 1897 5035 3510 5111">
    <p class='ocr_par' dir='ltr' id='par_1_111' title="bbox 1897 5035 3510 5111">
     <span class='ocr_line' id='line_1_111' title="bbox 1897 5035 3510 5111; baseline 0.002 -23"><span class='ocrx_word' id='word_1_877' title='bbox 1897 5035 2076 5090; x_wconf 89' lang='lat' dir='ltr'><strong>innuit</strong></span> <span class='ocrx_word' id='word_1_878' title='bbox 2109 5053 2123 5090; x_wconf 90' lang='lat'>:</span> <span class='ocrx_word' id='word_1_879' title='bbox 2157 5036 2451 5106; x_wconf 86' lang='lat' dir='ltr'><strong>volensque</strong></span> <span class='ocrx_word' id='word_1_880' title='bbox 2504 5037 2796 5093; x_wconf 85' lang='lat' dir='ltr'><strong>ostendere</strong></span> <span class='ocrx_word' id='word_1_881' title='bbox 2846 5040 3009 5093; x_wconf 85' lang='lat' dir='ltr'><strong>etiam</strong></span> <span class='ocrx_word' id='word_1_882' title='bbox 3061 5055 3128 5093; x_wconf 74' lang='lat' dir='ltr'><strong>ex</strong></span> <span class='ocrx_word' id='word_1_883' title='bbox 3183 5043 3510 5111; x_wconf 71' lang='lat' dir='ltr'><strong>pauperibus</strong></span> 
     </span>
    </p>
   </div>
   <div class='ocr_carea' id='block_1_112' title="bbox 1900 5126 3508 5202">
    <p class='ocr_par' dir='ltr' id='par_1_112' title="bbox 1900 5126 3508 5202">
     <span class='ocr_line' id='line_1_112' title="bbox 1900 5126 3508 5202; baseline 0.001 -21"><span class='ocrx_word' id='word_1_884' title='bbox 1900 5127 2189 5183; x_wconf 84' lang='lat' dir='ltr'><strong>salvantlos</strong></span> <span class='ocrx_word' id='word_1_885' title='bbox 2227 5126 2343 5184; x_wconf 89' lang='lat' dir='ltr'><strong>fore</strong></span> <span class='ocrx_word' id='word_1_886' title='bbox 2375 5137 2537 5199; x_wconf 90' lang='lat' dir='ltr'><strong>atque</strong></span> <span class='ocrx_word' id='word_1_887' title='bbox 2563 5129 2871 5199; x_wconf 86' lang='lat' dir='ltr'><strong>perdendos</strong></span> <span class='ocrx_word' id='word_1_888' title='bbox 2892 5172 2906 5195; x_wconf 88' lang='lat'><strong>,</strong></span> <span class='ocrx_word' id='word_1_889' title='bbox 2937 5131 3072 5186; x_wconf 75' lang='lat' dir='ltr'><strong>dixit</strong></span> <span class='ocrx_word' id='word_1_890' title='bbox 3099 5133 3240 5202; x_wconf 90' lang='lat' dir='ltr'><strong>quod</strong></span> <span class='ocrx_word' id='word_1_891' title='bbox 3271 5133 3326 5188; x_wconf 89' lang='lat' dir='ltr'><strong>in</strong></span> <span class='ocrx_word' id='word_1_892' title='bbox 3364 5135 3508 5189; x_wconf 82' lang='lat' dir='ltr'><strong>mola</strong></span> 
     </span>
    </p>
   </div>
   <div class='ocr_carea' id='block_1_113' title="bbox 1898 5223 3503 5296">
    <p class='ocr_par' dir='ltr' id='par_1_113' title="bbox 1898 5223 3503 5296">
     <span class='ocr_line' id='line_1_113' title="bbox 1898 5223 3503 5296; baseline 0.006 -24"><span class='ocrx_word' id='word_1_893' title='bbox 1898 5235 2002 5272; x_wconf 90' lang='lat' dir='ltr'><strong>una</strong></span> <span class='ocrx_word' id='word_1_894' title='bbox 2031 5229 2357 5287; x_wconf 83' lang='lat' dir='ltr'><strong>assutnetur,</strong></span> <span class='ocrx_word' id='word_1_895' title='bbox 2388 5231 2440 5275; x_wconf 89' lang='lat' dir='ltr'><strong>et</strong></span> <span class='ocrx_word' id='word_1_896' title='bbox 2463 5237 2565 5275; x_wconf 89' lang='lat' dir='ltr'><strong>una</strong></span> <span class='ocrx_word' id='word_1_897' title='bbox 2598 5223 2934 5293; x_wconf 88' lang='lat' dir='ltr'><strong>relinquetur</strong></span> <span class='ocrx_word' id='word_1_898' title='bbox 2959 5239 2973 5289; x_wconf 91' lang='lat'><strong>;</strong></span> <span class='ocrx_word' id='word_1_899' title='bbox 3003 5234 3058 5279; x_wconf 92' lang='lat' dir='ltr'><strong>et</strong></span> <span class='ocrx_word' id='word_1_900' title='bbox 3107 5239 3295 5279; x_wconf 89' lang='lat' dir='ltr'><strong>eorum</strong></span> <span class='ocrx_word' id='word_1_901' title='bbox 3333 5229 3422 5296; x_wconf 89' lang='lat' dir='ltr'><strong>qui</strong></span> <span class='ocrx_word' id='word_1_902' title='bbox 3452 5228 3503 5282; x_wconf 90' lang='lat' dir='ltr'><strong>in</strong></span> 
     </span>
    </p>
   </div>
   <div class='ocr_carea' id='block_1_114' title="bbox 1899 5313 3502 5387">
    <p class='ocr_par' dir='ltr' id='par_1_114' title="bbox 1899 5313 3502 5387">
     <span class='ocr_line' id='line_1_114' title="bbox 1899 5313 3502 5387; baseline 0.003 -20"><span class='ocrx_word' id='word_1_903' title='bbox 1899 5313 2040 5368; x_wconf 88' lang='lat' dir='ltr'><strong>lecto</strong></span> <span class='ocrx_word' id='word_1_904' title='bbox 2085 5323 2242 5367; x_wconf 83' lang='lat' dir='ltr'><strong>emat</strong></span> <span class='ocrx_word' id='word_1_905' title='bbox 2290 5328 2430 5368; x_wconf 89' lang='lat' dir='ltr'><strong>unus</strong></span> <span class='ocrx_word' id='word_1_906' title='bbox 2477 5325 2818 5382; x_wconf 85' lang='lat' dir='ltr'><strong>assutnetur,</strong></span> <span class='ocrx_word' id='word_1_907' title='bbox 2849 5326 2905 5371; x_wconf 88' lang='lat' dir='ltr'><strong>et</strong></span> <span class='ocrx_word' id='word_1_908' title='bbox 2954 5330 3093 5371; x_wconf 90' lang='lat' dir='ltr'><strong>unus</strong></span> <span class='ocrx_word' id='word_1_909' title='bbox 3146 5317 3502 5387; x_wconf 81' lang='lat' dir='ltr'><strong>relinquetur,</strong></span> 
     </span>
    </p>
   </div>
   <div class='ocr_carea' id='block_1_115' title="bbox 1896 5404 3506 5477">
    <p class='ocr_par' dir='ltr' id='par_1_115' title="bbox 1896 5404 3506 5477">
     <span class='ocr_line' id='line_1_115' title="bbox 1896 5404 3506 5477; baseline 0.003 -18"><span class='ocrx_word' id='word_1_910' title='bbox 1896 5404 2176 5461; x_wconf 88' lang='lat' dir='ltr'><strong>declarare</strong></span> <span class='ocrx_word' id='word_1_911' title='bbox 2205 5407 2416 5472; x_wconf 86' lang='lat' dir='ltr'><strong>volens,</strong></span> <span class='ocrx_word' id='word_1_912' title='bbox 2447 5406 2591 5477; x_wconf 89' lang='lat' dir='ltr'><strong>quod</strong></span> <span class='ocrx_word' id='word_1_913' title='bbox 2621 5418 2935 5476; x_wconf 77' lang='lat' dir='ltr'><strong>peccatores</strong></span> <span class='ocrx_word' id='word_1_914' title='bbox 2957 5408 3172 5477; x_wconf 89' lang='lat' dir='ltr'><strong>quidem</strong></span> <span class='ocrx_word' id='word_1_915' title='bbox 3213 5409 3298 5464; x_wconf 88' lang='lat' dir='ltr'><strong>hic</strong></span> <span class='ocrx_word' id='word_1_916' title='bbox 3341 5411 3506 5465; x_wconf 89' lang='lat' dir='ltr'><strong>relin-</strong></span> 
     </span>
    </p>
   </div>
   <div class='ocr_carea' id='block_1_116' title="bbox 1898 5499 3504 5570">
    <p class='ocr_par' dir='ltr' id='par_1_116' title="bbox 1898 5499 3504 5570">
     <span class='ocr_line' id='line_1_116' title="bbox 1898 5499 3504 5570; baseline 0.003 -18"><span class='ocrx_word' id='word_1_917' title='bbox 1898 5505 2171 5568; x_wconf 85' lang='lat' dir='ltr'><strong>quantur,</strong></span> <span class='ocrx_word' id='word_1_918' title='bbox 2223 5499 2543 5568; x_wconf 87' lang='lat' dir='ltr'><strong>supplicium</strong></span> <span class='ocrx_word' id='word_1_919' title='bbox 2586 5509 3005 5569; x_wconf 79' lang='lat' dir='ltr'><strong>exspectantes;</strong></span> <span class='ocrx_word' id='word_1_920' title='bbox 3048 5499 3177 5570; x_wconf 88' lang='lat' dir='ltr'><strong>justi</strong></span> <span class='ocrx_word' id='word_1_921' title='bbox 3223 5512 3402 5556; x_wconf 90' lang='lat' dir='ltr'><strong>autem</strong></span> <span class='ocrx_word' id='word_1_922' title='bbox 3452 5504 3504 5557; x_wconf 85' lang='lat' dir='ltr'><strong>in</strong></span> 
     </span>
    </p>
   </div>
   <div class='ocr_carea' id='block_1_117' title="bbox 1900 5590 3503 5663">
    <p class='ocr_par' dir='ltr' id='par_1_117' title="bbox 1900 5590 3503 5663">
     <span class='ocr_line' id='line_1_117' title="bbox 1900 5590 3503 5663; baseline 0.002 -21"><span class='ocrx_word' id='word_1_923' title='bbox 1900 5590 2072 5644; x_wconf 89' lang='lat' dir='ltr'><strong>nubes</strong></span> <span class='ocrx_word' id='word_1_924' title='bbox 2095 5591 2392 5661; x_wconf 82' lang='lat' dir='ltr'><strong>rapiantur.</strong></span> <span class='ocrx_word' id='word_1_925' title='bbox 2423 5592 2576 5647; x_wconf 87' lang='lat' dir='ltr'><strong>Sicut</strong></span> <span class='ocrx_word' id='word_1_926' title='bbox 2604 5593 2747 5646; x_wconf 89' lang='lat' dir='ltr'><strong>enim</strong></span> <span class='ocrx_word' id='word_1_927' title='bbox 2774 5607 2901 5663; x_wconf 89' lang='lat' dir='ltr'><strong>rege</strong></span> <span class='ocrx_word' id='word_1_928' title='bbox 2928 5593 3110 5662; x_wconf 90' lang='lat' dir='ltr'><strong>aliquo</strong></span> <span class='ocrx_word' id='word_1_929' title='bbox 3145 5593 3201 5646; x_wconf 90' lang='lat' dir='ltr'><strong>in</strong></span> <span class='ocrx_word' id='word_1_930' title='bbox 3230 5593 3503 5649; x_wconf 86' lang='lat' dir='ltr'><strong>civitatem</strong></span> 
     </span>
    </p>
   </div>
   <div class='ocr_carea' id='block_1_118' title="bbox 1901 5681 3506 5755">
    <p class='ocr_par' dir='ltr' id='par_1_118' title="bbox 1901 5681 3506 5755">
     <span class='ocr_line' id='line_1_118' title="bbox 1901 5681 3506 5755; baseline 0.002 -21"><span class='ocrx_word' id='word_1_931' title='bbox 1901 5681 2208 5737; x_wconf 88' lang='lat' dir='ltr'><strong>introeunte</strong></span> <span class='ocrx_word' id='word_1_932' title='bbox 2233 5724 2248 5749; x_wconf 93' lang='lat'><strong>,</strong></span> <span class='ocrx_word' id='word_1_933' title='bbox 2283 5682 2373 5737; x_wconf 91' lang='lat' dir='ltr'><strong>alii</strong></span> <span class='ocrx_word' id='word_1_934' title='bbox 2401 5683 2618 5754; x_wconf 89' lang='lat' dir='ltr'><strong>quidem</strong></span> <span class='ocrx_word' id='word_1_935' title='bbox 2660 5683 2714 5738; x_wconf 86' lang='lat' dir='ltr'><strong>in</strong></span> <span class='ocrx_word' id='word_1_936' title='bbox 2745 5682 3096 5755; x_wconf 83' lang='lat' dir='ltr'><strong>dignitatibus</strong></span> <span class='ocrx_word' id='word_1_937' title='bbox 3135 5691 3296 5753; x_wconf 86' lang='lat' dir='ltr'><strong>atque</strong></span> <span class='ocrx_word' id='word_1_938' title='bbox 3336 5684 3506 5738; x_wconf 86' lang='lat' dir='ltr'><strong>hono-</strong></span> 
     </span>
    </p>
   </div>
   <div class='ocr_carea' id='block_1_119' title="bbox 1899 5770 3504 5866">
    <p class='ocr_par' dir='ltr' id='par_1_119' title="bbox 1899 5770 3504 5866">
     <span class='ocr_line' id='line_1_119' title="bbox 1899 5770 3504 5866; baseline 0.002 -42"><span class='ocrx_word' id='word_1_939' title='bbox 1899 5770 2052 5825; x_wconf 88' lang='lat' dir='ltr'><strong>ribus</strong></span> <span class='ocrx_word' id='word_1_940' title='bbox 2093 5772 2392 5838; x_wconf 89' lang='lat' dir='ltr'><strong>constituti,</strong></span> <span class='ocrx_word' id='word_1_941' title='bbox 2418 5784 2470 5828; x_wconf 89' lang='lat' dir='ltr'><strong>et</strong></span> <span class='ocrx_word' id='word_1_942' title='bbox 2498 5773 2587 5844; x_wconf 89' lang='lat' dir='ltr'><strong>qui</strong></span> <span class='ocrx_word' id='word_1_943' title='bbox 2631 5774 2922 5844; x_wconf 83' lang='lat' dir='ltr'><strong>plurimum</strong></span> <span class='ocrx_word' id='word_1_944' title='bbox 2965 5775 3136 5866; x_wconf 41' lang='lat' dir='ltr'><strong>gratia</strong></span> <span class='ocrx_word' id='word_1_945' title='bbox 3180 5774 3320 5843; x_wconf 90' lang='lat' dir='ltr'><strong>apud</strong></span> <span class='ocrx_word' id='word_1_946' title='bbox 3354 5775 3504 5829; x_wconf 88' lang='lat' dir='ltr'><strong>illum</strong></span> 
     </span>
    </p>
   </div>
   <div class='ocr_carea' id='block_1_120' title="bbox 1904 5862 3506 5937">
    <p class='ocr_par' dir='ltr' id='par_1_120' title="bbox 1904 5862 3506 5937">
     <span class='ocr_line' id='line_1_120' title="bbox 1904 5862 3506 5937; baseline -0.001 -18"><span class='ocrx_word' id='word_1_947' title='bbox 1904 5863 2084 5920; x_wconf 77' lang='lat' dir='ltr'><strong>valeat</strong></span> <span class='ocrx_word' id='word_1_948' title='bbox 2106 5904 2122 5933; x_wconf 90' lang='lat'><strong>,</strong></span> <span class='ocrx_word' id='word_1_949' title='bbox 2155 5876 2312 5921; x_wconf 74' lang='lat' dir='ltr'><strong>extra</strong></span> <span class='ocrx_word' id='word_1_950' title='bbox 2344 5865 2613 5923; x_wconf 82' lang='lat' dir='ltr'><strong>civitatem</strong></span> <span class='ocrx_word' id='word_1_951' title='bbox 2646 5867 2691 5922; x_wconf 89' lang='lat' dir='ltr'><strong>ei</strong></span> <span class='ocrx_word' id='word_1_952' title='bbox 2723 5862 3138 5937; x_wconf 84' lang='lat' dir='ltr'><strong>progrediuntur</strong></span> <span class='ocrx_word' id='word_1_953' title='bbox 3167 5865 3400 5936; x_wconf 80' lang='lat' dir='ltr'><strong>obviam,</strong></span> <span class='ocrx_word' id='word_1_954' title='bbox 3430 5862 3506 5921; x_wconf 86' lang='lat' dir='ltr'><strong>rei</strong></span> 
     </span>
    </p>
   </div>
  </div>
