4070 6500
569 413 671 471 451

571 531 748 580 autem
777 531 831 578 et
854 521 1404 578 criminibus~obnoxii
1437 524 1578 579 intus
1603 531 1908 586 servantur,
1937 532 2155 578 sentcn-

571 616 697 668 tiam
724 630 754 667 a
786 629 907 685 rege
926 623 1340 684 exspectantes:
1369 615 1440 668 ita
1468 616 1630 668 etiam
1659 614 1872 685 quando
1905 613 2158 668 Dominus

569 705 876 772 advenerit,
901 709 992 762 alii
1017 707 1235 777 quidem
1275 706 1368 776 qui
1394 705 1644 761 fiduciam
1687 706 1922 773 habent,
1956 707 2009 760 in
2037 721 2154 761 me—

565 798 712 853 dium
743 800 792 854 ei
825 809 1106 854 occurrent
1134 813 1312 854 aerem
1339 840 1355 865 ,
1395 798 1637 854 damnati
1668 814 1797 854 vero
1817 807 1871 853 et
1896 798 1988 868 qui
2019 799 2156 854 mul-

566 898 743 943 tarum
795 889 895 945 sibi
923 890 1121 944 conscii
1167 889 1368 945 fuerint
1395 900 1734 961 peccatorum
1759 931 1774 957 ,
1804 890 1891 944 hic
1931 901 2156 961 praesto-

564 977 815 1034 labnntur
835 979 1090 1048 judicem.

634 1070 973 1140 Chrysouomi
1020 1071 1298 1127 humilitas.
1324 1101 1398 1114 —
1425 1071 1573 1128 Tunc
1601 1081 1657 1127 et
1693 1087 1792 1128 nos
1829 1073 2096 1143 rapiemur
2134 1092 2150 1130 :

561 1174 668 1213 non
713 1158 956 1228 equidem
999 1161 1260 1230 meipsum
1286 1161 1341 1216 in
1361 1176 1640 1216 numerum
1682 1175 1745 1217 ac
1770 1163 2029 1218 caicu'lum
2067 1179 2154 1219 ra-

559 1249 872 1320 piendorum
907 1251 1146 1307 referens
1174 1252 1318 1320 dixi,
1345 1253 1452 1310 Nos
1476 1270 1488 1306 :
1512 1268 1618 1307 non
1649 1254 1897 1324 equidem
1931 1257 2004 1310 ita
2033 1271 2151 1312 sum

556 1354 752 1409 expers
778 1357 965 1397 sensus
983 1357 1047 1397 ac
1071 1343 1312 1409 rationis,
1333 1354 1388 1397 ut
1410 1345 1622 1413 propria
1644 1343 1882 1414 ignorem
1910 1356 2148 1418 peccata.

547 1420 625 1496 Et
654 1431 752 1484 nisi
777 1435 886 1501 jam
913 1440 1206 1487 metuerem
1233 1433 1552 1488 conturbare
1592 1426 1828 1489 laetitiam
1871 1437 2151 1505 praesentis

560 1520 879 1590 festivitatis,
902 1522 1085 1579 fierem
1111 1540 1239 1579 sane
1253 1525 1606 1591 amarissime,
1629 1527 1781 1582 istius
1797 1515 1922 1582 dicti
1946 1543 2152 1583 memor

553 1611 608 1668 et
645 1629 762 1668 mea
795 1616 1010 1684 peccata
1050 1615 1102 1669 in
1142 1617 1456 1671 memoriam
1494 1631 1774 1672 revocans.
1804 1617 1939 1672 Cum
1969 1627 2146 1673 autem

553 1705 832 1772 prmsentis
876 1703 995 1759 festi
1027 1701 1278 1762 imtitiam
1321 1706 1649 1762 cunfundere
1680 1709 1843 1763 nolim
1870 1752 1885 1775 ,
1919 1709 2007 1764 hic
2032 1726 2147 1764 ser-

552 1802 765 1849 monem
794 1790 996 1860 finiam,
1021 1797 1285 1867 vigentem
1311 1811 1376 1852 a'c
1394 1807 1673 1874 recentem
1699 1799 1853 1855 vobis
1875 1800 2018 1864 illius
2041 1801 2149 1856 diei

555 1888 867 1941 memoriam
916 1888 1223 1957 relinquens
1243 1930 1258 1955 ,
1289 1904 1356 1944 ne
1381 1890 1638 1959 glorietur
1665 1890 1815 1945 dives
1860 1891 1911 1945 in
1952 1891 2151 1947 divitiis

552 1979 683 2043 suis,
716 1995 887 2050 neque
919 1995 1119 2050 pauper
1144 1980 1378 2048 seipsum
1409 1981 1663 2036 miserum
1695 1993 1909 2052 reputet
1936 1985 1987 2036 in
2017 2000 2151 2052 pau-

544 2078 752 2137 pertate
779 2085 894 2135 sua,
926 2072 1016 2126 sed
1041 2072 1263 2141 quisque
1291 2081 1446 2140 prout
1469 2074 1566 2128 sibi
1608 2075 1851 2128 conscius
1871 2074 2048 2141 fuerit,
2070 2075 2148 2130 vel

553 2159 656 2215 hoc
680 2202 694 2227 ,
729 2163 808 2216 vel
844 2161 965 2215 illud
1015 2161 1190 2216 faciat.
1223 2163 1404 2232 Neque
1431 2164 1572 2218 enim
1605 2164 1752 2219 dives
1781 2164 1902 2219 felix
1931 2205 1946 2229 ,
1981 2181 2150 2234 neque

555 2265 753 2320 pauper
776 2251 1093 2306 miserabilis
1128 2270 1139 2304 :
1171 2253 1263 2308 sed
1293 2253 1500 2318 beatus,
1537 2255 1642 2307 imo
1670 2255 2030 2320 beatissimus,
2060 2257 2150 2325 qui

551 2351 700 2410 raptu
739 2343 831 2396 illo
857 2343 906 2396 in
938 2343 1166 2398 nubibus
1192 2343 1403 2399 habitus
1432 2345 1590 2403 fuerit
1614 2345 1804 2414 dignus
1824 2384 1839 2412 ,
1870 2345 1990 2400 licet
2027 2362 2146 2401 om-

1316 411 1375 466 S.
1404 402 1682 469 JOANNIS
1719 401 2192 467 CHRYSOSTOMI
2219 406 2538 465 AllCillEi‘.
2581 403 3112 469 CONSTANTINOP.

3771 414 3872 471 ιιςι

2267 523 2412 578 nium
2469 525 2628 580 fuerit
2681 526 3577 597 pauperrimuszqtmadmodum
3632 531 3868 586 vicissim

2264 615 2354 683 qui
2381 614 2641 668 exciderit
2660 655 2674 675 ,
2696 617 2868 669 miser
2886 657 2901 679 ,
2933 617 3041 670 imo
3068 617 3402 672 miserrimus
3426 659 3441 684 ,
3473 619 3725 688 quamvis
3750 635 3870 673 om-

2265 705 2412 758 nium
2452 706 2521 760 sit
2540 705 2858 760 ditissimus.
2904 706 3190 776 Propterea
3220 706 3341 762 dico
3364 751 3380 776 ,
3407 720 3470 762 ut
3505 711 3593 779 qui
3637 711 3876 778 peccatis

2263 793 2478 849 obnoxii
2505 809 2708 862 sumus,
2739 795 3013 866 lugeamus
3038 811 3137 851 nos
3164 797 3308 867 ipsos
3334 817 3347 853 :
3369 807 3421 852 at
3445 800 3536 869 qui
3559 800 3717 855 bonis
3743 815 3876 869 ope-

2264 884 2414 940 ribus
2447 886 2649 940 clarent
2671 926 2687 952 ,
2719 887 2992 942 confidant
3016 904 3031 952 ;
3060 890 3168 942 imo
3196 903 3300 943 non
3329 890 3501 943 solum
3546 891 3827 945 confidant
3856 933 3872 956 ,

2263 973 2358 1029 sed
2383 984 2438 1029 et
2464 975 2852 1032 confirmentur
2877 997 2890 1032 :
2915 993 3088 1047 neque
3116 978 3192 1032 illi
3221 979 3435 1048 lugeant
3461 979 3658 1044 solum,
3688 981 3786 1035 sed
3818 991 3874 1036 et

2264 1074 2534 1120 mutentur
2567 1081 2631 1120 ac
2656 1078 3053 1123 convertantur.
3077 1069 3232 1124 Licet
3259 1071 3400 1125 enim
3429 1079 3484 1125 et
3508 1071 3579 1137 ei,
3608 1074 3700 1142 qui
3729 1074 3872 1127 male

2263 1155 2425 1207 vitam
2479 1154 2664 1221 ducit,
2694 1157 2933 1226 improba
2981 1161 3275 1228 postposita
3323 1161 3463 1225 vita,
3495 1161 3560 1215 ad
3609 1164 3868 1217 virtutem

2264 1248 2492 1302 transire
2512 1289 2527 1314 ,
2557 1248 2727 1318 iisque
2759 1250 2848 1318 qui
2879 1264 2909 1303 a
2947 1251 3209 1320 principio
3235 1251 3372 1306 bene
3393 1253 3679 1318 vixerunt,
3711 1254 3869 1308 siml.-

2259 1336 2364 1391 lem
2407 1338 2553 1404 fieri;
2583 1339 2724 1409 quod
2768 1349 2822 1394 et
2867 1355 2966 1395 nos
2995 1342 3324 1397 Studeamus.
3356 1343 3422 1396 Et
3458 1345 3547 1412 qui
3578 1345 3733 1399 bona:
3764 1345 3864 1398 sibi

2259 1431 2458 1484 conscii
2501 1430 2696 1485 fuerint
2730 1432 2852 1488 vitae
2874 1475 2888 1499 ,
2918 1433 2970 1487 in
3015 1433 3211 1503 pietate
3248 1419 3635 1503 perseverent,
3667 1435 3868 1489 bonam

2261 1521 2401 1578 hanc
2423 1524 2814 1593 possessionem
2842 1539 3056 1594 semper
3075 1535 3354 1596 augentes,
3380 1535 3436 1579 et
3462 1526 3620 1594 priori
3656 1525 3870 1582 fiducia:

2258 1612 2459 1683 aliquid
2495 1613 2748 1667 continuo
2776 1614 3070 1669 addentes:
3098 1617 3186 1684 qui
3217 1625 3393 1670 autem
3426 1614 3734 1671 difﬁdentes
3769 1632 3869 1670 su-

2259 1716 2380 1756 mus
2393 1717 2455 1756 ac
2475 1703 2664 1770 timidi,
2689 1704 3082 1774 mullorumque
3095 1705 3252 1759 nobis
3274 1715 3612 1775 peccatorum
3633 1706 3866 1775 conscii,

2262 1802 2532 1848 mutentur
2561 1794 2613 1848 in
2657 1796 2878 1858 melius;
2909 1804 2964 1849 ut
2988 1796 3056 1850 ad
3099 1796 3310 1850 illorum
3357 1811 3570 1865 quoque
3597 1796 3867 1863 ﬁduciam

2263 1886 2661 1956 pertingentes,
2709 1889 2910 1954 pariter
2952 1887 3130 1941 cuncti
3187 1899 3349 1958 atque
3396 1887 3683 1942 unanimes
3739 1902 3868 1942 cum

2259 1976 2438 2031 debita
2483 1977 2654 2046 gloria
2701 1979 3012 2047 angelorum
3065 1977 3268 2048 Regem
3324 1978 3702 2047 suscipiamus,
3737 1977 3870 2030 bea-

2260 2079 2417 2139 taque
2446 2070 2533 2123 illa
2564 2071 2745 2124 lmlitia
2785 2071 3122 2139 perfruamur
3153 2071 3204 2123 in
3235 2069 3448 2123 Christo
3476 2069 3602 2123 Jesu
3633 2069 3870 2122 Domino

2263 2173 2479 2228 nostro,
2510 2164 2595 2217 cui
2621 2162 2786 2232 glnria
2825 2172 2878 2216 ct
2923 2163 3208 2232 imperium
3247 2177 3369 2216 cum
3412 2161 3570 2215 Patre
3595 2170 3649 2215 et
3675 2173 3870 2213 saneto

2259 2252 2490 2323 Spiritu,
2525 2269 2664 2309 nunc
2704 2263 2758 2308 et
2794 2269 3043 2324 semper,
3089 2264 3144 2309 et
3191 2255 3242 2307 in
3284 2253 3478 2308 siccula
3514 2253 3868 2306 saeculorum.

2261 2348 2451 2401 Amen.

2116 2667 3513 2696 Μ

2006 2908 2358 2974 MONITUM

601 3117 675 3177 ‘in
706 3123 925 3179 homilia
956 3126 1147 3195 quinta
1177 3126 1242 3182 de
1265 3128 1422 3183 Anna
1481 3127 1754 3183 Samuelis
1784 3136 1977 3194 matre,
2009 3131 2260 3199 queritur
2297 3130 2455 3184 initio
2477 3129 2928 3202 Chrysostomus,
2974 3147 3032 3188 se
3067 3129 3396 3202 praecedenti
3433 3131 3701 3188 concione
3730 3135 3830 3190 die

548 3239 902 3296 Pentecostes
927 3240 1108 3296 habita
1142 3241 1348 3298 frustra
1371 3243 1674 3308 monuisse,
1721 3260 1830 3298 non
1865 3244 2061 3300 diebus
2104 3247 2279 3300 solum
2314 3244 2494 3311 festis,
2532 3247 2626 3301 sed
2659 3248 2825 3301 etiam
2862 3248 2986 3303 aliis
3019 3263 3113 3316 per
3141 3263 3346 3302 annum
3383 3249 3674 3304 ecclesiam
3703 3266 3837 3305 esse

551 3351 1002 3423 frequentandam
1039 3372 1051 3407 :
1089 3368 1152 3408 ea
1178 3369 1308 3409 vero
1341 3354 1407 3409 de
1438 3370 1496 3410 re
1539 3355 1708 3411 multa
1740 3355 1908 3410 verba
1940 3355 2067 3410 facit
2109 3354 2538 3426 Chrysostomns
2598 3356 2755 3411 initio
2786 3357 2985 3427 prioris
3017 3357 3070 3410 in
3128 3355 3490 3415 Pentecosten
3554 3361 3830 3424 bomiliae,

551 3470 699 3526 unde
730 3470 915 3526 statim
950 3469 1196 3526 videatur
1217 3471 1347 3527 hinc
1376 3472 1638 3543 temporis
1662 3473 1908 3528 calculus
1945 3473 2053 3542 peti
2082 3487 2262 3542 posse.
2288 3470 2490 3526 Verum
2529 3472 2657 3526 huic
2680 3472 2924 3541 opinioni
2948 3473 3250 3528 reclamant
3277 3491 3360 3539 ea,
3394 3491 3517 3546 qua
3539 3495 3663 3535 mox
3695 3481 3838 3536 sub-

543 3581 668 3650 jicit
697 3583 1128 3655 Cbrysostomus
1154 3584 1206 3637 in
1249 3583 1470 3639 bomilia
1504 3585 1591 3638 illa
1622 3586 1687 3639 de
1714 3586 1892 3639 Anna.
1929 3583 1995 3638 In
2041 3587 2138 3640 hoc
2163 3587 2322 3651 enim,
2356 3585 2553 3656 inquit,
2584 3589 2724 3645 vobis
2758 3590 3287 3643 commemoravimus
3318 3591 3491 3659 ﬁlium
3519 3595 3672 3647 illum
3728 3612 3838 3663 pa-

548 3703 822 3748 ternarum
857 3696 1177 3763 facultatum
1216 3699 1628 3768 absumptorem,
1663 3702 1873 3756 tandem
1907 3704 1976 3756 ad
2029 3714 2307 3772 paternam
2357 3705 2571 3758 domum
2600 3704 2927 3774 postliminio
2962 3724 3244 3772 reversum,
3284 3711 3685 3783 universumque
3710 3717 3834 3784 ejus

549 3809 844 3876 miseriam,
882 3810 1097 3879 famem,
1127 3811 1372 3879 dedecus,
1427 3817 1730 3885 opprobria,
1777 3826 1826 3871 et
1876 3819 2134 3889 quidquid
2171 3820 2312 3888 apud
2339 3831 2545 3874 exteros
2576 3821 2817 3889 pertulit,
2847 3823 3169 3877 adduximus
3211 3825 3262 3877 in
3309 3826 3558 3892 medium,
3619 3839 3677 3882 ut
3728 3831 3834 3888 hoc

548 3923 788 3991 exemplo
813 3925 881 3978 ad
906 3926 1241 3981 sobrietatem
1268 3946 1356 3983 vos
1389 3931 1758 4002 redigeremus.
1790 3933 1916 3990 Haec
1954 3945 2061 3989 tam
2092 3937 2263 3991 multa
2295 3952 2352 3990 se
2389 3936 2645 3991 retulisse
2671 3938 2804 3991 dicit
2829 3937 2881 3991 in
2917 3937 3031 4003 illa,
3064 3953 3228 4008 quam
3261 3952 3546 4010 memorat,
3579 3944 3646 4000 de
3681 3944 3794 4002 Pen
3815 3978 3834 3989 -

527 4045 754 4112 tecoste
805 4038 1028 4095 homilia
1078 4061 1098 4095 -ε
1136 4057 1369 4111 quorum
1405 4062 1473 4100 ne
1495 4048 1598 4119 γρῦ
1634 4048 1855 4118 quidem
1891 4051 1944 4104 in
1975 4051 2076 4105 hac
2106 4055 2371 4107 occurrit.
2407 4052 2775 4119 Quamobrem
2810 4053 2924 4108 haec
2955 4055 3022 4107 ad
3047 4054 3208 4108 aliam
3234 4057 3508 4125 pertinere
3540 4060 3833 4121 homiliam

548 4170 710 4208 nemo
733 4160 1028 4225 negaverit.
1063 4159 1248 4230 Neque
1274 4164 1326 4218 id
1353 4164 1552 4218 mirum
1585 4177 1669 4220 est
1696 4186 1706 4221 :
1739 4177 1847 4221 tam
1873 4167 2186 4237 frequenter
2209 4172 2351 4223 enim
2387 4171 2742 4240 conqueritur
2771 4171 3201 4242 Chrysostomus
3223 4172 3290 4227 de
3321 4175 3594 4242 paucitate
3620 4193 3836 4236 conve-

548 4270 816 4324 nientium
842 4273 894 4325 in
929 4274 1240 4342 ecclesiam,
1283 4287 1343 4333 ut
1378 4277 1537 4334 facile
1563 4284 1822 4351 potuerit,
1859 4285 2147 4338 duodecim
2190 4301 2481 4362 annorum,
2518 4288 2720 4358 quibus
2751 4289 3058 4344 Antiochiae
3081 4292 3440 4348 concionatus
3468 4303 3571 4357 est,
3610 4299 3832 4367 spatio,

548 4384 602 4437 in
636 4385 1077 4444 solemnitatibus
1103 4387 1458 4450 Pentecostes
1489 4395 1735 4450 eamdem
1771 4398 2172 4466 querimoniam
2201 4400 2404 4469 pluries
2440 4411 2704 4470 repetere.
2756 4415 2766 4424 ‘
3199 4391 3201 4394 ’

622 4501 930 4585 Non'parva
958 4517 1139 4563 autem
1174 4511 1350 4566 oritur
1379 4513 1669 4571 diﬂicultas
1693 4531 1758 4571 ex
1783 4521 2198 4575 enumeratione
2248 4522 2610 4593 insigniorum
2666 4523 3043 4592 festivitatum,
3071 4541 3211 4596 quas
3262 4526 3367 4581 sub
3396 4526 3616 4580 initium
3654 4528 3834 4601 hujus

550 4620 833 4675 concionis
859 4611 1254 4679 commemorat
1279 4643 1291 4679 :
1327 4627 1400 4682 ibi
1427 4645 1663 4701 namque
1687 4633 1886 4702 prima,
1915 4636 2132 4706 πρώτη,
2167 4637 2368 4693 dicitur
2390 4656 2510 4695 esse
2541 4637 2861 4710 Epiphaniae
2888 4639 3193 4706 festivitas;
3229 4639 3466 4695 secunda
3494 4639 3789 4699 Paschatis
3813 4663 3832 4711 ;

552 4733 709 4787 tertia
735 4722 1102 4790 Pentecostcs.
1132 4736 1407 4802 Quaeritur
1438 4756 1565 4796 vero
1598 4757 1695 4798 cur
1718 4741 1927 4798 Natalis
1959 4744 2165 4802 Christi
2203 4748 2604 4804 solemnitatem
2631 4750 2848 4804 omittat
2875 4749 3326 4821 Chrysostomus,
3363 4758 3418 4804 et
3447 4765 3545 4805 cur
3577 4749 3834 4822 l-Ipipha-

551 4850 640 4905 nia
680 4850 854 4918 prima
889 4864 1141 4922 ponatur.
1176 4854 1313 4910 Cum
1347 4858 1492 4912 enim
1513 4867 1724 4914 certum
1755 4863 2212 4935 exploratumque
2251 4866 2323 4920 sit
2350 4867 2492 4922 diem
2533 4867 2776 4921 Natalem
2804 4867 3003 4922 Christi
3037 4874 3282 4938 tempore
3309 4867 3692 4938 Chrysostomi
3716 4871 3837 4924 An-

549 4967 772 5022 tiochiae
801 4966 1126 5024 celebratam
1160 4965 1330 5023 fuisse
1358 4968 1429 5022 25
1469 4943 1798 5040 Decembris,
1836 4984 1892 5030 et
1918 4974 2280 5046 Epiphaniam
2329 4987 2481 5034 sexta
2511 4977 2782 5043 Januarii,
2811 4987 2956 5034 certe
2983 4979 3181 5034 debuitr
3221 4981 3314 5035 ille
3344 4980 3461 5036 dies
3494 4979 3709 5036 Natalis
3771 4982 3832 5038 in

555 5083 869 5140 recensione
898 5084 1225 5152 memorari;
1273 5085 1383 5141 imo
1415 5084 1625 5156 primas
1655 5094 1880 5148 tenere:
1906 5107 2031 5147 nam
2077 5107 2200 5148 cum
2229 5093 2556 5150 Antiocheni
2584 5110 2787 5150 annum
2822 5096 3166 5163 inchoarent,
3215 5106 3274 5154 ut
3315 5099 3578 5162 creditur,
3631 5113 3832 5158 mense
