4070 6424
259 344 366 399 ιδδ

263 585 654 602 -ο-

1259 349 1344 404 οε
1384 331 1655 405 ssnon
1697 346 2170 406 PENTECOSTE.
2217 344 2455 401 nomn.
2500 345 2540 400 l.

3442 334 3545 391 iiii

1631 589 2236 608 _........_,.___.___

1377 806 1422 862 Ι)
1437 806 1479 862 Ε
1529 806 1616 862 ελ
1632 805 1831 863 NCTA
1900 804 2416 866 PENTECOSTE
2437 851 2451 876 ,

257 980 340 1023 ιτ
387 981 511 1023 ευιι
548 982 669 1025 JAM
708 983 830 1026 NON
879 983 1067 1026 FIANT
1103 982 1450 1038 MIDACIJLA,
1485 984 1789 1037 QUODQl'E
1849 985 1856 1024 1

1999 985 2143 1036 θυαε
2186 983 2536 1026 σειιυκτιιιι
2577 983 2652 1027 AC
2695 983 3015 1026 DICUNTUB
3064 983 3096 1023 Δ
3152 981 3362 1034 NOBIS,
3405 978 3556 1021 DIER-

1700 1086 2122 1129 SCIIIIIANTL'R.

915 1491 1132 1532 nemus
1171 1489 1184 1527 l
1225 1472 1324 1546 (ιι).

333 1570 381 1625 Ι.
421 1571 623 1626 Rursus
664 1567 925 1625 festivitas
948 1607 965 1634 ,
988 1579 1279 1634 rursusque
1309 1561 1479 1618 festus
1522 1571 1849 1626 conventus,

253 1675 321 1716 ac
348 1675 535 1716 rursus
556 1659 790 1716 Ecclesia
820 1658 1052 1713 ﬁliorum
1081 1654 1415 1710 multitudine
1433 1654 1714 1725 gloriatur,
1739 1656 1855 1709 lure

255 1753 550 1808 multorum
617 1751 908 1806 liberorum
969 1762 1166 1820 parens
1194 1788 1210 1814 ,
1254 1745 1560 1818 eademque,
1618 1745 1852 1800 ﬁliorum

255 1859 468 1899 amans.
491 1836 628 1899 Sed'
624 1843 748 1913 quid
779 1840 998 1913 prodest
1040 1854 1192 1894 amor
1221 1837 1486 1905 filiorum,
1513 1835 1851 1907 quandoqui-

256 1936 383 1992 dem
415 1937 467 1990 in
495 1935 645 1990 festis
671 1935 843 1991 solum
869 1975 884 1997 .
918 1947 1024 1988 non
1053 1938 1338 2002 perpetuo,
1367 1929 1594 1985 dilectos
1622 1929 1851 1983 ﬁliorum

256 2028 438 2081 vultus
459 2026 714 2089 intuetur,
739 2041 844 2079 non
866 2037 1021 2078 secus
1041 2036 1104 2077 ac
1130 2021 1174 2077 si
1201 2020 1323 2091 quis
1343 2017 1618 2090 pulchram
1645 2030 1848 2074 vestem

254 2118 453 2174 habeat
477 2160 492 2184 ,
524 2134 624 2175 nec
647 2119 694 2174 ei
722 2133 935 2188 semper
965 2116 1050 2170 illa
1083 2115 1155 2170 uti
1181 2112 1554 2184 permittatur?
1581 2111 1676 2169 Est
1705 2111 1850 2166 enim

256 2209 519 2266 Ecclesia:
559 2209 722 2264 vestis
769 2207 1095 2262 adstantium
1146 2203 1470 2270 multitudo,
1498 2204 1638 2258 sicut
1682 2211 1737 2258 et
1779 2203 1853 2259 ait

256 2301 516 2372 propheta
541 2302 621 2357 sic
644 2301 772 2356 olim
799 2299 1098 2354 Ecclesiam
1125 2298 1432 2368 alloquutus
1459 2337 1476 2364 ,
1511 2294 1698 2351 Omnes
1727 2296 1852 2351 istos

253 2393 591 2448 circumdabis
637 2391 727 2448 tibi
769 2400 825 2446 ut
866 2400 1218 2445 ornamentum
1262 2388 1438 2458 sponsi
1457 2429 1472 2454 ,
1506 2397 1552 2442 et
1581 2395 1633 2441 ut
1668 2387 1853 2441 stolam

252 2485 495 2557 sponsa(
520 2483 650 2539 Isai.
675 2483 768 2540 49.
798 2482 866 2538 18
887 2481 928 2552 ).
955 2481 1021 2538 Ut
1050 2481 1212 2552 igitur
1254 2480 1476 2534 honesta
1515 2477 1760 2549 quzrdam
1797 2487 1856 2534 et

251 2576 481 2646 ingenua
511 2576 732 2642 mulier,
757 2575 841 2630 cui
882 2574 1058 2629 tunica
1091 2573 1162 2630 sit
1188 2581 1333 2629 recte
1359 2571 1656 2641 composita
1693 2581 1748 2626 et
1784 2569 1853 2625 ad

254 2670 392 2722 talos
419 2682 586 2739 usque
601 2666 853 2732 demissa,
877 2666 1046 2726 multo
1064 2673 1284 2734 apparet
1307 2662 1604 2732 elegantior
1623 2676 1687 2717 ac
1711 2675 1853 2730 prte-

253 2761 483 2816 stantior
537 2775 552 2815 :
602 2759 682 2815 sic
738 2759 901 2814 etiam
969 2757 1211 2814 Ecclesia
1278 2757 1446 2812 multo
1514 2753 1856 2826 splendidior

254 2848 418 2906 hodie
461 2849 734 2916 redditur,
777 2848 905 2905 dum
959 2863 1245 2919 corporum
1292 2853 1592 2903 vestrorum
1648 2844 1855 2916 obtegi-

255 2953 342 2996 tur
407 2941 774 3006 multitudine,
806 2954 872 2996 ac
918 2951 1068 2997 recte
1120 2940 1417 3011 composita
1462 2949 1610 2995 veste
1658 2938 1851 2993 amici-

255 3045 363 3089 tur.
387 3032 545 3090 Nuila
573 3033 713 3088 enim
745 3047 869 3102 pars
894 3033 1012 3102 ejus
1059 3031 1220 3086 hodie
1260 3030 1399 3086 nuda
1424 3031 1563 3085 sicut
1600 3028 1852 3099 superio-

259 3131 412 3190 ribus
439 3124 627 3188 dicbus
648 3126 795 3181 cerni
822 3133 996 3194 potest
1021 3143 1035 3178 :
1058 3124 1153 3180 sed
1174 3123 1318 3179 illius
1347 3122 1650 3178 nodationis
1669 3130 1854 3177 aucto.

250 3244 342 3285 res
368 3228 578 3284 fuerunt
604 3227 638 3282 ii
657 3269 674 3296 ,
705 3227 794 3298 qui
825 3224 986 3281 hodie
1028 3231 1239 3281 tantum
1283 3219 1593 3280 adfuerunt,
1620 3218 1712 3287 qui
1743 3230 1853 3272 non

252 3331 513 3393 perpetuo
537 3331 760 3376 matrem
787 3320 1066 3390 obtegunt.
1088 3316 1352 3372 Caeterum
1374 3329 1481 3370 non
1509 3312 1853 3382 mediocriter

254 3413 614 3483 periculosum
639 3425 758 3466 esse
785 3410 980 3466 nudam
1007 3417 1237 3465 matrem
1265 3406 1535 3476 negligere
1575 3403 1744 3475 probe
1772 3405 1853 3458 in-

255 3507 560 3576 telligemus
582 3544 598 3569 ,
626 3503 672 3560 si
699 3503 894 3557 veteris
940 3498 1177 3558 historiae
1217 3496 1594 3560 recordemur;
1625 3496 1670 3550 si
1714 3494 1854 3550 illius

253 3597 345 3668 qui
395 3605 667 3666 parentem
709 3593 906 3648 nudum
947 3590 1072 3646 vidit
1097 3630 1112 3655 ,
1142 3587 1491 3644 recordemur
1509 3627 1530 3653 ,_
1553 3595 1609 3640 et
1633 3585 1854 3640 visionis

254 3692 401 3749 illius
425 3704 612 3762 ptenas
639 3687 783 3743 dedit
810 3684 1038 3756 (Gen.9.
1069 3682 1159 3737 21.
1184 3679 1319 3751 sqq.)
1350 3696 1366 3733 :
1397 3678 1606 3734 tametsi
1636 3693 1740 3732 non
1767 3676 1855 3732 ille

173 3816 176 3817 ν
253 3780 472 3853 quidem
503 3789 707 3850 patrem
740 3777 938 3832 nudum
981 3773 1246 3837 reddidit,
1278 3771 1371 3826 sed
1397 3770 1529 3825 vidit
1551 3769 1728 3824 solum
1760 3785 1855 3838 pa-

256 3883 395 3926 trem
413 3913 428 3938 ,
449 3886 571 3927 cum
602 3871 774 3924 nudus
798 3877 978 3933 esset,
1001 3875 1058 3922 et
1087 3879 1154 3919 ne
1183 3863 1262 3918 sic
1289 3861 1506 3934 quidem
1533 3859 1854 3930 supplicium

254 3964 463 4034 elfugit,
491 3963 612 4034 quia
633 3962 763 4016 vidit
781 3961 974 4023 solum;
995 3969 1050 4012 at
1075 3957 1166 4027 qui
1190 3955 1386 4011 adsunt
1413 3953 1596 4021 hodie,
1614 3961 1670 4008 et
1694 3962 1854 4008 antea

258 4073 365 4110 non
397 4054 702 4116 adfuerunt,
737 4069 842 4106 non
873 4051 1071 4106 nudam
1101 4055 1328 4103 matrem
1356 4053 1605 4112 cernunt,
1633 4043 1728 4100 sed
1756 4059 1853 4099 nu-

255 4151 381 4204 dam
403 4149 572 4218 ipsam
601 4147 852 4203 efﬁciunt.
881 4142 1033 4214 Quod
1063 4141 1107 4197 si
1134 4142 1178 4196 is
1202 4140 1295 4211 qui
1324 4139 1628 4194 nudatienis
1647 4145 1859 4207 specta-

257 4251 345 4294 tor
373 4238 490 4305 fuit,
521 4238 835 4309 supplicium
867 4251 975 4289 non
1000 4230 1251 4297 evitavit;
1279 4230 1369 4302 qui
1401 4229 1705 4285 nudationis
1731 4238 1860 4285 sunt

254 4333 545 4392 auctores,
575 4343 733 4398 quam
775 4324 991 4381 tandem
1039 4322 1253 4378 veniam
1295 4320 1686 4376 merebuntur?
1731 4319 1856 4375 Haec

255 4435 390 4478 vero
413 4419 536 4477 dico
563 4433 669 4473 non
697 4427 754 4472 ut
775 4431 871 4472 eos
898 4413 1182 4486 percellam
1204 4455 1219 4479 ,
1250 4411 1342 4468 sed
1371 4418 1428 4466 ut
1461 4426 1677 4482 penam
1719 4409 1856 4465 απυ-

256 4526 470 4582 grauius
489 4552 504 4576 ,
534 4519 594 4564 ut
617 4507 1048 4564 maledictionem
1071 4503 1240 4560 Cham
1279 4503 1612 4576 effugiamus,
1645 4511 1703 4557 ut
1730 4504 1856 4557 Sem

258 4611 316 4657 et
342 4599 571 4670 Japhetb
609 4597 1035 4654 benevolentiam
1073 4596 1344 4650 imitemur
1366 4636 1382 4661 ,
1413 4608 1479 4649 ac
1500 4601 1728 4650 matrem
1758 4606 1860 4648 nos

257 4706 475 4764 quoque
517 4700 755 4746 nostram
799 4703 1015 4759 semper
1051 4687 1387 4758 obtegamus.
1423 4685 1631 4742 Iudaici
1668 4699 1861 4740 sensus

258 4797 344 4842 est
377 4794 458 4838 ter
485 4785 539 4838 in
566 4797 707 4838 anno
732 4790 935 4836 tantum
960 4795 1218 4850 apparere
1245 4779 1358 4835 Deo
1381 4797 1396 4833 :
1417 4779 1486 4833 ad
1515 4778 1634 4832 illos
1657 4775 1859 4831 dictum

257 4885 343 4932 est
375 4893 389 4928 :
415 4872 512 4929 Ter
531 4874 585 4928 in
604 4889 740 4928 anno
766 4872 1036 4942 apparebis
1060 4869 1277 4924 Domino
1305 4868 1416 4923 Deo
1444 4879 1529 4922 tuo
1549 4865 1748 4941 (Exod.
1766 4867 1857 4924 25.

261 4970 350 5038 t7)
379 4986 392 5021 :
412 4980 514 5022 nos
531 4975 708 5021 autem
725 4980 938 5034 semper
953 4963 1052 5019 sibi
1071 4962 1186 5017 vult
1211 4961 1353 5017 Deus
1371 4975 1649 5030 apparere.
1677 4959 1863 5016 Enim-

258 5074 392 5116 vero
423 5058 662 5114 locorum
688 5058 850 5113 etiam
882 5055 1156 5110 intervalla
1184 5053 1492 5110 efficiebant
1512 5093 1527 5116 ,
1562 5059 1622 5108 ut
1659 5062 1740 5107 tot
1771 5068 1863 5109 so-

260 5150 542 5208 lummodo
575 5159 872 5205 conventus
914 5149 990 5203 illi
1015 5156 1271 5218 agerent,
1294 5147 1436 5217 quod
1469 5162 1576 5202 uno
1603 5155 1713 5202 tum
1743 5145 1863 5202 loco

261 5245 354 5300 Dei
385 5243 564 5300 cultus
586 5242 873 5299 conclusus
891 5248 1037 5296 esset
1062 5257 1075 5292 :
1105 5246 1391 5309 propterea
1421 5253 1545 5294 raro
1573 5235 1861 5292 admodum

258 5335 576 5407 congregari
625 5342 874 5405 poterant
920 5343 976 5388 et
1027 5331 1218 5387 adesse
1265 5347 1278 5384 :
1331 5345 1455 5385 nam
1512 5328 1863 5401 Jerosulymis

261 5428 494 5482 adorare
520 5439 742 5481 necesse
759 5422 864 5480 fuit
882 5464 898 5490 ,
922 5423 1049 5478 alibi
1078 5437 1417 5494 nequaquam
1446 5439 1460 5475 :
1491 5421 1692 5477 idcirco
1723 5436 1860 5490 pra:-

258 5521 404 5591 cepit
442 5527 504 5574 ut
548 5528 630 5574 ter
673 5518 726 5573 in
764 5532 908 5574 anno
949 5517 1061 5573 Deo
1100 5526 1458 5586 apparerent,
1489 5523 1548 5570 et
1577 5513 1865 5571 excusabat

261 5629 356 5669 eos
383 5610 590 5668 itineris
616 5610 976 5675 intervallum;
1004 5624 1105 5666 nos
1125 5625 1254 5665 vero
1274 5608 1480 5664 nullum
1501 5608 1864 5664 excusationis

258 5717 430 5775 genus
447 5711 607 5773 teget.
632 5703 807 5772 Atque
827 5700 903 5757 illi
918 5701 1134 5772 quidem
1157 5700 1354 5771 ubique
1372 5700 1612 5754 locorum
1631 5698 1862 5768 dispersi

325 5796 397 5907 (τὲ)
429 5791 605 5842 (pilata
627 5803 736 5842 eum
750 5791 891 5863 ωςιιι.
910 5799 1060 5855 ttegg.
1077 5791 1229 5865 .2017,
1253 5791 1347 5864 2'12
1357 5791 1398 5842 ι.
1420 5797 1472 5863 et
1487 5788 1701 5842 mlbcrt.
1724 5790 1805 5842 l7!
1819 5791 1834 5841 l
1848 5821 1867 5855 ο

330 5857 348 5906 t
391 5894 403 5907 .
427 5855 513 5907 cui
537 5865 688 5907 nam
713 5854 946 5906 extubcut
975 5853 1238 5906 lectionum
1254 5854 1548 5905 dtsu'mnua.

259 5853 403 5917 “id,
427 5855 513 5920 qui
535 5865 688 5920 pata:
713 5854 946 5918 exhibent
975 5853 1238 5906 lectionum

1963 1478 2117 1523 erant
2143 1487 2156 1522 :
2182 1467 2348 1521 Erant
2375 1468 2542 1533 enim,
2569 1466 2758 1538 inquit,
2782 1467 2834 1520 in
2861 1467 3148 1522 Jerusalem
3167 1469 3447 1524 habitantes
3467 1468 3568 1522 Ju-

1959 1562 2078 1626 dtei,
2105 1564 2201 1616 uiri
2220 1563 2442 1632 religiosi
2469 1577 2530 1615 ea:
2552 1559 2692 1615 omni
2714 1561 2918 1615 natione
2938 1576 3054 1630 qua:
3071 1561 3162 1615 sub
3183 1561 3308 1616 cwlo
3329 1569 3402 1614 est
3425 1562 3562 1631 (Act.

1957 1653 2013 1709 2.
2045 1655 2135 1723 5);
2163 1669 2262 1708 nos
2308 1669 2436 1708 vero
2482 1649 2755 1708 civitatem
2805 1667 2964 1707 unam
3011 1652 3314 1707 habitamus
3338 1653 3581 1716 omnes,

1959 1746 2098 1799 intra
2129 1744 2317 1801 eadem
2349 1746 2546 1800 mmnia
2583 1744 2927 1801 considemus
2949 1787 2966 1812 ,
2999 1762 3064 1801 ac
3095 1761 3472 1817 saepenumero
3497 1763 3566 1802 ne

1959 1852 2069 1891 uno
2107 1837 2325 1908 quidem
2369 1837 2652 1908 angiportu
2693 1838 2764 1893 ab
2793 1838 3024 1894 ecclesia
3070 1839 3484 1910 distinguimur,
3512 1851 3568 1896 ct

1959 1930 2181 2001 perinde
2209 1945 2273 1984 ac
2302 1930 2348 1985 si
2379 1929 2537 2000 longa
2569 1931 2736 1986 maria
2760 1946 2863 1988 nos
2884 1931 3240 1998 dirimerent,
3267 1933 3406 1987 adeo
3443 1947 3568 1988 raro

1956 2031 2252 2078 conventus
2274 2021 2406 2076 istos
2426 2021 2786 2076 celebramus.

2031 2113 2246 2184 Semper
2257 2115 2385 2183 [esto
2396 2129 2665 2184 possumus
2684 2113 3210 2186 celebrare—Atque
3224 2114 3328 2170 illis
3350 2117 3566 2186 quidem

1958 2206 2127 2261 tribus
2142 2206 2316 2261 solum
2336 2205 2686 2276 temporibus,
2707 2213 2766 2261 ut
2787 2205 2979 2261 festum
2994 2217 3237 2277 agerent,
3263 2209 3565 2278 imperavit,

1958 2298 2115 2354 nobis
2125 2307 2301 2354 autem
2322 2308 2378 2354 ut
2390 2314 2606 2370 semper
2621 2299 2676 2355 id
2687 2302 3230 2371 prastemustpera
3239 2304 3308 2356 vit
3326 2321 3338 2358 :
3353 2318 3569 2374 semper

1957 2391 2100 2446 enim
2119 2391 2275 2447 nobis
2303 2401 2387 2446 est
2408 2390 2691 2446 festivitas.
2715 2390 2784 2447 Ut
2800 2391 2958 2463 igitur
2977 2392 3570 2464 iutclligatisfcstivita-

1961 2493 2067 2539 tem
2090 2484 2244 2538 nobis
2267 2500 2482 2554 semper
2501 2499 2642 2550 esse,
2664 2484 3006 2540 festivitatum
3032 2485 3208 2541 dicam
3227 2489 3566 2556 occasiones,

1958 2584 2014 2630 et
2028 2574 2219 2630 diebus
2235 2575 2460 2646 singulis
2478 2575 2668 2631 festum
2681 2589 2803 2632 esse
2815 2578 3174 2645 cognoscetis.
3194 2576 3378 2648 Itaque
3396 2581 3580 2648 prima.

1959 2665 2220 2723 festivitas
2240 2665 2380 2737 apud
2411 2683 2510 2722 nos
2527 2665 2828 2737 Epiphania
2857 2664 2967 2739 (a):
2998 2683 3120 2738 quae
3152 2683 3313 2739 porro
3332 2670 3450 2726 festi
3481 2681 3569 2728 est

1959 2758 2215 2813 occasio?
2244 2756 2680 2824 QuoniamDeus
2710 2756 2774 2812 In
2802 2759 2950 2812 terris
2976 2760 3115 2814 visus
3139 2769 3235 2824 est,
3264 2770 3449 2816 etcum
3477 2763 3570 2816 lto-

1958 2848 2176 2904 minibus
2196 2859 2518 2904 conversatus
2539 2862 2609 2904 est
2631 2847 2882 2919 (Barnclt.
2909 2851 2963 2906 3.
2987 2849 3112 2922 58):
3134 2851 3566 2923 quandoquidem

1958 2942 2265 3011 unigenitns
2298 2941 2390 2996 Dei
2431 2940 2599 2996 Filius
2628 2941 2769 2995 Deus
2793 2941 3076 2996 nobiscum
3103 2941 3239 3009 fuit;
3263 2952 3321 2998 at
3351 2944 3455 3000 hoc
3482 2955 3568 3001 est

1957 3048 2216 3103 semper:
2252 3030 2384 3087 Ecce
2421 3033 2568 3088 enim
2591 3073 2610 3100 ,
2637 3033 2846 3103 inquit,
2876 3033 3136 3089 vobiscum
3178 3052 3294 3090 sum
3335 3037 3569 3092 omnibus

1957 3124 2136 3180 diebus
2155 3141 2309 3197 usque
2327 3125 2396 3178 ad
2407 3127 2894 3180 consummationem
2911 3127 3087 3182 «sculi
3107 3127 3318 3198 (Matth.
3338 3129 3428 3184 28.
3450 3129 3571 3201 20).

1958 3216 2081 3272 ideo
2111 3216 2337 3288 singulis
2372 3215 2563 3271 diebus
2587 3215 2885 3287 Epiphania
2926 3231 3216 3288 possumus
3255 3220 3559 3282 celebrare.

1957 3313 2094 3383 Quid
2138 3311 2238 3368 sibi
2284 3309 2394 3368 vult
2434 3306 2627 3366 festum
2655 3307 2876 3364 Pascha:
2897 3349 2914 3379 ,
2948 3316 3004 3367 et
3029 3324 3277 3384 quanam
3309 3313 3450 3371 illius
3479 3326 3560 3373 est

1958 3406 2206 3461 occasio?
2227 3405 2449 3466 Mortem
2476 3404 2686 3459 Domini
2713 3416 2822 3459 tum
2848 3406 3251 3475 annuntiamus,
3275 3408 3456 3463 ethoc
3480 3419 3570 3465 cst-

1958 3495 2162 3552 Pascha
2191 3513 2204 3548 :
2232 3495 2325 3552 sed
2358 3511 2427 3551 ne
2453 3495 2556 3551 hoc
2576 3495 2793 3566 quidem
2818 3505 3062 3567 tempore
3085 3497 3311 3554 deﬁnito
3340 3501 3566 3571 agimus.

1958 3589 2092 3646 Cum
2121 3589 2265 3646 enim
2295 3589 2462 3645 vellet
2490 3604 2589 3644 nos
2615 3589 2813 3644 Paulus
2847 3603 2877 3643 a
2911 3599 3213 3661 temporum
3244 3596 3570 3650 necessitate

1961 3680 2216 3747 liberare,
2246 3689 2412 3751 atque
2442 3680 2736 3737 ostendens
2764 3697 2925 3752 posse
2956 3697 3055 3738 nos
3095 3697 3314 3753 semper
3365 3683 3568 3742 Pascha

1959 3775 2236 3831 celebrare
2267 3792 2280 3830 :
2319 3775 2744 3849 Quotiescumque
2774 3776 2909 3829 enim
2931 3815 2946 3842 ,
2975 3775 3167 3846 inquit,
3195 3778 3573 3833 manducabltis

1961 3884 2145 3936 partem
2167 3868 2301 3922 hunc
2320 3909 2336 3933 ,
2360 3877 2407 3922 st
2427 3868 2640 3921 calicem
2658 3857 2833 3922 bibetis
2850 3909 2864 3933 ,
2896 3877 3107 3922 mortem
3130 3868 3340 3924 Domini
3366 3887 3572 3926 annun-

1961 3960 2151 4015 tiabitis
2176 3961 2253 4032 (ι.
2277 3960 2396 4017 Cor.
2423 3961 2510 4016 ll.
2536 3958 2656 4022 26).
2685 3960 2912 4028 Quando
2942 3962 3102 4032 igitur
3123 3978 3340 4034 semper
3361 3966 3572 4022 Domini

1961 4063 2188 4108 mortem
2204 4051 3049 4122 possumusannuntiare,Pasclia
3060 4068 3275 4124 semper
3290 4070 3576 4124 possumus

1959 4146 2236 4202 celebrare
2256 4145 2451 4201 :Vultis
2467 4159 2628 4202 nosse
2643 4145 2986 4203 festivitatem
3020 4147 3158 4203 hanc
3171 4147 3334 4204 etiam
3351 4148 3571 4205 hodier-

1962 4252 2086 4292 nam
2112 4237 2336 4308 singulis
2365 4236 2559 4293 diebus
2592 4236 2802 4306 impleri
2837 4252 3027 4308 posse,
3053 4237 3164 4293 imo
3193 4254 3323 4294 vero
3353 4240 3575 4312 singulis

1960 4328 2152 4384 diebus
2181 4330 2340 4385 esse?
2368 4327 2680 4395 Videamus,
2703 4344 2948 4398 quaenam
2973 4329 3120 4384 illius
3147 4330 3216 4384 sit
3241 4332 3457 4386 occasio
3479 4374 3498 4398 ,
3521 4341 3576 4387 et

1961 4423 2116 4490 cujus
2143 4422 2220 4476 rei
2239 4421 2408 4489 gratia
2433 4420 2602 4490 ipsam
2631 4436 2873 4490 agamus.
2900 4421 3035 4490 Quia
3064 4422 3316 4477 nimirum
3342 4422 3577 4494 Spiritus

1963 4526 2183 4571 sanctus
2210 4515 2278 4569 ad
2304 4529 2401 4570 nos
2429 4518 2579 4570 venit
2606 4533 2619 4569 :
2649 4529 2772 4568 nam
2803 4515 3259 4585 quemadmodum
3281 4532 3403 4571 cum
3435 4516 3572 4573 ﬁde-

1964 4608 2102 4663 libus
2128 4618 2209 4664 est
2239 4607 2548 4663 hominibus
2576 4608 2884 4678 unigenitus
2909 4607 3004 4662 Dei
3037 4607 3227 4672 Filius,
3260 4607 3328 4662 ita
3356 4623 3575 4679 quoque

1964 4699 2194 4769 Spiritus
2224 4699 2336 4753 Dei.
2365 4698 2520 4754 Unde
2549 4698 2653 4752 hoc
2677 4699 2929 4752 constat?
2957 4698 3060 4763 Qui
3089 4700 3255 4770 diligit
3281 4716 3362 4752 me
3381 4739 3394 4762 ,
3422 4717 3572 4753 nian-

1964 4793 2088 4847 data
2115 4808 2226 4847 mea
2255 4791 2470 4846 servabit
2495 4806 2513 4844 :
2539 4801 2584 4844 et
2606 4807 2696 4861 ego
2722 4791 2912 4862 rogabo
2944 4789 3177 4856 Patrem,
3204 4803 3252 4845 et
3289 4792 3452 4846 alium
3480 4809 3578 4863 pa-

1965 4887 2217 4942 racletnm
2244 4886 2384 4940 dabit
2411 4885 2549 4940 vobis
2569 4927 2584 4949 ,
2619 4894 2673 4938 nt
2703 4892 2907 4938 maneat
2934 4883 3190 4938 uobiscum
3217 4884 3269 4937 in
3294 4894 3540 4939 cterntun
3563 4927 3578 4949 ,

1967 4981 2224 5053 Spiritum
2262 4982 2488 5034 veritatis
2512 4979 2689 5052 (Joan.
2729 4979 2817 5035 H.
2867 4979 2935 5033 15
2960 5007 2985 5019 -
3010 4979 3074 5032 i7
3098 4977 3142 5048 ).
3189 4977 3258 5034 Ut
3301 4979 3462 5049 igitur
3500 4979 3570 5033 de

1967 5075 2148 5145 seipse
2176 5073 2314 5129 dixit
2338 5071 2585 5127 Christus
2606 5111 2622 5136 ,
2654 5069 2786 5125 Ecce
2808 5085 2900 5141 ego
2921 5069 3174 5124 vobiscum
3203 5086 3320 5124 sum
3344 5070 3579 5124 omnibus

1966 5168 2144 5223 diebus
2187 5183 2347 5234 usque
2390 5167 2459 5219 ad
2485 5165 2975 5219 consummationem
3020 5162 3228 5228 saeculi,
3255 5177 3320 5217 ac
3360 5175 3578 5236 semper

1967 5260 2269 5333 Epiphania
2302 5272 2589 5330 possumus
2611 5255 2889 5312 celebrare
2912 5270 2927 5308 :
2954 5255 3022 5308 ita
3047 5268 3263 5324 quoque
3285 5253 3353 5308 de
3376 5252 3579 5323 Spiritu

1967 5365 2155 5410 sancto
2173 5354 2308 5409 dixit
2332 5395 2346 5418 ,
2375 5352 2662 5407 Vobiscum
2703 5359 2787 5404 est
2828 5351 2884 5404 in
2935 5358 3233 5415 mternum,
3258 5362 3581 5418 semperque

1969 5464 2256 5522 possumus
2281 5448 2641 5504 Pentecosten
2663 5444 2960 5502 celebrare.

2039 5543 2094 5601 9..
2139 5545 2313 5610 Atque
2349 5549 2410 5596 ut
2451 5537 2760 5609 intelligatis
2805 5536 2961 5592 nobis
2998 5548 3212 5602 semper
3244 5531 3437 5588 festum
3463 5531 3574 5599 agi-

1970 5645 2084 5691 tare
2115 5635 2301 5696 licere.
2333 5647 2510 5703 neque
2535 5629 2952 5686 determinatmn
2985 5641 3107 5682 esse
3137 5635 3370 5696 tempus,
3401 5638 3575 5693 neque

1971 5743 2068 5784 nos
2097 5727 2354 5797 temporis
2381 5722 2700 5780 necessitate
2732 5722 3015 5784 coarctari,
3044 5718 3171 5789 quid
3215 5718 3407 5776 Paulus
3437 5714 3580 5772 dicat

2033 5844 2109 5911 (ll)
2145 5844 2260 5895 \‘idc
2287 5857 2396 5908 qua:
2417 5843 2506 5893 bac
2529 5841 2592 5891 dc
2615 5853 2670 5892 rc
2699 5838 2914 5890 diximus
2940 5840 2988 5886 In
3014 5838 3201 5884 uenite.
