4070 6432
535 331 639 383 ὁείΐ

536 444 714 503 audite
743 462 757 498 :
787 442 968 512 Itaque
1017 444 1196 511 festum
1225 439 1469 509 agitemus
1497 435 1573 509 (1.
1604 433 1720 490 C'or.
1752 436 1801 489 5.
1847 434 1938 503 8):
1973 441 2104 486 tam-

541 537 636 592 etsi
661 552 765 589 non
795 541 911 590 erat
953 533 1143 587 festum
1174 530 1384 600 quando
1424 528 1538 581 ha:c
1585 527 1831 593 scripsit:
1868 540 1971 577 non
2001 532 2116 578 erat

539 626 763 692 Pascha,
808 639 914 679 non
960 631 1075 678 erat
1104 620 1420 691 Epiphania,
1468 632 1572 671 non
1604 626 1718 671 erat
1764 615 2111 678 Pentecoste;

537 719 632 775 sed
683 718 881 772 indicat
922 731 1028 769 non
1061 724 1287 783 tempus,
1312 712 1405 767 sed
1435 710 1812 765 conscientiam
1856 706 2111 762 mundam

534 810 729 864 festum
758 805 1174 863 efficereznihil
1221 804 1363 858 enim
1411 801 1552 856 aliud
1602 812 1683 855 est
1733 800 1923 853 festum
1955 812 2111 867 quam

537 898 715 954 laetitia
749 914 762 951 :
796 896 1126 969 spiritualem
1156 909 1281 949 vero
1306 892 1539 947 lanitium
1582 890 1709 943 nihil
1739 889 1881 943 aliud
1924 888 2109 959 gignit,

535 1004 693 1056 quam
742 986 1067 1042 conscientia
1117 985 1375 1040 bonorum
1421 996 1680 1051 operum:
1716 994 1874 1048 porr.)
1914 979 1979 1043 is,
2027 978 2111 1031 cui

531 1080 670 1135 bona
711 1080 781 1133 sit
825 1076 1177 1139 conscientia,
1225 1085 1279 1130 et
1316 1075 1437 1129 talia
1486 1088 1665 1139 Opera,
1720 1074 1908 1124 festum
1955 1085 2114 1140 agere

534 1185 746 1239 semper
774 1179 965 1238 potest.
998 1168 1109 1222 Hoc
1138 1168 1297 1237 igitur
1330 1167 1499 1235 ipsum
1537 1163 1777 1217 indicans
1809 1162 1999 1215 l‘aulus
2028 1160 2108 1214 di-

535 1261 690 1315 cebat
716 1278 726 1312 :
757 1258 937 1328 Itaque
970 1262 1149 1328 festum
1182 1257 1445 1327 agitemus,
1469 1267 1568 1307 non
1598 1253 1649 1305 in
1671 1256 1913 1323 fertilch
1940 1251 2111 1317 veteri,

534 1368 693 1417 neque
729 1353 781 1404 in
815 1356 1058 1420 fermento
1100 1346 1310 1401 malitia
1337 1357 1385 1400 et
1413 1345 1664 1411 nequitire,
1696 1346 1781 1397 scd
1822 1345 1876 1395 in
1922 1342 2115 1413 azymis

535 1443 836 1497 sinceritatis
862 1451 907 1496 et
934 1441 1152 1495 veritatis
1182 1438 1390 1510 (Ibid.).
1417 1438 1577 1493 Vides
1606 1448 1663 1491 ut
1690 1448 1986 1506 temporum
2015 1450 2111 1489 ne-

537 1536 787 1589 cessitate
827 1547 1158 1603 nequaquam
1192 1540 1242 1585 te
1283 1529 1678 1591 constrinxcrit,
1712 1528 1805 1582 sed
1836 1526 1900 1583 ad
1930 1541 2113 1595 puram

534 1624 832 1680 habendam
885 1622 1264 1678 conscientiam
1313 1620 1472 1675 fuerit
1518 1619 1863 1673 cohortatus?
1911 1616 2112 1671 Vellem

535 1725 704 1769 totum
734 1715 785 1769 in
814 1715 916 1768 hoe
944 1727 1247 1769 sermonem
1279 1726 1634 1766 consumere:
1667 1708 1754 1778 qui
1785 1709 1924 1763 enim
1951 1724 2113 1777 quos-

532 1806 657 1860 dam
711 1814 829 1875 post
876 1810 1089 1873 longum
1141 1802 1395 1872 temporis
1443 1800 1774 1854 intervallum
1826 1800 1876 1853 in
1927 1813 2115 1853 manus

532 1895 874 1966 sumpserint,
912 1909 1005 1948 eos
1044 1892 1197 1947 facile
1227 1906 1331 1945 non
1363 1890 1633 1945 dimittunt
1664 1908 1676 1943 :
1718 1888 1929 1958 quando
1959 1888 2117 1957 igitur

532 2004 650 2053 vos,
672 1989 762 2058 qui
790 1998 909 2057 post
942 2000 1140 2040 annum
1178 1972 1396 2047 adestis,
1429 1982 1566 2035 intra
1606 1981 1737 2035 retia
1765 1990 1944 2033 nostra
1973 1979 2117 2048 cepi-

533 2093 674 2145 mus,
702 2076 861 2131 hodie
900 2076 1167 2129 dimittere
1195 2074 1412 2128 minime
1443 2072 1717 2134 volumus;
1770 2070 1862 2125 sed
1910 2085 1980 2124 ne
2005 2085 2116 2123 ser-

533 2167 708 2222 monis
734 2166 800 2221 de
824 2164 923 2219 hoc
948 2164 1084 2218 festo
1111 2164 1375 2218 recedatis
1406 2171 1672 2231 expertes,
1700 2160 1767 2214 ab
1795 2160 1892 2214 hac
1919 2159 2113 2213 cohor-

533 2259 731 2313 tatione
759 2256 824 2310 ad
867 2255 1167 2311 festivitatis
1193 2253 1539 2308 occasionem.
1575 2251 1744 2305 oratio
1794 2250 2115 2305 traducenda

532 2358 633 2405 est.
663 2348 821 2407 Multa
860 2346 1075 2417 quidem
1121 2359 1489 2414 saepenumero
1515 2342 1583 2398 de
1632 2342 1770 2396 cudo
1818 2341 1870 2395 in
1919 2350 2116 2395 terram

529 2442 713 2513 generi
754 2439 984 2495 humano
1022 2437 1238 2507 delapsa
1274 2445 1397 2491 sunt
1428 2436 1563 2490 bona
1595 2451 1607 2486 :
1647 2433 1820 2503 qualia
1866 2446 1993 2486 vero
2022 2431 2116 2485 de-

529 2534 690 2590 missa
718 2542 841 2587 sunt
861 2530 1118 2585 hodierno
1146 2528 1252 2593 die,
1277 2544 1563 2596 numquam
1595 2535 1770 2580 antea.
1800 2524 2115 2595 Cognoscite

532 2627 689 2697 igitur
717 2625 887 2695 qualia
916 2625 1082 2693 prius,
1110 2632 1163 2676 et
1192 2621 1364 2691 qualia
1391 2619 1650 2674 hodierno
1675 2620 1781 2683 die,
1808 2628 1864 2673 ut
1891 2627 1945 2674 et
1971 2628 2113 2674 utro-

531 2736 755 2790 rumque
802 2718 1085 2772 discrimen
1140 2713 1598 2779 animadtertatis.
1646 2711 1788 2766 Pluit
1832 2712 1883 2765 in
1927 2722 2114 2766 terram

528 2828 716 2866 manna
764 2810 897 2863 Deus
922 2818 967 2863 et
994 2825 1174 2879 panem
1200 2807 1309 2861 caeli
1353 2806 1487 2859 dedit
1534 2806 1601 2858 eis
1647 2803 1818 2875 (Psal.
1851 2805 1937 2858 77.
1981 2803 2109 2874 24):

530 2917 719 2973 panem
738 2903 880 2955 enim
901 2899 1210 2969 angelorum
1235 2895 1571 2951 manducavit
1592 2896 1786 2960 homo;
1822 2910 1908 2950 res
1929 2895 2111 2965 procul

525 2993 689 3048 dubio
719 3005 905 3060 magna
952 2998 1035 3045 est
1075 2989 1275 3057 Deique
1317 2986 1473 3058 digna
1526 2985 1892 3055 benignitate:
1928 2995 2110 3055 postea

527 3085 595 3139 de
618 3083 748 3137 cado
774 3081 1039 3137 demissus
1063 3088 1147 3135 est
1169 3079 1328 3149 ignis,
1355 3087 1409 3132 et
1434 3076 1707 3132 Judaicum
1749 3077 2001 3146 populum
2027 3092 2113 3136 er-

528 3185 735 3230 rantem
780 3175 1034 3238 correxit,
1067 3187 1129 3226 ac
1183 3170 1501 3226 sacrificium
1553 3167 1785 3237 abripuit
1839 3167 1908 3223 ab
1960 3165 2161 3235 altari.

529 3266 797 3319 Omnibus
816 3278 1005 3317 rursus
1034 3261 1174 3316 fame
1204 3260 1610 3318 tabescentibus
1623 3259 1857 3314 demissa
1878 3268 1962 3311 est
1979 3259 2101 3327 plu-

529 3357 635 3421 via,
653 3357 988 3425 multamque
1007 3354 1222 3426 frugum
1245 3354 1425 3408 attulit
1448 3353 1743 3407 ubertatem
1764 3348 1837 3413 (ὅ.
1864 3347 1986 3418 Reg.
2008 3348 2096 3415 l8;

528 3450 641 3519 58).
665 3448 853 3517 Magna
880 3456 1002 3501 sunt
1028 3448 1142 3509 haec
1171 3457 1225 3507 et
1258 3446 1628 3507 admirabilia,
1662 3446 1755 3500 sed
1775 3446 1942 3500 multo
1977 3461 2098 3500 ma-

522 3539 641 3607 jora
671 3545 795 3591 sunt
821 3537 1137 3604 praesentia:
1167 3550 1273 3589 non
1304 3550 1519 3599 manna,
1545 3534 1700 3604 ignis,
1730 3543 1783 3589 et
1807 3534 1985 3604 pluvia
2012 3534 2108 3589 de-

526 3627 687 3679 missa
735 3636 816 3679 est
864 3625 1040 3692 hodie,
1071 3626 1164 3679 sed
1212 3625 1382 3679 imber
1412 3624 1765 3693 Spiritu-alium
1808 3624 2107 3678 donorum:

526 3717 691 3772 nimbi
716 3716 945 3785 desuper
982 3727 1107 3770 sunt
1126 3716 1339 3785 dejecti,
1363 3717 1553 3786 quibus
1579 3732 1683 3770 non
1707 3716 1815 3785 jam
1841 3717 1905 3771 ad
1932 3716 2110 3786 fruges

525 3806 867 3876 proferendus
902 3808 1055 3864 tellus
1086 3809 1365 3873 excitatur,
1398 3807 1489 3861 sed
1529 3816 1732 3861 naturae
1763 3807 2111 3877 persuadetur

524 3899 786 3960 human-.13,
815 3910 869 3954 ιιι
907 3901 1116 3954 virtutis
1145 3900 1375 3954 fructum
1403 3900 1678 3954 hominum
1709 3902 1954 3971 agricola:
1983 3904 2108 3960 red-

524 3989 634 4048 dat.
655 3989 857 4059 Quique
886 4000 1084 4061 guttam
1117 3989 1238 4045 inde
1259 4002 1600 4060 exceperant,
1631 4000 1831 4051 natura:
1854 4008 1960 4047 sua:
1982 4009 2108 4049 con-

525 4082 697 4135 festim
734 4081 1197 4147 obliviscehantur,
1229 4093 1283 4136 et
1307 4082 1507 4152 angelis
1536 4082 1713 4138 omnis
1752 4092 1894 4140 terra
1934 4085 2109 4140 subito

522 4173 847 4242 replebatur,
879 4173 1080 4242 angelis
1130 4190 1233 4227 non
1266 4174 1585 4241 caelestibus,
1620 4176 1712 4229 sed
1758 4176 1847 4246 qui
1880 4178 2109 4233 humano

521 4268 574 4317 in
600 4279 823 4333 corpore
868 4274 1181 4333 potestatum
1211 4266 1642 4334 incorporearum
1670 4267 1917 4320 virtutem
1952 4268 2107 4321 exhi-

525 4357 734 4411 berent.
779 4356 895 4411 Non
939 4357 1079 4411 enim
1137 4358 1206 4410 illi
1251 4357 1499 4412 deorsum
1554 4358 1964 4423 descenderunt,
2012 4361 2107 4420 sed

522 4448 662 4519 quod
689 4449 982 4502 mirabilius
1022 4448 1139 4512 fuit,
1169 4449 1257 4523 qui
1298 4449 1547 4503 deorsum
1586 4460 1756 4514 erant,
1799 4450 1865 4505 ad
1896 4452 2103 4505 illorum

520 4543 766 4597 virtutem
794 4541 1147 4596 ascenderunt
1168 4559 1181 4595 :
1205 4558 1308 4595 non
1339 4543 1479 4597 enim
1505 4558 1665 4597 carne
1686 4544 1923 4612 deposita
1950 4546 2106 4599 nudis

518 4634 794 4687 animabus
839 4633 1168 4697 incedebant,
1194 4634 1285 4687 sed
1334 4644 1576 4688 naturam
1609 4637 1899 4690 retinentes
1942 4637 2103 4690 animi

518 4728 790 4795 proposito
818 4726 987 4794 angeli
1022 4725 1234 4779 fiebant.
1267 4727 1440 4795 Atque
1471 4737 1527 4779 ut
1558 4726 1841 4795 intelligas,
1868 4742 1933 4780 ne
1959 4728 2104 4795 prio-

519 4832 632 4869 rem
680 4814 892 4884 quidem
922 4810 1079 4869 ‘illatn
1130 4830 1339 4884 pmnam
1385 4816 1548 4871 fuisse
1596 4833 1835 4885 ptenatn,
1888 4819 2103 4886 quando

516 4908 671 4972 dixit,
703 4905 861 4959 Terra
902 4925 973 4973 es,
1006 4916 1052 4960 et
1090 4908 1142 4959 in
1172 4917 1353 4960 terram
1395 4910 1651 4961 reverteris
1704 4908 1855 4979 (Gen.
1890 4910 1939 4963 5.
1988 4909 2099 4977 19),

514 5007 795 5070 propterea
845 5014 1060 5054 manere
1110 5009 1159 5054 te
1205 5000 1443 5069 permisit
1482 5001 1533 5053 in
1580 5010 1742 5064 terra,
1790 5012 1847 5055 ut
1876 5002 2102 5070 amplius

514 5094 750 5162 potentia
780 5093 1007 5162 Spiritus
1044 5093 1436 5158 ostenderetur,
1478 5108 1595 5161 quae
1639 5094 1762 5147 talia
1801 5109 1895 5163 per
1928 5103 2097 5149 terre-

512 5204 637 5239 nttm
670 5199 863 5253 corpus
902 5184 1199 5254 perliceret.
1232 5184 1361 5238 Nam
1403 5185 1584 5239 videre
1614 5195 1727 5239 erat
1766 5187 1959 5241 luteam
1995 5187 2099 5241 lin-

512 5293 667 5349 gnam
713 5276 1044 5331 drcmonibus
1089 5277 1433 5344 imperantem
1468 5293 1479 5327 :
1528 5276 1707 5330 videre
1748 5287 1861 5331 erat
1904 5279 2096 5331 luteam

511 5384 725 5422 manum
776 5368 989 5423 morbos
1034 5378 1354 5423 sanantem:
1400 5368 1506 5422 imo
1554 5384 1681 5422 vero
1723 5382 1829 5423 non
1882 5386 2095 5423 manum

513 5472 713 5512 emtum
745 5458 941 5513 luteam
985 5460 1167 5513 videre
1201 5470 1350 5524 erat;
1382 5460 1473 5513 sed
1515 5460 1654 5527 quod
1685 5465 1850 5515 multo
1881 5462 2097 5516 mirabi-

514 5554 611 5605 lius
656 5561 788 5617 erat,
820 5554 1081 5606 lnteormn
1125 5566 1408 5622 corporum
1438 5553 1653 5606 umbras
1697 5563 1749 5607 et
1789 5564 2012 5608 mortem
2044 5566 2099 5610 et

515 5643 853 5709 incorporeas
876 5652 1183 5711 potestates,
1207 5642 1476 5698 da-mones
1505 5644 1735 5711 inquam,
1764 5657 2093 5715 sumit-antes.

519 5733 652 5789 .‘Iam
685 5734 1125 5805 quemadmodum
1168 5746 1453 5807 apparente
1482 5733 1597 5792 sole
1640 5734 1873 5793 tenebrae
1918 5737 2097 5795 discu-

912 5922 939 6029 ~l

1265 318 1325 376 S.
1367 315 1647 374 JOANNIS
1678 310 2152 372 CllltYSOSTOMl
2190 292 2510 369 ARClllEi’.
2550 310 3089 369 CONSTANTINOP.

3713 315 3823 371 ‘56

2227 428 2449 495 tiuntur,
2500 428 2627 485 fera:
2668 428 2883 483 latibula
2930 443 3027 483 sua
3070 426 3458 498 ingrediuntur,
3506 427 3821 495 homicidae,

2221 523 2473 588 latrones,
2503 532 2558 577 et
2598 522 2919 576 tumulorum
2965 521 3247 591 pr:edones
3279 521 3344 577 ad
3379 522 3607 578 vertices
3654 538 3822 578 mon-

2222 615 2351 667 tium
2404 624 2730 668 recurrunt:
2771 614 2848 668 sic
2892 624 3181 683 apparente
3222 620 3519 684 vecemque
3564 616 3822 669 mittente

2220 703 2396 767 Petro,
2429 703 2625 757 erroris
2657 702 2889 757 tenebrat
2920 702 3359 769 discutieltanlur,
3389 704 3675 758 recedebat
3702 705 3825 758 dia-

2222 792 2392 858 bolus,
2423 792 2689 863 fugiebant
2714 792 3007 859 dmmoncs,
3032 808 3317 861 corporum
3348 792 3517 847 morbi
3544 793 3819 849 tolleban-

2222 892 2322 947 tur,
2358 884 2652 937 animarum
2698 884 3041 953 aegritudines
3070 883 3417 950 sanabuntur,
3457 884 3659 938 malitia
3692 900 3821 939 om-

2221 976 2303 1029 nis
2329 975 2627 1041 arcebatur,
2654 976 2703 1029 in
2747 986 2914 1030 terras
2938 976 3104 1029 virtus
3124 976 3492 1031 reducebatur.
3522 978 3587 1031 lit
3617 992 3819 1047 quem-

2216 1065 2502 1119 admodum
2556 1066 2716 1135 regiis
2770 1081 2835 1120 ex
2894 1066 3130 1127 atrariis,
3181 1066 3233 1118 in
3283 1067 3476 1135 quibus
3524 1082 3718 1121 aurum
3765 1076 3821 1121 et

2219 1156 2421 1226 lapides
2452 1156 2670 1225 pretiosi
2717 1166 2859 1221 sunt,
2894 1158 2937 1211 si
2984 1157 3102 1225 quis
3133 1158 3217 1211 vel
3268 1158 3547 1211 minimum
3574 1157 3705 1228 quid
3734 1157 3820 1213 cf-

2221 1248 2360 1305 ferre
2388 1250 2615 1320 potuerit
2648 1264 2855 1311 eormn,
2880 1265 2998 1318 qnze
3030 1248 3323 1303 honorifice
3351 1258 3475 1303 sunt
3514 1250 3819 1315 recondita,

2223 1341 2347 1396 licet
2395 1357 2558 1396 unum
2612 1341 2849 1410 lapillum
2900 1350 3139 1406 tantum,
3187 1340 3368 1395 multis
3421 1340 3612 1411 opibus
3655 1350 3822 1413 auget

2219 1448 2623 1502 possessorem:
2655 1435 2732 1486 sic
2771 1448 2836 1494 ex
2873 1448 2968 1486 ore
2997 1432 3394 1503 apostolorum;
3438 1434 3637 1488 etenim
3670 1434 3819 1503 regia

2219 1524 2463 1594 quaedam
2487 1533 2643 1579 erant
2670 1524 2857 1577 aeraria
2889 1523 3102 1578 illorum
3130 1530 3245 1590 era,
3270 1526 3320 1577 in
3351 1523 3541 1591 quibus
3571 1524 3817 1579 sanatio-

2220 1631 2346 1670 nnm
2375 1616 2681 1670 reconditus
2714 1615 2881 1667 inerat
2913 1613 3193 1669 thesaurus
3221 1632 3235 1679 ;
3280 1616 3365 1671 vcl
3397 1615 3821 1685 unumquodque

2228 1709 2447 1763 verbum
2470 1708 2654 1761 exiens
2678 1706 2981 1775 spititnales
3009 1706 3202 1760 multas
3233 1720 3363 1775 opes
3396 1707 3656 1776 pariebat.
3677 1706 3819 1762 Tum

2222 1814 2349 1854 vere
2380 1797 2567 1853 licebat
2597 1798 2789 1852 intueri
2818 1796 3194 1853 desiderabilia
3222 1812 3342 1853 esse
3370 1799 3576 1852 Domini
3602 1800 3819 1868 eloquia

2220 1903 2381 1957 super
2422 1903 2633 1955 aurum,
2678 1898 2732 1942 et
2776 1888 3003 1958 lapidem
3058 1888 3349 1958 pretiosum
3382 1890 3605 1943 multum
3639 1889 3820 1959 (Psal.

2226 1980 2348 2033 118.
2384 1979 2474 2049 11)
2503 1998 2515 2034 :
2549 1979 2691 2049 quod
2719 1981 2860 2035 enim
2891 1995 3078 2034 aurum
3104 1995 3207 2033 non
3234 1990 3463 2049 poterat,
3492 1997 3667 2051 neque
3697 1998 3824 2050 pre-

2223 2073 2388 2127 tiosus
2431 2072 2586 2143 lapis,
2619 2072 2720 2127 hoc
2763 2074 2903 2127 Petri
2945 2072 3107 2127 verba
3153 2072 3436 2127 faciebant.
3484 2073 3625 2140 Quot
3668 2075 3821 2129 enim

2220 2163 2337 2216 auri
2367 2164 2563 2216 talenta
2595 2163 2786 2216 claudo
2806 2177 2833 2216 a
2868 2163 3141 2217 nativitale
3167 2172 3369 2218 rectum
3403 2163 3671 2218 incessum
3694 2164 3824 2228 red—

2221 2254 2350 2309 dere
2383 2254 2718 2324 potuissent?
2762 2253 2854 2307 sed
2900 2269 3041 2307 nunc
3090 2254 3274 2309 tollere
3314 2264 3519 2309 natura:
3545 2254 3820 2309 defectum

2223 2347 2393 2415 potuit
2437 2346 2657 2399 verbum
2690 2345 2867 2410 Petri;
2913 2344 3065 2411 dixit,
3118 2343 3183 2397 In
3231 2347 3429 2398 nomine
3469 2344 3594 2399 Jesu
3628 2346 3822 2399 Christi

2219 2453 2371 2508 surge
2397 2448 2443 2491 et
2469 2438 2674 2491 ambula
2716 2439 2852 2506 (Act.
2894 2439 2947 2492 5.
2978 2440 3117 2509 6),ct
3147 2454 3327 2492 sermo
3352 2438 3519 2492 factus
3541 2448 3624 2493 est
3652 2454 3819 2508 opus.

2223 2532 2385 2586 Vides
2414 2540 2471 2584 ut
2498 2530 2869 2585 desiderabilia
2918 2532 3027 2585 sint
3053 2546 3216 2600 super
3263 2547 3449 2587 aurum
3484 2540 3538 2585 et
3578 2532 3820 2601 lapidem

2222 2624 2510 2690 pretiosum
2565 2622 2829 2677 multum?
2879 2623 3025 2676 vides
3075 2631 3134 2676 ut
3186 2624 3371 2676 aeraria
3426 2622 3625 2679 fuerint
3670 2625 3822 2694 regia

2222 2714 2435 2768 illorum
2480 2714 2619 2768 ora?
2653 2712 2795 2768 Vere
2845 2713 3038 2767 medici
3084 2714 3230 2767 orbis
3282 2723 3543 2769 terrarum
3598 2715 3823 2770 fuerunt

2221 2803 2318 2869 illi,
2354 2814 2408 2859 et
2444 2804 2711 2874 agricolae,
2742 2814 2795 2859 et
2841 2804 3225 2875 gubernatores
3271 2822 3283 2857 :
3338 2806 3530 2859 medici
3575 2806 3819 2874 quidem,

2221 2896 2474 2963 quoniam
2520 2896 2865 2965 a‘gritudines
2914 2896 3213 2950 curabant:
3248 2898 3515 2966 agricolre,
3558 2900 3818 2966 quoniam

2220 2988 2441 3042 verbum
2487 2988 2760 3058 religionis
2804 2988 3184 3042 scminahant:
3230 2989 3637 3059 gubernatores,
3681 3007 3823 3061 quo-

2220 3079 2365 3132 niam
2392 3077 2590 3133 erroris
2623 3078 2909 3147 procellam
2951 3078 3235 3135 sedabant.
3289 3079 3492 3133 Idcirco
3542 3095 3823 3134 nonnum-

2218 3185 2376 3240 quam
2429 3168 2577 3232 dicit.
2612 3168 2804 3223 Euntes
2847 3170 3077 3237 inﬁrmos
3114 3181 3289 3223 curate
3334 3169 3545 3241 (Matth.
3596 3171 3686 3225 10.
3734 3172 3823 3243 8),

2220 3270 2490 3332 tamquam
2538 3262 2777 3324 medicos
2828 3263 3104 3333 alloquens
3145 3281 3157 3316 :
3209 3278 3631 3333 nonnumquam,
3685 3263 3824 3319 Ecce

2217 3353 2358 3413 mitto
2380 3370 2463 3407 vos
2485 3364 2685 3419 metere,
2711 3354 2845 3419 quod
2866 3370 2952 3409 vos
2980 3371 3079 3407 non
3110 3354 3379 3407 laborastis
3411 3356 3591 3425 (Joau.
3616 3357 3669 3409 4.
3696 3356 3818 3424 58).

2218 3453 2486 3513 tamquam
2514 3444 2775 3513 agricolas
2816 3445 3131 3513 alloquens:
3178 3452 3234 3497 et
3272 3445 3396 3497 alibi
3442 3460 3670 3499 rursus:
3707 3444 3821 3499 Fa-

2217 3536 2349 3590 ciam
2378 3550 2462 3596 vos
2491 3536 2762 3601 piscatores
2810 3536 3071 3589 hominum
3116 3534 3330 3604 (Matth.
3375 3537 3428 3595 4.
3464 3538 3588 3606 19);
3622 3550 3675 3592 et
3707 3538 3819 3594 Pe-

2218 3635 2319 3689 tro,
2356 3624 2482 3678 Noli
2512 3628 2705 3695 timere,
2724 3643 2786 3679 ex
2806 3627 3025 3696 hocjmn
3054 3627 3279 3683 homines
3305 3628 3401 3680 eris
3428 3631 3632 3699 capiens
3654 3628 3816 3698 (Luc.

2215 3717 2268 3770 ὅ.
2301 3716 2412 3785 10),
2442 3725 2707 3786 tamquam
2729 3717 2793 3770 ad
2832 3718 3218 3786 gubernatores
3246 3725 3297 3771 et
3330 3719 3623 3786 piscatores
3649 3719 3817 3774 verba

2216 3810 2456 3874 faciens;
2502 3818 2559 3863 et
2589 3810 2767 3863 videre
2800 3819 2914 3863 erat
2940 3810 3213 3863 miraculis
3262 3808 3602 3864 succedentia
3637 3810 3812 3864 mira—
3858 3880 3861 3881 ν

2215 3900 2355 3953 cula.
2390 3901 2600 3954 Etenim
2641 3911 2826 3954 natura
2860 3909 3042 3955 nostra
3086 3909 3208 3953 ante
3236 3900 3423 3955 decem
3454 3900 3570 3955 dies
3608 3900 3677 3953 ad
3725 3916 3817 3956 re-

2214 3993 2358 4061 gium
2406 3992 2656 4047 thronum
2709 3994 2984 4058 ascendit,
3031 4002 3086 4047 et
3133 3992 3395 4047 hodierno
3439 3992 3527 4047 die
3576 3992 3815 4063 Spiritus

2215 4095 2433 4139 sanctus
2479 4085 2543 4138 ad
2590 4094 2834 4141 naturam
2881 4095 3119 4139 neStram
3181 4084 3489 4149 descendit;
3543 4086 3811 4154 primitias

2214 4186 2426 4230 nostras
2466 4175 2725 4231 Dominus
2750 4178 2800 4229 in
2832 4177 3021 4231 caelum
3052 4177 3248 4241 evexit,
3276 4186 3329 4230 et
3370 4175 3628 4247 Spiritum
3667 4192 3808 4232 san-

2212 4277 2355 4321 ctum
2385 4267 2617 4322 demisit.
2651 4268 2801 4321 Alter
2828 4276 2909 4321 est
2949 4267 3229 4329 Dominus,
3262 4266 3353 4345 qui
3380 4267 3494 4321 haec
3526 4266 3665 4321 dona
3697 4266 3814 4322 dis-

2216 4359 2436 4426 tribuit;
2488 4375 2611 4417 nam
2659 4361 2889 4429 Spiritus
2915 4370 3134 4414 sanctus
3182 4368 3265 4414 est
3296 4360 3573 4422 Dominus,
3605 4368 3659 4413 et
3687 4358 3809 4413 dis-

2214 4452 2580 4519 pensationem
2622 4463 2801 4505 nostra
2830 4467 2989 4505 causa
3034 4460 3336 4519 susceptam
3366 4450 3525 4505 Pater
3550 4460 3605 4505 et
3633 4450 3810 4507 Filius

2210 4552 2264 4597 ct
2290 4541 2518 4611 Spiritus
2544 4554 2762 4599 sanctus
2790 4543 2928 4597 inter
2956 4558 3013 4609 se
3061 4543 3359 4595 diviserunt
3392 4560 3404 4595 :
3432 4541 3667 4595 nonduin
3707 4543 3811 4599 de-

2209 4650 2331 4690 cem
2359 4635 2522 4702 elapsi
2571 4634 2685 4688 dics
2733 4645 2907 4698 erant,
2940 4650 3005 4688 ex
3036 4650 3142 4702 quo
3173 4634 3417 4689 Christus
3460 4632 3806 4703 ascenderat,

2209 4736 2262 4779 et
2288 4726 2581 4794 Spit‘iltlaiia
2631 4727 2783 4779 nobis
2810 4725 2950 4779 dona
2984 4727 3147 4790 misit,
3180 4726 3635 4780 reconciliationis
3662 4728 3809 4783 illius

2210 4834 2451 4875 munera.
2482 4817 2614 4877 Nam
2658 4827 2714 4870 ut
2762 4818 3055 4886 ambigeret
3090 4833 3248 4872 nemo
3276 4828 3329 4871 et
3353 4828 3642 4888 quaereret,
3676 4820 3807 4888 qttid

2210 4910 2422 4963 tandem
2458 4912 2510 4963 in
2562 4913 2722 4964 czelos
2770 4911 3067 4964 ascendens
3112 4910 3356 4967 Christus
3402 4912 3636 4981 egisset;
3670 4926 3804 4967 num

2210 5003 2349 5056 Patri
2379 5018 2480 5058 nos
2514 5003 2956 5057 reconciliasset?
2987 5019 3113 5057 num
3150 5005 3443 5073 propitium
3472 5005 3641 5072 ipsum
3672 5006 3805 5058 red-

2207 5094 2471 5150 didisset?
2502 5104 2557 5152 ut
2586 5094 2738 5150 nobis
2762 5095 3068 5149 ostenderet
3099 5111 3158 5148 se
3186 5104 3392 5148 natura:
3422 5096 3567 5147 illutn
3601 5108 3805 5150 nostra:

2210 5187 2470 5253 placatum
2499 5187 2819 5251 reddidisse,
2847 5187 3129 5241 COIIiCrlilll
3161 5187 3313 5240 nobis
3346 5187 3807 5244 reconciliationis

2207 5278 2348 5333 il!ius
2376 5279 2515 5332 dona
2547 5282 2707 5332 misit.
2738 5279 2868 5333 Cum
2901 5279 3041 5333 enim
3076 5279 3205 5332 uniti
3238 5288 3361 5332 sunt
3391 5289 3443 5331 et
3472 5281 3807 5335 reconciliati

2208 5372 2347 5425 inter
2373 5388 2429 5426 se
2453 5372 2677 5437 inimici,
2700 5382 2817 5441 post
2843 5372 3331 5427 reconciliationem
3362 5374 3539 5426 statim
3567 5388 3809 5439 sequun-
3864 5432 3879 5453 .

2212 5476 2295 5519 tur
2338 5466 2695 5531 invitationes,
2728 5464 2967 5517 convivia
3002 5473 3057 5517 et
3102 5480 3343 5519 munera.
3390 5464 3625 5518 Misimus
3671 5481 3808 5532 ergo

2211 5572 2307 5609 nos
2336 5541 2515 5619 fiderit,
2544 5567 2597 5611 et
2622 5556 2743 5610 inde
2767 5556 2998 5625 Spiritus
3022 5555 3160 5609 dona
3190 5556 3523 5625 recepimus:
3558 5555 3805 5611 misimus

2206 5651 2590 5715 (ιὶερειὶριιῑὶτξιη,
2621 5661 2671 5704 et
2694 5650 2953 5717 justitiam
2984 5650 3305 5711 recepimus.

2261 5742 2309 5797 3.
2330 5738 2550 5808 Spiritus
2568 5740 2733 5793 sancti
2751 5738 2940 5792 ίίωριιεμ
2961 5750 3028 5791 es:
3051 5739 3239 5793 {totum
3262 5740 3699 5795 reconciliationis.
3731 5769 3805 5783 --
