4070 6428
138 395 251 450 185

123 503 309 558 Ὠστέ
363 500 734 572 ἐτρτάζωμεν.
782 501 975 556 Καίτοι
1014 502 1112 554 οὐκ
1155 499 1222 573 ἦν
1261 502 1381 554 τότε
1420 499 1605 572 ἑορτὴ,
1641 501 1730 553 ὅτε

119 585 305 641 ταῦτα
351 587 624 655 ἔγραφεν·
670 586 773 638 οὐκ
824 580 892 655 ἦν
939 585 1148 655 Πάσχα,
1191 586 1292 638 ούκ
1338 581 1406 656 ἦν
1450 584 1736 652 ἐπιφάνια,

120 673 230 724 οὐκ
283 662 355 739 ἦν
407 669 783 738 πεντηκοστὴ·
840 668 976 721 ἀλλά
1030 668 1268 732 δεικνὺς,
1314 670 1396 722 ὅτι
1443 669 1504 721 ού
1546 667 1736 737 καιρὸς

121 755 280 806 ποιεῖ
309 750 526 822 ἑορτὴν,
558 749 694 829 ἀλλά
735 751 968 815 σ·;.·ειδὺς
1001 751 1272 823 καθαρόν·
1302 753 1465 828 ἑορτὴ
1494 750 1605 822 γὰρ
1645 751 1734 802 οὑ-

119 835 216 890 δεν
251 833 442 906 ἕτερόν
483 835 655 894 ἐστιν,
689 833 800 886 ἀλλ’
835 833 868 904 ἢ
913 833 1251 905 εὐφροσύνη·
1301 834 1644 905 εὐφροσύνην
1678 835 1736 888 δὲ

124 917 517 989 πνευματικὴν
568 917 664 970 καὶ
708 917 901 988 νοεράν
951 917 1104 972 οὐδὲν
1144 918 1272 972 ἀλλο
1326 921 1492 981 ποιεῖ,
1543 919 1657 971 ἀλλ’
1702 919 1736 988 ἢ

125 1000 382 1063 συνειδὸς
412 998 665 1071 πράξεων
705 999 929 1068 ἀγαθῶν
948 1015 963 1032 ·
1007 1002 1036 1053 6
1070 1001 1129 1054 δέ
1160 1000 1402 1065 συνειδὸς
1432 1001 1574 1071 ἔχων
1606 1002 1744 1069 ἀγα-

123 1087 223 1139 θὸν
277 1086 374 1138 καὶ
423 1085 652 1154 πράξεις
695 1086 968 1151 τοιαύτας,
1023 1078 1114 1141 ἀεῖ
1160 1087 1442 1160 ἑορτάζειν
1494 1087 1740 1140 δύναται.

122 1168 310 1224 Τοῦτο
338 1165 432 1223 οῦν
459 1170 591 1223 αὐτὸ
613 1171 826 1234 δεικνὺς
850 1173 879 1225 6
909 1170 1120 1236 Παῦλος
1150 1171 1338 1241 ἔλεγεν
1357 1189 1372 1205 ·
1407 1173 1588 1226 Ὥστε
1613 1172 1737 1240 ἐορι

124 1251 400 1322 τάζὶυμεν
417 1253 504 1322 μὴ
527 1253 597 1306 ἐν
624 1251 770 1322 ζύμῃ
792 1253 1040 1321 παλαιᾷ,
1068 1256 1228 1324 μηδὲ
1255 1256 1326 1309 ἐν
1355 1253 1501 1324 ζύμῃ
1531 1255 1748 1319 κακίας

125 1336 235 1389 καὶ
289 1337 613 1405 πονηρίας,
651 1336 790 1390 ἀλλ’
832 1337 902 1390 ἐν
944 1335 1188 1408 ἀζύμοις
1232 1338 1616 1407 εἰλικρινείας
1647 1336 1748 1390 καί

126 1427 446 1499 άζηθείας.
495 1426 658 1498 Ὀρᾷς
691 1426 809 1490 πῶς
850 1427 911 1481 ού
941 1427 1147 1500 καιρῶν
1203 1445 1264 1482 σε
1314 1428 1612 1498 κατέδησεν
1657 1428 1748 1481 ἀν-

129 1510 310 1580 άγκη,
343 1508 482 1562 ἀλλά
521 1510 758 1575 συνειδὸς
785 1511 1024 1582 καθαρὸν
1072 1511 1216 1583 ἐχειν
1251 1511 1746 1584 ,παρεκελεύσατος

144 1591 490 1662 Ἐϐουλόμην
517 1595 697 1646 πᾶσαν
739 1593 840 1665 τὴν
870 1593 1104 1659 διάλεξιν
1133 1597 1214 1659 εἰς
1244 1595 1404 1650 τοῦτο
1432 1595 1749 1651 καταναλῶ-

135 1690 234 1728 σαι
256 1690 270 1704 ⁸
301 1676 352 1733 οἰ
385 1674 494 1745 γάρ
522 1675 612 1728 διά
640 1676 832 1746 χρόνου
857 1678 1011 1742 τινάς
1038 1677 1298 1742 λαϐόντες
1328 1681 1406 1742 εἰς
1439 1681 1537 1742 τάς
1559 1681 1749 1750 χεῖρας

133 1757 243 1821 τὰς
270 1757 482 1813 ἑαυτῶν
503 1759 603 1811 οὐκ
624 1761 860 1827 εὐκόλως
884 1762 1083 1826 αὐτοὺς
1108 1763 1335 1831 ἀφιᾶσιν
1351 1778 1364 1792 ⁸
1388 1762 1511 1815 ἐπεὶ
1539 1758 1632 1816 οὖν
1657 1763 1752 1816 καὶ

137 1843 290 1912 ὑμᾶς
326 1843 490 1912 ἡμεῖς
521 1844 648 1906 τοὺς
693 1843 760 1897 δι’
809 1846 1058 1899 ἐνιαυτοῦ
1102 1847 1576 1919 παραγινομένους
1620 1847 1752 1900 είσω

137 1925 256 1978 τῶν
291 1925 525 1980 δικτύων
558 1926 825 1998 ἐλάϐομεν
865 1928 974 1983 τῶν
1009 1931 1314 2002 ἡμετέρων,
1357 1931 1417 1983 οὑ
1454 1929 1755 2002 βουλόμεθα

140 2012 366 2078 ἀφεῖναι
410 2011 669 2081 τήμερον,
722 2012 946 2066 ἀλλ’ἵνα
992 2014 1068 2084 μὴ
1123 2015 1271 2067 κενοὶ
1321 2013 1429 2066 τῶν
1478 2014 1607 2086 περὶ
1654 2015 1756 2084 τῆς

140 2093 340 2163 ἑορτῆς
379 2095 771 2165 ἀναχωρήσητε
817 2094 1024 2164 λόγων,
1073 2097 1181 2150 ἀπὺ
1229 2097 1331 2166 τῆς
1379 2097 1756 2166 παραινέσεως

140 2177 357 2241 ταύτης
406 2177 502 2230 ἐπὶ
545 2180 646 2249 τὴν
693 2179 948 2233 ὑπόθεσιν
992 2180 1091 2250 τῆς
1132 2181 1328 2252 ἑορτῆς
1380 2181 1607 2249 ἀγαγεῖν
1648 2183 1756 2253 χρὴ

142 2260 248 2330 τὴν
279 2260 515 2325 διάλεξιν
556 2274 606 2315 ι.
654 2261 833 2316 Πολλά
873 2265 972 2333 μὲν
1010 2259 1104 2316 οῦν
1137 2264 1398 2328 πολλάκις
1432 2264 1490 2331 ἐξ
1525 2265 1758 2336 ούρανοῦ

145 2342 422 2412 κατῆλθεν
449 2345 528 2406 εἰς
550 2343 650 2415 τὴν
682 2345 786 2416 γῆν
807 2345 988 2414 ἀγαθὰ
1016 2347 1094 2420 τῷ
1127 2347 1293 2416 κοινῷ
1318 2348 1430 2401 τῶν
1454 2347 1759 2418 ἀνθρώπων

146 2425 336 2491 γένει·
363 2421 453 2478 οἷα
480 2425 538 2480 δὲ
572 2427 832 2499 σήμερον,
863 2429 1119 2483 οὐδέποτε
1149 2431 1459 2503 κατηνέχθη
1499 2431 1608 2502 πρὸ
1632 2429 1757 2484 τού-

146 2525 268 2562 του.
305 2508 527 2563 Μάθετε
563 2511 692 2577 γοῦν
721 2505 811 2564 οἷα
854 2511 924 2564 τά
969 2514 1232 2585 πρότερα,
1278 2508 1366 2566 οἷα
1395 2515 1466 2567 τὰ
1497 2515 1760 2584 σήμερον,

150 2593 246 2648 ἵνα
288 2594 386 2648 καὶ
429 2594 707 2665 ἑκατέρων
754 2595 902 2667 ἴδητε
947 2597 1046 2667 τὴν
1090 2597 1375 2668 διαφοράν.
1406 2598 1697 2666 Ἕϐρεξεν
1729 2600 1764 2653 d

127 2676 306 2744 -Θεὸς
331 2676 536 2746 μάννα
566 2677 664 2730 ἐπὶ
696 2675 811 2744 τὴν
833 2677 968 2748 γῆν,
995 2678 1092 2731 καί
1122 2679 1306 2747 ἄρτον
1334 2679 1596 2748 οὐρανοῦ
1629 2680 1768 2735 ἐδω-

149 2778 267 2814 κεν
301 2760 536 2824 αὐτοῖς·
568 2760 731 2831 άρτον
766 2762 877 2833 γάρ
915 2762 1162 2830 ἀγγέλων
1198 2762 1399 2831 ἔφαγεν
1438 2763 1728 2835 ἄνθρωπος
1748 2779 1764 2794 ⁸

156 2842 305 2913 μέγα
354 2842 526 2906 δντως
566 2843 660 2895 καὶ
701 2844 800 2914 τῆς
833 2844 926 2897 τοῦ
976 2845 1114 2898 Θεοῦ
1149 2845 1563 2917 φιλανθρωπίας
1592 2846 1764 2912 ἀξιον.

153 2919 293 2978 Μετ’
311 2925 491 2978 ἐκεῖνο
516 2925 826 2998 κατηνέχθη
853 2927 988 2999 πῦρ,
1020 2929 1115 2982 καὶ
1144 2927 1496 2999 πλανώμενον
1524 2929 1615 2981 τὸν
1633 2929 1768 2982 ’1ου-

152 3003 346 3058 εαῖκὸν
371 3004 541 3076 δῆμον
575 3004 873 3078 διώρθωσε,
902 3008 998 3060 καὶ
1033 3008 1252 3078 ἥρπασε
1287 3007 1385 3079 τὴν
1424 3007 1616 3061 Θυσίαν
1657 3007 1766 3061 ἀπὸ

154 3087 254 3140 τοῦ
282 3087 474 3158 βωμοῦ
544 3089 854 3159 κατηνέχθη
881 3088 1043 3142 πάλιν
1079 3090 1234 3154 ὑετὸς
1267 3089 1414 3161 λιμῷ
1446 3089 1766 3162 τηκομένων

157 3171 443 3236 ἁπάντων,
475 3172 570 3225 καὶ¹
612 3171 812 3242 πολλὴν
847 3171 945 3244 τὴν
979 3173 1268 3243 εὐετηρίαν
1296 3175 1614 3244 εἰργάσατο.
1648 3175 1767 3228 Με-

156 3253 305 3324 γάλα
344 3253 524 3308 ταῦτα
567 3255 657 3309 καὶ
697 3254 1016 3325 θαυμαστά·
1051 3257 1186 3310 ἀλλά
1215 3256 1282 3310 τά
1313 3257 1556 3328 παρόντα
1586 3255 1770 3328 πολλῷ

161 3335 419 3411 μείζονα·
446 3337 508 3390 ού
531 3338 640 3409 γὰρ
674 3338 849 3408 μάννα
876 3339 969 3392 καὶ
1003 3339 1115 3410 πῦρ
1143 3342 1239 3394 καὶ
1271 3339 1431 3403 ὑετὸς
1459 3340 1769 3412 κατηνέχθη

161 3425 448 3493 σήμερον,
502 3421 616 3474 ἀλλ’
669 3421 876 3493 δμϐρος
935 3424 1291 3493 χαρισμάτων
1343 3423 1768 3495 πνευματικῶν·

159 3505 386 3575 νιφάδες
426 3503 734 3576 ἠνέχθησαν
761 3507 988 3569 ἄνωθεν,
1015 3506 1138 3578 οὐχὶ
1179 3506 1282 3578 τὴν
1322 3507 1426 3578 γῆν
1463 3505 1602 3578 πρὸς
1629 3523 1772 3576 καρ-

161 3589 439 3660 ποφορίαν
463 3589 794 3663 ἐγείρουσαι,
820 3589 955 3644 ἀλλά
988 3589 1087 3660 τὴν
1117 3590 1465 3661 ἀνθρωπίνην
1485 3589 1772 3644 πείθουσαι

163 3672 330 3743 φύσιν
353 3673 445 3725 τὸν
470 3671 682 3744 καρπὸν
706 3673 806 3742 τῆς
831 3673 1034 3746 ἀρετῆς
1060 3671 1138 3746 τῷ
1164 3671 1275 3730 τῶν
1299 3673 1603 3746 ἀνθρώπων
1635 3677 1773 3729 ἁπο-

161 3757 352 3816 δοῦναι
374 3757 530 3831 [460]
551 3758 811 3831 γεωργῷ,
843 3760 952 3814 Καὶ
991 3761 1039 3812 οἱ
1080 3757 1268 3828 ρανίδα
1303 3758 1514 3812 ἐκεῖθεν
1543 3759 1775 3830 δεξάμε-

162 3860 248 3898 νοι
290 3841 496 3906 εὐθέως
537 3843 637 3916 τῆς
687 3841 901 3911 φύσεως
945 3841 1374 3896 ἐπελανθάνοντο
1411 3841 1507 3912 τῆς
1541 3843 1770 3909 ἑαυτῶν,

161 3927 266 3990 καὶ
306 3924 566 3998 ἐξαίφνης
603 3926 853 3995 ἀγγέλων
885 3924 1191 3995 ἐπληροῦτο
1228 3928 1378 3980 πᾶσα
1412 3927 1445 3996 ή
1472 3927 1574 3996 γῆ·
1608 3928 1776 3996 ἀγγέ-

162 4010 276 4064 λων
300 4009 424 4080 ούχὶ
450 4009 809 4080 ἐπουρανίωῖι,
835 4009 949 4063 ἀλλ’
973 4011 1032 4062 ὲν
1068 4009 1396 4080 ἀνθρωπίνῳ
1429 4007 1642 4080 σώματι
1665 4011 1774 4064 τῶν

165 4094 483 4163 ἀσωμάτων
538 4092 822 4163 δυνάμεων
871 4095 968 4163 τὴν
1030 4092 1233 4164 ἀρετὴν
1287 4093 1773 4165 ἐπιδεικνυμένων.

167 4178 243 4230 Οὐ
279 4177 390 4248 γὰρ
438 4178 636 4230 ἐκεῖνοι
681 4177 832 4230 κάτω
860 4176 1191 4248 κατέϐησαν,
1231 4176 1346 4230 ἀλλ’
1389 4177 1418 4230 ὃ
1461 4175 1776 4248 θαυμαστός

165 4277 329 4332 τερον
367 4256 456 4331 ἦν,
498 4261 548 4312 οἱ
593 4261 745 4313 κάτω
797 4259 930 4330 πρὸς
971 4261 1071 4330 τὴν
1118 4260 1320 4332 ἀρετὴν
1367 4259 1644 4332 ἀνέϐησαν
1677 4262 1777 4333 τὴν

167 4346 428 4398 ἐκείνων
455 4345 516 4397 ού
555 4343 664 4414 γάρ
705 4344 804 4414 τὴν
854 4343 1035 4414 σάρκα
1078 4343 1334 4414 ῥίψαντες
1378 4348 1616 4416 γυμναῖς
1655 4349 1777 4410 ταῖς

165 4430 372 4506 ψυχαῖς
407 4429 721 4499 περιῄεσαν,
772 4425 908 4479 ἀλλὰ
961 4427 1213 4498 μένοντες
1261 4431 1319 4480 ὲν
1355 4431 1428 4500 τῇ
1481 4429 1661 4499 φύσει,
1707 4435 1775 4503 τῇ

169 4512 498 4584 προαιρέσει
545 4509 767 4578 ἄγγελοι
823 4511 1091 4578 ἐγένοντο.
1155 4513 1266 4565 Καὶ
1316 4512 1404 4566 ἵνα
1447 4513 1646 4585 μάθῃς,
1695 4515 1776 4567 ὅτι

167 4596 293 4650 οὐδὲ
341 4597 376 4666 ἡ
419 4595 659 4666 προτέρα
688 4596 927 4668 τιμωρία
969 4598 1207 4669 τιμωρία
1240 4595 1328 4670 ἦν,
1353 4597 1441 4652 ὅτε
1484 4595 1660 4662 εἶπεν,
1696 4602 1777 4655 ὅτι

171 4678 263 4747 Γῆ
294 4676 368 4741 εἷ,
401 4680 496 4733 καί
547 4683 633 4745 εὶς
668 4679 783 4748 γῆν
819 4681 1157 4750 ἀπελεύσῃ,
1198 4683 1286 4736 διὰ
1319 4683 1476 4737 τοῦτό
1503 4701 1560 4736 σε
1594 4685 1778 4756 ἀφῆκε

175 4767 362 4837 μένειν
397 4768 453 4818 ἐν
479 4769 543 4836 τῇ
575 4767 666 4836 γῇ,
701 4765 786 4820 ἵνα
825 4766 1146 4840 μειζόνωςή
1183 4769 1275 4821 τοῦ
1311 4769 1628 4841 Πνεύματος
1667 4773 1779 4826 δει-

171 4852 277 4922 χθῇ
327 4850 577 4922 δύναμις.
621 4848 710 4902 διὰ
766 4848 1248 4918 χοῖκοῦσώματος
1292 4854 1520 4908 τοιαῦτα
1553 4857 1781 4926 ἐργαζο-

178 4937 336 5008 μένη.
365 4931 474 4987 Ἷίν
509 4937 620 5005 γάρ
663 4935 790 4987 ἰδεῖν
828 4935 1076 5003 γλῶτταν
1109 4937 1341 5009 πηλίνην
1374 4939 1624 5010 δαίμοσιν
1655 4945 1780 4995 ἐπι-

171 5022 502 5075 τάττουσαν·
527 5014 595 5087 ἦν
619 5018 746 5071 ἰδεῖν
775 5022 931 5090 χεῖρα
955 5019 1188 5090 πηλίνην
1216 5021 1451 5094 ἰωμένην
1472 5025 1774 5098 νοσήματα·

178 5104 380 5174 μᾶλλον
421 5102 478 5154 δὲ
522 5103 583 5155 ού
624 5105 779 5173 χεῖρα
825 5103 1056 5174 πηλίνην
1107 5105 1266 5175 μόνον
1306 5101 1374 5176 ἦν
1420 5109 1572 5174 ἰδεῖν,
1609 5109 1781 5164 ἀλλ”ὃ

177 5187 359 5257 πολλῷ
395 5187 838 5261 θαυμαστότερον
879 5183 969 5258 ἦν,
1025 5187 1268 5257 πηλίνων
1311 5192 1580 5261 σωμάτων
1620 5193 1779 5258 σκιὰς

1124 388 1215 445 DE
1255 388 1525 445 SANCTA
1567 384 2042 446 PENTECOSTE.
2084 386 2318 444 IIOMIL.
2359 386 2404 443 1.

3331 388 3435 446 456

1838 500 1981 555 οὕτω
2019 501 2227 572 Πέτρου
2276 499 2536 570 φανέντος
2585 498 2679 552 καὶ
2730 492 2915 569 φωνὴν
2958 496 3231 566 ἀφιέντος,
3276 495 3448 566 ἠλαύ-

1836 611 1960 648 νετο
2008 593 2067 646 τὸ
2125 593 2316 654 σκότος
2363 592 2464 662 τῆς
2529 591 2774 661 πλάνης,
2835 588 3103 661 ἀνεχώρει
3159 588 3442 656 διάϐολος,

1839 686 2198 758 ἐδραπέτευον
2253 685 2535 756 δαίμονες,
2588 685 2829 756 ἀνῄρητο
2897 682 3199 754 παθήματα
3251 685 3445 754 σωμά-

1837 794 1946 831 των
1970 819 1986 842 ,
2027 777 2394 849 ἐθεραπεύετο
2434 779 2720 848 νοσήματα
2759 775 2949 847 ψυχῶν
2973 815 2989 840 ,
3031 775 3295 846 ἠλαύνετο
3346 794 3448 830 και

1840 873 1939 926 κία
1979 873 2169 938 πᾶσα,
2222 872 2392 945 ἀρετὴ
2441 872 2580 944 πρὸς
2627 873 2729 943 τὴν
2778 869 2884 939 γῆν
2939 869 3272 941 ἐπανήγετο.
3334 871 3447 924 Καὶ

1843 965 2099 1040 καθάπερ
2156 967 2220 1018 ἐκ
2272 964 2536 1035 ταμιείων
2585 961 2882 1033 βασιλικῶν
2935 960 3169 1032 ἐχόντων
3221 960 3448 1031 χρυσίον

1845 1059 1941 1114 καὶ
1979 1057 2162 1122 λίθους
2208 1056 2424 1127 τιμίους
2466 1054 2570 1109 κᾶν
2613 1054 2810 1126 μικρόν
2858 1071 2944 1118 τις
2987 1051 3186 1125 δυνηθῇ
3233 1054 3451 1123 ἐξενεγ-

1845 1153 1962 1204 κεῖν
1985 1149 2093 1204 τῶν
2111 1146 2491 1220 ἀποκειμένων
2513 1146 2740 1212 ἐνδόξως
2765 1147 2813 1213 b,
2842 1146 2944 1202 κᾶν
2967 1145 3064 1200 ἕνα
3091 1145 3240 1200 λίθον
3265 1145 3448 1216 μόνον,

1848 1243 2016 1298 πολὺν
2050 1242 2344 1316 ἐργάζεται
2365 1242 2457 1296 τὸν
2482 1239 2712 1294 πλοῦτον
2735 1238 2815 1311 τῷ
2843 1239 3235 1311 κατεχομένῳς
3258 1255 3274 1270 ⁸
3306 1237 3452 1292 οὕτω

1849 1336 1945 1390 καὶ
1960 1335 2068 1389 ἀπὺ
2089 1333 2198 1387 τῶν
2221 1333 2508 1402 στομάτων
2533 1331 2643 1384 τῶν
2670 1328 3048 1401 ἀποστολικῶν
3062 1347 3075 1361 ⁸
3099 1333 3326 1403 ταμιεῖα
3343 1329 3454 1402 γὰρ

1853 1426 2107 1498 βασιλικὰ
2131 1421 2200 1498 ἦν
2231 1425 2300 1479 τὰ
2345 1426 2592 1496 στόματα
2629 1424 2858 1478 ἐκείνων
2891 1421 3169 1495 θησαυρὸν
3204 1423 3454 1494 ἰαμάτων

1851 1520 2046 1592 ἔχοντα
2078 1519 2442 1589 ἀποκείμενον
2465 1536 2478 1548 ⁸
2521 1518 2616 1572 καὶ
2656 1517 2890 1570 ἕκαστον
2919 1516 3070 1588 ῥῆμα
3105 1515 3250 1581 ἐξιὸν
3287 1515 3456 1570 πολὺν

1853 1610 2142 1685 εἰργάζετο
2190 1609 2420 1664 πλοῦτον
2461 1607 2860 1679 πνευματικόν.
2901 1603 3013 1661 Ἦν
3068 1607 3194 1661 τότε
3239 1605 3458 1677 ἀληθῶς

1856 1705 2006 1768 ίδεῖν,
2034 1703 2117 1756 ὄτι
2148 1701 2219 1756 τά
2249 1700 2406 1769 λόγια
2448 1698 2652 1770 Κυρίου
2698 1696 3019 1769 ἐπιθυμητὰ
3059 1697 3204 1769 ὑπὲρ
3235 1695 3458 1770 χρυσίον
3570 1686 3578 1694 ’

1854 1797 1951 1852 καὶ
1973 1794 2122 1849 λίθον
2153 1794 2332 1864 τίμιον
2363 1791 2534 1846 πολύν
2555 1808 2568 1821 ⁸
2593 1791 2733 1861 ὅπερ
2762 1788 2871 1861 γάρ
2899 1789 3000 1843 οὑκ
3035 1789 3298 1858 ἠδύναντο
3324 1806 3461 1859 χρυ-

1857 1889 1971 1953 σὸς,
2013 1887 2133 1941 οὐδὲ
2167 1885 2315 1947 λίθος
2350 1885 2554 1954 τίμιος,
2588 1883 2752 1936 τοῦτο
2777 1882 2954 1935 ἐποίει
2999 1880 3068 1934 τὰ
3102 1881 3324 1953 ῥήματα
3357 1881 3463 1935 Πέ-

1855 1995 2008 2050 τρου.
2044 1977 2195 2030 Πόσα
2225 1975 2335 2048 γάρ
2361 1973 2600 2028 τάλαντα
2640 1970 2870 2043 χρυσίου
2918 1971 3009 2024 τὸν
3050 1971 3223 2042 χωλὸν
3254 1973 3320 2026 ἐκ
3367 1987 3464 2040 γε-

1858 2071 2019 2141 νετῆς
2057 2066 2459 2140 διορθώσασθαι
2492 2065 2718 2134 ῐσχυον;
2763 2061 2928 2117 Ἀλλά
2958 2064 3020 2117 τὸ
3053 2064 3206 2135 ῥῆμα
3253 2064 3464 2136 Πέτρου

1861 2163 2051 2233 ἴσχυσε
2109 2160 2209 2230 τῆς
2259 2159 2474 2227 φύσεως
2521 2157 2733 2210 ἀνελεῖν
2782 2155 2992 2225 ταύτην
3041 2156 3144 2227 τὴν
3188 2157 3462 2227 πήρωσιν.

1861 2249 2050 2316 Εἶπεν,
2095 2254 2198 2308 Ἐν
2233 2249 2314 2316 τῷ
2369 2251 2616 2319 ὀνόματι
2669 2247 2876 2315 Ἰησοῦ
2919 2247 3180 2316 Χριστοῦ
3217 2247 3466 2318 ἐγείραι,

1863 2343 1959 2397 καὶ
1993 2341 2320 2409 περιπάτει,
2357 2342 2451 2394 καὶ
2483 2343 2510 2394 6
2531 2340 2689 2409 λόγος
2720 2339 2878 2411 ἔργον
2906 2338 3143 2408 ἐγένετο.
3166 2335 3320 2402 Εἶδες
3348 2337 3468 2402 πῶς

1863 2434 2179 2504 ἐπιθυμητὰ
2232 2434 2372 2504 ὺπέρ
2421 2433 2646 2505 χρυσίον
2691 2432 2787 2486 καὶ
2835 2431 2986 2504 λίθον
3033 2431 3216 2502 τίμιον
3263 2431 3466 2498 πολύν;

1865 2521 2006 2589 εἶδες
2029 2525 2147 2590 πῶς
2179 2529 2407 2597 ταμιεῖα
2438 2525 2696 2595 βασιλικά
2724 2521 2792 2597 ἢν
2816 2525 3045 2578 ἐκείνων
3070 2527 3140 2581 τὰ
3184 2523 3466 2596 στόματας

1869 2620 2077 2682 Ὄντως
2111 2619 2286 2688 ἰατροὶ
2318 2618 2419 2689 τῆς
2451 2618 2780 2689 οἰκουμένης
2827 2619 3050 2683 ἐκεῖνοι,
3083 2617 3178 2672 καὶ
3206 2617 3468 2690 γεωργοὶ,

1865 2713 1964 2767 καὶ
1993 2711 2329 2784 κυϐερνῆται
2387 2713 2565 2786 ἰατροὶ
2591 2714 2711 2784 μὲν,
2746 2712 2935 2786 ἐπειδὴ
2960 2714 3246 2784 νοσήματα
3279 2711 3471 2783 ἐθερά-

1868 2821 2065 2856 πευον·
2101 2804 2340 2875 γεωργοὶ
2379 2804 2476 2866 δέ,
2511 2806 2699 2878 ἐπειδὴ
2733 2806 2826 2860 τὸν
2859 2806 3016 2875 λόγον
3044 2805 3146 2875 τῆς
3188 2803 3472 2868 εὐσεϐείας

1868 2896 2229 2968 κατέσπειρον
2245 2913 2259 2927 ⁸
2292 2897 2626 2968 κυϐερνῆται
2650 2899 2731 2961 δὲ,
2757 2898 2946 2970 ἐπειδὴ
2967 2897 3026 2950 τὸ
3055 2896 3347 2959 κλυδώνιον
3371 2897 3473 2967 τῆς

1871 2989 2082 3062 πλάνης
2116 2989 2385 3044 ἔπαυσαν.
2415 2990 2516 3044 Διά
2545 2990 2709 3046 τοῦτο
2739 2992 2871 3046 ποτὲ
2910 2991 3207 3064 μένγφησι·
3252 2993 3473 3058 Πορευ-

1870 3081 2077 3148 θέντες
2108 3083 2526 3150 ἀσθενοῦντας
2555 3085 2935 3153 θεραπεύετε,
2969 3084 3045 3148 ώς
3088 3085 3226 3154 πρὸς
3253 3084 3474 3156 ἰατροὺς

1870 3174 2281 3245 διαλεγόμενος·
2315 3177 2448 3230 ποτὲ
2487 3176 2567 3241 δὲ,
2608 3176 2756 3231 Ἰδοὺ
2799 3175 3165 3232 ἀποστέλλω
3198 3173 3355 3245 ὑμᾶς
3380 3176 3475 3228 θε-

1864 3262 2070 3334 ρίζειν,
2093 3263 2125 3318 6
2143 3265 2258 3333 οὐχ
2277 3265 2450 3334 ὑμεῖς
2479 3265 2900 3330 κεκοπιάκατε,
2924 3266 2999 3330 ὡς
3023 3265 3162 3336 πρὸς
3191 3265 3474 3337 γεωργοῦς

1871 3357 2285 3429 διαλεγόμενος·
2335 3358 2431 3412 καὶ
2485 3359 2650 3413 πάλιν
2711 3359 2946 3431 ἀλλαχοῦ
2968 3377 2982 3391 ⁸
3032 3358 3277 3426 Ποιήσω
3319 3356 3476 3429 ὑμᾶς

1872 3452 2064 3518 ἁλιεῖς
2083 3452 2412 3520 ἀνθρώπων
2429 3468 2442 3480 ⁸
2469 3453 2562 3505 καὶ
2585 3451 2662 3524 τῷ
2689 3453 2904 3525 Πέτρῳ,
2931 3451 3024 3520 Μὴ
3049 3453 3263 3522 φοϐοῦ,
3287 3453 3475 3524 φησιν,

1873 3545 1994 3601 ἀπὸ
2029 3544 2136 3600 τοῦ
2190 3544 2312 3598 νῦν
2351 3543 2708 3612 ἀνθρώπους
2749 3547 2868 3613 ἔσῃ
2912 3542 3165 3614 ζὶυγρῶν,
3217 3545 3296 3609 ὡς
3339 3543 3478 3616 πρὸς

1875 3637 2220 3710 κυϐερνήτας
2247 3637 2340 3690 καὶ
2365 3636 2532 3700 ἀλιεῖς
2561 3637 2768 3708 ὁμιλῶν
2789 3656 2802 3668 ·
2836 3637 2930 3692 καὶ
2961 3633 3028 3709 ἦν
3059 3638 3189 3692 ἰδεῖν
3221 3636 3479 3708 θαύματα

1876 3726 1969 3780 ἐπὶ
2001 3725 2267 3797 θαύμασι.
2304 3726 2415 3779 Καὶ
2435 3725 2544 3796 γὰρ
2578 3727 2611 3797 ή
2653 3727 2817 3796 φύσις
2847 3727 2880 3797 ή
2916 3728 3164 3798 ἡμετέρα
3208 3727 3315 3797 πρὸ
3344 3725 3480 3779 δέκα

1875 3817 2099 3892 ήμερῶν
2130 3819 2210 3882 εἰς
2233 3817 2325 3870 τὸν
2344 3816 2497 3890 [461]
2528 3817 2718 3890 θρόνον
2739 3817 2908 3888 ἀνέϐη
2939 3819 3031 3872 τὸν
3056 3818 3358 3889 βασιλικὸν,
3383 3819 3480 3872 καὶ

1874 3910 1938 3964 τὸ
1971 3909 2198 3982 Πνεῦμα
2227 3915 2288 3962 τὸ
2319 3909 2477 3978 ἅγιον
2506 3909 2714 3980 κατέϐη
2745 3911 2986 3982 σήμερον
3009 3911 3147 3982 πρὸς
3185 3911 3286 3982 τὴν
3315 3910 3482 3980 φύσιν

1877 4004 1976 4075 τὴν
2001 4003 2277 4075 ἡμετέραν
2297 4019 2309 4032 ⁸
2351 4004 2653 4074 ἀνήνεγκεν
2674 4004 2702 4056 ὁ
2735 4002 2942 4075 Κύριος
2968 4003 3068 4073 τὴν
3096 4004 3353 4075 ἀπαρχὴν
3381 4003 3482 4076 τὴν

1878 4096 2177 4168 ⁴ἡμετέραν,
2211 4097 2304 4150 καὶ
2329 4097 2637 4167 κατήνεγκε
2669 4095 2731 4150 τὸ
2761 4095 2992 4168 Πνεῦμα
3021 4095 3084 4149 τὸ
3117 4096 3295 4165 ἀγιον.
3320 4097 3483 4150 ’Έτε-

1880 4205 1974 4261 ρος
2020 4189 2226 4260 Κύριος
2258 4188 2530 4259 διανέμων
2573 4188 2643 4242 τὰ
2681 4187 2833 4260 δῶρα
2862 4187 3073 4242 ταῦτα·
3116 4189 3212 4242 καὶ
3263 4188 3373 4259 γὰρ
3421 4188 3484 4242 τὸ

1881 4281 2107 4352 Πνεῦμα
2139 4281 2344 4354 Κύριός
2373 4283 2510 4346 ἐστι,
2546 4282 2638 4334 καὶ
2660 4281 3002 4351 διενείμαντο
3025 4281 3124 4352 τὴν
3151 4280 3294 4351 ὑπὲρ
3323 4279 3483 4350 ἡμῶν

1879 4374 2191 4445 οἰκονομίαν
2223 4374 2415 4446 Πατὴρ
2443 4374 2539 4427 καὶ
2571 4374 2701 4438 Υἱὸς
2735 4373 2829 4426 καὶ
2858 4371 3014 4442 ἅγιον
3041 4371 3286 4442 Πνεῦμα.
3316 4370 3484 4424 Οὔπω

1880 4467 2014 4522 δέκα
2044 4468 2258 4539 ἡμέρας
2291 4463 2436 4536 εἶχεν
2458 4465 2698 4519 ἀνελθὼν
2723 4465 2751 4517 6
2773 4465 3030 4538 Χριστὸς,
3048 4464 3142 4516 καὶ
3163 4463 3484 4535 χαρίσματα

1880 4562 2012 4632 ἡμῖν
2043 4559 2256 4631 ἔπεμψε
2291 4557 2664 4628 πνευματικά,
2682 4557 2832 4627 δῶρα
2847 4558 2947 4628 τῆς
2972 4557 3320 4626 καταλλαγῆς
3347 4557 3484 4610 ἐκείο

1879 4669 1998 4724 νης.
2019 4652 2137 4705 Ἵνα
2166 4653 2272 4724 γάρ
2300 4651 2492 4723 μηδεὶς
2513 4648 2852 4722 ἀμφιϐάλλῃ,
2886 4649 2982 4701 καὶ
3013 4648 3243 4720 διαπορῇ
3273 4649 3326 4701 τί
3350 4666 3482 4702 ποτε

1881 4744 1990 4816 ἄρα
2022 4742 2088 4798 ἂν
2119 4743 2357 4798 ἀνελθὼν
2387 4745 2415 4798 6
2443 4743 2680 4814 Χριστὸς
2708 4741 2966 4813 ἐποίησεν
2988 4757 3002 4771 ⁸
3041 4739 3150 4812 ἄρα
3177 4741 3480 4814 κατήλλαξε

1881 4838 1972 4890 τὶν
1994 4835 2248 4908 Hart-ipa;
2277 4833 2387 4908 ἆρα
2420 4836 2578 4889 ἵλεων
2605 4835 2768 4888 αὐτὸν
2802 4833 3129 4905 εἰργάσατο;
3161 4833 3482 4904 βουλόμενος

1881 4932 2016 5002 ἡμῖν
2061 4930 2337 5001 δηλῶσαι,
2384 4929 2467 4982 ὅτι
2514 4927 2856 4999 κατήλλαξεν
2897 4926 3060 4980 αὑτὸν
3093 4928 3159 4997 τῇ
3219 4925 3379 4994 φύσει
3412 4928 3480 4996 τῇ

1882 5022 2165 5094 ἡμετέρᾳ,
2215 5021 2286 5075 τὰ
2328 5020 2480 5090 δῶρα
2531 5021 2631 5090 τῆς
2663 5017 3016 5086 καταλλαγῆς
3060 5017 3305 5088 ἐπεμψεν
3351 5017 3484 5088 ἡμῖν

1881 5117 2104 5179 εὐθέως.
2150 5114 2272 5169 Τῶν
2314 5113 2424 5182 γὰρ
2471 5111 2683 5184 ἐχθρῶν
2723 5111 3030 5180 ἐνουμένων
3071 5110 3164 5162 καὶ
3209 5109 3479 5164 καταλλα-

1882 5209 2090 5278 γέντων
2134 5205 2420 5275 ἀλλήλοις,
2462 5205 2601 5276 μετά
2639 5204 2739 5276 τὴν
2788 5202 3140 5272 καταλλαγὴν
3180 5203 3344 5266 εὐθὺς
3385 5203 3482 5272 ἐφ-

177 5274 273 5369 κῗὶ
298 5270 531 5370 ofﬁc?”
561 5270 1300 5370 καῖ,ξυ’¹άμξξυ“ίᾲ⁶ωμάτξ⁰ν
1327 5277 1864 5370 ῖτῗριγενομέναςνζι
1882 5304 2106 5355 ἑπονται
2137 5299 2197 5353 αῖ
2227 5316 2288 5352 τε
2327 5298 2636 5370 φιλοτησίαι
2669 5297 2766 5350 καὶ
2797 5294 3075 5363 δεξιώσεις
3106 5295 3200 5348 καὶ
3234 5295 3302 5348 τά
3333 5294 3479 5366 χαρί-

177 5355 286 5428 τιτιν
328 5355 604 5424 δαιμόνων
649 5354 814 5423 λέγω.
866 5356 1133 5427 Καθάπερ
1174 5357 1284 5429 γὰρ
1327 5359 1480 5429 ήλίου
1521 5361 1783 5429 φανέντος

179 5439 464 5494 ἐλαύνεται
515 5437 574 5491 τὸ
620 5438 830 5504 σκότος,
870 5440 1198 5494 καταδύεται
1243 5441 1409 5513 θηρία
1461 5444 1600 5512 πρὸς
1656 5447 1782 5510 τοὺς

185 5523 416 5586 οἰκείους
467 5523 729 5591 φωλεοὺς,
775 5522 1088 5592 ἀνδροφόνοι
1141 5525 1236 5577 καὶ
1281 5526 1475 5598 λῃσταὶ
1519 5529 1614 5582 καὶ
1648 5547 1784 5600 τυμ-

185 5610 426 5682 ϐωρύχοι
451 5609 585 5678 πρὸς
617 5608 716 5671 τὰς
746 5611 991 5680 κορυφάς
1025 5611 1133 5665 τῶν
1158 5612 1333 5683 ὀρέων
1361 5616 1781 5687 ἀνατρέχουσιν·

263 5841 379 5896 ’Δίὲἰ
400 5859 486 5902 τὴν
509 5843 833 5893 διδασκαλιαν,

1885 5413 2088 5467 σματα.
2119 5393 2481 5464 Ἐπέμψαμεν
2508 5390 2691 5444 τοίνυν
2721 5392 2884 5461 ἡμεῖς
2923 5389 3126 5452 πίστιν,
3163 5388 3259 5443 καὶ
3293 5387 3485 5442 ἐλάϐο-

1889 5507 1986 5561 μεν
2031 5488 2240 5542 ἐκεῖθεν
2284 5487 2639 5559 χαρίσματα·
2691 5483 3022 5556 ἐπέμψαμεν
3074 5483 3357 5553 ὑπακοὴν,
3392 5482 3486 5534 καλ

1886 5580 2154 5651 ἐλάϐομεν
2185 5577 2557 5648 δικαιοσύνην.

1953 5785 1978 5824 h
2010 5785 2139 5833 [‘an
2174 5783 2402 5842 ἐνδοτέρω
2428 5783 2506 5830 τοι
2536 5780 2820 5845 ἐνδομύχως-

1959 5850 1982 5879 ⁸
2015 5848 2148 5898 L'nu:
2169 5851 2235 5909 τοι
2259 5845 2514 5907 δεχνίιενῳ,
