4070 6470
1170 433 1260 490 DE
1295 427 1560 488 SANCTA
1602 417 2067 479 PENTECOSTE.
2111 417 2348 476 llOMlL.
2389 418 2433 475 l.
3377 418 3480 476 εδδ

1876 544 2020 590 esset
2066 535 2118 590 in
2169 535 2325 591 nobis
2355 535 2588 606 Spiritus
2632 543 2886 602 sanctus,
2916 536 3188 609 quomodo
3234 539 3318 594 isti
3344 582 3357 604 ,
3390 557 3482 608 qm

1878 626 1976 680 hac
2019 641 2169 681 sacra
2220 638 2380 682 nocte
2420 628 2702 682 illuminati
2729 637 2896 694 sunt,
2924 644 2954 682 a
2989 629 3221 698 peccatis
3263 630 3480 684 liberari

1877 719 2212 790 potuissent?
2257 719 2375 775 Non
2417 721 2561 776 enim
2616 720 2819 791 absque
2871 720 3103 792 Spiritus
3156 723 3476 780 efllcacitate

1879 826 2167 881 possumus
2204 828 2235 868 a
2281 814 2516 883 peccatis
2558 812 2812 878 liberari,
2841 814 2985 884 quod
3027 816 3485 886 quemadmodum

1882 905 2075 960 doceat
2118 905 2315 960 Paulus
2342 905 2540 962 audite.
2572 905 2796 961 Eramus
2822 909 2960 962 enim
3007 909 3289 978 aliquando
3325 919 3371 964 et
3396 926 3488 964 nos

1884 996 2178 1065 insipientes
2199 1039 2215 1062 ,
2232 997 2484 1050 increduli
2503 1038 2518 1065 ,
2537 1008 2786 1065 errantes,
2809 1000 3078 1054 servientes
3107 999 3373 1055 desideriis
3401 1017 3492 1054 oa-

1885 1088 1977 1141 riis
2006 1102 2025 1141 :
2048 1104 2162 1140 cum
2182 1098 2350 1142 autem
2369 1087 2651 1160 benignitas
2680 1098 2728 1143 et
2756 1089 3051 1144 humanitas
3084 1092 3331 1162 apparuit
3363 1090 3489 1147 Sal-

1887 1181 2075 1235 uatoris
2105 1180 2268 1236 nostri
2298 1179 2427 1249 Dei,
2455 1197 2557 1236 non
2582 1198 2646 1236 ea:
2669 1183 2909 1253 operibus
2939 1184 3159 1254 justitite
3181 1227 3196 1250 ,
3228 1201 3342 1255 qua:
3372 1187 3496 1256 [cci-

1892 1288 2004 1327 mus
2054 1288 2182 1339 nos,
2219 1272 2309 1326 sed
2361 1273 2638 1328 secundum
2686 1273 3087 1329 misericordiam
3129 1292 3276 1330 suam
3325 1278 3494 1331 salvos

177 456 269 514 L57

177 575 347 639 Atque
372 575 432 622 ut.
459 560 767 635 intelligatis
788 551 1240 615 reconciliationis
1267 548 1359 602 Dei
1390 545 1591 599 donum
1619 553 1762 639 esse,

175 629 316 732 quod
343 658 595 728 Spiritus
632 629 852 708 sanctus
900 657 984 703 est
1028 645 1224 707 datus,
1268 655 1332 693 ex
1384 633 1674 704 Scripturis
1709 629 1770 734 id

178 751 503 826 persuadere
540 747 692 802 vobis
739 740 1103 800 conabor:ac
1143 736 1370 806 primum
1415 745 1444 783 a
1488 735 1774 781 contrarns

179 822 546 918 probationem
577 839 655 909 rei
679 845 877 907 petam,
902 841 958 888 et
985 828 1286 893 ostendam,
1309 840 1430 879 cum
1458 822 1626 918 iratus
1648 827 1772 918 est,

175 909 322 998 eum,
349 935 582 1006 Spiritus
623 931 846 1002 gratiam
893 925 1259 981 inhibere:ut
1311 931 1434 972 cum
1482 909 1778 1006 credideris

176 1032 296 1100 ejus
334 1002 430 1083 irie
449 1031 824 1095 argumentum
866 1031 1017 1083 esse,
1043 1013 1182 1085 quod
1228 1023 1336 1065 non
1379 1006 1522 1100 adsit
1549 1002 1780 1100 Spiritus

177 1091 398 1178 sanctus
418 1160 435 1184 ,
457 1091 748 1186 rursusque
797 1110 1089 1167 demissum
1125 1104 1324 1159 videris
1369 1098 1626 1164 Spiritum
1653 1135 1668 1158 ,
1696 1091 1780 1147 di-

177 1229 324 1276 scas,
349 1210 450 1266 nisi
477 1206 853 1265 reconciliatus
879 1202 1106 1264 fuisset,
1129 1196 1386 1267 Spiritum
1417 1199 1660 1244 sanctum
1690 1199 1786 1239 ne-

177 1319 451 1378 quaquam
473 1303 622 1358 illum
658 1299 821 1354 fuisse
851 1296 1163 1350 missurum.
1197 1287 1352 1345 Unde
1384 1284 1544 1378 igitur
1570 1281 1671 1335 hoc
1697 1278 1784 1332 in-

179 1364 514 1466 telligemus?
535 1391 656 1446 Heli
678 1404 841 1445 senex
861 1387 942 1440 vir
967 1385 1094 1449 fuit,
1123 1381 1257 1437 alias
1281 1377 1498 1450 quidem
1521 1384 1710 1443 aequus
1733 1378 1787 1425 et
1892 1378 1993 1466 {tot
2027 1365 2154 1465 fecit
2173 1405 2189 1430 ,
2219 1379 2314 1466 pet:
2355 1364 2614 1466 ἰξιςσοςωη
2657 1366 3052 1466 ςεσεηεταιὶοηὶε
3078 1378 3124 1420 et
3154 1370 3496 1422 renovationis

179 1452 411 1560 probus,
432 1483 529 1538 sed
557 1482 646 1552 qui
687 1481 916 1535 filiorum
967 1472 1365 1544 improbitatem
1409 1466 1640 1523 nesciret
1668 1477 1789 1560 cor-
1895 1452 2123 1522 Spiritus
2149 1455 2314 1560 sancti
2341 1453 2466 1557 (Tit.
2487 1454 2676 1559 5.13-5)
2700 1472 2714 1509 :
2734 1467 2790 1511 et
2811 1470 3003 1560 rursus
3029 1457 3182 1525 alibi,
3213 1457 3390 1512 Nolite
3415 1475 3495 1512 er-

181 1546 364 1647 rigere
385 1546 408 1641 ,⁷
429 1546 618 1628 verum
649 1571 793 1626 ultra
826 1566 1043 1622 modum
1090 1565 1292 1618 liberos
1337 1566 1564 1612 amaret.
1598 1552 1792 1608 Audite
1893 1561 2053 1600 rare:
2086 1562 2247 1616 neque
2284 1546 2550 1615 [amicarii
2573 1588 2589 1614 ,
2613 1564 2773 1620 neque
2805 1548 3128 1616 idololatrw,
3155 1567 3319 1621 neque
3343 1550 3500 1606 adul-

180 1637 451 1737 qsiotquot
483 1662 626 1716 ﬁlios
666 1658 910 1722 habetis,
949 1663 1007 1710 ut
1052 1653 1222 1707 amori
1273 1658 1454 1704 vestro
1500 1644 1792 1716 pudorique
1898 1639 2021 1701 teri,
2058 1654 2220 1708 neque
2256 1637 2471 1706 molles,
2518 1655 2679 1710 neque
2725 1640 3068 1696 masculorum
3110 1642 3459 1697 concubitores
3483 1685 3499 1708 ,

185 1733 410 1811 nimium
443 1752 650 1807 faciatis
675 1766 688 1804 :
723 1749 846 1802 hinc
870 1747 1014 1802 enim
1041 1743 1155 1799 Heli
1200 1757 1324 1796 cum
1373 1740 1538 1794 Deum
1584 1737 1794 1789 irritas-
1896 1747 2056 1799 neque
2073 1735 2234 1802 fures,
2267 1748 2425 1802 neque
2443 1734 2585 1787 avari
2606 1776 2620 1799 ,
2651 1749 2810 1806 neque
2828 1733 3032 1801 ebriosi,
3058 1752 3217 1806 neque
3241 1736 3500 1802 maledici,

187 1856 311 1910 set,
344 1846 396 1899 in
445 1853 646 1899 tanmm
689 1840 836 1894 illum
892 1833 1223 1891 iracundiam
1270 1830 1515 1901 impulit,
1548 1837 1602 1882 ut
1627 1836 1792 1880 totam
1900 1839 2060 1894 neque
2100 1839 2313 1893 rapaces
2341 1840 2555 1895 regnum
2585 1824 2681 1880 Dei
2711 1826 3041 1896 possidebunt
3089 1827 3167 1899 (1.
3195 1826 3316 1882 Cor.
3349 1828 3406 1884 ϐ.
3436 1828 3502 1884 9-

186 1947 409 2009 gentem
452 1935 612 1990 fuerit
658 1941 955 1986 aversatus.
984 1925 1166 1996 Itaque
1198 1935 1261 1980 ut
1307 1921 1568 1977 indicaret
1599 1919 1680 1982 is,
1706 1925 1796 1984 qui
1903 1916 2023 1987 l0).
2072 1915 2236 1972 Vides
2265 1918 2442 1972 omnia
2477 1932 2675 1987 genera
2717 1918 3120 1989 improbitatis?
3147 1917 3216 1973 Et
3237 1919 3348 1974 hac
3394 1922 3510 1990 qui-

191 2005 313 2084 hzcc
358 2026 572 2096 scripsit
590 2067 604 2089 .
638 2025 804 2080 Deum
833 2023 955 2081 illos
976 2018 1268 2074 admodum
1304 2023 1613 2070 aver~atum
1637 2025 1756 2066 esse
1781 2050 1796 2074 ,
1905 2008 2018 2061 dum
2043 2007 2249 2077 fuistis;
2275 2009 2364 2062 sed
2388 2009 2549 2063 abluti
2590 2010 2709 2065 estis
2731 2051 2748 2076 ,
2778 2011 2868 2064 sed
2894 2005 3199 2081 sancti/lculi
3237 2012 3357 2066 estis
3380 2053 3396 2078 ,
3419 2013 3509 2066 sed

191 2120 410 2175 dicebat
443 2134 456 2173 :
497 2116 716 2171 Verbum
767 2123 877 2169 erat
924 2110 1201 2182 pretiosum
1235 2125 1254 2164 :
1280 2116 1326 2163 et
1382 2121 1483 2160 non
1532 2113 1637 2158 erat
1675 2103 1800 2156 visio
1895 2101 2165 2172 justiﬁcali
2195 2102 2332 2156 estis.
2363 2101 2481 2169 Quo
2528 2101 2729 2171 pacto?
2755 2101 2858 2158 hoc
2884 2103 3028 2159 enim
3053 2112 3168 2171 est,
3200 2104 3344 2175 quod
3365 2119 3514 2176 quae-

194 2211 516 2280 distinguens
538 2209 618 2278 (1.
650 2206 778 2278 Reg.
810 2206 864 2260 5.
897 2203 954 2277 1)
990 2220 1004 2258 :
1034 2201 1327 2272 pretiosum
1355 2196 1456 2252 hoc
1479 2197 1595 2250 loco
1621 2209 1800 2247 rarum
1907 2193 2063 2258 ritur,
2087 2209 2213 2247 num
2237 2208 2332 2264 per
2353 2193 2610 2264 Spiritum
2628 2204 2872 2252 sanctum
2889 2197 3184 2268 nequitiam
3203 2196 3518 2268 deposueri~

196 2302 479 2372 appellans
512 2317 526 2355 :
559 2314 655 2368 per
680 2299 796 2351 lucc
821 2296 963 2379 enim
995 2291 1231 2348 ostendit
1273 2305 1453 2344 rarum
1497 2287 1662 2340 fuisse
1693 2296 1804 2337 tum

1923 2299 2052 2338 mus.
2095 2284 2231 2340 Audi
2262 2300 2392 2356 ergo
2421 2304 2432 2338 :
2470 2285 2576 2342 Sed
2597 2288 2913 2356 sanctificati
2934 2289 3084 2355 estis,
3118 2289 3207 2344 sed
3241 2290 3518 2362 justiﬁcati

199 2394 407 2450 donum
443 2389 758 2460 prophetia}.
798 2387 874 2442 Ac
901 2375 1090 2441 rursus
1118 2384 1308 2454 lugens
1333 2379 1471 2434 alius
1496 2388 1552 2432 et
1598 2379 1806 2442 lamen-
1912 2376 2030 2430 estis
2050 2377 2102 2429 in
2134 2377 2337 2430 nomine
2363 2375 2568 2431 Domini
2594 2378 2755 2432 nostri
2774 2377 2900 2432 Jesu
2923 2378 3138 2447 Christi,
3157 2390 3206 2434 et
3232 2381 3285 2433 in
3314 2380 3518 2450 Spiritu

204 2498 328 2542 tans
357 2485 428 2539 ob
459 2483 592 2537 iram
641 2482 732 2536 Dei
763 2480 1009 2543 dicebat,
1045 2477 1108 2532 Et
1153 2492 1255 2531 non
1279 2485 1355 2530 est
1390 2475 1444 2529 in
1467 2474 1563 2528 hoc
1587 2482 1812 2543 tempore
1844 2519 1850 2528 ,
1916 2465 2015 2522 Dei
2041 2467 2203 2521 nostri
2236 2465 2340 2538 (lb.
2372 2485 2420 2523 υ.
2446 2469 2560 2537 11).
2588 2468 2816 2525 Videsne
2838 2468 3098 2540 Spiritum
3128 2479 3375 2527 sanctum
3403 2487 3521 2528 om-

205 2579 479 2647 princeps,
515 2590 674 2645 neque
716 2572 964 2641 propheta
989 2569 1149 2641 (Dan.
1181 2569 1238 2624 3.
1265 2567 1393 2638 38);
1436 2576 1489 2621 et
1513 2579 1702 2621 rursus
1738 2565 1816 2618 ait
1917 2574 2040 2614 nem
2072 2558 2217 2615 illam
2243 2559 2641 2630 improbitatem
2669 2560 2973 2617 delevisse?

205 2670 535 2741 evangelista
559 2686 572 2722 :
595 2665 838 2721 Nondum
865 2665 998 2718 enim
1029 2672 1136 2716 erat
1165 2661 1395 2734 Spiritus
1415 2668 1619 2715 sanctus
1646 2674 1664 2712 :
1693 2657 1815 2729 quia

205 2762 366 2818 θεας
392 2761 621 2815 nonduin
644 2768 752 2813 erat
773 2757 1088 2829 gloriﬁcatus
1106 2751 1284 2823 (Joan.
1313 2753 1370 2806 7.
1402 2749 1516 2823 59).
1549 2749 1814 2818 Quoniam

1990 2650 2045 2705 4.
2081 2649 2319 2706 [heretici
2364 2653 2419 2706 in
2451 2651 2704 2723 Spiritum
2736 2652 2799 2709 S.
2847 2653 3282 2723 blasphemabant.
3319 2685 3377 2696 —
3426 2655 3528 2711 Ubi

1921 2757 2066 2797 nunc
2092 2752 2217 2797 sunt
2241 2783 2257 2810 ,
2280 2744 2369 2814 qui
2401 2743 2632 2813 Spiritus
2661 2743 2995 2815 majestatem
3036 2745 3450 2815 blasphemant‘l
3469 2747 3528 2803 Si

210 2855 360 2911 enim
405 2852 644 2908 nondum
692 2849 869 2906 fuerat
904 2847 1222 2913 crucitixus,
1279 2860 1387 2899 non
1427 2851 1544 2897 erat
1585 2840 1820 2911 Spiritus
1922 2837 2066 2891 enim
2096 2847 2314 2906 peccata
2343 2852 2447 2892 non
2474 2837 2729 2904 dimittit,
2764 2836 2956 2893 frustra
2982 2839 3241 2907 accipitur
3267 2840 3322 2894 in
3353 2839 3532 2910 bapti-

212 2954 440 3002 sanctus
464 2944 516 2999 in
535 2941 841 2998 hominibus
862 2939 1018 2995 datus
1042 2955 1056 2993 :
1090 2937 1219 2993 illud
1237 2936 1455 3007 quippe,
1479 2933 1816 3006 gloriﬁcatus,

216 3039 365 3095 idem
388 3037 529 3091 valet
551 3077 566 3102 ,
596 3033 739 3104 quod
769 3031 1076 3089 crucifixus.
1120 3030 1253 3084 Nam
1283 3027 1382 3083 etsi
1413 3041 1500 3082 res
1520 3033 1604 3080 est
1632 3032 1822 3078 natura

215 3145 317 3186 sua
347 3128 725 3201 ignominiosa,
747 3125 871 3195 quia
899 3132 1075 3178 tamen
1102 3136 1290 3178 eorum
1320 3134 1481 3175 causa
1501 3116 1662 3173 ﬁebat
1687 3130 1824 3187 quos

218 3222 459 3286 amabat,
488 3219 712 3290 gloriam
738 3218 884 3272 illam
909 3214 1155 3270 Christus
1183 3211 1440 3281 appellat.
1467 3209 1646 3278 Quare
1671 3221 1825 3268 vero.

221 3317 314 3372 dic
339 3326 526 3385 quaeso
545 3353 561 3377 ,
588 3318 713 3365 ante
742 3307 1043 3379 passionem
1085 3319 1195 3360 non
1224 3312 1309 3360 est
1347 3300 1580 3372 Spiritus
1625 3297 1830 3353 datus?

223 3384 493 3477 Quoniam
517 3404 569 3458 in
602 3384 835 3474 peccatis
864 3407 980 3454 erat
1005 3397 1154 3453 orbis
1182 3388 1469 3461 terrarum,
1496 3395 1550 3449 in
1571 3392 1830 3447 offensio-

229 3501 412 3564 nibus,
443 3496 570 3552 odio
593 3506 648 3550 ct
672 3492 986 3564 ignominia,
1012 3505 1133 3546 cum
1175 3488 1411 3542 nondum
1438 3485 1648 3541 oblatus
1667 3498 1835 3553 agnus

230 3601 416 3655 esset,
459 3589 549 3660 qui
602 3585 788 3642 mundi
831 3583 972 3638 tollit
1018 3591 1321 3669 peccatum.
1364 3579 1628 3647 Quoniam
1679 3577 1838 3647 igitur

233 3683 476 3741 nondum
498 3679 785 3739 crucifixus
814 3677 989 3732 fuerat
1015 3676 1282 3738 Christus,
1306 3673 1674 3730 reconciliatio
1705 3686 1852 3738 non:

234 3777 364 3832 dum
393 3773 530 3828 facta
560 3779 676 3826 erat
705 3785 863 3826 :cum
895 3783 1022 3824 vero
1050 3767 1287 3821 nondum
1313 3774 1457 3820 esset
1487 3764 1621 3818 facta
1653 3777 1842 3816 recon-
1877 3757 1892 3770 ‘

236 3865 473 3930 ciliatio,
505 3863 698 3918 merito
742 3876 917 3931 neque
957 3860 1187 3930 Spiritus
1212 3857 1544 3922 mittebatur,
1569 3855 1638 3908 ita
1669 3863 1724 3907 ut
1753 3867 1840 3907 re-

240 3957 638 4022 conciliationis
668 3955 921 4011 indicium
953 3952 1183 4023 Spiritus
1203 3951 1526 4005 mitteretur.
1556 3948 1845 4015 Propterea

243 4054 376 4114 dicit
392 4051 553 4107 etiam
578 4048 858 4112 Christus,
893 4045 1114 4116 Expedit
1139 4044 1276 4098 vobis
1296 4084 1310 4108 ,
1343 4052 1397 4096 ut
1425 4059 1516 4114 ego
1547 4040 1732 4094 cadum
1763 4039 1848 4093 :si

243 4148 382 4206 enim
408 4162 513 4200 non
535 4143 704 4198 abiero
726 4184 741 4209 ,
764 4142 852 4196 ille
892 4157 993 4194 non
1029 4138 1187 4193 ueniet
1212 4137 1392 4210 (Joan.
1419 4136 1500 4192 16.
1530 4135 1594 4207 ,7)
1633 4150 1646 4188 :
1673 4133 1717 4187 si
1741 4147 1849 4187 non

247 4239 455 4300 abiero,
489 4244 545 4290 et
569 4235 780 4290 Patrem
807 4230 1246 4296 recouciliavcro,
1276 4228 1447 4299 inquit
1466 4269 1480 4291 ,
1511 4223 1849 4284 Paraclctum

1925 2937 2118 2993 smate;
2143 2927 2188 2982 si
2214 2937 2432 2998 peccata
2462 2927 2710 2995 dimittit,
2735 2927 2930 2984 frustra
2957 2928 3307 3000 blasphemiis
3325 2930 3394 2985 ab
3421 2930 3532 2985 ha:-

1929 3021 2109 3076 retieis
2133 3020 2437 3076 incessitur.
2471 3020 2528 3076 Si
2562 3035 2668 3075 non
2697 3031 2841 3076 esset
2880 3022 3112 3091 Spiritus
3139 3033 3393 3090 sanctus,
3424 3023 3534 3076 ου-

1931 3116 2132 3169 minum
2153 3113 2338 3169 .lesum
2368 3113 2552 3168 dicere
2583 3130 2687 3168 non
2721 3130 3003 3184 possemus
3033 3132 3046 3168 :
3084 3113 3250 3168 Nemo
3270 3116 3404 3169 enim
3432 3131 3530 3184 po-

1933 3215 2025 3262 test
2050 3206 2216 3260 dicere
2245 3205 2518 3261 Dominum
2545 3203 2760 3274 Jesum,
2785 3207 2884 3261 nisi
2922 3207 2978 3261 in
3003 3207 3208 3278 Spiritu
3247 3218 3425 3262 saneto
3457 3207 3535 3280 (l.

1935 3300 2054 3357 Cor.
2073 3299 2158 3356 12.
2181 3301 2263 3372 3).
2293 3301 2352 3356 Si
2382 3314 2489 3356 non
2509 3310 2656 3356 esset
2675 3300 2905 3371 Spiritus
2930 3311 3169 3367 sanctus,
3193 3302 3359 3357 Deum
3383 3318 3541 3358 orare

1937 3393 2124 3450 ﬁdeles
2145 3409 2253 3448 non
2281 3406 2562 3463 possemus
2595 3413 2610 3451 :
2640 3394 2868 3451 dicimus
2887 3395 3030 3450 enim
3075 3393 3236 3450 Pater
3263 3406 3433 3450 noster
3456 3397 3544 3466 qui

1951 3512 2007 3551 es
2019 3498 2074 3550 in
2086 3497 2230 3551 caelis
2244 3493 2461 3567 (lauit.
2485 3493 2541 3550 6.
2559 3493 2714 3567 9).Ut
2732 3495 2898 3564 igitur
2913 3491 3205 3548 Dominum
3220 3509 3417 3549 vocare
3431 3509 3540 3550 non

1954 3603 2266 3658 possemus,
2285 3588 2366 3643 sic
2379 3602 2558 3656 neque
2573 3586 2791 3641 Patrem
2813 3584 2986 3640 Deum
3006 3599 3203 3639 vocare
3225 3599 3538 3654 possemus.

1954 3677 2170 3736 Undeid
2183 3678 2432 3734 constat?
2451 3681 2528 3733 Ex
2544 3679 2732 3731 eodem
2749 3675 3130 3746 Apostolo,qui
3150 3677 3224 3730 ait
3243 3691 3257 3729 :
3274 3675 3541 3741 Quoniam

1952 3783 2126 3826 autem
2140 3775 2266 3826 estis
2283 3771 2407 3841 ﬁlii,
2433 3770 2578 3824 misit
2609 3768 2747 3822 Deus
2772 3767 3030 3835 Spiritum
3051 3765 3179 3821 Filii
3200 3769 3286 3822 sui
3307 3769 3362 3820 in
3375 3769 3542 3821 corda

1947 3872 2115 3915 uestra
2156 3862 2462 3915 clamantem
2483 3900 2500 3928 ,
2531 3859 2708 3929 Abba,
2741 3858 2902 3915 Pater
2935 3858 3133 3932 (Colat.
3163 3860 3216 3914 4.
3249 3858 3327 3933 b).
3371 3860 3555 3930 Itaque

1949 3955 2078 4012 dum
2108 3954 2320 4010 Patrem
2345 3970 2506 4010 vocas
2529 3997 2542 4020 ,
2569 3953 2855 4010 recordare
2893 3953 3098 4026 Spiritu
3127 3953 3362 4008 animam
3406 3969 3558 4009 com-

1951 4056 2206 4104 movente
2249 4048 2340 4102 illa
2395 4055 2447 4103 te
2491 4045 2665 4102 fuisse
2712 4047 3072 4118 appellatione
3115 4042 3398 4103 donatum.
3425 4039 3558 4104 Nisi

1954 4150 2101 4198 esset
2129 4141 2363 4211 Spiritus
2391 4148 2609 4194 sanctus
2630 4181 2647 4208 ,
2678 4154 2860 4195 sermo
2885 4141 3164 4209 sapientiae
3209 4157 3274 4197 ac
3314 4141 3560 4198 scientiae

1957 4237 2012 4292 in
2066 4235 2308 4291 Ecclesia
2356 4249 2465 4289 non
2509 4243 2652 4288 esset
2685 4251 2699 4287 :
2732 4249 2853 4287 nam
2881 4234 2983 4288 Atii
3032 4233 3238 4304 quidem
3267 4236 3423 4289 datur
3471 4253 3562 4308 per

251 4329 408 4384 vobis
451 4342 558 4382 non
589 4324 816 4387 mittam.
847 4323 1052 4379 Videtis
1090 4337 1249 4392 quam
1283 4321 1467 4375 multis
1489 4334 1557 4375 ex
1586 4318 1717 4372 locis
1749 4333 1848 4372 νο·-
1961 4328 2219 4397 Spiritum
2257 4343 2421 4382 sermo
2444 4326 2742 4398 sapienlice,
2773 4325 2863 4380 alii
2902 4342 3016 4380 vero
3042 4343 3206 4381 sermo
3232 4328 3460 4384 scientia:
3505 4328 3555 4400 (l

253 4424 339 4479 his
360 4418 773 4483 demonStrarim
805 4416 932 4471 illud
959 4416 1054 4473 ira:
1080 4414 1272 4470 divina:
1300 4415 1509 4484 signum
1541 4428 1684 4480 esse,
1713 4426 1815 4483 quo

1960 4420 2084 4478 Cor.
2107 4419 2193 4476 12.
2213 4417 2289 4492 8).
2310 4419 2420 4475 Nisi
2449 4431 2591 4476 esset
2614 4420 2844 4490 Spiritus
2865 4429 3099 4481 sanctus.
3132 4430 3374 4488 pastores
3393 4432 3447 4476 et
3473 4422 3569 4476 do-

255 4530 368 4574 uon
397 4514 468 4568 sit
508 4513 561 4567 in
592 4509 896 4566 hominibus
942 4507 1172 4578 Spiritus
1214 4505 1470 4561 sanctus?
1506 4503 1724 4559 Verbum
1754 4521 1815 4558 en

1962 4524 2142 4569 etores
2172 4514 2223 4567 in
2241 4512 2479 4567 Ecclesia
2506 4527 2610 4565 non
2629 4520 2808 4567 essent
2828 4528 2842 4564 :
2859 4526 2982 4566 nam
3004 4520 3059 4566 et
3079 4512 3163 4566 isti
3188 4527 3284 4582 per
3311 4512 3570 4583 Spiritum

258 4604 541 4678 pretiosum
560 4644 576 4667 ,
604 4610 651 4655 et
679 4602 808 4659 uisio
824 4619 925 4660 non
942 4609 1053 4659 erat
1075 4601 1391 4670 distinguens
1413 4597 1487 4667 (l.
1513 4594 1642 4667 Reg.
1669 4595 1723 4652 3.
1756 4596 1810 4666 l)

1967 4604 2100 4660 ﬁunt
2125 4647 2138 4672 ,
2171 4606 2312 4660 sicut
2339 4612 2394 4659 et
2420 4603 2618 4660 Paulus
2643 4603 2801 4670 dicit,
2834 4602 2902 4658 ln
2944 4619 3043 4669 quo
3072 4620 3158 4660 vos
3188 4602 3419 4672 Spiritus
3441 4623 3565 4659 san-

264 4695 390 4754 Non
417 4694 553 4748 enim
580 4702 654 4747 est
686 4695 925 4762 princeps
945 4730 960 4754 ,
993 4706 1152 4761 neque
1175 4689 1421 4760 propheta
1444 4691 1497 4744 in
1519 4699 1744 4758 tempore
1765 4691 1815 4743 is.

1969 4705 2077 4750 ctus
2107 4697 2272 4767 posuit
2299 4706 2526 4767 pastores
2567 4704 2617 4750 et
2641 4697 2912 4764 episcopos
2943 4693 3083 4764 (Act.
3122 4687 3214 4750 20.
3243 4694 3373 4770 28).
3410 4697 3574 4752 Vides

263 4785 520 4858 (Dein-3.
563 4784 679 4854 38).
714 4781 960 4836 Nondum
1006 4782 1139 4834 enim
1185 4791 1294 4834 erat
1343 4780 1569 4851 Spiritus
1612 4790 1819 4836 sanctus
1845 4795 1866 4834 :
1971 4788 2075 4844 hoc
2117 4802 2328 4858 quoque
2382 4803 2475 4857 per
2502 4787 2759 4858 Spiritum
2811 4786 2963 4843 ﬁeri?
2991 4787 3103 4843 Nisi
3151 4798 3295 4845 esset
3343 4790 3574 4858 Spiritus

265 4882 390 4952 quia
406 4878 562 4934 Jews
587 4878 815 4932 nondum
837 4886 944 4930 erat
973 4874 1287 4946 glori/Scalas
1313 4873 1488 4946 (Joan.
1512 4875 1566 4931 7.
1599 4873 1724 4944 59).
1759 4872 1870 4928 Ex-
1973 4889 2194 4938 sanctus
2228 4881 2282 4936 in
2320 4879 2422 4935 hoc
2447 4880 2718 4935 communi
2770 4890 2922 4950 patre
2971 4896 3036 4935 ac
3073 4881 3295 4938 doctore
3320 4883 3417 4955 (a),
3452 4900 3576 4940 cum

271 4977 412 5051 pedit
439 4977 597 5038 vobis,
625 4985 680 5030 ut
699 4990 792 5047 ego
821 4973 1002 5028 undam
1029 4976 1110 5028 :si
1135 4973 1268 5026 enim
1297 4988 1391 5043 ego
1421 4985 1518 5024 non
1539 4971 1711 5023 abiero
1731 5010 1745 5034 ,
1782 4969 1871 5022 ille
1973 4973 2134 5044 paulo
2160 4981 2285 5027 ante
2323 4986 2535 5026 sacrum
2568 4971 2671 5025 hoc
2711 4971 2764 5025 in
2793 4969 3028 5026 tribunal
3066 4973 3343 5037 ascendit,
3377 4991 3441 5030 ac
3485 4991 3578 5027 vo-

272 5085 377 5134 tlon
421 5068 582 5122 ueniet
611 5065 790 5140 (Joan.
822 5065 908 5122 16.
938 5066 1017 5136 7).
1056 5065 1235 5136 Itaque
1277 5065 1487 5134 signum
1534 5071 1617 5116 est
1657 5061 1751 5115 ira:
1791 5059 1873 5114 di-
1977 5065 2060 5120 bis
2083 5063 2333 5119 omnibus
2358 5078 2545 5133 pacem
2567 5063 2735 5127 dedit,
2759 5077 2864 5116 non
2893 5062 3054 5118 simul
3075 5079 3264 5119 omnes
3290 5068 3582 5121 acclamas-

275 5158 619 5229 vin:e,quod
667 5173 771 5212 non
819 5159 888 5211 sit
917 5156 1147 5227 Spiritus
1191 5165 1408 5210 sanctus
1443 5172 1457 5210 :
1487 5169 1610 5207 cum
1658 5152 1876 5220 copiose
1979 5161 2132 5225 setis,
2164 5155 2370 5211 Etcum
2409 5156 2609 5227 Spiritu
2640 5166 2765 5211 tuo:
2791 5154 2993 5210 idcirco
3017 5171 3124 5211 non
3166 5172 3290 5212 cum
3341 5159 3585 5214 ascendit

277 5251 505 5307 missum
539 5249 736 5305 vi‘tleris
775 5249 1032 5319 Spiritum
1062 5259 1304 5303 sanctum
1325 5290 1337 5312 ,
1369 5247 1499 5303 nihil
1541 5248 1609 5302 de
1637 5247 1877 5301 reconci-
1983 5263 2213 5320 tantum,
2244 5266 2419 5322 neque
2447 5265 2568 5305 cum
2599 5265 2695 5305 vos
2723 5249 2933 5314 affatur,
2957 5264 3133 5320 neque
3160 5265 3282 5305 cum
3311 5266 3410 5320 pro
3431 5251 3585 5307 vobis

281 5344 502 5399 liatione
525 5342 736 5398 dubites
765 5342 1014 5412 amplius.
1043 5341 1242 5397 Verum
1282 5341 1371 5396 ubi
1414 5356 1555 5396 nunc
1599 5350 1684 5396 est
1708 5339 1879 5410 Spiri-
1985 5355 2137 5412 orat,
2172 5345 2272 5399 hac
2301 5343 2375 5400 illi
2403 5358 2534 5398 voce
2577 5341 2885 5397 acclamatis
2910 5379 2926 5406 ,
2951 5341 3046 5396 sed
3093 5355 3215 5396 cum
3253 5340 3379 5397 huic
3417 5357 3589 5399 sacrm

283 5444 374 5490 lus
412 5433 664 5489 sanctus?
700 5432 844 5488 ὤθει
881 5432 1094 5502 aliquis.
1135 5430 1266 5486 Nam
1322 5440 1434 5486 lum
1465 5431 1682 5502 quidem
1737 5439 1882 5486 τεειθ
1988 5453 2192 5495 mensze
2210 5437 2434 5500 assistit,
2457 5450 2580 5491 cum
2608 5433 2947 5490 tremendum
2969 5433 3292 5490 sacrificium
3321 5444 3406 5490 est
3435 5435 3591 5490 obla-

281 5526 455 5589 dicit,
479 5541 600 5580 cum
631 5526 780 5596 signa
801 5523 1025 5589 ﬁebant,
1057 5532 1110 5578 et
1147 5524 1343 5579 mortui
1386 5521 1796 5586 suscitaban'lur,
1831 5530 1887 5577 et
1949 5551 1951 5553 ί
1992 5543 2144 5588 turus
2176 5549 2190 5586 ε
2225 5546 2347 5586 nam
2373 5529 2500 5602 quid
2547 5529 2722 5584 dicam
2747 5571 2763 5596 ,
2793 5536 2990 5583 norum
3033 5528 3122 5599 qui
3149 5535 3277 5584 sum,
3320 5528 3592 5599 mysteriis

287 5620 489 5689 Ῐοβΐοεί
515 5633 703 5673 omnes
731 5617 1126 5673 mundabamur
1156 5636 1170 5672 ε
1198 5617 1308 5684 iam
1338 5632 1431 5672 Vel”
1435 5634 1468 5670 0
1502 5615 1644 5671 unde
1673 5617 1886 5685 l’Ianum
1996 5625 2222 5690 initiati;
2246 5640 2352 5679 non
2374 5624 2522 5694 prius
2550 5622 2764 5693 attingit
2790 5620 3080 5692 proposita,
3110 5635 3271 5690 quam
3299 5618 3450 5673 vobis
3479 5619 3593 5688 ipse

290 5711 553 5768 faciemus
594 5709 784 5766 adesse
828 5709 984 5764 nobis
1025 5709 1281 5779 Spiritum
1311 5709 1592 5762 sanctum?
1619 5707 1793 5763 Nolite
1821 5706 1890 5762 ti-
1997 5719 2222 5790 gratiam
2255 5716 2413 5771 fuerit
2439 5723 2690 5785 precatus
2714 5728 2747 5768 a
2780 5713 3037 5781 Domino,
3069 5727 3269 5782 vosque
3301 5711 3374 5765 illi
3406 5711 3583 5766 ποια-

267 5818 484 5875 ¹ἥκει-ιη
523 5801 805 5857 ostendam
845 5801 990 5856 enim
1035 5801 1088 5855 in
1131 5801 1289 5856 nobis
1317 5813 1440 5857 esse
1489 5815 1629 5854 nunc
1675 5815 1815 5872 quoq

1996 5813 2272 5869 tnaveritis
2302 5826 2319 5866 :
2348 5807 2554 5865 Etcum
2579 5807 2781 5879 Spiritu
2820 5817 2905 5861 tuo
2923 5845 2938 5868 ,
2961 5821 3066 5876 qua
3110 5804 3459 5876 responsione
3498 5819 3588 5858 νος

289 5895 552 5981 Spiritum
577 5901 838 5952 sanctum.
886 5892 999 5962 Qua
1033 5892 1248 5949 tandem
1277 5893 1522 5950 ratione?
1553 5909 1673 5948 nam
1702 5894 1745 5948 si
1779 5909 1884 5950 non
2064 5912 2136 5967 (η)
2164 5901 2445 5954 Flavianum
2473 5902 2756 5967 episcopum
2780 5898 2976 5950 indicat.
