4070 6472
537 415 640 472 439

534 537 725 590 hismet
757 531 885 600 ipsis
919 531 969 583 in
998 528 1309 584 memoriam
1359 525 1619 580 revocatis
1648 523 1779 576 nihil
1823 537 1943 576 eum
1971 537 2112 592 prae-

533 635 694 686 stare,
727 620 821 691 qui
845 622 1036 684 adest,
1065 632 1238 685 neque
1283 629 1483 670 natura:
1528 615 1771 667 humana:
1813 627 1972 681 opera
1999 626 2119 665 esse

533 714 802 784 proposita
832 713 969 766 dona
993 753 1007 777 ,
1031 709 1121 765 sed
1157 719 1470 777 [insontem
1517 705 1744 779 Spiritus
1779 705 2002 774 gratiam
2024 743 2038 766 ,
2066 712 2120 756 et

533 805 597 858 ad
622 804 800 858 omnia
842 802 1176 856 advolantem
1200 841 1214 866 ,
1248 800 1527 870 mysticum
1567 796 1694 849 illud
1736 797 1990 864 perlicere
2033 807 2120 845 sa-

535 895 818 956 criﬁcium.
853 893 998 947 Licet
1040 891 1181 945 enim
1208 891 1368 944 homo
1394 889 1463 942 sit
1507 887 1552 940 is
1577 929 1590 951 ,
1621 886 1709 954 qui
1753 885 1933 947 adest,
1981 884 2122 936 Deus

537 997 619 1041 est
646 997 840 1048 tamen,
869 985 956 1054 qui
978 998 1070 1051 per
1099 981 1270 1052 ipsum
1297 989 1565 1049 operatur.
1583 978 1697 1031 Noli
1725 993 1850 1046 ergo
1880 986 2121 1028 naturam

539 1078 816 1134 attendere
842 1076 986 1130 illius
1007 1117 1020 1138 ,
1049 1089 1209 1144 quem
1241 1073 1417 1127 cernis
1438 1111 1452 1135 ,
1479 1070 1570 1124 sed
1593 1070 1817 1138 gratiam
1845 1069 1961 1136 ejus
1983 1069 2124 1121 invi-

537 1170 746 1226 sibilem
774 1168 1050 1230 considera
1079 1185 1091 1219 :
1121 1165 1250 1218 nihil
1284 1163 1571 1217 humanum
1624 1169 1706 1214 cst
1753 1175 1936 1212 eorum
1957 1199 1970 1223 ,
2005 1174 2123 1227 qua:

537 1265 593 1319 in
619 1262 720 1316 hoc
758 1273 910 1314 sacro
955 1266 1210 1328 geruntur
1242 1253 1560 1308 sanctuario.
1604 1249 1720 1304 Nisi
1749 1249 1980 1318 Spiritus
2023 1247 2120 1300 ad-

538 1362 718 1418 esset,
743 1350 979 1407 Ecclesia
1011 1364 1114 1403 non
1145 1348 1493 1404 consisteret;
1519 1343 1563 1397 si
1600 1357 1726 1395 vero
1751 1339 1994 1395 consistit
2021 1338 2124 1392 Ec-

542 1445 727 1510 clesia,
753 1443 974 1497 dubium
1007 1455 1110 1494 non
1137 1447 1248 1502 est,
1277 1438 1404 1506 quin
1425 1434 1562 1496 adsit
1589 1433 1839 1502 Spiritus.

615 1537 783 1603 Quare
813 1550 945 1587 nunc
966 1535 1108 1603 signa
1135 1548 1233 1583 non
1265 1530 1408 1598 ﬁant.
1437 1527 1634 1579 —Cur
1657 1526 1834 1594 igitur,
1865 1523 2005 1578 dicet
2029 1522 2123 1576 ali-

541 1628 682 1698 quis,
713 1639 851 1680 nunc
872 1624 1016 1692 signa
1049 1637 1151 1674 non
1185 1619 1352 1674 ﬁunt?
1377 1617 1476 1692 llic
1505 1616 1633 1669 mihi
1655 1631 1749 1668 vos
1774 1614 2008 1668 animum
2040 1612 2123 1665 di-

541 1720 766 1787 ligenter
811 1713 1067 1767 attendite
1099 1730 1112 1766 :
1139 1726 1167 1764 a
1215 1710 1394 1764 multis
1441 1707 1584 1762 enim
1616 1715 1670 1762 et
1723 1706 2026 1774 frequenter
2072 1711 2126 1755 et

542 1822 754 1877 semper
803 1806 940 1859 hanc
985 1804 1114 1857 mihi
1154 1801 1476 1872 propositam
1524 1798 1681 1852 audio
1736 1797 2122 1870 quaestionem:

542 1901 718 1967 Quare
745 1909 853 1951 tum
898 1894 1087 1962 linguis
1129 1890 1480 1960 loquebantur
1524 1901 1711 1941 omnes
1747 1886 1835 1955 qui
1876 1884 2114 1953 baptiza-

542 1991 754 2051 bantur,
781 1988 891 2056 jam
919 1999 1043 2039 vero
1073 1997 1178 2036 non
1201 1981 1365 2034 item?
1393 1981 1666 2033 Diseamus
1699 1978 1875 2046 prius,
1906 1976 2030 2044 quid
2061 1974 2129 2027 sit

544 2080 686 2150 loqui
717 2078 910 2147 linguis
933 2117 947 2142 ,
973 2090 1036 2129 ac
1063 2072 1258 2128 deinde
1278 2086 1492 2126 causam
1518 2070 1776 2124 dicemus.
1805 2067 1942 2134 Quid
1973 2068 2129 2135 igitur

543 2181 626 2226 est
662 2170 804 2239 10qui
849 2165 1076 2235 linguis?
1101 2164 1200 2231 Qui
1231 2163 1613 2231 haptizahatur,
1642 2161 1819 2214 statim
1847 2160 2025 2227 lingua
2052 2157 2132 2210 lo-

543 2263 802 2332 quebatur
845 2257 1091 2312 Indorum
1122 2297 1136 2322 ,
1192 2254 1568 2324 Egyptiorum
1597 2294 1610 2318 ,
1645 2251 1922 2305 Persarum
1950 2289 1965 2313 ,
1994 2248 2128 2318 Sey-

544 2353 776 2416 tharum,
808 2349 1072 2404 Thracum
1098 2388 1112 2412 ,
1141 2361 1203 2400 ac
1229 2346 1310 2399 vir
1353 2359 1491 2398 unus
1517 2343 1711 2396 multas
1739 2341 1943 2410 linguas
1974 2353 2130 2393 assu-

547 2444 760 2506 mebat;
791 2451 844 2496 et
869 2442 953 2495 isti
985 2455 1125 2494 nunc
1151 2439 1196 2492 si
1224 2437 1474 2506 baptizati
1505 2444 1617 2488 tum
1662 2433 1920 2496 fuissent,
1950 2431 2129 2483 statim

545 2540 666 2593 illos
693 2537 915 2592 diversis
945 2535 1224 2603 loquentes
1249 2531 1441 2599 linguis
1467 2528 1749 2582 audiisses.
1775 2524 1906 2578 Nam
1938 2523 2132 2577 Paulus

546 2628 788 2694 invenit,
830 2636 886 2680 ut
936 2626 1152 2689 dicitur,
1190 2620 1446 2691 quosdam
1477 2620 1526 2671 in
1564 2616 1784 2672 Joannis
1815 2613 2132 2682 baptismate

546 2722 863 2790 baptizatos,
886 2717 1127 2785 dixitque
1152 2713 1216 2766 ad
1247 2729 1338 2767 eos
1364 2730 1376 2761 :
1408 2710 1467 2765 Si
1508 2709 1761 2779 Spiritum
1785 2716 2012 2759 sanctum
2041 2721 2131 2757 ac-

545 2811 746 2883 cepistis
787 2806 1086 2864 credentes?
1128 2805 1318 2858 Dicunt
1354 2803 1474 2855 illi:
1500 2798 1606 2854 Sed
1631 2813 1787 2867 neque
1821 2796 1865 2852 si
1908 2795 2133 2865 Spiritus

543 2913 752 2959 sanctus
793 2909 889 2966 est,
919 2899 1204 2952 audivimus
1229 2896 1368 2965 (Act.
1416 2893 1484 2949 i9
1534 2892 1626 2963 2);
1658 2891 1955 2958 statimque
1975 2887 2135 2956 jussit

546 3009 642 3049 eos
663 2991 955 3061 baptizari;
985 2988 1052 3042 Et
1079 3004 1195 3042 cum
1221 2985 1540 3055 imposuisset
1567 2982 1669 3036 illis
1697 2996 1879 3033 manus
1909 2977 2128 3044 Paulus,

545 3085 676 3141 venit
701 3083 927 3153 Spiritus
946 3089 1150 3135 sanctus
1174 3092 1328 3145 super
1355 3092 1437 3128 eos
1458 3116 1471 3140 ,
1498 3085 1544 3126 et
1575 3073 1900 3142 loquebantur
1941 3069 2127 3138 linguis

545 3190 717 3229 omnes
749 3171 908 3244 (Ibid.
933 3186 981 3224 υ.
1012 3170 1089 3240 6).
1120 3169 1226 3222 Cur
1251 3168 1408 3237 igitur
1427 3163 1684 3220 subducta
1713 3173 1813 3228 est,
1837 3171 1891 3216 et
1939 3176 2005 3216 ex
2037 3161 2132 3214 ho-

548 3264 783 3318 minibus
822 3262 1028 3315 sublata
1057 3275 1196 3313 nunc
1219 3259 1308 3312 illa
1330 3255 1522 3325 gratia?
1543 3255 1655 3309 Non
1684 3254 1821 3323 quod
1844 3251 2131 3322 ignominia

546 3368 644 3406 nos
676 3353 872 3406 afﬁciat
899 3352 1037 3406 Deus
1057 3390 1073 3415 ,
1107 3350 1199 3403 sed
1245 3348 1383 3416 quod
1416 3348 1671 3400 honorem
1718 3345 1878 3399 etiam
1904 3342 2128 3398 deferat.

545 3444 663 3510 Quo
695 3441 912 3495 tandem
944 3440 1139 3509 pacto?
1167 3454 1267 3507 ego
1289 3437 1482 3502 dicam.
1511 3435 1826 3493 Stolidiores
1847 3444 1996 3488 erant
2021 3442 2132 3488 tum

545 3536 804 3605 temporis
830 3535 1071 3588 homines
1093 3572 1106 3595 ,
1136 3547 1240 3585 non
1286 3531 1354 3584 ita
1387 3528 1590 3598 pridem
1617 3529 1683 3583 ab
1709 3527 1864 3581 idolis
1893 3527 2130 3593 abducti,

545 3641 611 3681 ac
655 3641 814 3697 porro
851 3624 1080 3679 crassior
1110 3631 1163 3676 et
1208 3621 1469 3695 stupidior
1509 3633 1660 3673 mens
1712 3619 1923 3672 illorum
1955 3618 2132 3673 adhuc

545 3725 695 3782 erat,
727 3715 1076 3781 omnibusque
1099 3711 1467 3782 corporalibus
1496 3711 1682 3763 intenti
1711 3719 1865 3763 erant
1903 3719 1958 3764 et
1984 3709 2132 3763 addi-

545 3809 640 3875 cti,
673 3807 973 3877 nequedum
1002 3805 1310 3873 incorporea
1332 3802 1435 3856 illis
1464 3801 1602 3855 dona
1635 3801 1685 3854 in
1708 3813 1940 3855 mentem
1970 3816 2133 3856 vene-

548 3909 669 3957 rant
689 3943 705 3966 ,
733 3906 905 3968 neque
934 3906 1188 3952 noverant
1216 3937 1229 3959 ,
1262 3895 1386 3964 quid
1418 3904 1562 3948 esset
1589 3895 1757 3963 gratia
1794 3894 2086 3962 spiritualis
2114 3935 2128 3960 ,

546 4005 772 4062 quaeque
811 3991 922 4043 sola
968 3988 1070 4042 ﬁde
1107 3989 1397 4056 percipitur
1428 4003 1440 4037 :
1473 3985 1669 4038 idcirco
1719 3985 1868 4053 signa
1913 3985 2130 4038 fiebant.

547 4083 683 4139 Nam
735 4097 798 4135 ex
851 4081 1006 4134 donis
1049 4077 1412 4149 spiritualibus
1440 4078 1539 4132 alia
1585 4076 1798 4145 quidem
1852 4075 2133 4129 invisibilia

547 4181 693 4237 sunt,
719 4182 773 4226 et
792 4171 903 4225 sola
937 4171 1040 4224 ﬁde
1069 4167 1622 4236 comprehenduntur:
1647 4165 1746 4218 alia
1770 4179 1899 4218 vero
1924 4165 2130 4234 signum

546 4262 813 4333 quoddam
860 4261 1103 4316 sensibus
1130 4261 1395 4328 objectum
1440 4257 1694 4312 exhibent
1733 4257 1799 4310 ad
1835 4255 2130 4312 faciendam

547 4353 705 4408 fidem
754 4351 1071 4406 inﬁdelibus.
1115 4349 1360 4419 Exempli
1393 4363 1549 4402 causa
1571 4390 1586 4414 ,
1621 4348 1865 4403 remissio
1890 4357 2133 4417 peccato~

546 4461 665 4501 rum
696 4459 783 4500 res
834 4454 916 4498 est
943 4445 1265 4514 spiritualis,
1302 4441 1565 4497 invisibile
1607 4442 1804 4496 donum
1847 4451 1964 4497 est:
1995 4458 2133 4513 quo—

552 4537 712 4591 modo
725 4537 864 4590 enim
882 4546 1094 4604 peccata
1120 4544 1299 4588 nostra
1321 4543 1628 4604 purgentur,
1647 4535 1822 4587 carnis
1838 4535 2006 4589 oeulis
2028 4550 2134 4589 non

549 4627 810 4682 videmus.
832 4626 966 4692 Quid
993 4626 1086 4678 ita?
1107 4625 1364 4693 Quoniam
1387 4625 1560 4677 anima
1586 4633 1685 4689 est,
1711 4640 1826 4693 quae
1856 4634 2130 4695 purgatur;

546 4729 602 4775 at
630 4720 870 4787 corporis
921 4719 1093 4772 oculis
1139 4733 1470 4788 nequaquam
1514 4718 1749 4771 cernitur
1793 4718 1989 4771 anima.
2036 4718 2135 4772 Est

545 4811 706 4880 igitur
730 4809 1004 4879 spirituale
1053 4809 1251 4863 donum
1299 4807 1564 4877 quoddam
1607 4811 1846 4877 purgatio
1883 4819 2132 4879 peccato-

549 4915 691 4966 rum,
718 4914 836 4968 qua:
863 4901 1103 4968 corporis
1125 4899 1294 4953 oculis
1321 4907 1504 4967 patere
1527 4913 1630 4951 non
1660 4909 1865 4967 potest;
1894 4911 1947 4954 at
1971 4903 2133 4956 variis

543 4991 693 5060 loqui
722 4990 916 5060 linguis
939 4999 1020 5044 est
1049 4989 1177 5044 illud
1205 4989 1420 5058 quidem
1464 4989 1754 5058 spiritualis
1781 4992 1938 5045 etiam
1965 4992 2133 5060 Spiri-

543 5093 628 5136 tus
659 5081 984 5151 operationis
1012 5097 1026 5133 :
1054 5089 1422 5135 verumtamen
1457 5081 1703 5134 sensibus
1742 5081 2010 5148 objectum
2055 5082 2130 5135 si-

540 5186 708 5243 gnum
741 5170 942 5242 prmbet
966 5211 980 5236 ,
1012 5171 1259 5241 quodque
1291 5169 1441 5224 facile
1467 5171 1534 5224 ab
1565 5171 1864 5226 inﬁdelibus
1906 5173 2133 5242 perspici

545 5269 758 5329 potest:
787 5276 911 5315 nam
952 5277 1070 5332 qua;
1099 5261 1158 5315 ﬁt
1187 5262 1329 5315 intus
1361 5262 1411 5315 in
1442 5263 1617 5315 anima
1651 5265 1918 5335 operatio,
1951 5264 2131 5319 invisi-

547 5353 666 5408 bilis
713 5357 924 5424 inquam
945 5343 974 5418 ,i
998 5370 1094 5425 per
1117 5357 1438 5409 exteriorem
1469 5355 1695 5424 linguam
1722 5397 1736 5422 ,
1771 5374 1926 5426 quam
1977 5358 2129 5412 audi-

548 5462 666 5500 mus
690 5488 704 5514 ,
746 5447 1112 5502 manifestatur
1140 5457 1193 5502 et
1225 5449 1544 5502 ostenditur.
1577 5449 1776 5504 Idcirco
1811 5454 1969 5505 etiam
2003 5452 2132 5507 dicit

550 5535 744 5592 Paulus
777 5557 789 5591 :
819 5537 1095 5609 Unicuique
1121 5550 1287 5593 autem
1323 5542 1474 5593 datur
1516 5543 1854 5609 manifestatio
1902 5545 2128 5615 Spiritus

548 5627 615 5677 ad
636 5629 900 5682 utilitatem
926 5628 998 5698 (l.
1018 5628 1135 5682 Cor.
1163 5629 1249 5683 12.
1270 5631 1347 5703 7).
1377 5631 1554 5702 Itaque
1577 5633 1740 5702 signis
1760 5637 2001 5705 equidem
2022 5655 2126 5694 non

555 5718 783 5789 indigeo.
813 5721 948 5790 Quid
981 5723 1078 5776 ita?
1101 5722 1304 5792 Quippe
1332 5725 1420 5792 qui
1448 5725 1649 5792 absque
1678 5727 1812 5796 signi
1849 5729 2128 5800 largitione

556 5807 775 5867 Domino
803 5812 1023 5870 credere
1066 5814 1224 5870 didici
1251 5807 1262 5867 Ξ
1293 5831 1413 5871 nam
1452 5817 1538 5888 qui
1568 5813 1872 5876 incredulus
1900 5831 2010 5889 est,
2042 5825 2124 5895 pi-

1279 409 1335 464 S-
1382 376 1656 463 JOANNIS
1692 399 2172 462 CllRYSOSTOM’l
2207 400 2526 459 ARCHIEP.
2570 401 3118 459 CONSTANTINOP.

3718 401 3834 460 «ξω

2226 537 2392 591 gnere
2415 523 2652 594 indiget;
2685 539 2784 594 ego
2816 539 2940 577 vero
2980 521 3202 577 credens
3230 522 3450 591 pignore
3489 522 3715 578 minime
3743 525 3830 577 in-

2225 615 2411 684 digeo,
2441 629 2614 684 neque
2657 615 2806 685 signo
2839 614 2970 668 :sed
3020 613 3146 667 licet
3187 614 3364 683 lingua
3395 629 3500 669 non
3551 615 3766 684 loquar,
3799 630 3836 668 ι

2225 707 2459 776 peccatis
2489 714 2762 776 purgatum
2788 719 2908 760 esse
2933 720 3019 759 me
3039 705 3185 770 scio;
3214 713 3270 759 at
3301 704 3377 760 illi
3408 713 3519 759 tum
3552 722 3665 759 non
3699 721 3827 761 crc-

2228 797 2456 864 debant,
2502 797 2602 850 nisi
2647 797 2855 866 signum
2895 797 3230 865 accepissent
3278 813 3294 849 :
3337 805 3620 865 propterea
3676 795 3834 862 signa

2230 899 2497 957 tamquam
2524 889 2718 958 pignus
2744 886 3012 956 quoddam
3046 886 3164 939 fidei
3186 929 3199 950 ,
3228 902 3332 956 qua
3358 885 3689 949 credebant,
3721 886 3830 940 illis

2227 979 2509 1035 dabantur.
2554 976 2736 1048 Itaque
2781 993 2885 1032 non
2943 988 2999 1031 ut
3049 978 3329 1043 ﬁdelibus,
3361 977 3454 1032 sed
3507 986 3568 1032 ut
3598 976 3836 1032 inﬁdeli-

2227 1072 2327 1127 bus
2351 1071 2614 1124 dahantur
2643 1071 2790 1140 signa
2813 1113 2826 1136 ,
2856 1079 2916 1123 ut
2943 1069 3128 1123 ﬁerent
3173 1069 3358 1123 ﬁdeles
3390 1087 3404 1122 :
3434 1069 3513 1122 sic
3533 1069 3706 1124 etiam
3761 1070 3836 1122 ait

2229 1162 2442 1227 Paulus,
2474 1161 2638 1232 Signa
2685 1172 2802 1215 sunt
2849 1178 2950 1215 non
2996 1161 3261 1229 ﬁdelibus,
3292 1160 3382 1214 sed
3417 1160 3722 1228 inﬁdelibus
3755 1161 3835 1230 (ι,

2229 1253 2345 1309 Cor.
2382 1254 2468 1307 14.
2500 1252 2618 1323 2‘2).
2656 1251 2929 1306 Videtisne
2977 1252 3144 1305 Deum
3187 1252 3460 1321 signorum
3517 1252 3839 1306 manifesta-

2229 1348 2425 1401 tionem
2453 1345 2793 1409 subduxisse,
2814 1360 2920 1396 non
2947 1355 3002 1397 ut
3025 1344 3312 1413 ignominia
3339 1359 3435 1398 nos
3451 1342 3719 1410 afﬁceret,
3740 1343 3841 1398 sed

2229 1450 2282 1492 ut
2311 1437 2569 1492 honorem
2585 1435 2816 1490 deferret
2832 1436 2863 1489 ?-
2876 1434 3008 1489 Nam
3047 1448 3170 1487 cum
3210 1433 3371 1488 ﬁdem
3400 1442 3641 1487 nostram
3670 1435 3838 1488 vellet

2229 1529 2534 1594 ostendere,
2549 1527 2688 1598 quod
2709 1527 2911 1596 absque
2934 1525 3240 1595 pignoribus
3256 1534 3350 1579 aut
3364 1526 3530 1595 signis
3544 1525 3622 1578 illi
3645 1524 3841 1579 creda-

2231 1635 2368 1686 mus,
2399 1618 2502 1673 hoc
2525 1618 2666 1672 fecit.
2689 1616 2962 1686 Siquidem
2997 1617 3092 1681 illi,
3124 1617 3226 1671 nisi
3248 1617 3395 1685 prius
3418 1617 3629 1686 signum
3659 1626 3716 1669 et
3746 1617 3834 1684 pi-

2229 1725 2366 1780 gnus
2386 1710 2734 1778 accepissent,
2751 1711 2800 1762 ei
2819 1708 2886 1762 de
2901 1708 3057 1762 rebus
3077 1708 3296 1762 minime
3317 1707 3700 1776 apparentibus
3731 1724 3842 1764 non

2231 1802 2615 1864 credidissent;
2642 1810 2696 1854 at
2721 1815 2822 1869 ego
2846 1801 3004 1854 etiam
3033 1800 3148 1853 sine
3179 1799 3282 1854 hoc
3310 1814 3524 1853 onmem
3549 1798 3710 1853 fidem
3739 1814 3844 1853 ex-

2233 1893 2391 1946 hibeo
2419 1910 2432 1945 :
2465 1892 2578 1945 hmo
2605 1892 2764 1962 igitur
2794 1907 2953 1945 causa
2983 1899 3085 1954 est,
3104 1906 3199 1945 cur
3220 1891 3328 1960 jam
3360 1890 3508 1960 signa
3538 1905 3646 1944 non
3684 1890 3838 1943 fiant.

2303 1984 2356 2038 5.
2392 1984 2691 2038 Voluissem
2762 1985 3006 2052 equidem
3054 1984 3121 2037 de
3186 1982 3482 2036 festivitatis
3543 1982 3839 2036 occasione

2232 2077 2396 2131 verba
2423 2075 2622 2140 facere,
2668 2090 2744 2146 ac__
2781 2074 3012 2139 docere,
3065 2073 3190 2150 quid
3246 2073 3455 2126 tandem
3510 2072 3580 2126 sit
3635 2073 3840 2131 Pente-

2234 2178 2402 2233 coste,
2458 2182 2554 2221 cur
2595 2169 2646 2220 in
2688 2167 2786 2220 hac
2827 2166 3113 2219 festivitate
3159 2165 3355 2218 donum
3390 2162 3620 2231 Spiritus
3651 2163 3843 2217 datum

2234 2259 2322 2320 sit,
2379 2273 2474 2313 cur
2506 2258 2560 2312 in
2608 2258 2800 2327 linguis
2853 2258 3039 2326 igneis,
3092 2265 3146 2310 et
3191 2271 3286 2310 cur
3316 2263 3433 2324 post
3471 2254 3660 2310 decem
3683 2256 3844 2319 dies;

2237 2351 2334 2405 sed
2364 2351 2705 2420 prolixiorem
2754 2350 3049 2404 doctrinam
3085 2363 3204 2404 esse
3236 2348 3389 2402 video
3417 2363 3431 2401 :
3460 2349 3841 2417 quamobrem,

2236 2444 2325 2498 ubi
2364 2457 2528 2513 pauca
2555 2441 2796 2511 quaedam
2845 2441 3120 2506 addidero,
3168 2439 3324 2494 finem
3352 2437 3547 2493 faciam
3597 2438 3842 2493 dicendi.

2244 2532 2370 2587 Cum
2417 2533 2788 2602 complerentur
2818 2533 2923 2585 dies
2975 2531 3312 2598 Pentecostes,
3359 2540 3712 2600 apparuerunt
3735 2531 3867 2584 illis.

2235 2624 2512 2694 dispertita:
2561 2623 2748 2694 lingua:
2803 2633 3058 2691 tamquam
3116 2622 3247 2694 ignis
3300 2622 3435 2694 (Act.
3461 2621 3517 2675 2.
3559 2624 3597 2676 1·
3630 2631 3680 2674 et
3729 2623 3842 2689 5):

2239 2728 2344 2767 non
2395 2713 2552 2783 ignis,
2609 2712 2702 2766 sed
2745 2721 3012 2782 tamquam
3065 2713 3200 2782 ignis
3226 2753 3241 2776 ,
3287 2722 3348 2767 ut
3381 2712 3512 2766 nihil
3548 2711 3750 2766 sensile
3770 2712 3866 2768 de-

2242 2806 2446 2876 Spiritu
2482 2816 2667 2861 sancto
2696 2807 3003 2878 suspiceris.
3032 2804 3183 2860 Sicut
3210 2807 3352 2860 enim
3382 2805 3450 2858 ad
3488 2803 3686 2859 fluenta
3712 2804 3844 2863 lor.-

2238 2899 2390 2954 danis
2417 2913 2524 2952 non
2550 2898 2797 2953 columba
2824 2897 3135 2962 descendit,
3158 2896 3252 2952 sed
3279 2897 3332 2951 in
3361 2897 3542 2967 specie
3569 2896 3845 2956 columba:

2241 2988 2464 3061 (Luc.3.
2511 2988 2606 3061 22)
2633 3007 2646 3044 :
2675 2989 2750 3043 ita
2798 3000 2853 3045 et
2893 2988 2978 3043 hic
3027 3003 3134 3043 non
3187 2988 3347 3059 ignis,
3406 2987 3501 3042 sed
3548 2989 3602 3042 in
3650 2989 3842 3057 specie

2238 3082 2416 3152 ignis:
2464 3091 2519 3137 et
2563 3096 2748 3135 rursus
2774 3080 3020 3150 superius
3070 3080 3186 3133 ait:
3223 3078 3502 3148 Tamquam
3527 3079 3862 3133 advenientis.

2237 3173 2443 3242 spiritus
2473 3172 2773 3225 vehementis
2805 3171 2942 3242 (Act.
2973 3170 3028 3223 9.
3055 3170 3113 3238 2)
3133 3211 3150 3236 ,
3177 3185 3283 3224 non
3309 3170 3528 3239 spiritus
3548 3170 3847 3224 vehemen-

2239 3264 2328 3328 tis,
2361 3262 2454 3317 scd
2508 3272 2776 3331 tamquam
2830 3261 3162 3316 advenientis
3219 3262 3436 3331 spiritus
3477 3261 3843 3318 vehementis.

2239 3351 2347 3408 Cur
2394 3353 2554 3423 igitur
2605 3352 2851 3407 Ezechiel
2893 3353 3108 3420 quidem
3137 3352 3336 3406 donum
3377 3351 3572 3420 accipit
3601 3351 3848 3421 prophes

2241 3446 2349 3512 tiae,
2407 3460 2512 3499 non
2554 3445 2608 3499 in
2661 3445 3009 3499 similitudine
3052 3445 3226 3515 ignis,
3284 3444 3378 3499 sed
3446 3458 3541 3515 per
3593 3444 3798 3499 librum
3824 3463 3860 3514 ί,

2238 3539 2466 3607 apostoli
2507 3552 2634 3591 vero
2679 3553 2772 3607 per
2826 3538 3000 3607 ignem
3065 3537 3204 3591 dona
3256 3538 3555 3606 recipiunt?
3601 3535 3739 3592 Nam
3771 3538 3845 3593 de

2239 3628 2334 3682 illo
2371 3628 2586 3697 quidem
2613 3627 2685 3681 ait
2725 3628 3020 3696 Scriptura,
3061 3627 3240 3681 datum
3281 3627 3447 3683 fuisse
3493 3629 3546 3683 in
3595 3644 3692 3684 ore
3722 3629 3860 3699 ejus

2239 3719 2527 3788 capitulum
2583 3716 2738 3779 libri,
2784 3726 2837 3771 et
2871 3717 3123 3786 scriptam
3185 3717 3348 3773 fuisse
3407 3719 3844 3787 querimoniam,

2238 3817 2292 3863 et
2353 3823 2599 3874 carmen,
2630 3819 2683 3863 et
2731 3824 2810 3863 vae
2861 3826 2875 3861 :
2917 3818 2971 3863 et
3022 3809 3183 3864 fuisse
3236 3811 3531 3880 posteriora
3579 3820 3637 3866 et
3685 3822 3848 3868 ante

2237 3903 2380 3956 riora
2442 3901 2660 3970 scripta,
2707 3911 2760 3956 et
2800 3902 3100 3957 comedisse
3146 3902 3309 3968 illud,
3359 3913 3413 3959 et
3467 3903 3662 3958 factum
3715 3921 3847 3962 esse

2240 3991 2293 4044 in
2320 4006 2412 4046 ore
2429 3992 2580 4063 quasi
2605 3991 2706 4048 mel
2727 3992 2882 4048 dulce
2903 3991 3114 4063 (Ezeclt.
3133 3993 3167 4048 2
3209 3995 3304 4052 9et
3322 3994 3374 4049 ὅ.
3391 3995 3470 4064 3).
3492 3994 3564 4048 De
3576 3998 3848 4065 apostolis

2240 4099 2371 4138 vero
2419 4100 2524 4137 non
2572 4084 2682 4138 ita:
2722 4084 2812 4138 sed
2842 4083 3200 4155 Apparuerunt
3224 4088 3298 4140 eis
3337 4087 3525 4157 lingua:
3567 4097 3840 4159 tulitquam

2239 4174 2390 4244 ignis.
2441 4173 2549 4229 Cur
2595 4175 2752 4245 igitur
2803 4177 2909 4230 illic
2957 4177 3091 4232 liber
3135 4187 3189 4232 et
3227 4178 3417 4245 literae,
3463 4179 3549 4234 hic
3575 4195 3705 4236 vero
3736 4182 3843 4237 lin-

2240 4280 2341 4334 gua
2392 4273 2447 4321 et
2499 4266 2676 4336 ignis?
2723 4266 2876 4334 Quod
2908 4267 2994 4321 ille
3018 4268 3232 4337 quidem
3271 4268 3444 4324 abiret
3475 4271 3844 4329 insectaturus

2245 4364 2496 4424 peccata,
2546 4357 2980 4429 calamitatesque
3018 4359 3264 4414 Judaicas
3315 4360 3730 4430 deploraturus;
3786 4366 3844 4420 hi

2240 4464 2366 4504 vero
2394 4459 2608 4519 peccata
2629 4451 2774 4505 orbis
2798 4463 3055 4506 terrarum
3085 4454 3418 4523 absumpturi
3440 4456 3682 4510 exirent:
3708 4472 3843 4526 pro-

2245 4549 2425 4610 pterea
2474 4542 2708 4596 libellum
2753 4542 2839 4596 hic
2888 4544 3110 4610 accepit,
3154 4545 3241 4614 qui
3275 4547 3478 4599 futuras
3505 4546 3844 4605 calamitates

2241 4635 2514 4690 memoria:
2556 4647 2897 4706 suggereret;
2953 4638 3125 4706 ignem
3155 4639 3228 4692 illi
3272 4639 3625 4708 accipiebant,
3656 4650 3715 4694 ut
3744 4656 3843 4696 or-

2239 4724 2320 4778 his
2349 4735 2606 4780 terrarum
2654 4737 2868 4796 peccata
2908 4738 3217 4792 exurerent,
3247 4741 3299 4784 et
3327 4741 3518 4785 cuneta
3560 4731 3839 4788 delerent.

2239 4814 2370 4870 Nam
2426 4818 2868 4887 quemadmodum
2913 4820 2960 4874 si
3005 4820 3201 4874 incidat
3261 4821 3396 4890 ignis
3446 4823 3498 4875 in
3536 4822 3740 4891 spinas,
3774 4826 3842 4878 il-

2239 4911 2316 4965 las
2365 4912 2519 4966 facile
2562 4913 2703 4967 delet
2753 4930 2938 4969 omnes
2968 4932 2981 4966 :
3009 4915 3086 4969 sic
3125 4927 3180 4967 et.
3219 4914 3448 4983 Spiritus
3498 4915 3670 4985 gratia
3713 4933 3839 4986 peu-

2239 5014 2352 5057 cata
2413 5005 2685 5058 hominum
2746 5006 3080 5060 absumebat.
3126 5006 3320 5060 Verum
3388 5008 3585 5077 stupidi
3637 5009 3836 5077 Judmi,

2238 5095 2361 5149 dum
2396 5097 2509 5151 haec
2558 5097 2766 5161 ﬁerent,
2823 5113 2943 5151 cum
2991 5099 3109 5152 illos
3147 5100 3362 5168 percelli
3421 5101 3747 5170 oportuisset
3775 5119 3840 5159 ae

2238 5195 2489 5255 tremere,
2534 5189 2763 5260 denique
2810 5191 3113 5261 largitorem
3144 5192 3391 5260 adorare,
3440 5199 3626 5249 rursus
3651 5211 3838 5254 amen-

2239 5279 2362 5332 tiam
2418 5296 2566 5334 suam
2624 5283 2937 5348 ostendunt,
2990 5296 3042 5338 et
3069 5285 3268 5354 Spiritu
3305 5287 3536 5356 repletos
3561 5291 3844 5358 apostolos

2237 5370 2505 5426 ebrietatis
2549 5383 2820 5427 accusant.
2875 5373 2969 5427 Isti
2997 5377 3162 5442 enim,
3193 5376 3441 5446 inquiunt
3462 5423 3477 5444 ,
3501 5391 3667 5434 musto
3697 5383 3841 5452 pleni

2236 5473 2347 5516 sunt
2375 5464 2510 5531 (Act.
2541 5466 2594 5518 2.
2630 5466 2736 5535 15).
2792 5467 3168 5524 Animadverte
3208 5471 3497 5541 nequitiam
3524 5472 3832 5539 hominum,

2235 5565 2289 5607 et
2310 5555 2617 5624 angelorum
2662 5558 2979 5625 probitatem
3030 5562 3394 5631 contemplare
3437 5581 3448 5614 :
3493 5580 3613 5618 nam
3657 5568 3836 5634 angeli

2235 5646 2447 5715 quidem
2486 5663 2604 5701 eum
2643 5649 2902 5717 primitias
2941 5660 3150 5706 nostras
3179 5654 3536 5709 ascendentes
3567 5654 3833 5716 viderent.

2236 5735 2567 5801 lmtabantur,
2626 5752 2688 5793 ac
2731 5740 2995 5805 dicebant,
3046 5745 3273 5798 -lttollite
3311 5755 3500 5815 portas,
3557 5747 3833 5814 principes,

2235 5837 2440 5889 vestras.
2484 5841 2530 5884 et
2582 5830 2864 5900 elcramini,
2889 5843 3048 5904 porta:
3085 5837 3366 5904 atcrnales,
3399 5848 3442 5891 et
3481 5837 3703 5893 introibit
3745 5857 3834 5894 rex
