4070 6422
190 382 310 440 459

189 498 715 571 ἀναμιμνήσκοντες
770 497 972 559 αὐτοὺς
1017 496 1101 550 ὅτι
1150 495 1305 550 οὐδὲν
1342 496 1505 560 αὐτὸς
1536 497 1565 549 ό
1609 490 1803 564 παρὼν

192 587 464 657 πράττει,
484 584 606 638 οὐδὲ
631 582 987 651 ἀνθρωπίνης
1008 580 1127 633 ἐστὶ
1157 580 1374 650 φύσεως
1401 577 1806 651 κατορθώματα

186 670 267 723 τά
312 669 656 741 προκείμενα
702 664 884 737 δῶρα,
928 665 1043 719 ἀλλ’
1074 667 1109 735 ή
1140 663 1237 717 τοῦ
1280 663 1600 735 Πνεύματος
1644 662 1804 731 χάρις

188 753 458 826 παροῦσα
482 753 577 825 καὶ
603 753 772 805 πᾶσιν
794 748 1140 820 ἐφιπταμένη
1164 747 1265 821 τὴν
1292 746 1564 819 μυστικὴν
1588 744 1805 813 ἐκείνην

188 834 613 900 κατασκευάζει
648 833 860 888 θυσίαν.
893 834 957 887 Εί
986 834 1096 904 γὰρ
1140 833 1237 886 καὶ
1265 831 1555 902 ἄνθρωπός
1587 832 1736 881 ἐστιν
1777 829 1806 879 ὁ

186 920 418 991 παρὼν,
453 919 571 973 ἀλλ’
598 921 628 973 ὀ
672 918 806 982 Θεός
848 918 999 970 ἐστιν
1025 917 1056 968 ὀ
1099 915 1342 986 ἐνεργῶν
1376 915 1442 967 δι’
1475 911 1663 967 αὐτοῦ.
1711 912 1804 981 Μὴ

184 1004 385 1059 τοίνυν
415 1003 654 1075 πρόσεχε
681 1005 749 1075 τῇ
796 1001 958 1072 φύσει
991 992 1086 1054 τοῦ
1126 998 1439 1071 ὁρωμένου,
1474 996 1588 1051 ἀλλ’
1636 995 1807 1047 ἐννόει

184 1088 297 1160 τὴν
331 1090 500 1161 χάριν
532 1088 633 1158 τὴν
666 1087 922 1158 ἀόρατον.
954 1085 1124 1139 Οὺδέν
1161 1082 1504 1155 ἀνθρώπινον
1525 1083 1636 1137 τῶν
1663 1098 1807 1150 γινο-

188 1172 387 1243 μένων
418 1173 478 1225 ἐν
505 1171 584 1243 τῷ
616 1170 747 1242 ίερῷ
778 1169 953 1241 τούτῳ
977 1169 1204 1240 βήματι.
1223 1169 1286 1222 Et
1311 1168 1385 1239 μὴ
1410 1166 1639 1237 Πνεῦμα
1667 1182 1809 1236 παρ-

183 1255 283 1324 ῆν,
338 1255 445 1309 οὐκ
490 1253 558 1309 ἂν
600 1254 834 1324 συνέστη
887 1254 920 1323 ή
961 1251 1287 1323 Ἐκκλησίαο
1316 1253 1365 1303 εἰ
1397 1250 1455 1303 δέ
1490 1248 1807 1303 συνίσταται

185 1341 225 1409 ἡ
263 1339 594 1409 Ἐκκλησία,
632 1336 854 1409 εὔδηλον
883 1337 966 1391 δτι
995 1337 1057 1390 τὸ
1079 1333 1309 1407 Πνεῦμα
1333 1335 1589 1406 πάρεστι.

269 1478 434 1543 Τίνος
454 1472 549 1531 οὖν
575 1476 784 1542 ἕνεκεν,
804 1477 961 1547 φησὶ,
982 1476 1183 1545 σημεῖα
1203 1473 1263 1527 οὐ
1286 1474 1496 1543 γίνεται
1522 1472 1617 1526 νῦν
1638 1487 1652 1535 ;
1678 1471 1788 1523 Ἐν·

185 1560 385 1615 ταῦθά
428 1578 521 1631 μοι
549 1559 690 1631 μετά
724 1559 1013 1630 ἀκριϐείας
1039 1558 1340 1629 προσέχετε
1359 1574 1371 1587 ο
1411 1560 1563 1628 παρά
1595 1553 1806 1607 πολλῶν

184 1639 313 1717 γᾶρ
340 1644 530 1699 ἀκούω
564 1642 747 1708 τοῦτο,
781 1643 875 1697 καὶ
905 1641 1148 1712 συνεχῶς
1186 1642 1283 1694 καὶ
1318 1642 1406 1695 ἀεὶ
1436 1639 1805 1711 ζητούμενονο

187 1727 293 1783 διά
317 1729 375 1782 τί
395 1728 519 1782 τότε
541 1725 817 1797 γλώσσαις
847 1726 1070 1781 ἐλάλουν
1096 1725 1300 1788 πάντες
1323 1725 1371 1777 οί
1395 1724 1805 1794 βαπτιζόμενοι,

190 1799 303 1866 νῦν
322 1812 381 1866 δέ
401 1812 587 1866 οὐκέτι
612 1829 627 1876 ;
662 1810 945 1881 Μάθωμεν
968 1809 1236 1882 πρότερον
1259 1810 1311 1863 τί
1336 1810 1398 1863 τὸ
1424 1809 1605 1879 λαλεῖν
1632 1808 1806 1876 γλώσ-

192 1914 349 1961 σαις,
396 1897 492 1950 καὶ
529 1896 652 1949 τότε
702 1893 941 1965 ἐροῦμεν
971 1894 1067 1947 καὶ¹
1104 1892 1203 1964 τήν
1241 1893 1441 1946 αἰτίαν.
1477 1893 1543 1945 Τί
1571 1888 1664 1946 οὖν
1692 1893 1809 1944 ἐστι

191 1979 482 2048 γλώσσαις
507 1978 692 2031 λαλεῖν
718 1995 732 2042 ;
768 1978 827 2030 '0
852 1975 1252 2047 βαπτιζόμενος
1278 1974 1481 2040 εὐθέως
1510 1974 1811 2045 ἐφθέγγετο

192 2065 270 2133 τῇ
320 2062 431 2114 τῶν
467 2061 644 2115 Ἰνδῶν
690 2063 876 2132 φωνῇ,
932 2063 998 2132 τῇ
1034 2059 1143 2114 τῶν
1193 2060 1542 2128 Αἰγυπτίων,
1598 2060 1665 2128 τῇ
1700 2056 1809 2133 τῶν

196 2132 456 2215 Περσῶν,
496 2148 564 2217 τῇ
595 2144 703 2198 τῶν
747 2142 1008 2209 Σκυθῶν,
1048 2145 1115 2214 τῇ
1163 2143 1273 2197 τῶν
1310 2141 1565 2215 Θρᾳκῶν,
1594 2142 1691 2194 καὶ
1727 2132 1809 2203 εἷς

197 2229 496 2299 ἄνθρωπος
536 2228 739 2292 πολλάς
781 2227 1056 2299 ἐλάμϐανε
1096 2226 1383 2295 γλώσσας,
1435 2226 1530 2280 καὶ
1568 2217 1715 2279 οὗτοι
1758 2224 1808 2275 οί

197 2312 302 2366 νῦν
350 2314 400 2365 εί
445 2307 590 2382 ῆσαν
623 2312 744 2366 τότε
792 2309 1199 2382 βαπτισθέντες,
1234 2309 1438 2373 εὐθέως
1470 2307 1536 2362 ἂν
1570 2307 1812 2377 ήκουσας

197 2395 390 2449 αὐτῶν
438 2395 719 2467 διαφόροις
770 2393 1163 2465 φθεγγομένων
1211 2396 1437 2463 φωναῖς.
1476 2391 1588 2446 Καὶ
1637 2390 1746 2460 7&9
1782 2391 1812 2442 ὀ

199 2477 444 2541 Παῦλος,
475 2478 661 2549 φησὶν,
694 2470 822 2549 εὗρέ
868 2494 1022 2541 τινας
1065 2475 1461 2547 βαπτισθέντας
1491 2478 1550 2528 ἐν
1593 2474 1672 2545 τῷ
1716 2472 1814 2543 βα-

198 2560 478 2631 πτίσματι
525 2562 795 2625 Ἰωάννου,
843 2563 939 2615 καὶ
986 2560 1133 2630 λέγει
1178 2561 1395 2624 αὐτοῖς·
1449 2563 1520 2613 El
1566 2558 1813 2627 Πνεῦμα

198 2644 381 2713 ἄτιον
429 2644 676 2700 ἐλάϐετε
732 2644 1215 2709 πιστεύσαντες-ς
1264 2643 1565 2713 Λέγουσιν
1607 2642 1808 2707 αὐτῷ·

194 2724 348 2782 ἀλλ’
374 2726 517 2782 οὐδὲ
544 2730 597 2782 εί
628 2727 761 2783 ἐστι
787 2727 1033 2798 Πνεῦμα
1064 2727 1257 2797 ἅγιον,
1286 2727 1644 2797 ἠκούσαμεν
1662 2745 1675 2757 ·
1718 2728 1814 2781 καὶ⁸

202 2810 414 2874 εὐθέως
440 2811 727 2865 ἐκέλευσεν
754 2812 953 2876 αὐτοὺς
990 2810 1401 2882 βαπτισθῆναι·
1437 2811 1546 2866 Καὶ
1579 2808 1813 2864 ἐπιθένο

196 2910 312 2960 τος
360 2893 570 2960 αὐτοῖς
611 2893 720 2948 τοῦ
774 2896 1026 2950 Παύλου
1070 2894 1177 2960 τὰς
1222 2893 1448 2963 χεῖρας,
1484 2890 1675 2964 ἦλθεν
1717 2894 1812 2947 ἐπ’

202 2978 436 3043 αὐτοὺς
468 2976 535 3030 τὸ
564 2978 811 3047 Πνεῦμα
852 2978 920 3032 τὸ
950 2978 1142 3048 ἅγιον,
1180 2976 1279 3031 καὶ
1309 2978 1581 3031 ἐλάλουν
1624 2977 1815 3031 ἄπαν-

202 3077 310 3127 τες
338 3058 672 3129 γλώσσαις.
705 3062 864 3126 Τίνος
897 3058 991 3116 οὖν
1038 3063 1198 3133 χάριν
1247 3062 1570 3133 συνεστάλη,
1600 3063 1695 3115 καὶ
1719 3063 1813 3116 ἀν-

204 3143 388 3213 ῃρέθη
423 3143 483 3209 ἐξ
512 3142 818 3215 ἀνθρώπων
844 3146 878 3214 ή
909 3146 1070 3215 χάρις
1099 3143 1241 3212 αῦτη
1281 3142 1411 3210 νῦν;
1443 3145 1579 3213 Οὐχὶ
1612 3144 1814 3214 ἀτιμά-

204 3225 399 3289 ζοντος
428 3228 576 3297 ἡμᾶς
598 3226 691 3279 τοῦ
716 3226 874 3292 Θεοῦ,
907 3228 1044 3281 ἀλλά
1074 3226 1227 3299 [464]
1252 3228 1344 3281 καὶ
1369 3228 1576 3297 σφόδρα
1607 3227 1813 3297 τιμῶν-

204 3324 325 3370 τος.
360 3308 517 3373 Πῶςς
562 3310 673 3378 ἐγὼ
711 3309 1280 3382 λέγω.Ἀνοητότερον
1310 3312 1363 3363 οί
1399 3310 1681 3383 ἄνθρωποι
1736 3310 1817 3364 δι-

204 3392 425 3446 έκειντο
453 3392 595 3459 τότε,
625 3393 734 3446 τῶν
764 3392 999 3447 εἰδώλων
1026 3395 1357 3465 προσφάτως
1380 3394 1812 3466 ἀπηλλαγμένοι,

205 3477 309 3529 καὶ
337 3475 626 3547 παχυτέρα
653 3478 749 3529 καὶ⁵
773 3479 1209 3549 ἀναισθητοτέρα
1228 3479 1410 3531 αὐτῶν
1433 3481 1465 3549 ή
1495 3479 1706 3532 διάνοια
1734 3478 1814 3532 ἔτι

204 3554 299 3629 ἦν,
333 3560 429 3612 καὶ
457 3559 595 3630 πρὸς
636 3558 705 3613 τά
742 3562 1034 3631 σωματικά
1069 3563 1247 3615 πάντα
1281 3562 1546 3631 ἐπτόηντο
1590 3562 1686 3615 καὶ
1711 3565 1817 3615 ’ἐκ-

207 3643 501 3711 εχήνεσαν,
538 3643 633 3695 καὶ
660 3643 889 3714 οὐδεμία
918 3645 1103 3708 αὐτοῖς
1136 3644 1350 3697 οὐδέπω
1388 3645 1567 3699 ἔννοια
1596 3645 1817 3716 δωρεῶν

206 3725 523 3795 ἀσωμάτων
553 3721 642 3797 ἦν,
664 3727 787 3780 οὐδέ
822 3727 1033 3783 είδεσαν
1060 3728 1114 3781 τί
1146 3729 1276 3781 ποτέ
1306 3730 1423 3781 ἐστι
1445 3728 1611 3799 νοητὴ
1633 3729 1813 3800 χάρις,

208 3809 308 3863 καὶ
338 3810 521 3863 πίστει
558 3810 696 3883 μόνῃ
734 3810 1087 3882 θεωρουμένη
1111 3828 1125 3842 ⁸
1160 3812 1251 3865 διά
1278 3811 1437 3865 τοῦτο
1466 3816 1671 3884 σημεῖα
1698 3812 1816 3881 ἐγί‹

206 3912 354 3949 νετο.
388 3894 510 3946 Τῶν
535 3894 645 3966 γάρ
669 3896 1029 3966 χαρισμάτων
1062 3896 1171 3948 τῶν
1202 3897 1590 3967 πνευματικῶν
1622 3896 1692 3951 τά
1716 3896 1816 3967 μὲν

206 3978 425 4049 ἀόρατά
458 3980 593 4043 ἐστι,
625 3979 719 4031 καὶ
752 3979 934 4032 πίστει
966 3978 1449 4049 καταλαμϐάνεται
1478 3981 1642 4051 μόνῃ·
1669 3982 1739 4034 τά
1756 3981 1814 4034 δὲ

209 4063 310 4115 καὶ
346 4060 606 4133 αἰσθητὸν
638 4062 975 4115 ἐνδείκνυται
1004 4064 1230 4133 σημεῖον
1260 4064 1396 4132 πρὸς
1429 4064 1529 4129 τὴν
1558 4065 1668 4118 τῶν
1696 4064 1819 4117 ἀπί-

212 4161 361 4199 στων
398 4144 794 4215 πληροφορίαν.
838 4142 963 4199 Οίόν
996 4164 1045 4199 τι
1086 4146 1257 4214 λέγω·
1289 4147 1576 4219 ἁμαρτιῶν
1622 4150 1819 4218 ἄφεσις

208 4228 409 4298 νοητόν
449 4230 566 4281 ἐστι
611 4232 867 4301 πρᾶγμα.
902 4229 1133 4299 ἀόρατόν
1191 4233 1309 4284 ἐστι
1367 4233 1643 4302 χάρισμαο
1700 4233 1819 4298 πῶς

209 4311 326 4383 γὰρ
356 4310 712 4384 καθαίρονται
741 4314 899 4384 ἡμῶν
928 4314 985 4367 αἱ
1013 4314 1304 4385 ἁμαρτίαι,
1329 4315 1428 4385 οὐχ
1459 4316 1676 4387 ὁρῶμεν
1704 4320 1819 4381 τοῖς

210 4394 317 4465 τῆς
363 4396 567 4466 σαρκὸς
593 4397 914 4467 ὀφθαλμοῖς.
951 4397 1016 4449 Τί
1050 4398 1290 4468 δήποτε;
1329 4397 1453 4451 Ὀτι
1485 4398 1635 4470 ψυχή
1670 4402 1818 4453 ἐστιν

212 4478 250 4545 ή
301 4476 723 4551 καθαιρομένη·
770 4479 919 4550 ψυχὴ
966 4478 1023 4532 δέ
1070 4479 1376 4550 ὀφθαλμοῖς
1422 4480 1678 4552 σώματος
1721 4483 1818 4554 οὐχ

210 4561 431 4631 δρᾶται.
450 4561 515 4614 Ἦ
539 4562 638 4631 μὲν
659 4558 754 4639 οῦν
784 4563 1052 4634 κάθαρσις
1084 4562 1193 4616 τῶν
1216 4564 1634 4636 ἁμαρτημάτων
1653 4568 1819 4638 νοητὴ

210 4641 399 4714 δωρεά
428 4644 512 4708 τίς
535 4647 684 4698 ἐστιν
717 4647 1014 4717 ὀφθαλμοῖς
1042 4648 1103 4700 ού
1141 4646 1416 4719 δυναμένη
1446 4648 1701 4719 σώματος
1729 4667 1821 4719 γε·

210 4726 404 4780 νέσθαι
433 4730 675 4801 φανεράο
698 4730 758 4784 τὸ
789 4730 848 4783 δὲ
880 4729 1155 4798 γλώσσαις
1183 4731 1674 4805 διαφόροιςλαλεῖν
1704 4737 1820 4787 ἐστι

217 4810 323 4883 μὲν
370 4812 466 4864 καὶ
508 4812 643 4866 αὐτὸ
673 4815 873 4885 νοητῆς
903 4813 1184 4885 ἐνεργείας
1218 4814 1312 4867 τοῦ
1349 4816 1673 4885 Πνεύματος
1693 4833 1706 4846 ·
1734 4820 1821 4871 αἰ-

216 4894 419 4965 σθητὸν
442 4896 948 4967 μέντοιπαρέχεται
968 4898 1031 4950 τὸ
1050 4900 1297 4967 σημεῖον,
1322 4899 1549 4962 καὶτοῖς
1570 4898 1821 4966 ἀπίστοις

213 4976 569 5032 εὐσύνοπτον.
602 4980 715 5050 Τῆς
759 4981 870 5052 7&9
913 4980 1062 5036 ἔνδον
1115 4985 1173 5035 ἐν
1221 4986 1289 5054 τῇ
1331 4981 1478 5053 ψυχῇ
1516 4983 1823 5054 ,γινομένης

215 5060 522 5131 ἐνεργείας,
550 5063 651 5131 τῆς
677 5063 910 5133 ἀοράτου
936 5064 1101 5133 λέγω,
1121 5067 1155 5136 ή
1172 5065 1279 5131 ἔξω
1306 5064 1523 5135 γλῶττα
1554 5067 1823 5137 ἀκουομέ-

215 5162 285 5215 νη
316 5145 626 5215 φανέρωσίς
656 5145 747 5209 ’τίς
775 5148 894 5200 ἐστι
938 5149 1033 5202 καὶ
1071 5148 1313 5220 ἐλεγχος.
1344 5148 1445 5203 Διά
1476 5148 1636 5205 τοῦτο
1668 5152 1761 5204 καὶ
1794 5154 1823 5205 ό
1906 5180 1911 5185 ε

215 5227 436 5291 Παῦλος
463 5226 615 5296 λέγει
634 5246 650 5261 ·
685 5228 959 5298 Ἐκάστῳ
978 5230 1046 5285 δὲ
1074 5233 1114 5301 ἠ
1144 5232 1487 5302 φανέρωσις
1509 5234 1617 5291 τοῦ
1640 5237 1825 5290 Πνεύο

216 5328 405 5381 ματος
425 5311 653 5367 δίδοται
682 5313 834 5383 πρὸς
854 5316 922 5368 τὸ
942 5316 1279 5388 συμφέρον.
1298 5317 1441 5386 Ἐγὼ
1479 5321 1577 5391 μὲν
1604 5316 1698 5374 οὖν
1727 5321 1822 5375 νῦν

216 5394 412 5465 χρείαν
444 5396 546 5449 οὐκ
572 5396 682 5467 ἐχω
716 5397 981 5468 σημείων.
1010 5398 1169 5463 Τίνος
1199 5400 1421 5470 ἐνεκενς
1455 5402 1580 5456 Ὅτι
1600 5403 1696 5457 καὶ
1716 5422 1826 5475 χω-

218 5476 309 5549 ρὶς
343 5478 572 5550 σημείου
605 5479 807 5544 δόσεως
830 5480 1110 5536 πιστεύειν
1131 5484 1429 5555 μεμάθηκα
1451 5484 1531 5556 τῷ
1549 5487 1820 5561 Δεσπότῃ.

231 5561 293 5614 '0
324 5560 436 5633 7&9
467 5562 715 5616 ἀπιστῶν
739 5564 997 5635 ἐνεχύρου
1025 5565 1195 5620 δεῖται
1215 5582 1228 5596 ·
1251 5568 1365 5637 ἐγὼ
1388 5569 1445 5622 δέ
1466 5571 1739 5624 πιστεύων
1759 5560 1821 5625 ού

219 5642 414 5716 δέομαι
446 5646 704 5726 ἐνεχύρου
735 5647 857 5701 οὐδὲ
888 5649 1155 5720 σημείου⁶
1188 5651 1326 5709 ἀλλά
1359 5651 1462 5706 κᾶν
1498 5654 1573 5726 μὴ
1600 5653 1823 5726 λαλήσω

224 5731 465 5801 γλώσσῃ,
499 5725 617 5783 οἴδα
642 5732 724 5785 δτι
752 5730 1067 5804 ἐκαθάρθην
1090 5734 1155 5786 ἐκ
1183 5733 1293 5786 τῶν
1322 5725 1630 5808 ἁμαρτιῶν.
1650 5725 1823 5791 Ἐκεῖ-

222 5827 302 5863 νοι
327 5812 385 5865 δὲ
418 5813 542 5867 τότε
574 5815 675 5869 οὐκ
700 5813 1007 5879 ἐπίστευον,
1033 5818 1080 5871 εί
1124 5817 1199 5882 μὴ
1222 5817 1415 5873 ἔλαϐον
1447 5822 1699 5889 σημεῖον·
1730 5819 1818 5875 διὰ

1241 375 1329 431 DE
1369 373 1644 430 S.\NCTA
1684 371 2164 429 PENTECCSTE.
2209 373 2445 433 IIOMIL.
2481 369 2522 433 Ῑ.

1909 493 2068 546 τοῦτο
2096 494 2281 559 αὐτοῖς
2314 494 2514 549 ἐδίδοτο
2545 496 2766 568 σημεῖα,
2800 493 2992 566 ὥσπερ
3027 488 3281 565 ἐνέχυρον
3309 493 3411 565 τῆς
3435 494 3520 547 πί-

1913 596 2084 643 στεως
2128 576 2197 653 ἧς
2240 582 2724 637 ἐπίστευον.Ὢστε
2766 583 2870 653 οὐχ
2902 581 2980 646 ὼς
3020 585 3254 646 πιστοῖς,
3289 580 3406 635 ἀλλ’
3440 580 3519 644 ὡς

1910 669 2162 733 ἀπίστοις
2182 670 2385 725 ἐδίδοτο
2406 670 2476 724 τά
2499 674 2721 743 σημεῖα,
2743 671 2831 724 ἵνα
2851 671 3115 741 γένωνται
3138 669 3341 724 πιστοί’
3373 667 3519 723 οὕτω

1910 762 2006 814 καὶ⁵
2063 760 2277 823 Παῦλός
2331 776 2494 834 φησι’
2537 762 2615 816 Τὰ
2648 760 2870 831 σημεῖα
2905 748 2977 814 οὐ
3016 758 3142 825 τοῖς
3196 758 3520 813 πιστεύουσ-

1910 862 2035 912 σιν,
2070 848 2233 902 ἀλλὰ
2271 848 2400 913 τοῖς
2444 850 2747 914 ἀπίστοις.
2767 850 2982 921 Ὁρᾶτε,
3012 849 3095 902 ὅτι
3152 848 3273 918 οὐχὶ
3318 846 3520 918 ἀτιμά-

1910 936 2096 1000 ζοντος
2127 939 2276 1007 ἡμᾶς
2307 938 2402 991 τοῦ
2430 937 2590 1003 Θεοῦ,
2616 926 2757 992 ἀλλά
2782 937 3054 1008 τιμῶντός
3080 938 3198 991 ἐστι
3218 937 3279 991 τδ
3309 940 3526 990 συστεῖ-

1908 1024 1997 1078 λαι
2030 1026 2130 1096 τὴν
2178 1025 2285 1079 τῶν
2315 1027 2561 1097 σημείων
2594 1026 2884 1093 ἐπίδειξιν;
2918 1026 3252 1097 Βουλόμενος
3275 1026 3386 1098 γὰρ
3418 1026 3520 1079 δεῖ·

1912 1113 1997 1178 ξαι
2044 1116 2143 1185 τὴν
2188 1115 2372 1168 πίστιν
2420 1115 2599 1187 ήμῶν,
2629 1117 2711 1169 ὅτι
2750 1117 2920 1186 χωρίς
2967 1114 3242 1187 ἐνεχύρων
3283 1117 3379 1169 καὶ
3427 1132 3518 1185 ση-

1912 1201 2083 1271 μείων
2131 1201 2281 1272 αύτῷ
2335 1202 2684 1274 πιστεύομεν.
2730 1203 2890 1257 τοῦτο
2936 1203 3275 1274 πεποίηκεν·
3317 1205 3517 1258 ἐκεῖνοι

1912 1291 2014 1360 μὲν
2040 1292 2150 1362 γάρ
2176 1293 2225 1345 εί
2260 1290 2335 1363 μὴ
2360 1292 2553 1346 ἔλαϐον
2596 1294 2814 1365 πρῶτον
2847 1296 3078 1364 σημεῖον
3106 1294 3202 1347 καὶ
3235 1293 3514 1363 ἐνέχυρον,

1908 1382 2010 1435 οὐκ
2046 1380 2113 1434 ἂν
2153 1381 2305 1452 αὐτῷ
2340 1383 2627 1436 ἐπίστευον
2671 1383 2801 1455 περὶ
2844 1382 2954 1437 τῶν
3001 1381 3262 1454 ἀφανὼν·
3308 1380 3422 1450 ἐγὼ
3460 1380 3518 1433 δὲ

1911 1470 2005 1523 καὶ
2055 1471 2229 1542 χωρὶς
2274 1470 2467 1526 τούτου
2503 1476 2686 1527 πᾶσαν
2723 1474 3072 1545 ἐπιδείκνυμι
3103 1475 3322 1526 πίστινο
3357 1471 3519 1525 τοῦτο

1858 1626 1861 1629 ἰ
1910 1554 2003 1612 οῦν
2035 1560 2210 1613 αίτιον
2235 1560 2331 1613 τοῦ
2367 1560 2443 1631 μὴ
2471 1560 2718 1630 γίνεσθαι
2745 1564 2951 1634 σημεῖα
2986 1559 3103 1615 νῦν.

1984 1654 2045 1700 ε’.
2078 1647 2410 1719 Ἐϐουλόμην
2440 1650 2533 1702 καὶ⁵
2564 1642 2691 1721 περὶ
2723 1649 2823 1720 τῆς
2850 1648 3164 1711 ὑποθέσεως
3191 1647 3292 1718 τῆς
3322 1644 3518 1719 ἐορ·.ῆς

1911 1737 2111 1799 εἰπεῖν,
2139 1736 2236 1789 καὶ
2276 1735 2447 1801 δεῖξαι
2480 1736 2532 1789 τί
2566 1738 2698 1791 ποτέ
2728 1739 2846 1790 ἐστι
2881 1734 3248 1808 πεντηκοότὴ,
3281 1736 3376 1790 καὶ
3430 1734 3519 1787 διά

1910 1826 1966 1881 τί
1996 1828 2055 1879 ἐν
2080 1828 2146 1897 τῇ
2189 1826 2350 1897 ἑορτῇ
2385 1826 2557 1899 ταύτῃ
2586 1827 2649 1879 τὸ
2673 1829 2923 1899 χάρισμα
2962 1826 3187 1887 δίδοται,
3213 1825 3308 1879 καλ⁵
3344 1824 3432 1878 διά
3464 1823 3520 1876 τί

1911 1918 1970 1970 ἐν
2001 1914 2278 1984 γλώσσαις
2319 1916 2596 1984 πυρίναις,
2622 1917 2717 1969 καὶ
2742 1916 2829 1969 διά
2855 1916 2908 1968 τί
2945 1916 3085 1994 μετὰ
3104 1914 3236 1968 δέκα
3264 1912 3477 1986 ἡμέρας
3501 1929 3515 1941 ·

1913 2002 1973 2058 ἀ)
1986 2006 2032 2055 Α⁹
2053 2001 2167 2076 όρῶ
2195 2003 2331 2074 πρὸς
2358 2004 2531 2074 μῆκος
2569 2003 2668 2074 τὴν
2707 2002 3060 2057 διδασκαλίαν
3092 2000 3481 2071 ἐκτεινομένην
3502 2017 3517 2031 ⁸

1910 2093 1993 2147 διὸ
2033 2093 2193 2163 ὀλίγα
2241 2093 2503 2165 προσθεὶς
2549 2094 2893 2148 καταπαύσω
2939 2093 3032 2147 τὸν
3066 2092 3271 2161 λόγον’
3313 2092 3411 2143 Ἐν
3438 2081 3523 2157 τῷ

1912 2182 2428 2252 συμπληροῦσθαι
2473 2180 2592 2250 τὴν
2645 2181 2875 2251 ἡμέραν
2922 2180 3033 2249 τῆς
3092 2177 3522 2247 πεντηκοστῆς

1912 2271 2209 2340 ὠφθησαν
2261 2271 2471 2338 αὐτοῖς
2523 2268 2995 2341 διαμεριζόμεναι
3048 2268 3326 2341 γλῶσσαι
3376 2267 3521 2322 ὡσεὶ

1912 2360 2107 2427 πυρός
2129 2376 2141 2389 ⁸
2192 2360 2314 2429 οὐχὶ
2348 2360 2542 2431 πυρὸς.
2578 2359 2692 2413 ἀλλ’
2720 2360 2853 2411 ὡσεὶ
2880 2358 3074 2429 πυρὸς,
3107 2358 3195 2410 ἴνα
3234 2355 3403 2428 μηδὲν
3432 2357 3524 2408 αί-

1916 2447 2115 2519 σθητὸν
2161 2447 2513 2519 ὑποπτεύσῃς
2556 2448 2686 2518 περὶ
2728 2446 2821 2500 τοῦ
2871 2442 3210 2516 Πνεύματος.
3250 2443 3522 2513 Καθάπερ

1915 2535 2024 2609 γὰρ
2054 2537 2147 2589 ἐπὶ
2171 2536 2280 2591 τῶν
2313 2536 2646 2608 Ἱορδανείων
2676 2535 2908 2607 ῥείθρων
2927 2534 3050 2603 οὐχὶ
3069 2531 3371 2605 περιστερά
3392 2549 3523 2585 κατ-

1914 2624 2038 2697 έϐη,
2263 2625 2377 2677 ἀλλ’
2406 2627 2465 2678 ἐν
2509 2624 2640 2677 εῖδει
2694 2624 3064 2695 περιστεράς
3113 2622 3257 2676 οῦτω
3302 2621 3399 2674 καὶ
3437 2621 3523 2673 ἐν-

1913 2715 2091 2768 ταῦθα
2138 2714 2261 2784 οὐχὶ
2311 2713 2447 2786 πῦρ,
2479 2713 2593 2768 ἀλλ’
2616 2715 2672 2766 ἐν
2702 2713 2836 2766 εῖδει
2866 2712 3061 2784 πυρός.
3089 2712 3203 2766 Καὶ
3236 2710 3402 2765 πάλιν
3426 2709 3523 2764 ἀν·-

1914 2802 2110 2873 ωτέρω
2167 2801 2368 2872 φησίνο
2427 2802 2589 2856 Ὠσεὶ
2640 2800 2977 2872 φερομένης
3030 2798 3229 2869 πνοῆς
3276 2800 3525 2865 βιαίας*

1914 2891 2036 2960 οὐχ).
2070 2891 2241 2961 πνοῆς
2272 2890 2475 2961 βιαίας,
2508 2890 2623 2944 ἀλλ’
2659 2891 2735 2955 ὡς
2766 2889 3078 2960 φερομένης
3109 2888 3279 2959 πνοῆς
3315 2888 3522 2958 βιαίας.

1916 2979 2077 3042 Τίνος
2108 2979 2165 3032 δὲ
2190 2980 2377 3032 ἕνεκεν
2406 2982 2435 3032 ὀ
2462 2980 2562 3050 μὲν
2597 2978 2861 3048 Ἰεζεκιὴλ
2885 2977 2946 3031 οὐ
2977 2977 3047 3030 δι’
3073 2975 3392 3047 ὁμοιώσεως
3421 2993 3524 3029 πυ-

1918 3066 2012 3138 ρὸς
2054 3066 2323 3137 λαμϐάνει
2352 3066 2414 3119 τὸ
2455 3066 2708 3136 χάρισμα
2736 3066 2835 3135 τῆς
2866 3065 3230 3136 προφητείας,
3263 3063 3400 3117 ἀλλὰ
3436 3062 3525 3116 διὰ

1919 3152 2149 3223 βιϐλίου,
2171 3156 2219 3207 οἱ
2244 3154 2302 3207 δὲ
2332 3154 2623 3208 ἀπόστολοι
2652 3153 2740 3207 διὰ
2769 3154 2943 3224 πυρὸς
2968 3151 3310 3223 λαμϐάνουσι
3339 3152 3407 3205 τὰ
3430 3167 3522 3221 χα-

1920 3243 2197 3314 ρίσματα;
2226 3243 2364 3313 Περὶ
2405 3244 2504 3314 μὲν
2549 3243 2659 3314 γὰρ
2707 3242 2916 3295 ἐκείνου
2964 3243 3152 3311 φησὶν,
3185 3240 3269 3293 ὃτι
3322 3239 3525 3292 ἔδωκεν

1917 3334 1998 3397 είς
2029 3332 2090 3385 τὸ
2124 3332 2299 3402 στόμα
2329 3330 2496 3385 αὐτοῦ
2529 3330 2794 3399 κεφαλίδα
2832 3329 3061 3399 βιϐλίου,
3112 3328 3209 3382 καὶ
3256 3328 3524 3397 ἐγγέγρα-

1917 3438 2049 3473 πται
2074 3420 2399 3489 κατάλεγμα
2432 3419 2528 3473 καὶ
2557 3419 2718 3490 μέλος
2747 3419 2843 3472 καὶ
2873 3419 3017 3481 οὐαὶ,
3043 3420 3136 3471 καί
3165 3413 3235 3488 ἦν
3257 3416 3325 3470 τά
3348 3417 3525 3469 ὀπίσω

1919 3514 2013 3567 καὶ
2038 3510 2109 3565 τά
2138 3508 2839 3583 ἔμπροσθεν’γεγραμμένα
2859 3527 2872 3540 °
2907 3510 3002 3563 καὶ⁸
3029 3509 3232 3578 ἔφαγεν
3252 3509 3406 3573 αὐτὸ,
3430 3508 3525 3561 καὶ

1918 3594 2137 3671 ἐγένετο
2183 3601 2241 3654 ἐν
2287 3599 2366 3671 τῷ
2413 3600 2645 3670 στόματι
2689 3599 2766 3662 ὠς
2805 3598 2927 3669 μέλι
2973 3596 3259 3667 γλυκάζον.
3302 3596 3439 3667 Περὶ
3468 3596 3525 3649 δὲ

1916 3689 2028 3742 τῶν
2070 3689 2387 3742 ἀποστόλων
2432 3688 2531 3759 ούχ
2582 3686 2790 3750 οὕτως·
2828 3687 2943 3740 ἀλλ’
2971 3688 3291 3757 Ὠφθησαν
3318 3684 3532 3750 αὑτάς

1919 3776 2198 3849 γλῶσσαι
2230 3777 2376 3831 ὡσεί
2410 3777 2622 3844 πυρός.
2658 3775 2816 3840 Τίνος
2844 3772 2936 3830 οῦν
2974 3775 3164 3829 ’ἐνεκεν
3187 3776 3305 3827 ἐκεῖ
3326 3773 3527 3844 βιϐλίον

1920 3868 2016 3921 καὶ
2050 3867 2378 3939 γράμματα,
2423 3865 2661 3919 ἐνταῦθα
2708 3866 2765 3918 δὲ
2811 3864 3031 3934 γλῶσσα
3080 3863 3175 3917 καὶ
3221 3863 3366 3935 πῦρ;
3403 3862 3529 3915 Ὅτι

1921 3960 2128 4020 ἐκεῖνος
2174 3957 2275 4025 μὲν
2321 3957 2487 4027 ἀπῄει
2518 3955 2917 4025 κατηγορήσων
2960 3951 3400 4024 ἁμαρτημάτων,
3433 3952 3528 4004 καὶ

1921 4043 2212 4114 θρηνήσων
2248 4042 2537 4113 συμφορὰς
2570 4040 2872 4103 Ἰουδαῖκάς
2896 4056 2909 4070 ·
2938 4033 3087 4120 οὗτοι
3119 4038 3177 4091 δέ
3201 4038 3432 4111 ἐξῄεσαν
3456 4038 3529 4092 τὰ

1918 4128 2021 4198 τῆς
2049 4129 2377 4200 οἰκουμένης
2407 4129 2787 4199 ἁμαρτήματα
2804 4128 3212 4199 δαπανήσοντες
3226 4144 3239 4158 ·
3260 4126 3351 4180 διά
3367 4125 3528 4180 τοῦτο

1919 4219 2130 4280 ἐκεῖνος
2183 4218 2282 4287 μὲν
2320 4219 2700 4288 γραμματεῖον
2735 4215 3013 4287 ἐλάμϐανε
3056 4216 3167 4269 τῶν
3213 4214 3527 4286 μελλουσῶν

1924 4306 2219 4377 συμφορῶν
2252 4306 2560 4376 ὑπόμνησιν
2584 4322 2597 4335 ·
2628 4297 2777 4360 οὗτοι
2807 4306 2864 4359 δέ
2891 4306 3003 4378 πῦρ
3029 4305 3361 4377 ἐλάμϐανον,
3382 4305 3525 4358 ὥστε

1922 4394 2270 4447 κατακαῦσαι
2318 4394 2391 4447 τά
2434 4394 2533 4465 τῆς
2578 4395 2907 4465 οἰκουμένης
2954 4396 3371 4465 ἁμαρτήματα,
3431 4395 3528 4447 καὶ⁵

1923 4482 2185 4551 ἀφανίσαι
2222 4482 2420 4535 πάντα.
2455 4481 2726 4553 Καθάπερ
2753 4482 2862 4553 γὰρ
2900 4481 3010 4554 πῦρ
3049 4484 3129 4545 εἰς
3158 4481 3401 4545 ἀκάνθας
3424 4482 3526 4551 ἐμ-

1921 4574 2122 4625 πῖπτον
2158 4571 2339 4635 πάσας
2373 4573 2543 4635 αὑτὰς
2571 4572 2826 4642 ἀφανίσει
2864 4572 3085 4643 ῥαδίως,
3122 4572 3265 4624 οὕτω
3302 4571 3397 4624 καὶ
3428 4569 3525 4624 τοῦ

1921 4660 2064 4712 Πνεύ
2073 4678 2242 4731 ματος
2270 4662 2302 4731 ἡ
2329 4661 2489 4733 χάρις
2510 4662 2752 4715 ἐδαπάνα
2770 4660 2879 4713 τῶν
2900 4660 3205 4731 ἀνθρώπων
3227 4659 3324 4723 τὰς
3346 4661 3528 4731 ἀμαρ-

1921 4748 2061 4812 τίας.
2081 4747 2223 4801 Ἀλλ’
2243 4749 2291 4801 οί
2331 4748 2652 4820 ἀναίσθητοι
2683 4750 2928 4803 Ἰουδαῖοι
2960 4749 3167 4802 τούτων
3195 4750 3525 4819 γενομένων,

1920 4836 2042 4889 δέον
2073 4837 2535 4907 καταπεπλῆχθαι
2569 4840 2669 4891 καὶ
2697 4837 2925 4909 τρέμειν
2953 4838 3048 4891 καὶ
3076 4841 3407 4907 προσκυνεῖν
3432 4838 3527 4892 τὸν

1921 4922 2131 4977 διδόντα
2162 4925 2262 4996 τὴν
2299 4924 2533 4995 δωρεὰν,
2566 4925 2729 4979 πάλιν
2758 4926 2856 4998 τὴν
2883 4926 3094 4980 οἰκείαν
3132 4926 3361 4980 ἀνοιανι
3402 4928 3529 5001 ἐπι-

1921 5012 2230 5065 δείκνυνται
2268 5013 2440 5083 μέθην
2468 5013 2907 5085 κατηγοροῦντες
2941 5014 3050 5068 τῶν
3073 5014 3527 5088 πεπληρωμένων
3642 5072 3657 5085 ,

1922 5098 2020 5154 τοῦ
2054 5101 2377 5172 Πνεύματος
2407 5102 2723 5156 ἀποστόλων
2743 5117 2756 5130 ·
2789 5099 2966 5158 Οὗτοι
2996 5103 3125 5176 γάρ,
3154 5105 3309 5175 φησὶ,
3350 5106 3529 5175 γλεύ-

1925 5205 2073 5254 κους
2102 5190 2553 5260 μεμεστωμένοι
2597 5191 2776 5245 είσίν.
2799 5192 3083 5263 Ἐννόησον
3130 5193 3527 5264 ἀγνωμοσύνην

1925 5277 2250 5349 ἀνθρώπων,
2282 5280 2378 5332 καὶ
2409 5279 2685 5349 σκόπησον
2713 5279 3138 5350 εὐγνωμοσύνην
3171 5280 3441 5351 ἀγγέλων.
3462 5284 3527 5335 υἱ

1928 5367 2027 5436 μὲν
2052 5367 2160 5440 7&9
2193 5367 2415 5439 ἄγγελοι
2449 5368 2538 5422 ὅτε
2568 5364 2711 5423 είδον
2749 5368 2846 5440 τὴν
2891 5368 3149 5441 ἀπαρχὴν
3180 5369 3526 5440 ἀναγομένην

1924 5455 2023 5527 τὴν
2064 5456 2364 5529 ἡμετέραν,
2400 5457 2619 5530 ἔχαιρον
2662 5458 2756 5512 καὶ
2788 5458 3011 5528 ἔλεγον·
3050 5461 3256 5528 Ἄρατε
3300 5460 3523 5526 πύλας,

1924 5547 1978 5598 οί
2018 5542 2331 5613 ἄρχοντες,
2361 5545 2550 5615 ὑμῶν,
2579 5546 2681 5601 καί
2710 5546 3030 5616 ἐπάρθητε,
3064 5550 3253 5602 πύλαι
3277 5546 3524 5613 αίώνιοι,

1924 5631 2024 5687 καί
2074 5635 2489 5690 εισελεύσεται
2540 5636 2573 5689 ό
2617 5634 2921 5702 βασιλεὺς
2955 5631 3065 5707 τῆς
3105 5634 3328 5705 δόξης⁹
3371 5636 3423 5689 ot
3468 5632 3525 5687 δὲ

1990 5829 2018 5860 ⁸
2038 5829 2161 5892 Reg.
2191 5830 2399 5893 ἄγνοιαν.
