  <div class='ocr_page' id='page_1' title='image "/cluster/home/n/w/nwhite01/storage/ocr_20150623/50/ien.35556001660778/060.png"; bbox 0 0 4070 6426; ppageno 0'>
   <div class='ocr_carea' id='block_1_1' title="bbox 144 387 247 443">
    <p class='ocr_par' dir='ltr' id='par_1_1' title="bbox 144 387 247 443">
     <span class='ocr_line' id='line_1_1' title="bbox 144 387 247 443; baseline 0 0"><span class='ocrx_word' id='word_1_1' title='bbox 144 387 247 443; x_wconf 75' lang='grc' dir='ltr'><strong>ισι</strong></span> 
     </span>
    </p>
   </div>
   <div class='ocr_carea' id='block_1_2' title="bbox 137 497 1742 577">
    <p class='ocr_par' dir='ltr' id='par_1_2' title="bbox 137 497 1742 577">
     <span class='ocr_line' id='line_1_2' title="bbox 137 497 1742 577; baseline -0.004 -19"><span class='ocrx_word' id='word_1_2' title='bbox 137 504 324 575; x_wconf 73' lang='lat' dir='ltr'><strong>glorise</strong></span> <span class='ocrx_word' id='word_1_3' title='bbox 351 503 522 577; x_wconf 68' lang='lat' dir='ltr'><strong>(Pent.</strong></span> <span class='ocrx_word' id='word_1_4' title='bbox 553 502 643 558; x_wconf 73' lang='lat'><strong>23.</strong></span> <span class='ocrx_word' id='word_1_5' title='bbox 665 502 724 570; x_wconf 85' lang='lat'><strong>7)</strong></span> <span class='ocrx_word' id='word_1_6' title='bbox 757 519 769 555; x_wconf 90' lang='lat'>:</span> <span class='ocrx_word' id='word_1_7' title='bbox 807 500 1052 556; x_wconf 78' lang='lat' dir='ltr'><strong>homines</strong></span> <span class='ocrx_word' id='word_1_8' title='bbox 1089 516 1216 556; x_wconf 89' lang='lat' dir='ltr'><strong>vero</strong></span> <span class='ocrx_word' id='word_1_9' title='bbox 1243 497 1655 556; x_wconf 72' lang='lat' dir='ltr'><strong>descendentem</strong></span> <span class='ocrx_word' id='word_1_10' title='bbox 1676 497 1742 552; x_wconf 88' lang='lat' dir='ltr'><strong>ad</strong></span> 
     </span>
    </p>
   </div>
   <div class='ocr_carea' id='block_1_3' title="bbox 143 591 1752 665">
    <p class='ocr_par' dir='ltr' id='par_1_3' title="bbox 143 591 1752 665">
     <span class='ocr_line' id='line_1_3' title="bbox 143 591 1752 665; baseline -0.002 -17"><span class='ocrx_word' id='word_1_11' title='bbox 143 610 246 651; x_wconf 79' lang='lat' dir='ltr'><strong>nos</strong></span> <span class='ocrx_word' id='word_1_12' title='bbox 292 596 528 665; x_wconf 90' lang='lat' dir='ltr'><strong>Spiritus</strong></span> <span class='ocrx_word' id='word_1_13' title='bbox 577 596 800 665; x_wconf 86' lang='lat' dir='ltr'><strong>gratiam</strong></span> <span class='ocrx_word' id='word_1_14' title='bbox 855 594 1099 648; x_wconf 78' lang='lat' dir='ltr'><strong>videntes</strong></span> <span class='ocrx_word' id='word_1_15' title='bbox 1161 593 1346 646; x_wconf 89' lang='lat' dir='ltr'><strong>dicunt</strong></span> <span class='ocrx_word' id='word_1_16' title='bbox 1392 591 1573 645; x_wconf 88' lang='lat' dir='ltr'><strong>ebrios</strong></span> <span class='ocrx_word' id='word_1_17' title='bbox 1630 604 1752 644; x_wconf 81' lang='lat' dir='ltr'><strong>esse</strong></span> 
     </span>
    </p>
   </div>
   <div class='ocr_carea' id='block_1_4' title="bbox 138 682 1754 756">
    <p class='ocr_par' dir='ltr' id='par_1_4' title="bbox 138 682 1754 756">
     <span class='ocr_line' id='line_1_4' title="bbox 138 682 1754 756; baseline -0.002 -18"><span class='ocrx_word' id='word_1_18' title='bbox 138 685 235 754; x_wconf 97' lang='lat' dir='ltr'><strong>qui</strong></span> <span class='ocrx_word' id='word_1_19' title='bbox 288 690 519 756; x_wconf 83' lang='lat' dir='ltr'><strong>gratiam</strong></span> <span class='ocrx_word' id='word_1_20' title='bbox 565 694 904 754; x_wconf 82' lang='lat' dir='ltr'><strong>receperunt,</strong></span> <span class='ocrx_word' id='word_1_21' title='bbox 941 693 995 738; x_wconf 90' lang='lat' dir='ltr'><strong>et</strong></span> <span class='ocrx_word' id='word_1_22' title='bbox 1038 698 1103 738; x_wconf 91' lang='lat' dir='ltr'><strong>ne</strong></span> <span class='ocrx_word' id='word_1_23' title='bbox 1130 684 1255 737; x_wconf 89' lang='lat' dir='ltr'><strong>anni</strong></span> <span class='ocrx_word' id='word_1_24' title='bbox 1304 682 1522 752; x_wconf 90' lang='lat' dir='ltr'><strong>quidem</strong></span> <span class='ocrx_word' id='word_1_25' title='bbox 1552 691 1754 749; x_wconf 87' lang='lat' dir='ltr'><strong>tempe-</strong></span> 
     </span>
    </p>
   </div>
   <div class='ocr_carea' id='block_1_5' title="bbox 136 773 1754 846">
    <p class='ocr_par' dir='ltr' id='par_1_5' title="bbox 136 773 1754 846">
     <span class='ocr_line' id='line_1_5' title="bbox 136 773 1754 846; baseline -0.003 -15"><span class='ocrx_word' id='word_1_26' title='bbox 136 788 258 832; x_wconf 83' lang='lat' dir='ltr'><strong>stas</strong></span> <span class='ocrx_word' id='word_1_27' title='bbox 301 793 400 832; x_wconf 86' lang='lat' dir='ltr'><strong>eos</strong></span> <span class='ocrx_word' id='word_1_28' title='bbox 427 778 712 846; x_wconf 85' lang='lat' dir='ltr'><strong>repressit;</strong></span> <span class='ocrx_word' id='word_1_29' title='bbox 755 792 876 831; x_wconf 87' lang='lat' dir='ltr'><strong>nam</strong></span> <span class='ocrx_word' id='word_1_30' title='bbox 913 775 1055 830; x_wconf 86' lang='lat' dir='ltr'><strong>veris</strong></span> <span class='ocrx_word' id='word_1_31' title='bbox 1089 785 1330 846; x_wconf 88' lang='lat' dir='ltr'><strong>tempore</strong></span> <span class='ocrx_word' id='word_1_32' title='bbox 1361 773 1583 844; x_wconf 84' lang='lat' dir='ltr'><strong>reperiri</strong></span> <span class='ocrx_word' id='word_1_33' title='bbox 1637 789 1754 827; x_wconf 86' lang='lat' dir='ltr'><strong>mu-</strong></span> 
     </span>
    </p>
   </div>
   <div class='ocr_carea' id='block_1_6' title="bbox 138 863 1751 935">
    <p class='ocr_par' dir='ltr' id='par_1_6' title="bbox 138 863 1751 935">
     <span class='ocr_line' id='line_1_6' title="bbox 138 863 1751 935; baseline -0.004 -13"><span class='ocrx_word' id='word_1_34' title='bbox 138 877 290 922; x_wconf 87' lang='lat' dir='ltr'><strong>stum</strong></span> <span class='ocrx_word' id='word_1_35' title='bbox 341 867 561 920; x_wconf 89' lang='lat' dir='ltr'><strong>minime</strong></span> <span class='ocrx_word' id='word_1_36' title='bbox 604 875 778 935; x_wconf 88' lang='lat' dir='ltr'><strong>potest</strong></span> <span class='ocrx_word' id='word_1_37' title='bbox 809 883 823 920; x_wconf 88' lang='lat'><strong>:</strong></span> <span class='ocrx_word' id='word_1_38' title='bbox 852 866 995 935; x_wconf 86' lang='lat' dir='ltr'><strong>atqui</strong></span> <span class='ocrx_word' id='word_1_39' title='bbox 1037 875 1150 920; x_wconf 91' lang='lat' dir='ltr'><strong>tum</strong></span> <span class='ocrx_word' id='word_1_40' title='bbox 1202 880 1298 920; x_wconf 81' lang='lat' dir='ltr'><strong>ver</strong></span> <span class='ocrx_word' id='word_1_41' title='bbox 1362 874 1496 919; x_wconf 87' lang='lat' dir='ltr'><strong>erat.</strong></span> <span class='ocrx_word' id='word_1_42' title='bbox 1553 863 1751 916; x_wconf 78' lang='lat' dir='ltr'><strong>Verum</strong></span> 
     </span>
    </p>
   </div>
   <div class='ocr_carea' id='block_1_7' title="bbox 138 955 1754 1030">
    <p class='ocr_par' dir='ltr' id='par_1_7' title="bbox 138 955 1754 1030">
     <span class='ocr_line' id='line_1_7' title="bbox 138 955 1754 1030; baseline -0.003 -17"><span class='ocrx_word' id='word_1_43' title='bbox 138 961 212 1014; x_wconf 86' lang='lat' dir='ltr'><strong>illi</strong></span> <span class='ocrx_word' id='word_1_44' title='bbox 275 959 497 1030; x_wconf 78' lang='lat' dir='ltr'><strong>quidem</strong></span> <span class='ocrx_word' id='word_1_45' title='bbox 538 958 928 1028; x_wconf 84' lang='lat' dir='ltr'><strong>relinquantur,</strong></span> <span class='ocrx_word' id='word_1_46' title='bbox 957 973 1054 1012; x_wconf 90' lang='lat' dir='ltr'><strong>nos</strong></span> <span class='ocrx_word' id='word_1_47' title='bbox 1099 968 1277 1011; x_wconf 89' lang='lat' dir='ltr'><strong>autem</strong></span> <span class='ocrx_word' id='word_1_48' title='bbox 1308 955 1522 1026; x_wconf 91' lang='lat' dir='ltr'><strong>benigni</strong></span> <span class='ocrx_word' id='word_1_49' title='bbox 1553 957 1642 1009; x_wconf 89' lang='lat' dir='ltr'><strong>Dei</strong></span> <span class='ocrx_word' id='word_1_50' title='bbox 1667 970 1754 1008; x_wconf 86' lang='lat' dir='ltr'><strong>re-</strong></span> 
     </span>
    </p>
   </div>
   <div class='ocr_carea' id='block_1_8' title="bbox 137 1047 1752 1120">
    <p class='ocr_par' dir='ltr' id='par_1_8' title="bbox 137 1047 1752 1120">
     <span class='ocr_line' id='line_1_8' title="bbox 137 1047 1752 1120; baseline -0.004 -14"><span class='ocrx_word' id='word_1_51' title='bbox 137 1054 493 1108; x_wconf 86' lang='lat' dir='ltr'><strong>tributionem</strong></span> <span class='ocrx_word' id='word_1_52' title='bbox 541 1051 966 1107; x_wconf 74' lang='lat' dir='ltr'><strong>consideremus.</strong></span> <span class='ocrx_word' id='word_1_53' title='bbox 1015 1051 1238 1120; x_wconf 82' lang='lat' dir='ltr'><strong>Accepit</strong></span> <span class='ocrx_word' id='word_1_54' title='bbox 1276 1047 1520 1104; x_wconf 80' lang='lat' dir='ltr'><strong>Christus</strong></span> <span class='ocrx_word' id='word_1_55' title='bbox 1562 1047 1752 1118; x_wconf 86' lang='lat' dir='ltr'><strong>primi-</strong></span> 
     </span>
    </p>
   </div>
   <div class='ocr_carea' id='block_1_9' title="bbox 137 1139 1754 1212">
    <p class='ocr_par' dir='ltr' id='par_1_9' title="bbox 137 1139 1754 1212">
     <span class='ocr_line' id='line_1_9' title="bbox 137 1139 1754 1212; baseline -0.004 -15"><span class='ocrx_word' id='word_1_56' title='bbox 137 1145 246 1199; x_wconf 85' lang='lat' dir='ltr'><strong>tias</strong></span> <span class='ocrx_word' id='word_1_57' title='bbox 303 1154 514 1199; x_wconf 64' lang='lat' dir='ltr'><strong>natura:</strong></span> <span class='ocrx_word' id='word_1_58' title='bbox 557 1152 776 1209; x_wconf 66' lang='lat' dir='ltr'><strong>nostrae,</strong></span> <span class='ocrx_word' id='word_1_59' title='bbox 829 1156 894 1197; x_wconf 87' lang='lat' dir='ltr'><strong>ac</strong></span> <span class='ocrx_word' id='word_1_60' title='bbox 939 1141 1172 1212; x_wconf 77' lang='lat' dir='ltr'><strong>Spiritus</strong></span> <span class='ocrx_word' id='word_1_61' title='bbox 1210 1140 1436 1210; x_wconf 85' lang='lat' dir='ltr'><strong>gratiam</strong></span> <span class='ocrx_word' id='word_1_62' title='bbox 1470 1139 1624 1192; x_wconf 86' lang='lat' dir='ltr'><strong>nobis</strong></span> <span class='ocrx_word' id='word_1_63' title='bbox 1669 1153 1754 1191; x_wconf 82' lang='lat' dir='ltr'><strong>rc-</strong></span> 
     </span>
    </p>
   </div>
   <div class='ocr_carea' id='block_1_10' title="bbox 137 1226 1751 1303">
    <p class='ocr_par' dir='ltr' id='par_1_10' title="bbox 137 1226 1751 1303">
     <span class='ocr_line' id='line_1_10' title="bbox 137 1226 1751 1303; baseline -0.004 -16"><span class='ocrx_word' id='word_1_64' title='bbox 137 1233 331 1288; x_wconf 86' lang='lat' dir='ltr'><strong>tribuit</strong></span> <span class='ocrx_word' id='word_1_65' title='bbox 359 1250 373 1285; x_wconf 88' lang='lat'><strong>:</strong></span> <span class='ocrx_word' id='word_1_66' title='bbox 401 1243 458 1288; x_wconf 89' lang='lat' dir='ltr'><strong>et</strong></span> <span class='ocrx_word' id='word_1_67' title='bbox 481 1231 928 1303; x_wconf 80' lang='lat' dir='ltr'><strong>quemadmodum</strong></span> <span class='ocrx_word' id='word_1_68' title='bbox 960 1232 1120 1301; x_wconf 87' lang='lat' dir='ltr'><strong>longo</strong></span> <span class='ocrx_word' id='word_1_69' title='bbox 1160 1230 1213 1285; x_wconf 91' lang='lat' dir='ltr'><strong>in</strong></span> <span class='ocrx_word' id='word_1_70' title='bbox 1245 1229 1490 1294; x_wconf 70' lang='lat' dir='ltr'><strong>beilo‘iit,</strong></span> <span class='ocrx_word' id='word_1_71' title='bbox 1520 1242 1642 1284; x_wconf 88' lang='lat' dir='ltr'><strong>cum</strong></span> <span class='ocrx_word' id='word_1_72' title='bbox 1666 1226 1751 1281; x_wconf 87' lang='lat' dir='ltr'><strong>di-</strong></span> 
     </span>
    </p>
   </div>
   <div class='ocr_carea' id='block_1_11' title="bbox 136 1319 1752 1396">
    <p class='ocr_par' dir='ltr' id='par_1_11' title="bbox 136 1319 1752 1396">
     <span class='ocr_line' id='line_1_11' title="bbox 136 1319 1752 1396; baseline -0.004 -16"><span class='ocrx_word' id='word_1_73' title='bbox 136 1337 354 1396; x_wconf 82' lang='lat' dir='ltr'><strong>rempta</strong></span> <span class='ocrx_word' id='word_1_74' title='bbox 383 1340 557 1396; x_wconf 85' lang='lat' dir='ltr'><strong>pugna</strong></span> <span class='ocrx_word' id='word_1_75' title='bbox 584 1324 763 1388; x_wconf 88' lang='lat' dir='ltr'><strong>fuerit,</strong></span> <span class='ocrx_word' id='word_1_76' title='bbox 793 1333 849 1380; x_wconf 90' lang='lat' dir='ltr'><strong>et</strong></span> <span class='ocrx_word' id='word_1_77' title='bbox 867 1322 1110 1379; x_wconf 74' lang='lat' dir='ltr'><strong>confecta</strong></span> <span class='ocrx_word' id='word_1_78' title='bbox 1138 1337 1260 1392; x_wconf 87' lang='lat' dir='ltr'><strong>pax,</strong></span> <span class='ocrx_word' id='word_1_79' title='bbox 1292 1321 1382 1392; x_wconf 87' lang='lat' dir='ltr'><strong>qui</strong></span> <span class='ocrx_word' id='word_1_80' title='bbox 1404 1320 1504 1376; x_wconf 91' lang='lat' dir='ltr'><strong>sibi</strong></span> <span class='ocrx_word' id='word_1_81' title='bbox 1525 1319 1752 1374; x_wconf 81' lang='lat' dir='ltr'><strong>invicem</strong></span> 
     </span>
    </p>
   </div>
   <div class='ocr_carea' id='block_1_12' title="bbox 137 1411 1750 1488">
    <p class='ocr_par' dir='ltr' id='par_1_12' title="bbox 137 1411 1750 1488">
     <span class='ocr_line' id='line_1_12' title="bbox 137 1411 1750 1488; baseline -0.004 -15"><span class='ocrx_word' id='word_1_82' title='bbox 137 1421 343 1475; x_wconf 82' lang='lat' dir='ltr'><strong>infensi</strong></span> <span class='ocrx_word' id='word_1_83' title='bbox 401 1428 575 1483; x_wconf 86' lang='lat' dir='ltr'><strong>erant,</strong></span> <span class='ocrx_word' id='word_1_84' title='bbox 608 1419 824 1488; x_wconf 84' lang='lat' dir='ltr'><strong>pignora</strong></span> <span class='ocrx_word' id='word_1_85' title='bbox 874 1425 1060 1472; x_wconf 86' lang='lat' dir='ltr'><strong>mutuo</strong></span> <span class='ocrx_word' id='word_1_86' title='bbox 1107 1414 1210 1470; x_wconf 88' lang='lat' dir='ltr'><strong>sibi</strong></span> <span class='ocrx_word' id='word_1_87' title='bbox 1251 1413 1382 1469; x_wconf 88' lang='lat' dir='ltr'><strong>dant</strong></span> <span class='ocrx_word' id='word_1_88' title='bbox 1416 1421 1468 1468; x_wconf 88' lang='lat' dir='ltr'><strong>et</strong></span> <span class='ocrx_word' id='word_1_89' title='bbox 1503 1411 1750 1467; x_wconf 85' lang='lat' dir='ltr'><strong>obsides:</strong></span> 
     </span>
    </p>
   </div>
   <div class='ocr_carea' id='block_1_13' title="bbox 137 1503 1749 1566">
    <p class='ocr_par' dir='ltr' id='par_1_13' title="bbox 137 1503 1749 1566">
     <span class='ocr_line' id='line_1_13' title="bbox 137 1503 1749 1566; baseline -0.004 -2"><span class='ocrx_word' id='word_1_90' title='bbox 137 1513 221 1565; x_wconf 90' lang='lat' dir='ltr'><strong>sic</strong></span> <span class='ocrx_word' id='word_1_91' title='bbox 272 1521 331 1566; x_wconf 90' lang='lat' dir='ltr'><strong>et</strong></span> <span class='ocrx_word' id='word_1_92' title='bbox 388 1511 526 1565; x_wconf 90' lang='lat' dir='ltr'><strong>inter</strong></span> <span class='ocrx_word' id='word_1_93' title='bbox 583 1510 746 1565; x_wconf 90' lang='lat' dir='ltr'><strong>Deum</strong></span> <span class='ocrx_word' id='word_1_94' title='bbox 791 1518 847 1563; x_wconf 93' lang='lat' dir='ltr'><strong>et</strong></span> <span class='ocrx_word' id='word_1_95' title='bbox 914 1517 1155 1562; x_wconf 88' lang='lat' dir='ltr'><strong>naturam</strong></span> <span class='ocrx_word' id='word_1_96' title='bbox 1191 1504 1371 1562; x_wconf 80' lang='lat' dir='ltr'><strong>evenit</strong></span> <span class='ocrx_word' id='word_1_97' title='bbox 1423 1503 1749 1559; x_wconf 88' lang='lat' dir='ltr'><strong>humanam:</strong></span> 
     </span>
    </p>
   </div>
   <div class='ocr_carea' id='block_1_14' title="bbox 139 1596 1752 1673">
    <p class='ocr_par' dir='ltr' id='par_1_14' title="bbox 139 1596 1752 1673">
     <span class='ocr_line' id='line_1_14' title="bbox 139 1596 1752 1673; baseline -0.004 -16"><span class='ocrx_word' id='word_1_98' title='bbox 139 1618 244 1672; x_wconf 92' lang='lat' dir='ltr'><strong>pro</strong></span> <span class='ocrx_word' id='word_1_99' title='bbox 292 1601 606 1673; x_wconf 73' lang='lat' dir='ltr'><strong>pignoribus</strong></span> <span class='ocrx_word' id='word_1_100' title='bbox 635 1610 700 1659; x_wconf 81' lang='lat' dir='ltr'><strong>et.</strong></span> <span class='ocrx_word' id='word_1_101' title='bbox 720 1600 994 1656; x_wconf 81' lang='lat' dir='ltr'><strong>obsidibus</strong></span> <span class='ocrx_word' id='word_1_102' title='bbox 1023 1601 1136 1670; x_wconf 87' lang='lat' dir='ltr'><strong>ipsa</strong></span> <span class='ocrx_word' id='word_1_103' title='bbox 1166 1597 1424 1669; x_wconf 86' lang='lat' dir='ltr'><strong>primitias</strong></span> <span class='ocrx_word' id='word_1_104' title='bbox 1449 1596 1594 1651; x_wconf 70' lang='lat' dir='ltr'><strong>misit</strong></span> <span class='ocrx_word' id='word_1_105' title='bbox 1621 1611 1752 1667; x_wconf 83' lang='lat' dir='ltr'><strong>quas</strong></span> 
     </span>
    </p>
   </div>
   <div class='ocr_carea' id='block_1_15' title="bbox 142 1687 1751 1758">
    <p class='ocr_par' dir='ltr' id='par_1_15' title="bbox 142 1687 1751 1758">
     <span class='ocr_line' id='line_1_15' title="bbox 142 1687 1751 1758; baseline -0.006 -12"><span class='ocrx_word' id='word_1_106' title='bbox 142 1695 197 1746; x_wconf 92' lang='lat' dir='ltr'><strong>in</strong></span> <span class='ocrx_word' id='word_1_107' title='bbox 238 1693 433 1748; x_wconf 67' lang='lat' dir='ltr'><strong>cadum</strong></span> <span class='ocrx_word' id='word_1_108' title='bbox 481 1693 602 1746; x_wconf 87' lang='lat' dir='ltr'><strong>ttilit</strong></span> <span class='ocrx_word' id='word_1_109' title='bbox 654 1691 898 1748; x_wconf 89' lang='lat' dir='ltr'><strong>Christus</strong></span> <span class='ocrx_word' id='word_1_110' title='bbox 931 1708 945 1744; x_wconf 89' lang='lat'><strong>:</strong></span> <span class='ocrx_word' id='word_1_111' title='bbox 974 1690 1127 1745; x_wconf 90' lang='lat' dir='ltr'><strong>nobis</strong></span> <span class='ocrx_word' id='word_1_112' title='bbox 1185 1689 1272 1744; x_wconf 90' lang='lat' dir='ltr'><strong>ille</strong></span> <span class='ocrx_word' id='word_1_113' title='bbox 1327 1687 1588 1758; x_wconf 79' lang='lat' dir='ltr'><strong>Spiritum</strong></span> <span class='ocrx_word' id='word_1_114' title='bbox 1623 1701 1751 1741; x_wconf 86' lang='lat' dir='ltr'><strong>sau-</strong></span> 
     </span>
    </p>
   </div>
   <div class='ocr_carea' id='block_1_16' title="bbox 137 1763 1754 1854">
    <p class='ocr_par' dir='ltr' id='par_1_16' title="bbox 137 1763 1754 1854">
     <span class='ocr_line' id='line_1_16' title="bbox 137 1763 1754 1854; baseline -0.005 -15"><span class='ocrx_word' id='word_1_115' title='bbox 137 1794 292 1839; x_wconf 89' lang='lat' dir='ltr'><strong>ctum</strong></span> <span class='ocrx_word' id='word_1_116' title='bbox 346 1763 584 1854; x_wconf 81' lang='lat' dir='ltr'><strong>pignoris</strong></span> <span class='ocrx_word' id='word_1_117' title='bbox 636 1792 692 1838; x_wconf 90' lang='lat' dir='ltr'><strong>et</strong></span> <span class='ocrx_word' id='word_1_118' title='bbox 735 1782 938 1838; x_wconf 76' lang='lat' dir='ltr'><strong>obsidis</strong></span> <span class='ocrx_word' id='word_1_119' title='bbox 991 1781 1109 1837; x_wconf 84' lang='lat' dir='ltr'><strong>loco</strong></span> <span class='ocrx_word' id='word_1_120' title='bbox 1168 1780 1392 1834; x_wconf 88' lang='lat' dir='ltr'><strong>remisit.</strong></span> <span class='ocrx_word' id='word_1_121' title='bbox 1448 1777 1616 1833; x_wconf 83' lang='lat' dir='ltr'><strong>Porro</strong></span> <span class='ocrx_word' id='word_1_122' title='bbox 1653 1791 1754 1832; x_wconf 90' lang='lat' dir='ltr'><strong>nos</strong></span> 
     </span>
    </p>
   </div>
   <div class='ocr_carea' id='block_1_17' title="bbox 142 1871 1752 1946">
    <p class='ocr_par' dir='ltr' id='par_1_17' title="bbox 142 1871 1752 1946">
     <span class='ocr_line' id='line_1_17' title="bbox 142 1871 1752 1946; baseline -0.004 -15"><span class='ocrx_word' id='word_1_123' title='bbox 142 1878 377 1946; x_wconf 82' lang='lat' dir='ltr'><strong>pignora</strong></span> <span class='ocrx_word' id='word_1_124' title='bbox 423 1883 478 1930; x_wconf 89' lang='lat' dir='ltr'><strong>et</strong></span> <span class='ocrx_word' id='word_1_125' title='bbox 525 1873 742 1930; x_wconf 79' lang='lat' dir='ltr'><strong>obsides</strong></span> <span class='ocrx_word' id='word_1_126' title='bbox 767 1873 965 1929; x_wconf 88' lang='lat' dir='ltr'><strong>habere</strong></span> <span class='ocrx_word' id='word_1_127' title='bbox 1017 1873 1140 1928; x_wconf 90' lang='lat' dir='ltr'><strong>hinc</strong></span> <span class='ocrx_word' id='word_1_128' title='bbox 1179 1871 1348 1941; x_wconf 86' lang='lat' dir='ltr'><strong>liquet</strong></span> <span class='ocrx_word' id='word_1_129' title='bbox 1371 1889 1384 1924; x_wconf 88' lang='lat'><strong>:</strong></span> <span class='ocrx_word' id='word_1_130' title='bbox 1407 1880 1530 1925; x_wconf 86' lang='lat' dir='ltr'><strong>nam</strong></span> <span class='ocrx_word' id='word_1_131' title='bbox 1558 1885 1627 1925; x_wconf 86' lang='lat' dir='ltr'><strong>ex</strong></span> <span class='ocrx_word' id='word_1_132' title='bbox 1655 1885 1752 1940; x_wconf 85' lang='lat' dir='ltr'><strong>ge-</strong></span> 
     </span>
    </p>
   </div>
   <div class='ocr_carea' id='block_1_18' title="bbox 140 1961 1752 2038">
    <p class='ocr_par' dir='ltr' id='par_1_18' title="bbox 140 1961 1752 2038">
     <span class='ocr_line' id='line_1_18' title="bbox 140 1961 1752 2038; baseline -0.003 -17"><span class='ocrx_word' id='word_1_133' title='bbox 140 1981 282 2021; x_wconf 85' lang='lat' dir='ltr'><strong>nere</strong></span> <span class='ocrx_word' id='word_1_134' title='bbox 324 1967 474 2038; x_wconf 87' lang='lat' dir='ltr'><strong>regio</strong></span> <span class='ocrx_word' id='word_1_135' title='bbox 530 1967 748 2036; x_wconf 79' lang='lat' dir='ltr'><strong>pignora</strong></span> <span class='ocrx_word' id='word_1_136' title='bbox 791 1974 848 2020; x_wconf 90' lang='lat' dir='ltr'><strong>et</strong></span> <span class='ocrx_word' id='word_1_137' title='bbox 894 1964 1108 2020; x_wconf 79' lang='lat' dir='ltr'><strong>obsides</strong></span> <span class='ocrx_word' id='word_1_138' title='bbox 1178 1978 1301 2020; x_wconf 90' lang='lat' dir='ltr'><strong>esse</strong></span> <span class='ocrx_word' id='word_1_139' title='bbox 1334 1970 1601 2031; x_wconf 77' lang='lat' dir='ltr'><strong>&#39;oportet;</strong></span> <span class='ocrx_word' id='word_1_140' title='bbox 1667 1961 1752 2016; x_wconf 88' lang='lat' dir='ltr'><strong>id-</strong></span> 
     </span>
    </p>
   </div>
   <div class='ocr_carea' id='block_1_19' title="bbox 141 2053 1755 2125">
    <p class='ocr_par' dir='ltr' id='par_1_19' title="bbox 141 2053 1755 2125">
     <span class='ocr_line' id='line_1_19' title="bbox 141 2053 1755 2125; baseline -0.004 -14"><span class='ocrx_word' id='word_1_141' title='bbox 141 2058 298 2112; x_wconf 79' lang='lat' dir='ltr'><strong>circo</strong></span> <span class='ocrx_word' id='word_1_142' title='bbox 343 2057 506 2110; x_wconf 86' lang='lat' dir='ltr'><strong>etiam</strong></span> <span class='ocrx_word' id='word_1_143' title='bbox 549 2057 780 2125; x_wconf 85' lang='lat' dir='ltr'><strong>Spiritus</strong></span> <span class='ocrx_word' id='word_1_144' title='bbox 829 2064 1046 2110; x_wconf 89' lang='lat' dir='ltr'><strong>sanctus</strong></span> <span class='ocrx_word' id='word_1_145' title='bbox 1071 2053 1137 2109; x_wconf 87' lang='lat' dir='ltr'><strong>ad</strong></span> <span class='ocrx_word' id='word_1_146' title='bbox 1191 2069 1289 2108; x_wconf 90' lang='lat' dir='ltr'><strong>nos</strong></span> <span class='ocrx_word' id='word_1_147' title='bbox 1330 2053 1526 2108; x_wconf 85' lang='lat' dir='ltr'><strong>missus</strong></span> <span class='ocrx_word' id='word_1_148' title='bbox 1554 2060 1656 2115; x_wconf 53' lang='lat' dir='ltr'><strong>est,</strong></span> <span class='ocrx_word' id='word_1_149' title='bbox 1697 2060 1755 2105; x_wconf 92' lang='lat' dir='ltr'><strong>ut</strong></span> 
     </span>
    </p>
   </div>
   <div class='ocr_carea' id='block_1_20' title="bbox 140 2142 1751 2216">
    <p class='ocr_par' dir='ltr' id='par_1_20' title="bbox 140 2142 1751 2216">
     <span class='ocr_line' id='line_1_20' title="bbox 140 2142 1751 2216; baseline -0.004 -14"><span class='ocrx_word' id='word_1_150' title='bbox 140 2147 238 2216; x_wconf 89' lang='lat' dir='ltr'><strong>qui</strong></span> <span class='ocrx_word' id='word_1_151' title='bbox 298 2147 532 2202; x_wconf 78' lang='lat' dir='ltr'><strong>maxime</strong></span> <span class='ocrx_word' id='word_1_152' title='bbox 586 2145 728 2216; x_wconf 75' lang='lat' dir='ltr'><strong>reg‘ia</strong></span> <span class='ocrx_word' id='word_1_153' title='bbox 794 2145 864 2200; x_wconf 89' lang='lat' dir='ltr'><strong>sit</strong></span> <span class='ocrx_word' id='word_1_154' title='bbox 921 2145 1250 2208; x_wconf 83' lang='lat' dir='ltr'><strong>substantia,</strong></span> <span class='ocrx_word' id='word_1_155' title='bbox 1303 2142 1751 2214; x_wconf 82' lang='lat' dir='ltr'><strong>quemadmodum</strong></span> 
     </span>
    </p>
   </div>
   <div class='ocr_carea' id='block_1_21' title="bbox 142 2232 1756 2306">
    <p class='ocr_par' dir='ltr' id='par_1_21' title="bbox 142 2232 1756 2306">
     <span class='ocr_line' id='line_1_21' title="bbox 142 2232 1756 2306; baseline -0.003 -15"><span class='ocrx_word' id='word_1_156' title='bbox 142 2245 202 2291; x_wconf 92' lang='lat' dir='ltr'><strong>et</strong></span> <span class='ocrx_word' id='word_1_157' title='bbox 245 2238 396 2306; x_wconf 89' lang='lat' dir='ltr'><strong>quia</strong></span> <span class='ocrx_word' id='word_1_158' title='bbox 429 2236 584 2291; x_wconf 87' lang='lat' dir='ltr'><strong>nobis</strong></span> <span class='ocrx_word' id='word_1_159' title='bbox 635 2251 849 2291; x_wconf 83' lang='lat' dir='ltr'><strong>sursum</strong></span> <span class='ocrx_word' id='word_1_160' title='bbox 879 2245 1112 2291; x_wconf 82' lang='lat' dir='ltr'><strong>.evectus</strong></span> <span class='ocrx_word' id='word_1_161' title='bbox 1154 2244 1238 2290; x_wconf 87' lang='lat' dir='ltr'><strong>est</strong></span> <span class='ocrx_word' id='word_1_162' title='bbox 1292 2250 1354 2289; x_wconf 91' lang='lat' dir='ltr'><strong>ex</strong></span> <span class='ocrx_word' id='word_1_163' title='bbox 1406 2248 1602 2304; x_wconf 80' lang='lat' dir='ltr'><strong>genere</strong></span> <span class='ocrx_word' id='word_1_164' title='bbox 1656 2232 1756 2287; x_wconf 88' lang='lat' dir='ltr'><strong>fuit</strong></span> 
     </span>
    </p>
   </div>
   <div class='ocr_carea' id='block_1_22' title="bbox 145 2324 1751 2397">
    <p class='ocr_par' dir='ltr' id='par_1_22' title="bbox 145 2324 1751 2397">
     <span class='ocr_line' id='line_1_22' title="bbox 145 2324 1751 2397; baseline 0.001 -19"><span class='ocrx_word' id='word_1_165' title='bbox 145 2338 306 2381; x_wconf 89' lang='lat' dir='ltr'><strong>ortus</strong></span> <span class='ocrx_word' id='word_1_166' title='bbox 357 2326 538 2397; x_wconf 88' lang='lat' dir='ltr'><strong>regio,</strong></span> <span class='ocrx_word' id='word_1_167' title='bbox 593 2327 788 2397; x_wconf 89' lang='lat' dir='ltr'><strong>quippe</strong></span> <span class='ocrx_word' id='word_1_168' title='bbox 839 2327 930 2396; x_wconf 89' lang='lat' dir='ltr'><strong>qui</strong></span> <span class='ocrx_word' id='word_1_169' title='bbox 982 2325 1202 2381; x_wconf 90' lang='lat' dir='ltr'><strong>Davidis</strong></span> <span class='ocrx_word' id='word_1_170' title='bbox 1230 2333 1376 2381; x_wconf 89' lang='lat' dir='ltr'><strong>esset</strong></span> <span class='ocrx_word' id='word_1_171' title='bbox 1417 2340 1486 2380; x_wconf 88' lang='lat' dir='ltr'><strong>ex</strong></span> <span class='ocrx_word' id='word_1_172' title='bbox 1524 2324 1751 2380; x_wconf 86' lang='lat' dir='ltr'><strong>semine.</strong></span> 
     </span>
    </p>
   </div>
   <div class='ocr_carea' id='block_1_23' title="bbox 147 2416 1752 2490">
    <p class='ocr_par' dir='ltr' id='par_1_23' title="bbox 147 2416 1752 2490">
     <span class='ocr_line' id='line_1_23' title="bbox 147 2416 1752 2490; baseline 0 -20"><span class='ocrx_word' id='word_1_173' title='bbox 147 2418 515 2488; x_wconf 82' lang='lat' dir='ltr'><strong>Quamobrem</strong></span> <span class='ocrx_word' id='word_1_174' title='bbox 559 2434 663 2473; x_wconf 90' lang='lat' dir='ltr'><strong>non</strong></span> <span class='ocrx_word' id='word_1_175' title='bbox 703 2419 934 2490; x_wconf 89' lang='lat' dir='ltr'><strong>amplius</strong></span> <span class='ocrx_word' id='word_1_176' title='bbox 960 2420 1302 2488; x_wconf 85' lang='lat' dir='ltr'><strong>pertimesco,</strong></span> <span class='ocrx_word' id='word_1_177' title='bbox 1323 2416 1752 2489; x_wconf 87' lang='lat' dir='ltr'><strong>quandoquidem</strong></span> 
     </span>
    </p>
   </div>
   <div class='ocr_carea' id='block_1_24' title="bbox 147 2509 1753 2582">
    <p class='ocr_par' dir='ltr' id='par_1_24' title="bbox 147 2509 1753 2582">
     <span class='ocr_line' id='line_1_24' title="bbox 147 2509 1753 2582; baseline -0.004 -16"><span class='ocrx_word' id='word_1_178' title='bbox 147 2520 366 2566; x_wconf 80' lang='lat' dir='ltr'><strong>sursum</strong></span> <span class='ocrx_word' id='word_1_179' title='bbox 397 2512 644 2582; x_wconf 71' lang='lat' dir='ltr'><strong>primitia:</strong></span> <span class='ocrx_word' id='word_1_180' title='bbox 666 2519 864 2567; x_wconf 75' lang='lat' dir='ltr'><strong>nostra:</strong></span> <span class='ocrx_word' id='word_1_181' title='bbox 892 2511 1080 2565; x_wconf 87' lang='lat' dir='ltr'><strong>sedent</strong></span> <span class='ocrx_word' id='word_1_182' title='bbox 1111 2528 1124 2564; x_wconf 90' lang='lat'><strong>:</strong></span> <span class='ocrx_word' id='word_1_183' title='bbox 1159 2510 1358 2566; x_wconf 91' lang='lat' dir='ltr'><strong>idcirco</strong></span> <span class='ocrx_word' id='word_1_184' title='bbox 1383 2509 1508 2565; x_wconf 92' lang='lat' dir='ltr'><strong>licet</strong></span> <span class='ocrx_word' id='word_1_185' title='bbox 1531 2509 1753 2563; x_wconf 87' lang='lat' dir='ltr'><strong>immor-</strong></span> 
     </span>
    </p>
   </div>
   <div class='ocr_carea' id='block_1_25' title="bbox 149 2602 1756 2673">
    <p class='ocr_par' dir='ltr' id='par_1_25' title="bbox 149 2602 1756 2673">
     <span class='ocr_line' id='line_1_25' title="bbox 149 2602 1756 2673; baseline -0.001 -16"><span class='ocrx_word' id='word_1_186' title='bbox 149 2603 316 2657; x_wconf 81' lang='lat' dir='ltr'><strong>talem</strong></span> <span class='ocrx_word' id='word_1_187' title='bbox 363 2604 492 2658; x_wconf 89' lang='lat' dir='ltr'><strong>mihi</strong></span> <span class='ocrx_word' id='word_1_188' title='bbox 542 2619 780 2658; x_wconf 89' lang='lat' dir='ltr'><strong>vermem</strong></span> <span class='ocrx_word' id='word_1_189' title='bbox 811 2603 1066 2673; x_wconf 72' lang='lat' dir='ltr'><strong>obiicias,</strong></span> <span class='ocrx_word' id='word_1_190' title='bbox 1120 2604 1248 2658; x_wconf 90' lang='lat' dir='ltr'><strong>licet</strong></span> <span class='ocrx_word' id='word_1_191' title='bbox 1291 2603 1466 2673; x_wconf 88' lang='lat' dir='ltr'><strong>ignem</strong></span> <span class='ocrx_word' id='word_1_192' title='bbox 1497 2602 1756 2657; x_wconf 77' lang='lat' dir='ltr'><strong>inexsun-</strong></span> 
     </span>
    </p>
   </div>
   <div class='ocr_carea' id='block_1_26' title="bbox 145 2695 1755 2767">
    <p class='ocr_par' dir='ltr' id='par_1_26' title="bbox 145 2695 1755 2767">
     <span class='ocr_line' id='line_1_26' title="bbox 145 2695 1755 2767; baseline -0.001 -17"><span class='ocrx_word' id='word_1_193' title='bbox 145 2704 320 2758; x_wconf 87' lang='lat' dir='ltr'><strong>ctum.</strong></span> <span class='ocrx_word' id='word_1_194' title='bbox 373 2696 499 2754; x_wconf 84' lang='lat' dir='ltr'><strong>licet</strong></span> <span class='ocrx_word' id='word_1_195' title='bbox 556 2696 694 2751; x_wconf 88' lang='lat' dir='ltr'><strong>alias</strong></span> <span class='ocrx_word' id='word_1_196' title='bbox 738 2710 926 2766; x_wconf 73' lang='lat' dir='ltr'><strong>pmnas</strong></span> <span class='ocrx_word' id='word_1_197' title='bbox 953 2711 1016 2750; x_wconf 90' lang='lat' dir='ltr'><strong>ac</strong></span> <span class='ocrx_word' id='word_1_198' title='bbox 1042 2696 1325 2767; x_wconf 86' lang='lat' dir='ltr'><strong>supplicia,</strong></span> <span class='ocrx_word' id='word_1_199' title='bbox 1370 2711 1476 2751; x_wconf 90' lang='lat' dir='ltr'><strong>non</strong></span> <span class='ocrx_word' id='word_1_200' title='bbox 1524 2695 1755 2765; x_wconf 87' lang='lat' dir='ltr'><strong>amplius</strong></span> 
     </span>
    </p>
   </div>
   <div class='ocr_carea' id='block_1_27' title="bbox 149 2786 1757 2858">
    <p class='ocr_par' dir='ltr' id='par_1_27' title="bbox 149 2786 1757 2858">
     <span class='ocr_line' id='line_1_27' title="bbox 149 2786 1757 2858; baseline -0.001 -17"><span class='ocrx_word' id='word_1_201' title='bbox 149 2786 492 2841; x_wconf 86' lang='lat' dir='ltr'><strong>reformido:</strong></span> <span class='ocrx_word' id='word_1_202' title='bbox 550 2787 657 2841; x_wconf 89' lang='lat' dir='ltr'><strong>imo</strong></span> <span class='ocrx_word' id='word_1_203' title='bbox 683 2802 815 2843; x_wconf 87' lang='lat' dir='ltr'><strong>vero</strong></span> <span class='ocrx_word' id='word_1_204' title='bbox 863 2786 1156 2842; x_wconf 89' lang='lat' dir='ltr'><strong>reformido</strong></span> <span class='ocrx_word' id='word_1_205' title='bbox 1202 2787 1486 2858; x_wconf 84' lang='lat' dir='ltr'><strong>equidem,</strong></span> <span class='ocrx_word' id='word_1_206' title='bbox 1540 2801 1757 2840; x_wconf 83' lang='lat' dir='ltr'><strong>verum-</strong></span> 
     </span>
    </p>
   </div>
   <div class='ocr_carea' id='block_1_28' title="bbox 149 2877 1754 2949">
    <p class='ocr_par' dir='ltr' id='par_1_28' title="bbox 149 2877 1754 2949">
     <span class='ocr_line' id='line_1_28' title="bbox 149 2877 1754 2949; baseline -0.001 -15"><span class='ocrx_word' id='word_1_207' title='bbox 149 2887 336 2934; x_wconf 87' lang='lat' dir='ltr'><strong>tamen</strong></span> <span class='ocrx_word' id='word_1_208' title='bbox 365 2877 435 2934; x_wconf 92' lang='lat' dir='ltr'><strong>de</strong></span> <span class='ocrx_word' id='word_1_209' title='bbox 460 2878 634 2934; x_wconf 85' lang='lat' dir='ltr'><strong>salute</strong></span> <span class='ocrx_word' id='word_1_210' title='bbox 674 2894 792 2935; x_wconf 85' lang='lat' dir='ltr'><strong>mea</strong></span> <span class='ocrx_word' id='word_1_211' title='bbox 821 2895 930 2934; x_wconf 89' lang='lat' dir='ltr'><strong>non</strong></span> <span class='ocrx_word' id='word_1_212' title='bbox 957 2879 1206 2949; x_wconf 85' lang='lat' dir='ltr'><strong>despero.</strong></span> <span class='ocrx_word' id='word_1_213' title='bbox 1230 2879 1343 2934; x_wconf 88' lang='lat' dir='ltr'><strong>Nisi</strong></span> <span class='ocrx_word' id='word_1_214' title='bbox 1385 2879 1534 2934; x_wconf 91' lang='lat' dir='ltr'><strong>enim</strong></span> <span class='ocrx_word' id='word_1_215' title='bbox 1562 2893 1754 2949; x_wconf 87' lang='lat' dir='ltr'><strong>magna</strong></span> 
     </span>
    </p>
   </div>
   <div class='ocr_carea' id='block_1_29' title="bbox 149 2970 1752 3040">
    <p class='ocr_par' dir='ltr' id='par_1_29' title="bbox 149 2970 1752 3040">
     <span class='ocr_line' id='line_1_29' title="bbox 149 2970 1752 3040; baseline -0.001 -16"><span class='ocrx_word' id='word_1_216' title='bbox 149 2971 205 3024; x_wconf 92' lang='lat' dir='ltr'><strong>in</strong></span> <span class='ocrx_word' id='word_1_217' title='bbox 250 2985 424 3039; x_wconf 82' lang='lat' dir='ltr'><strong>genus</strong></span> <span class='ocrx_word' id='word_1_218' title='bbox 483 2980 726 3025; x_wconf 88' lang='lat' dir='ltr'><strong>nostrum</strong></span> <span class='ocrx_word' id='word_1_219' title='bbox 780 2986 1078 3040; x_wconf 88' lang='lat' dir='ltr'><strong>congerere</strong></span> <span class='ocrx_word' id='word_1_220' title='bbox 1107 2971 1245 3027; x_wconf 87' lang='lat' dir='ltr'><strong>bona</strong></span> <span class='ocrx_word' id='word_1_221' title='bbox 1289 2972 1564 3027; x_wconf 85' lang='lat' dir='ltr'><strong>statuisset</strong></span> <span class='ocrx_word' id='word_1_222' title='bbox 1590 2970 1752 3037; x_wconf 85' lang='lat' dir='ltr'><strong>Deus,</strong></span> 
     </span>
    </p>
   </div>
   <div class='ocr_carea' id='block_1_30' title="bbox 153 3061 1752 3130">
    <p class='ocr_par' dir='ltr' id='par_1_30' title="bbox 153 3061 1752 3130">
     <span class='ocr_line' id='line_1_30' title="bbox 153 3061 1752 3130; baseline 0.001 -15"><span class='ocrx_word' id='word_1_223' title='bbox 153 3062 426 3129; x_wconf 82' lang='lat' dir='ltr'><strong>primitias</strong></span> <span class='ocrx_word' id='word_1_224' title='bbox 467 3072 678 3117; x_wconf 84' lang='lat' dir='ltr'><strong>nostras</strong></span> <span class='ocrx_word' id='word_1_225' title='bbox 715 3077 932 3118; x_wconf 82' lang='lat' dir='ltr'><strong>sursum</strong></span> <span class='ocrx_word' id='word_1_226' title='bbox 987 3077 1096 3116; x_wconf 91' lang='lat' dir='ltr'><strong>non</strong></span> <span class='ocrx_word' id='word_1_227' title='bbox 1137 3061 1540 3130; x_wconf 86' lang='lat' dir='ltr'><strong>assumpsisset.</strong></span> <span class='ocrx_word' id='word_1_228' title='bbox 1582 3063 1752 3116; x_wconf 82' lang='lat' dir='ltr'><strong>Antea</strong></span> 
     </span>
    </p>
   </div>
   <div class='ocr_carea' id='block_1_31' title="bbox 149 3152 1758 3222">
    <p class='ocr_par' dir='ltr' id='par_1_31' title="bbox 149 3152 1758 3222">
     <span class='ocr_line' id='line_1_31' title="bbox 149 3152 1758 3222; baseline 0.002 -19"><span class='ocrx_word' id='word_1_229' title='bbox 149 3152 374 3220; x_wconf 89' lang='lat' dir='ltr'><strong>quidem</strong></span> <span class='ocrx_word' id='word_1_230' title='bbox 409 3166 527 3211; x_wconf 62' lang='lat' dir='ltr'><strong>&#39;nos</strong></span> <span class='ocrx_word' id='word_1_231' title='bbox 572 3154 925 3222; x_wconf 80' lang='lat' dir='ltr'><strong>suspicientes</strong></span> <span class='ocrx_word' id='word_1_232' title='bbox 955 3154 1008 3208; x_wconf 92' lang='lat' dir='ltr'><strong>in</strong></span> <span class='ocrx_word' id='word_1_233' title='bbox 1045 3154 1258 3219; x_wconf 67' lang='lat' dir='ltr'><strong>caelum,</strong></span> <span class='ocrx_word' id='word_1_234' title='bbox 1313 3154 1658 3222; x_wconf 78' lang='lat' dir='ltr'><strong>incOrporeas</strong></span> <span class='ocrx_word' id='word_1_235' title='bbox 1692 3152 1758 3206; x_wconf 84' lang='lat' dir='ltr'><strong>il-</strong></span> 
     </span>
    </p>
   </div>
   <div class='ocr_carea' id='block_1_32' title="bbox 151 3243 1753 3314">
    <p class='ocr_par' dir='ltr' id='par_1_32' title="bbox 151 3243 1753 3314">
     <span class='ocr_line' id='line_1_32' title="bbox 151 3243 1753 3314; baseline -0.001 -16"><span class='ocrx_word' id='word_1_236' title='bbox 151 3243 234 3298; x_wconf 88' lang='lat' dir='ltr'><strong>las</strong></span> <span class='ocrx_word' id='word_1_237' title='bbox 257 3243 558 3314; x_wconf 84' lang='lat' dir='ltr'><strong>cogitantes</strong></span> <span class='ocrx_word' id='word_1_238' title='bbox 585 3244 830 3309; x_wconf 82' lang='lat' dir='ltr'><strong>virtutes,</strong></span> <span class='ocrx_word' id='word_1_239' title='bbox 869 3245 1130 3299; x_wconf 73' lang='lat' dir='ltr'><strong>vilitatem</strong></span> <span class='ocrx_word' id='word_1_240' title='bbox 1183 3252 1422 3299; x_wconf 88' lang='lat' dir='ltr'><strong>nostram</strong></span> <span class='ocrx_word' id='word_1_241' title='bbox 1462 3243 1602 3299; x_wconf 86' lang='lat' dir='ltr'><strong>facta</strong></span> <span class='ocrx_word' id='word_1_242' title='bbox 1631 3259 1753 3299; x_wconf 90' lang='lat' dir='ltr'><strong>cum</strong></span> 
     </span>
    </p>
   </div>
   <div class='ocr_carea' id='block_1_33' title="bbox 151 3333 1755 3404">
    <p class='ocr_par' dir='ltr' id='par_1_33' title="bbox 151 3333 1755 3404">
     <span class='ocr_line' id='line_1_33' title="bbox 151 3333 1755 3404; baseline 0.001 -17"><span class='ocrx_word' id='word_1_243' title='bbox 151 3333 407 3402; x_wconf 89' lang='lat' dir='ltr'><strong>supernis</strong></span> <span class='ocrx_word' id='word_1_244' title='bbox 454 3334 736 3389; x_wconf 82' lang='lat' dir='ltr'><strong>virtutibus</strong></span> <span class='ocrx_word' id='word_1_245' title='bbox 785 3335 1188 3404; x_wconf 87' lang='lat' dir='ltr'><strong>comparatione</strong></span> <span class='ocrx_word' id='word_1_246' title='bbox 1229 3335 1618 3401; x_wconf 88' lang='lat' dir='ltr'><strong>cernebamus;</strong></span> <span class='ocrx_word' id='word_1_247' title='bbox 1644 3335 1755 3404; x_wconf 84' lang='lat' dir='ltr'><strong>jam</strong></span> 
     </span>
    </p>
   </div>
   <div class='ocr_carea' id='block_1_34' title="bbox 154 3426 1754 3496">
    <p class='ocr_par' dir='ltr' id='par_1_34' title="bbox 154 3426 1754 3496">
     <span class='ocr_line' id='line_1_34' title="bbox 154 3426 1754 3496; baseline 0.003 -17"><span class='ocrx_word' id='word_1_248' title='bbox 154 3440 292 3481; x_wconf 84' lang='lat' dir='ltr'><strong>vero</strong></span> <span class='ocrx_word' id='word_1_249' title='bbox 358 3441 484 3481; x_wconf 85' lang='lat' dir='ltr'><strong>cum</strong></span> <span class='ocrx_word' id='word_1_250' title='bbox 505 3426 833 3482; x_wconf 85' lang='lat' dir='ltr'><strong>nobilitatem</strong></span> <span class='ocrx_word' id='word_1_251' title='bbox 860 3436 1099 3482; x_wconf 87' lang='lat' dir='ltr'><strong>nostram</strong></span> <span class='ocrx_word' id='word_1_252' title='bbox 1145 3442 1371 3483; x_wconf 89' lang='lat' dir='ltr'><strong>cernere</strong></span> <span class='ocrx_word' id='word_1_253' title='bbox 1390 3427 1718 3484; x_wconf 85' lang='lat' dir='ltr'><strong>voluerimus</strong></span> <span class='ocrx_word' id='word_1_254' title='bbox 1735 3471 1754 3496; x_wconf 90' lang='lat'><strong>,</strong></span> 
     </span>
    </p>
   </div>
   <div class='ocr_carea' id='block_1_35' title="bbox 152 3519 1754 3591">
    <p class='ocr_par' dir='ltr' id='par_1_35' title="bbox 152 3519 1754 3591">
     <span class='ocr_line' id='line_1_35' title="bbox 152 3519 1754 3591; baseline 0.004 -19"><span class='ocrx_word' id='word_1_255' title='bbox 152 3519 209 3572; x_wconf 88' lang='lat' dir='ltr'><strong>in</strong></span> <span class='ocrx_word' id='word_1_256' title='bbox 263 3519 456 3573; x_wconf 70' lang='lat' dir='ltr'><strong>cmlnm</strong></span> <span class='ocrx_word' id='word_1_257' title='bbox 503 3520 845 3589; x_wconf 85' lang='lat' dir='ltr'><strong>suspicimus,</strong></span> <span class='ocrx_word' id='word_1_258' title='bbox 896 3519 963 3574; x_wconf 91' lang='lat' dir='ltr'><strong>ad</strong></span> <span class='ocrx_word' id='word_1_259' title='bbox 1005 3522 1209 3591; x_wconf 82' lang='lat' dir='ltr'><strong>regium</strong></span> <span class='ocrx_word' id='word_1_260' title='bbox 1239 3520 1413 3590; x_wconf 88' lang='lat' dir='ltr'><strong>ipsum</strong></span> <span class='ocrx_word' id='word_1_261' title='bbox 1463 3521 1754 3578; x_wconf 90' lang='lat' dir='ltr'><strong>thronum:</strong></span> 
     </span>
    </p>
   </div>
   <div class='ocr_carea' id='block_1_36' title="bbox 153 3608 1755 3682">
    <p class='ocr_par' dir='ltr' id='par_1_36' title="bbox 153 3608 1755 3682">
     <span class='ocr_line' id='line_1_36' title="bbox 153 3608 1755 3682; baseline 0.004 -21"><span class='ocrx_word' id='word_1_262' title='bbox 153 3608 264 3663; x_wconf 83' lang='lat' dir='ltr'><strong>illic</strong></span> <span class='ocrx_word' id='word_1_263' title='bbox 310 3610 455 3663; x_wconf 86' lang='lat' dir='ltr'><strong>enim</strong></span> <span class='ocrx_word' id='word_1_264' title='bbox 496 3626 561 3664; x_wconf 87' lang='lat' dir='ltr'><strong>ex</strong></span> <span class='ocrx_word' id='word_1_265' title='bbox 613 3610 768 3666; x_wconf 88' lang='lat' dir='ltr'><strong>nobis</strong></span> <span class='ocrx_word' id='word_1_266' title='bbox 804 3621 1032 3681; x_wconf 64' lang='lat' dir='ltr'><strong>sumptae</strong></span> <span class='ocrx_word' id='word_1_267' title='bbox 1068 3612 1317 3682; x_wconf 68' lang='lat' dir='ltr'><strong>primitiae</strong></span> <span class='ocrx_word' id='word_1_268' title='bbox 1342 3612 1643 3669; x_wconf 88' lang='lat' dir='ltr'><strong>consident.</strong></span> <span class='ocrx_word' id='word_1_269' title='bbox 1681 3612 1755 3668; x_wconf 88' lang='lat' dir='ltr'><strong>Ita</strong></span> 
     </span>
    </p>
   </div>
   <div class='ocr_carea' id='block_1_37' title="bbox 153 3703 1753 3773">
    <p class='ocr_par' dir='ltr' id='par_1_37' title="bbox 153 3703 1753 3773">
     <span class='ocr_line' id='line_1_37' title="bbox 153 3703 1753 3773; baseline 0.004 -20"><span class='ocrx_word' id='word_1_270' title='bbox 153 3715 376 3772; x_wconf 89' lang='lat' dir='ltr'><strong>quoque</strong></span> <span class='ocrx_word' id='word_1_271' title='bbox 425 3703 603 3758; x_wconf 80' lang='lat' dir='ltr'><strong>veniet</strong></span> <span class='ocrx_word' id='word_1_272' title='bbox 631 3717 662 3758; x_wconf 91' lang='lat' dir='ltr'><strong>e</strong></span> <span class='ocrx_word' id='word_1_273' title='bbox 709 3703 877 3768; x_wconf 64' lang='lat' dir='ltr'><strong>carlis,</strong></span> <span class='ocrx_word' id='word_1_274' title='bbox 927 3712 985 3757; x_wconf 91' lang='lat' dir='ltr'><strong>ut</strong></span> <span class='ocrx_word' id='word_1_275' title='bbox 1029 3718 1126 3758; x_wconf 86' lang='lat' dir='ltr'><strong>nos</strong></span> <span class='ocrx_word' id='word_1_276' title='bbox 1163 3703 1370 3773; x_wconf 86' lang='lat' dir='ltr'><strong>judicet</strong></span> <span class='ocrx_word' id='word_1_277' title='bbox 1413 3705 1506 3761; x_wconf 86' lang='lat' dir='ltr'><strong>Dei</strong></span> <span class='ocrx_word' id='word_1_278' title='bbox 1545 3705 1753 3761; x_wconf 83' lang='lat' dir='ltr'><strong>Filius:</strong></span> 
     </span>
    </p>
   </div>
   <div class='ocr_carea' id='block_1_38' title="bbox 153 3791 1757 3864">
    <p class='ocr_par' dir='ltr' id='par_1_38' title="bbox 153 3791 1757 3864">
     <span class='ocr_line' id='line_1_38' title="bbox 153 3791 1757 3864; baseline 0.002 -19"><span class='ocrx_word' id='word_1_279' title='bbox 153 3791 508 3860; x_wconf 80' lang='lat' dir='ltr'><strong>quamobrem</strong></span> <span class='ocrx_word' id='word_1_280' title='bbox 563 3793 726 3860; x_wconf 85' lang='lat' dir='ltr'><strong>parati</strong></span> <span class='ocrx_word' id='word_1_281' title='bbox 759 3795 949 3854; x_wconf 86' lang='lat' dir='ltr'><strong>simus.</strong></span> <span class='ocrx_word' id='word_1_282' title='bbox 1001 3809 1070 3849; x_wconf 90' lang='lat' dir='ltr'><strong>ne</strong></span> <span class='ocrx_word' id='word_1_283' title='bbox 1093 3794 1162 3848; x_wconf 91' lang='lat' dir='ltr'><strong>ab</strong></span> <span class='ocrx_word' id='word_1_284' title='bbox 1210 3794 1298 3850; x_wconf 88' lang='lat' dir='ltr'><strong>illa</strong></span> <span class='ocrx_word' id='word_1_285' title='bbox 1343 3795 1511 3864; x_wconf 85' lang='lat' dir='ltr'><strong>gloria</strong></span> <span class='ocrx_word' id='word_1_286' title='bbox 1539 3797 1757 3852; x_wconf 79' lang='lat' dir='ltr'><strong>excida-</strong></span> 
     </span>
    </p>
   </div>
   <div class='ocr_carea' id='block_1_39' title="bbox 155 3881 1758 3944">
    <p class='ocr_par' dir='ltr' id='par_1_39' title="bbox 155 3881 1758 3944">
     <span class='ocr_line' id='line_1_39' title="bbox 155 3881 1758 3944; baseline 0.005 -8"><span class='ocrx_word' id='word_1_287' title='bbox 155 3897 298 3938; x_wconf 83' lang='lat' dir='ltr'><strong>ntus.</strong></span> <span class='ocrx_word' id='word_1_288' title='bbox 327 3881 558 3938; x_wconf 87' lang='lat' dir='ltr'><strong>Omnino</strong></span> <span class='ocrx_word' id='word_1_289' title='bbox 584 3884 725 3938; x_wconf 90' lang='lat' dir='ltr'><strong>enim</strong></span> <span class='ocrx_word' id='word_1_290' title='bbox 757 3886 934 3940; x_wconf 83' lang='lat' dir='ltr'><strong>veniet</strong></span> <span class='ocrx_word' id='word_1_291' title='bbox 980 3894 1034 3940; x_wconf 92' lang='lat' dir='ltr'><strong>et</strong></span> <span class='ocrx_word' id='word_1_292' title='bbox 1059 3900 1163 3940; x_wconf 90' lang='lat' dir='ltr'><strong>non</strong></span> <span class='ocrx_word' id='word_1_293' title='bbox 1193 3886 1423 3942; x_wconf 85' lang='lat' dir='ltr'><strong>tardabit</strong></span> <span class='ocrx_word' id='word_1_294' title='bbox 1459 3890 1758 3944; x_wconf 88' lang='lat' dir='ltr'><strong>communis</strong></span> 
     </span>
    </p>
   </div>
   <div class='ocr_carea' id='block_1_40' title="bbox 155 3973 1755 4048">
    <p class='ocr_par' dir='ltr' id='par_1_40' title="bbox 155 3973 1755 4048">
     <span class='ocr_line' id='line_1_40' title="bbox 155 3973 1755 4048; baseline 0.003 -20"><span class='ocrx_word' id='word_1_295' title='bbox 155 3973 420 4028; x_wconf 81' lang='lat' dir='ltr'><strong>Dominus</strong></span> <span class='ocrx_word' id='word_1_296' title='bbox 465 3985 681 4040; x_wconf 84' lang='lat' dir='ltr'><strong>noster;</strong></span> <span class='ocrx_word' id='word_1_297' title='bbox 713 3979 891 4032; x_wconf 85' lang='lat' dir='ltr'><strong>veniet</strong></span> <span class='ocrx_word' id='word_1_298' title='bbox 941 3978 1209 4034; x_wconf 90' lang='lat' dir='ltr'><strong>exercitus</strong></span> <span class='ocrx_word' id='word_1_299' title='bbox 1261 3994 1445 4035; x_wconf 86' lang='lat' dir='ltr'><strong>secum</strong></span> <span class='ocrx_word' id='word_1_300' title='bbox 1498 3979 1755 4048; x_wconf 86' lang='lat' dir='ltr'><strong>trahens,</strong></span> 
     </span>
    </p>
   </div>
   <div class='ocr_carea' id='block_1_41' title="bbox 155 4064 1759 4143">
    <p class='ocr_par' dir='ltr' id='par_1_41' title="bbox 155 4064 1759 4143">
     <span class='ocr_line' id='line_1_41' title="bbox 155 4064 1759 4143; baseline 0.004 -25"><span class='ocrx_word' id='word_1_301' title='bbox 155 4064 473 4133; x_wconf 48' lang='lat' dir='ltr'><strong>angelorum</strong></span> <span class='ocrx_word' id='word_1_302' title='bbox 503 4066 736 4135; x_wconf 86' lang='lat' dir='ltr'><strong>agmina,</strong></span> <span class='ocrx_word' id='word_1_303' title='bbox 769 4068 990 4123; x_wconf 84' lang='lat' dir='ltr'><strong>ordines</strong></span> <span class='ocrx_word' id='word_1_304' title='bbox 1040 4069 1504 4140; x_wconf 87' lang='lat' dir='ltr'><strong>archangelorum,</strong></span> <span class='ocrx_word' id='word_1_305' title='bbox 1557 4081 1759 4143; x_wconf 82' lang='lat' dir='ltr'><strong>marty-</strong></span> 
     </span>
    </p>
   </div>
   <div class='ocr_carea' id='block_1_42' title="bbox 155 4156 1760 4230">
    <p class='ocr_par' dir='ltr' id='par_1_42' title="bbox 155 4156 1760 4230">
     <span class='ocr_line' id='line_1_42' title="bbox 155 4156 1760 4230; baseline 0.005 -22"><span class='ocrx_word' id='word_1_306' title='bbox 155 4168 280 4208; x_wconf 82' lang='lat' dir='ltr'><strong>rum</strong></span> <span class='ocrx_word' id='word_1_307' title='bbox 325 4164 550 4221; x_wconf 87' lang='lat' dir='ltr'><strong>turmas,</strong></span> <span class='ocrx_word' id='word_1_308' title='bbox 571 4156 835 4224; x_wconf 70' lang='lat' dir='ltr'><strong>iustorum</strong></span> <span class='ocrx_word' id='word_1_309' title='bbox 863 4157 1080 4223; x_wconf 84' lang='lat' dir='ltr'><strong>choros,</strong></span> <span class='ocrx_word' id='word_1_310' title='bbox 1119 4161 1497 4230; x_wconf 86' lang='lat' dir='ltr'><strong>prophetarum</strong></span> <span class='ocrx_word' id='word_1_311' title='bbox 1538 4170 1592 4216; x_wconf 92' lang='lat' dir='ltr'><strong>et</strong></span> <span class='ocrx_word' id='word_1_312' title='bbox 1631 4176 1760 4230; x_wconf 83' lang='lat' dir='ltr'><strong>apo-</strong></span> 
     </span>
    </p>
   </div>
   <div class='ocr_carea' id='block_1_43' title="bbox 155 4243 1760 4318">
    <p class='ocr_par' dir='ltr' id='par_1_43' title="bbox 155 4243 1760 4318">
     <span class='ocr_line' id='line_1_43' title="bbox 155 4243 1760 4318; baseline 0.006 -18"><span class='ocrx_word' id='word_1_313' title='bbox 155 4243 422 4300; x_wconf 80' lang='lat' dir='ltr'><strong>stolarum</strong></span> <span class='ocrx_word' id='word_1_314' title='bbox 445 4258 635 4313; x_wconf 72' lang='lat' dir='ltr'><strong>cretus,</strong></span> <span class='ocrx_word' id='word_1_315' title='bbox 656 4249 780 4304; x_wconf 90' lang='lat' dir='ltr'><strong>etin</strong></span> <span class='ocrx_word' id='word_1_316' title='bbox 805 4248 983 4304; x_wconf 86' lang='lat' dir='ltr'><strong>medio</strong></span> <span class='ocrx_word' id='word_1_317' title='bbox 1006 4251 1360 4318; x_wconf 86' lang='lat' dir='ltr'><strong>spiritualium</strong></span> <span class='ocrx_word' id='word_1_318' title='bbox 1383 4253 1592 4307; x_wconf 92' lang='lat' dir='ltr'><strong>illorum</strong></span> <span class='ocrx_word' id='word_1_319' title='bbox 1605 4269 1760 4309; x_wconf 84' lang='lat' dir='ltr'><strong>exer-</strong></span> 
     </span>
    </p>
   </div>
   <div class='ocr_carea' id='block_1_44' title="bbox 156 4334 1759 4414">
    <p class='ocr_par' dir='ltr' id='par_1_44' title="bbox 156 4334 1759 4414">
     <span class='ocr_line' id='line_1_44' title="bbox 156 4334 1759 4414; baseline 0.006 -26"><span class='ocrx_word' id='word_1_320' title='bbox 156 4335 364 4389; x_wconf 89' lang='lat' dir='ltr'><strong>cituum</strong></span> <span class='ocrx_word' id='word_1_321' title='bbox 414 4334 668 4391; x_wconf 75' lang='lat' dir='ltr'><strong>ineffabili</strong></span> <span class='ocrx_word' id='word_1_322' title='bbox 721 4338 948 4407; x_wconf 88' lang='lat' dir='ltr'><strong>quadam</strong></span> <span class='ocrx_word' id='word_1_323' title='bbox 978 4350 1030 4395; x_wconf 91' lang='lat' dir='ltr'><strong>et</strong></span> <span class='ocrx_word' id='word_1_324' title='bbox 1063 4341 1420 4413; x_wconf 87' lang='lat' dir='ltr'><strong>inexplicabili</strong></span> <span class='ocrx_word' id='word_1_325' title='bbox 1448 4343 1615 4414; x_wconf 80' lang='lat' dir='ltr'><strong>gloria</strong></span> <span class='ocrx_word' id='word_1_326' title='bbox 1663 4359 1759 4399; x_wconf 87' lang='lat' dir='ltr'><strong>rex</strong></span> 
     </span>
    </p>
   </div>
   <div class='ocr_carea' id='block_1_45' title="bbox 157 4423 846 4496">
    <p class='ocr_par' dir='ltr' id='par_1_45' title="bbox 157 4423 846 4496">
     <span class='ocr_line' id='line_1_45' title="bbox 157 4423 846 4496; baseline 0.006 -17"><span class='ocrx_word' id='word_1_327' title='bbox 157 4423 522 4480; x_wconf 86' lang='lat' dir='ltr'><strong>circumdatus</strong></span> <span class='ocrx_word' id='word_1_328' title='bbox 550 4427 846 4496; x_wconf 86' lang='lat' dir='ltr'><strong>apparebit.</strong></span> 
     </span>
    </p>
   </div>
   <div class='ocr_carea' id='block_1_46' title="bbox 232 4512 1758 4588">
    <p class='ocr_par' dir='ltr' id='par_1_46' title="bbox 232 4512 1758 4588">
     <span class='ocr_line' id='line_1_46' title="bbox 232 4512 1758 4588; baseline 0.007 -19"><span class='ocrx_word' id='word_1_329' title='bbox 232 4512 288 4569; x_wconf 83' lang='lat'><strong>6.</strong></span> <span class='ocrx_word' id='word_1_330' title='bbox 316 4515 544 4571; x_wconf 81' lang='lat' dir='ltr'><strong>Omnem</strong></span> <span class='ocrx_word' id='word_1_331' title='bbox 573 4517 729 4587; x_wconf 86' lang='lat' dir='ltr'><strong>igitur</strong></span> <span class='ocrx_word' id='word_1_332' title='bbox 777 4533 996 4588; x_wconf 87' lang='lat' dir='ltr'><strong>operam</strong></span> <span class='ocrx_word' id='word_1_333' title='bbox 1035 4520 1416 4587; x_wconf 84' lang='lat' dir='ltr'><strong>adhibeamus,</strong></span> <span class='ocrx_word' id='word_1_334' title='bbox 1463 4532 1520 4578; x_wconf 91' lang='lat' dir='ltr'><strong>ut</strong></span> <span class='ocrx_word' id='word_1_335' title='bbox 1557 4524 1626 4578; x_wconf 91' lang='lat' dir='ltr'><strong>ab</strong></span> <span class='ocrx_word' id='word_1_336' title='bbox 1671 4525 1758 4580; x_wconf 86' lang='lat' dir='ltr'><strong>illa</strong></span> 
     </span>
    </p>
   </div>
   <div class='ocr_carea' id='block_1_47' title="bbox 158 4604 1758 4685">
    <p class='ocr_par' dir='ltr' id='par_1_47' title="bbox 158 4604 1758 4685">
     <span class='ocr_line' id='line_1_47' title="bbox 158 4604 1758 4685; baseline 0.007 -25"><span class='ocrx_word' id='word_1_337' title='bbox 158 4604 331 4674; x_wconf 85' lang='lat' dir='ltr'><strong>gloria</strong></span> <span class='ocrx_word' id='word_1_338' title='bbox 383 4621 491 4660; x_wconf 89' lang='lat' dir='ltr'><strong>non</strong></span> <span class='ocrx_word' id='word_1_339' title='bbox 531 4607 860 4664; x_wconf 68' lang='lat' dir='ltr'><strong>excidemus.</strong></span> <span class='ocrx_word' id='word_1_340' title='bbox 895 4609 1064 4664; x_wconf 81' lang='lat' dir='ltr'><strong>Vultis</strong></span> <span class='ocrx_word' id='word_1_341' title='bbox 1091 4611 1264 4666; x_wconf 91' lang='lat' dir='ltr'><strong>dicam</strong></span> <span class='ocrx_word' id='word_1_342' title='bbox 1294 4613 1455 4675; x_wconf 77' lang='lat' dir='ltr'><strong>etiam</strong></span> <span class='ocrx_word' id='word_1_343' title='bbox 1501 4629 1587 4680; x_wconf 87' lang='lat' dir='ltr'><strong>ea,</strong></span> <span class='ocrx_word' id='word_1_344' title='bbox 1637 4631 1758 4685; x_wconf 78' lang='lat' dir='ltr'><strong>qua:</strong></span> 
     </span>
    </p>
   </div>
   <div class='ocr_carea' id='block_1_48' title="bbox 160 4697 1760 4770">
    <p class='ocr_par' dir='ltr' id='par_1_48' title="bbox 160 4697 1760 4770">
     <span class='ocr_line' id='line_1_48' title="bbox 160 4697 1760 4770; baseline 0.006 -18"><span class='ocrx_word' id='word_1_345' title='bbox 160 4704 426 4752; x_wconf 83' lang='lat' dir='ltr'><strong>terrorem</strong></span> <span class='ocrx_word' id='word_1_346' title='bbox 456 4697 750 4770; x_wconf 80' lang='lat' dir='ltr'><strong>incutient?</strong></span> <span class='ocrx_word' id='word_1_347' title='bbox 775 4716 881 4755; x_wconf 91' lang='lat' dir='ltr'><strong>non</strong></span> <span class='ocrx_word' id='word_1_348' title='bbox 912 4710 970 4755; x_wconf 92' lang='lat' dir='ltr'><strong>ut</strong></span> <span class='ocrx_word' id='word_1_349' title='bbox 999 4702 1266 4757; x_wconf 82' lang='lat' dir='ltr'><strong>tristitiam</strong></span> <span class='ocrx_word' id='word_1_350' title='bbox 1293 4705 1534 4770; x_wconf 82' lang='lat' dir='ltr'><strong>afferam,</strong></span> <span class='ocrx_word' id='word_1_351' title='bbox 1563 4707 1658 4761; x_wconf 86' lang='lat' dir='ltr'><strong>sed</strong></span> <span class='ocrx_word' id='word_1_352' title='bbox 1701 4716 1760 4760; x_wconf 88' lang='lat' dir='ltr'><strong>ut</strong></span> 
     </span>
    </p>
   </div>
   <div class='ocr_carea' id='block_1_49' title="bbox 159 4769 1762 4865">
    <p class='ocr_par' dir='ltr' id='par_1_49' title="bbox 159 4769 1762 4865">
     <span class='ocr_line' id='line_1_49' title="bbox 159 4769 1762 4865; baseline 0.007 -25"><span class='ocrx_word' id='word_1_353' title='bbox 159 4784 230 4840; x_wconf 86' lang='lat' dir='ltr'><strong>ad</strong></span> <span class='ocrx_word' id='word_1_354' title='bbox 270 4785 543 4842; x_wconf 89' lang='lat' dir='ltr'><strong>meliorem</strong></span> <span class='ocrx_word' id='word_1_355' title='bbox 561 4769 762 4859; x_wconf 69' lang='lat' dir='ltr'><strong>lrugem</strong></span> <span class='ocrx_word' id='word_1_356' title='bbox 779 4790 1085 4861; x_wconf 84' lang='lat' dir='ltr'><strong>.traducam.</strong></span> <span class='ocrx_word' id='word_1_357' title='bbox 1110 4793 1246 4859; x_wconf 76' lang='lat' dir='ltr'><strong>Tum</strong></span> <span class='ocrx_word' id='word_1_358' title='bbox 1261 4793 1459 4850; x_wconf 82' lang='lat' dir='ltr'><strong>ﬂumen</strong></span> <span class='ocrx_word' id='word_1_359' title='bbox 1475 4796 1611 4865; x_wconf 89' lang='lat' dir='ltr'><strong>ignis</strong></span> <span class='ocrx_word' id='word_1_360' title='bbox 1634 4807 1762 4853; x_wconf 90' lang='lat' dir='ltr'><strong>ante</strong></span> 
     </span>
    </p>
   </div>
   <div class='ocr_carea' id='block_1_50' title="bbox 162 4877 1760 4955">
    <p class='ocr_par' dir='ltr' id='par_1_50' title="bbox 162 4877 1760 4955">
     <span class='ocr_line' id='line_1_50' title="bbox 162 4877 1760 4955; baseline 0.009 -26"><span class='ocrx_word' id='word_1_361' title='bbox 162 4877 397 4930; x_wconf 85' lang='lat' dir='ltr'><strong>tribunal</strong></span> <span class='ocrx_word' id='word_1_362' title='bbox 435 4877 565 4934; x_wconf 89' lang='lat' dir='ltr'><strong>illud</strong></span> <span class='ocrx_word' id='word_1_363' title='bbox 591 4879 816 4934; x_wconf 87' lang='lat' dir='ltr'><strong>trahitur</strong></span> <span class='ocrx_word' id='word_1_364' title='bbox 856 4879 1018 4954; x_wconf 87' lang='lat' dir='ltr'><strong>(Dan.</strong></span> <span class='ocrx_word' id='word_1_365' title='bbox 1047 4883 1098 4936; x_wconf 92' lang='lat'><strong>7.</strong></span> <span class='ocrx_word' id='word_1_366' title='bbox 1126 4883 1236 4952; x_wconf 73' lang='lat'><strong>10).</strong></span> <span class='ocrx_word' id='word_1_367' title='bbox 1283 4894 1408 4940; x_wconf 89' lang='lat' dir='ltr'><strong>tunc</strong></span> <span class='ocrx_word' id='word_1_368' title='bbox 1447 4885 1760 4955; x_wconf 88' lang='lat' dir='ltr'><strong>aperiuntur</strong></span> 
     </span>
    </p>
   </div>
   <div class='ocr_carea' id='block_1_51' title="bbox 162 4965 1754 5036">
    <p class='ocr_par' dir='ltr' id='par_1_51' title="bbox 162 4965 1754 5036">
     <span class='ocr_line' id='line_1_51' title="bbox 162 4965 1754 5036; baseline 0.009 -18"><span class='ocrx_word' id='word_1_369' title='bbox 162 4965 286 5020; x_wconf 86' lang='lat' dir='ltr'><strong>libri</strong></span> <span class='ocrx_word' id='word_1_370' title='bbox 312 5008 328 5033; x_wconf 96' lang='lat'><strong>,</strong></span> <span class='ocrx_word' id='word_1_371' title='bbox 355 4966 610 5036; x_wconf 87' lang='lat' dir='ltr'><strong>judicium</strong></span> <span class='ocrx_word' id='word_1_372' title='bbox 631 4981 916 5027; x_wconf 88' lang='lat' dir='ltr'><strong>exercetur</strong></span> <span class='ocrx_word' id='word_1_373' title='bbox 941 4971 1279 5029; x_wconf 83' lang='lat' dir='ltr'><strong>formidabile</strong></span> <span class='ocrx_word' id='word_1_374' title='bbox 1303 4990 1365 5029; x_wconf 89' lang='lat' dir='ltr'><strong>ac</strong></span> <span class='ocrx_word' id='word_1_375' title='bbox 1386 4978 1754 5032; x_wconf 90' lang='lat' dir='ltr'><strong>tremendum:</strong></span> 
     </span>
    </p>
   </div>
   <div class='ocr_carea' id='block_1_52' title="bbox 164 5064 1756 5134">
    <p class='ocr_par' dir='ltr' id='par_1_52' title="bbox 164 5064 1756 5134">
     <span class='ocr_line' id='line_1_52' title="bbox 164 5064 1756 5134; baseline 0.009 -23"><span class='ocrx_word' id='word_1_376' title='bbox 164 5068 454 5129; x_wconf 86' lang='lat' dir='ltr'><strong>propterea</strong></span> <span class='ocrx_word' id='word_1_377' title='bbox 479 5070 744 5131; x_wconf 87' lang='lat' dir='ltr'><strong>tamquam</strong></span> <span class='ocrx_word' id='word_1_378' title='bbox 796 5064 850 5118; x_wconf 91' lang='lat' dir='ltr'><strong>in</strong></span> <span class='ocrx_word' id='word_1_379' title='bbox 921 5065 1121 5134; x_wconf 89' lang='lat' dir='ltr'><strong>judicio</strong></span> <span class='ocrx_word' id='word_1_380' title='bbox 1175 5069 1296 5123; x_wconf 68' lang='lat' dir='ltr'><strong>vita:</strong></span> <span class='ocrx_word' id='word_1_381' title='bbox 1342 5080 1539 5124; x_wconf 59' lang='lat' dir='ltr'><strong>nostra</strong></span> <span class='ocrx_word' id='word_1_382' title='bbox 1590 5071 1756 5126; x_wconf 90' lang='lat' dir='ltr'><strong>diaria</strong></span> 
     </span>
    </p>
   </div>
   <div class='ocr_carea' id='block_1_53' title="bbox 167 5150 1762 5235">
    <p class='ocr_par' dir='ltr' id='par_1_53' title="bbox 167 5150 1762 5235">
     <span class='ocr_line' id='line_1_53' title="bbox 167 5150 1762 5235; baseline 0.009 -32"><span class='ocrx_word' id='word_1_383' title='bbox 167 5150 418 5220; x_wconf 83' lang='lat' dir='ltr'><strong>leguntur</strong></span> <span class='ocrx_word' id='word_1_384' title='bbox 443 5161 499 5207; x_wconf 91' lang='lat' dir='ltr'><strong>et</strong></span> <span class='ocrx_word' id='word_1_385' title='bbox 525 5157 918 5221; x_wconf 87' lang='lat' dir='ltr'><strong>commentarii,</strong></span> <span class='ocrx_word' id='word_1_386' title='bbox 951 5167 1004 5212; x_wconf 91' lang='lat' dir='ltr'><strong>et</strong></span> <span class='ocrx_word' id='word_1_387' title='bbox 1029 5158 1192 5235; x_wconf 77' lang='lat' dir='ltr'><strong>multa</strong></span> <span class='ocrx_word' id='word_1_388' title='bbox 1215 5159 1284 5215; x_wconf 89' lang='lat' dir='ltr'><strong>de</strong></span> <span class='ocrx_word' id='word_1_389' title='bbox 1330 5159 1480 5215; x_wconf 85' lang='lat' dir='ltr'><strong>libris</strong></span> <span class='ocrx_word' id='word_1_390' title='bbox 1515 5162 1630 5216; x_wconf 87' lang='lat' dir='ltr'><strong>istis</strong></span> <span class='ocrx_word' id='word_1_391' title='bbox 1680 5162 1762 5218; x_wconf 85' lang='lat' dir='ltr'><strong>lo-</strong></span> 
     </span>
    </p>
   </div>
   <div class='ocr_carea' id='block_1_54' title="bbox 169 5245 1760 5322">
    <p class='ocr_par' dir='ltr' id='par_1_54' title="bbox 169 5245 1760 5322">
     <span class='ocr_line' id='line_1_54' title="bbox 169 5245 1760 5322; baseline 0.006 -26"><span class='ocrx_word' id='word_1_392' title='bbox 169 5253 411 5312; x_wconf 90' lang='lat' dir='ltr'><strong>quuntur</strong></span> <span class='ocrx_word' id='word_1_393' title='bbox 455 5245 749 5314; x_wconf 78' lang='lat' dir='ltr'><strong>prophetae.</strong></span> <span class='ocrx_word' id='word_1_394' title='bbox 781 5247 856 5302; x_wconf 80' lang='lat' dir='ltr'><strong>Ac</strong></span> <span class='ocrx_word' id='word_1_395' title='bbox 885 5247 1056 5303; x_wconf 73' lang='lat' dir='ltr'><strong>Moses</strong></span> <span class='ocrx_word' id='word_1_396' title='bbox 1085 5247 1301 5318; x_wconf 90' lang='lat' dir='ltr'><strong>quidem</strong></span> <span class='ocrx_word' id='word_1_397' title='bbox 1333 5252 1442 5305; x_wconf 89' lang='lat' dir='ltr'><strong>ait:</strong></span> <span class='ocrx_word' id='word_1_398' title='bbox 1474 5252 1534 5307; x_wconf 85' lang='lat' dir='ltr'><strong>Si</strong></span> <span class='ocrx_word' id='word_1_399' title='bbox 1560 5251 1760 5322; x_wconf 80' lang='lat' dir='ltr'><strong>quidem</strong></span> 
     </span>
    </p>
   </div>
   <div class='ocr_carea' id='block_1_55' title="bbox 162 5333 1762 5414">
    <p class='ocr_par' dir='ltr' id='par_1_55' title="bbox 162 5333 1762 5414">
     <span class='ocr_line' id='line_1_55' title="bbox 162 5333 1762 5414; baseline 0.009 -30"><span class='ocrx_word' id='word_1_400' title='bbox 162 5333 377 5387; x_wconf 73' lang='lat' dir='ltr'><strong>remittis</strong></span> <span class='ocrx_word' id='word_1_401' title='bbox 413 5335 484 5388; x_wconf 90' lang='lat' dir='ltr'><strong>eis</strong></span> <span class='ocrx_word' id='word_1_402' title='bbox 523 5345 814 5405; x_wconf 78' lang='lat' dir='ltr'><strong>peccatum,</strong></span> <span class='ocrx_word' id='word_1_403' title='bbox 843 5339 1072 5403; x_wconf 82' lang='lat' dir='ltr'><strong>remitte;</strong></span> <span class='ocrx_word' id='word_1_404' title='bbox 1102 5342 1180 5394; x_wconf 86' lang='lat' dir='ltr'><strong>sin</strong></span> <span class='ocrx_word' id='word_1_405' title='bbox 1221 5350 1408 5406; x_wconf 80' lang='lat' dir='ltr'><strong>autem,</strong></span> <span class='ocrx_word' id='word_1_406' title='bbox 1440 5361 1518 5397; x_wconf 85' lang='lat' dir='ltr'><strong>me</strong></span> <span class='ocrx_word' id='word_1_407' title='bbox 1568 5361 1762 5414; x_wconf 78' lang='lat' dir='ltr'><strong>quoque</strong></span> 
     </span>
    </p>
   </div>
   <div class='ocr_carea' id='block_1_56' title="bbox 161 5424 1784 5505">
    <p class='ocr_par' dir='ltr' id='par_1_56' title="bbox 161 5424 1784 5505">
     <span class='ocr_line' id='line_1_56' title="bbox 161 5424 1784 5505; baseline 0.006 -24"><span class='ocrx_word' id='word_1_408' title='bbox 161 5424 272 5481; x_wconf 84' lang='lat' dir='ltr'><strong>dcte</strong></span> <span class='ocrx_word' id='word_1_409' title='bbox 293 5426 356 5478; x_wconf 86' lang='lat' dir='ltr'><strong>de</strong></span> <span class='ocrx_word' id='word_1_410' title='bbox 377 5425 506 5480; x_wconf 82' lang='lat' dir='ltr'><strong>libro</strong></span> <span class='ocrx_word' id='word_1_411' title='bbox 519 5443 663 5496; x_wconf 83' lang='lat' dir='ltr'><strong>quem</strong></span> <span class='ocrx_word' id='word_1_412' title='bbox 678 5430 924 5500; x_wconf 81' lang='lat' dir='ltr'><strong>scripsisti</strong></span> <span class='ocrx_word' id='word_1_413' title='bbox 947 5428 1137 5502; x_wconf 72' lang='lat' dir='ltr'><strong>(Exod.</strong></span> <span class='ocrx_word' id='word_1_414' title='bbox 1159 5431 1248 5490; x_wconf 78' lang='lat'><strong>52.</strong></span> <span class='ocrx_word' id='word_1_415' title='bbox 1273 5433 1383 5505; x_wconf 71' lang='lat'><strong>&#39;62).</strong></span> <span class='ocrx_word' id='word_1_416' title='bbox 1405 5434 1649 5490; x_wconf 87' lang='lat' dir='ltr'><strong>Christus</strong></span> <span class='ocrx_word' id='word_1_417' title='bbox 1665 5452 1728 5491; x_wconf 90' lang='lat' dir='ltr'><strong>ve</strong></span> <span class='ocrx_word' id='word_1_418' title='bbox 1741 5429 1784 5478; x_wconf 69' lang='grc' dir='ltr'><strong>ι’</strong></span> 
     </span>
    </p>
   </div>
   <div class='ocr_carea' id='block_1_57' title="bbox 163 5516 1756 5598">
    <p class='ocr_par' dir='ltr' id='par_1_57' title="bbox 163 5516 1756 5598">
     <span class='ocr_line' id='line_1_57' title="bbox 163 5516 1756 5598; baseline 0.01 -31"><span class='ocrx_word' id='word_1_419' title='bbox 163 5530 224 5568; x_wconf 87' lang='lat' dir='ltr'><strong>ro</strong></span> <span class='ocrx_word' id='word_1_420' title='bbox 250 5531 437 5572; x_wconf 85' lang='lat' dir='ltr'><strong>rursus</strong></span> <span class='ocrx_word' id='word_1_421' title='bbox 465 5516 531 5571; x_wconf 90' lang='lat' dir='ltr'><strong>ad</strong></span> <span class='ocrx_word' id='word_1_422' title='bbox 550 5519 838 5590; x_wconf 83' lang='lat' dir='ltr'><strong>discipulos</strong></span> <span class='ocrx_word' id='word_1_423' title='bbox 859 5521 1100 5577; x_wconf 80' lang='lat' dir='ltr'><strong>dicebat:</strong></span> <span class='ocrx_word' id='word_1_424' title='bbox 1128 5522 1195 5578; x_wconf 86' lang='lat' dir='ltr'><strong>In</strong></span> <span class='ocrx_word' id='word_1_425' title='bbox 1219 5525 1317 5580; x_wconf 75' lang='lat' dir='ltr'><strong>hoc</strong></span> <span class='ocrx_word' id='word_1_426' title='bbox 1338 5527 1492 5582; x_wconf 78' lang='lat' dir='ltr'><strong>nolite</strong></span> <span class='ocrx_word' id='word_1_427' title='bbox 1516 5528 1756 5598; x_wconf 83' lang='lat' dir='ltr'><strong>gaudere,</strong></span> 
     </span>
    </p>
   </div>
   <div class='ocr_carea' id='block_1_58' title="bbox 163 5607 1760 5688">
    <p class='ocr_par' dir='ltr' id='par_1_58' title="bbox 163 5607 1760 5688">
     <span class='ocr_line' id='line_1_58' title="bbox 163 5607 1760 5688; baseline 0.01 -31"><span class='ocrx_word' id='word_1_428' title='bbox 163 5607 297 5668; x_wconf 80' lang='lat' dir='ltr'><strong>quod</strong></span> <span class='ocrx_word' id='word_1_429' title='bbox 317 5607 572 5662; x_wconf 67' lang='lat' dir='ltr'><strong>damonis</strong></span> <span class='ocrx_word' id='word_1_430' title='bbox 600 5611 736 5666; x_wconf 74' lang='lat' dir='ltr'><strong>vobis</strong></span> <span class='ocrx_word' id='word_1_431' title='bbox 755 5611 1093 5683; x_wconf 77' lang='lat' dir='ltr'><strong>subjiciuntur</strong></span> <span class='ocrx_word' id='word_1_432' title='bbox 1120 5631 1138 5669; x_wconf 90' lang='lat'><strong><em>:</em></strong></span> <span class='ocrx_word' id='word_1_433' title='bbox 1169 5618 1383 5686; x_wconf 83' lang='lat' dir='ltr'><strong>gaudete</strong></span> <span class='ocrx_word' id='word_1_434' title='bbox 1405 5629 1594 5683; x_wconf 87' lang='lat' dir='ltr'><strong>autem,</strong></span> <span class='ocrx_word' id='word_1_435' title='bbox 1625 5621 1760 5688; x_wconf 83' lang='lat' dir='ltr'><strong>quod</strong></span> 
     </span>
    </p>
   </div>
   <div class='ocr_carea' id='block_1_59' title="bbox 165 5697 1760 5780">
    <p class='ocr_par' dir='ltr' id='par_1_59' title="bbox 165 5697 1760 5780">
     <span class='ocr_line' id='line_1_59' title="bbox 165 5697 1760 5780; baseline 0.013 -32"><span class='ocrx_word' id='word_1_436' title='bbox 165 5697 374 5750; x_wconf 70' lang='lat' dir='ltr'><strong>nomina</strong></span> <span class='ocrx_word' id='word_1_437' title='bbox 425 5713 589 5755; x_wconf 76' lang='lat' dir='ltr'><strong>uestra</strong></span> <span class='ocrx_word' id='word_1_438' title='bbox 613 5703 804 5770; x_wconf 86' lang='lat' dir='ltr'><strong>scripta</strong></span> <span class='ocrx_word' id='word_1_439' title='bbox 844 5717 960 5758; x_wconf 88' lang='lat' dir='ltr'><strong>sunt</strong></span> <span class='ocrx_word' id='word_1_440' title='bbox 985 5707 1036 5759; x_wconf 91' lang='lat' dir='ltr'><strong>in</strong></span> <span class='ocrx_word' id='word_1_441' title='bbox 1081 5709 1217 5762; x_wconf 62' lang='lat' dir='ltr'><strong>caelis</strong></span> <span class='ocrx_word' id='word_1_442' title='bbox 1247 5707 1396 5777; x_wconf 82' lang='lat' dir='ltr'><strong>(Luc.</strong></span> <span class='ocrx_word' id='word_1_443' title='bbox 1433 5710 1518 5764; x_wconf 75' lang='lat' dir='ltr'><strong>i0.</strong></span> <span class='ocrx_word' id='word_1_444' title='bbox 1546 5711 1638 5780; x_wconf 86' lang='lat'><strong>20)</strong></span> <span class='ocrx_word' id='word_1_445' title='bbox 1667 5723 1760 5768; x_wconf 86' lang='lat' dir='ltr'><strong>:et</strong></span> 
     </span>
    </p>
   </div>
   <div class='ocr_carea' id='block_1_60' title="bbox 167 5790 1754 5861">
    <p class='ocr_par' dir='ltr' id='par_1_60' title="bbox 167 5790 1754 5861">
     <span class='ocr_line' id='line_1_60' title="bbox 167 5790 1754 5861; baseline 0.011 -19"><span class='ocrx_word' id='word_1_446' title='bbox 167 5800 349 5844; x_wconf 82' lang='lat' dir='ltr'><strong>rursus</strong></span> <span class='ocrx_word' id='word_1_447' title='bbox 375 5790 634 5861; x_wconf 79' lang='lat' dir='ltr'><strong>propheta</strong></span> <span class='ocrx_word' id='word_1_448' title='bbox 661 5794 825 5852; x_wconf 81' lang='lat' dir='ltr'><strong>David</strong></span> <span class='ocrx_word' id='word_1_449' title='bbox 857 5816 868 5851; x_wconf 89' lang='lat'><strong>:</strong></span> <span class='ocrx_word' id='word_1_450' title='bbox 898 5796 963 5850; x_wconf 85' lang='lat' dir='ltr'><strong>lu</strong></span> <span class='ocrx_word' id='word_1_451' title='bbox 989 5800 1114 5853; x_wconf 82' lang='lat' dir='ltr'><strong>libro</strong></span> <span class='ocrx_word' id='word_1_452' title='bbox 1143 5810 1228 5856; x_wconf 86' lang='lat' dir='ltr'><strong>luo</strong></span> <span class='ocrx_word' id='word_1_453' title='bbox 1245 5819 1416 5859; x_wconf 66' lang='lat' dir='ltr'><strong>omnes</strong></span> <span class='ocrx_word' id='word_1_454' title='bbox 1435 5803 1712 5859; x_wconf 83' lang='lat' dir='ltr'><strong>scribentur</strong></span> <span class='ocrx_word' id='word_1_455' title='bbox 1737 5821 1754 5860; x_wconf 92' lang='lat'><strong><em>:</em></strong></span> 
     </span>
    </p>
   </div>
   <div class='ocr_carea' id='block_1_61' title="bbox 1149 380 2405 443">
    <p class='ocr_par' dir='ltr' id='par_1_61' title="bbox 1149 380 2405 443">
     <span class='ocr_line' id='line_1_61' title="bbox 1149 380 2405 443; baseline 0.002 -2"><span class='ocrx_word' id='word_1_456' title='bbox 1149 383 1235 441; x_wconf 80' lang='lat' dir='ltr'><strong>DE</strong></span> <span class='ocrx_word' id='word_1_457' title='bbox 1275 383 1539 441; x_wconf 74' lang='lat' dir='ltr'><strong>SANCTA</strong></span> <span class='ocrx_word' id='word_1_458' title='bbox 1584 380 2047 440; x_wconf 81' lang='lat' dir='ltr'><strong>PENTECOSTE.</strong></span> <span class='ocrx_word' id='word_1_459' title='bbox 2094 385 2320 442; x_wconf 68' lang='lat' dir='ltr'><strong>llOMlL</strong></span> <span class='ocrx_word' id='word_1_460' title='bbox 2364 386 2405 443; x_wconf 92' lang='grc'><strong>1.</strong></span> 
     </span>
    </p>
   </div>
   <div class='ocr_carea' id='block_1_62' title="bbox 3357 397 3464 451">
    <p class='ocr_par' dir='ltr' id='par_1_62' title="bbox 3357 397 3464 451">
     <span class='ocr_line' id='line_1_62' title="bbox 3357 397 3464 451; baseline -0.009 0"><span class='ocrx_word' id='word_1_461' title='bbox 3357 397 3464 451; x_wconf 67' lang='grc' dir='ltr'><strong>ιοιέ</strong></span> 
     </span>
    </p>
   </div>
   <div class='ocr_carea' id='block_1_63' title="bbox 1861 497 3460 573">
    <p class='ocr_par' dir='ltr' id='par_1_63' title="bbox 1861 497 3460 573">
     <span class='ocr_line' id='line_1_63' title="bbox 1861 497 3460 573; baseline 0.006 -23"><span class='ocrx_word' id='word_1_462' title='bbox 1861 497 1966 553; x_wconf 73' lang='lat' dir='ltr'><strong>dies</strong></span> <span class='ocrx_word' id='word_1_463' title='bbox 1986 500 2361 570; x_wconf 82' lang='lat' dir='ltr'><strong>formabuntur;</strong></span> <span class='ocrx_word' id='word_1_464' title='bbox 2376 509 2424 554; x_wconf 90' lang='lat' dir='ltr'><strong>et</strong></span> <span class='ocrx_word' id='word_1_465' title='bbox 2445 513 2589 555; x_wconf 83' lang='lat' dir='ltr'><strong>nemo</strong></span> <span class='ocrx_word' id='word_1_466' title='bbox 2615 500 2666 554; x_wconf 89' lang='lat' dir='ltr'><strong>in</strong></span> <span class='ocrx_word' id='word_1_467' title='bbox 2695 501 2765 556; x_wconf 85' lang='lat' dir='ltr'><strong>eis</strong></span> <span class='ocrx_word' id='word_1_468' title='bbox 2785 499 2951 573; x_wconf 86' lang='lat' dir='ltr'><strong>(Psal.</strong></span> <span class='ocrx_word' id='word_1_469' title='bbox 2985 501 3102 558; x_wconf 81' lang='lat' dir='ltr'><strong>l38.</strong></span> <span class='ocrx_word' id='word_1_470' title='bbox 3137 502 3246 572; x_wconf 84' lang='lat' dir='ltr'><strong>l6):</strong></span> <span class='ocrx_word' id='word_1_471' title='bbox 3267 513 3318 559; x_wconf 91' lang='lat' dir='ltr'><strong>ct</strong></span> <span class='ocrx_word' id='word_1_472' title='bbox 3342 521 3460 559; x_wconf 81' lang='lat' dir='ltr'><strong>rur-</strong></span> 
     </span>
    </p>
   </div>
   <div class='ocr_carea' id='block_1_64' title="bbox 1859 590 3460 666">
    <p class='ocr_par' dir='ltr' id='par_1_64' title="bbox 1859 590 3460 666">
     <span class='ocr_line' id='line_1_64' title="bbox 1859 590 3460 666; baseline 0.006 -25"><span class='ocrx_word' id='word_1_473' title='bbox 1859 605 1949 642; x_wconf 83' lang='lat' dir='ltr'><strong>sus</strong></span> <span class='ocrx_word' id='word_1_474' title='bbox 1984 611 1995 642; x_wconf 86' lang='lat'><strong>:</strong></span> <span class='ocrx_word' id='word_1_475' title='bbox 2031 590 2305 644; x_wconf 79' lang='lat' dir='ltr'><strong>Deleantur</strong></span> <span class='ocrx_word' id='word_1_476' title='bbox 2333 592 2397 645; x_wconf 83' lang='lat' dir='ltr'><strong>de</strong></span> <span class='ocrx_word' id='word_1_477' title='bbox 2427 592 2555 645; x_wconf 87' lang='lat' dir='ltr'><strong>libro</strong></span> <span class='ocrx_word' id='word_1_478' title='bbox 2582 592 2872 660; x_wconf 69' lang='lat' dir='ltr'><strong>viventium,</strong></span> <span class='ocrx_word' id='word_1_479' title='bbox 2919 603 2965 648; x_wconf 85' lang='lat' dir='ltr'><strong>et</strong></span> <span class='ocrx_word' id='word_1_480' title='bbox 3011 611 3125 648; x_wconf 86' lang='lat' dir='ltr'><strong>cum</strong></span> <span class='ocrx_word' id='word_1_481' title='bbox 3159 596 3316 666; x_wconf 83' lang='lat' dir='ltr'><strong>justis</strong></span> <span class='ocrx_word' id='word_1_482' title='bbox 3357 614 3460 650; x_wconf 76' lang='lat' dir='ltr'><strong>non</strong></span> 
     </span>
    </p>
   </div>
   <div class='ocr_carea' id='block_1_65' title="bbox 1858 680 3459 754">
    <p class='ocr_par' dir='ltr' id='par_1_65' title="bbox 1858 680 3459 754">
     <span class='ocr_line' id='line_1_65' title="bbox 1858 680 3459 754; baseline 0.004 -21"><span class='ocrx_word' id='word_1_483' title='bbox 1858 681 2142 734; x_wconf 80' lang='lat' dir='ltr'><strong>scribantur</strong></span> <span class='ocrx_word' id='word_1_484' title='bbox 2167 680 2333 751; x_wconf 83' lang='lat' dir='ltr'><strong>(Psat.</strong></span> <span class='ocrx_word' id='word_1_485' title='bbox 2367 681 2455 736; x_wconf 84' lang='lat'><strong>68.</strong></span> <span class='ocrx_word' id='word_1_486' title='bbox 2489 681 2607 748; x_wconf 88' lang='lat'><strong>29).</strong></span> <span class='ocrx_word' id='word_1_487' title='bbox 2635 682 2796 738; x_wconf 81' lang='lat' dir='ltr'><strong>Vides</strong></span> <span class='ocrx_word' id='word_1_488' title='bbox 2829 684 2962 739; x_wconf 88' lang='lat' dir='ltr'><strong>alios</strong></span> <span class='ocrx_word' id='word_1_489' title='bbox 3006 685 3222 754; x_wconf 85' lang='lat' dir='ltr'><strong>quidem</strong></span> <span class='ocrx_word' id='word_1_490' title='bbox 3266 687 3459 746; x_wconf 89' lang='lat' dir='ltr'><strong>deleri.</strong></span> 
     </span>
    </p>
   </div>
   <div class='ocr_carea' id='block_1_66' title="bbox 1860 771 3462 846">
    <p class='ocr_par' dir='ltr' id='par_1_66' title="bbox 1860 771 3462 846">
     <span class='ocr_line' id='line_1_66' title="bbox 1860 771 3462 846; baseline 0.005 -24"><span class='ocrx_word' id='word_1_491' title='bbox 1860 771 1996 824; x_wconf 90' lang='lat' dir='ltr'><strong>alios</strong></span> <span class='ocrx_word' id='word_1_492' title='bbox 2045 787 2174 826; x_wconf 86' lang='lat' dir='ltr'><strong>vero</strong></span> <span class='ocrx_word' id='word_1_493' title='bbox 2222 772 2486 827; x_wconf 77' lang='lat' dir='ltr'><strong>inscribi?</strong></span> <span class='ocrx_word' id='word_1_494' title='bbox 2539 774 2617 827; x_wconf 86' lang='lat' dir='ltr'><strong>vis</strong></span> <span class='ocrx_word' id='word_1_495' title='bbox 2666 773 2877 829; x_wconf 87' lang='lat' dir='ltr'><strong>discere</strong></span> <span class='ocrx_word' id='word_1_496' title='bbox 2931 789 3038 830; x_wconf 91' lang='lat' dir='ltr'><strong>non</strong></span> <span class='ocrx_word' id='word_1_497' title='bbox 3081 777 3254 846; x_wconf 85' lang='lat' dir='ltr'><strong>justas</strong></span> <span class='ocrx_word' id='word_1_498' title='bbox 3298 779 3462 832; x_wconf 87' lang='lat' dir='ltr'><strong>modo</strong></span> 
     </span>
    </p>
   </div>
   <div class='ocr_carea' id='block_1_67' title="bbox 1861 860 3464 935">
    <p class='ocr_par' dir='ltr' id='par_1_67' title="bbox 1861 860 3464 935">
     <span class='ocr_line' id='line_1_67' title="bbox 1861 860 3464 935; baseline 0.006 -22"><span class='ocrx_word' id='word_1_499' title='bbox 1861 860 2010 915; x_wconf 88' lang='lat' dir='ltr'><strong>libris</strong></span> <span class='ocrx_word' id='word_1_500' title='bbox 2061 863 2111 915; x_wconf 91' lang='lat' dir='ltr'><strong>in</strong></span> <span class='ocrx_word' id='word_1_501' title='bbox 2154 862 2256 916; x_wconf 90' lang='lat' dir='ltr'><strong>illis</strong></span> <span class='ocrx_word' id='word_1_502' title='bbox 2302 862 2484 929; x_wconf 87' lang='lat' dir='ltr'><strong>scribi,</strong></span> <span class='ocrx_word' id='word_1_503' title='bbox 2514 863 2607 918; x_wconf 90' lang='lat' dir='ltr'><strong>sed</strong></span> <span class='ocrx_word' id='word_1_504' title='bbox 2648 865 2810 918; x_wconf 88' lang='lat' dir='ltr'><strong>etiam</strong></span> <span class='ocrx_word' id='word_1_505' title='bbox 2851 877 3068 935; x_wconf 84' lang='lat' dir='ltr'><strong>peccata</strong></span> <span class='ocrx_word' id='word_1_506' title='bbox 3127 877 3310 922; x_wconf 88' lang='lat' dir='ltr'><strong>nostra</strong></span> <span class='ocrx_word' id='word_1_507' title='bbox 3356 867 3464 923; x_wconf 89' lang='lat' dir='ltr'><strong>illic</strong></span> 
     </span>
    </p>
   </div>
   <div class='ocr_carea' id='block_1_68' title="bbox 1859 953 3462 1025">
    <p class='ocr_par' dir='ltr' id='par_1_68' title="bbox 1859 953 3462 1025">
     <span class='ocr_line' id='line_1_68' title="bbox 1859 953 3462 1025; baseline 0.006 -20"><span class='ocrx_word' id='word_1_508' title='bbox 1859 966 1977 1006; x_wconf 87' lang='lat' dir='ltr'><strong>esse</strong></span> <span class='ocrx_word' id='word_1_509' title='bbox 2004 953 2334 1021; x_wconf 83' lang='lat' dir='ltr'><strong>perscripta?</strong></span> <span class='ocrx_word' id='word_1_510' title='bbox 2382 953 2705 1009; x_wconf 86' lang='lat' dir='ltr'><strong>Festivitntis</strong></span> <span class='ocrx_word' id='word_1_511' title='bbox 2757 965 2966 1025; x_wconf 81' lang='lat' dir='ltr'><strong>tempus</strong></span> <span class='ocrx_word' id='word_1_512' title='bbox 3011 965 3136 1024; x_wconf 90' lang='lat' dir='ltr'><strong>est,</strong></span> <span class='ocrx_word' id='word_1_513' title='bbox 3191 957 3462 1014; x_wconf 89' lang='lat' dir='ltr'><strong>discamus</strong></span> 
     </span>
    </p>
   </div>
   <div class='ocr_carea' id='block_1_69' title="bbox 1859 1045 3463 1118">
    <p class='ocr_par' dir='ltr' id='par_1_69' title="bbox 1859 1045 3463 1118">
     <span class='ocr_line' id='line_1_69' title="bbox 1859 1045 3463 1118; baseline 0.005 -18"><span class='ocrx_word' id='word_1_514' title='bbox 1859 1059 1946 1107; x_wconf 88' lang='lat' dir='ltr'><strong>ea,</strong></span> <span class='ocrx_word' id='word_1_515' title='bbox 1996 1045 2191 1115; x_wconf 88' lang='lat' dir='ltr'><strong>quibus</strong></span> <span class='ocrx_word' id='word_1_516' title='bbox 2219 1061 2505 1116; x_wconf 84' lang='lat' dir='ltr'><strong>possumus</strong></span> <span class='ocrx_word' id='word_1_517' title='bbox 2535 1063 2565 1100; x_wconf 87' lang='lat' dir='ltr'><strong>a</strong></span> <span class='ocrx_word' id='word_1_518' title='bbox 2610 1048 2874 1118; x_wconf 87' lang='lat' dir='ltr'><strong>supplicio</strong></span> <span class='ocrx_word' id='word_1_519' title='bbox 2916 1048 3134 1104; x_wconf 87' lang='lat' dir='ltr'><strong>liberari</strong></span> <span class='ocrx_word' id='word_1_520' title='bbox 3167 1063 3181 1105; x_wconf 72' lang='grc' dir='ltr'><em>τ</em></span> <span class='ocrx_word' id='word_1_521' title='bbox 3211 1051 3463 1108; x_wconf 88' lang='lat' dir='ltr'><strong>terribilis</strong></span> 
     </span>
    </p>
   </div>
   <div class='ocr_carea' id='block_1_70' title="bbox 1860 1139 3459 1215">
    <p class='ocr_par' dir='ltr' id='par_1_70' title="bbox 1860 1139 3459 1215">
     <span class='ocr_line' id='line_1_70' title="bbox 1860 1139 3459 1215; baseline 0.005 -23"><span class='ocrx_word' id='word_1_522' title='bbox 1860 1148 1942 1192; x_wconf 87' lang='lat' dir='ltr'><strong>est</strong></span> <span class='ocrx_word' id='word_1_523' title='bbox 1968 1139 2160 1202; x_wconf 85' lang='lat' dir='ltr'><strong>oratio,</strong></span> <span class='ocrx_word' id='word_1_524' title='bbox 2190 1140 2282 1193; x_wconf 87' lang='lat' dir='ltr'><strong>sed</strong></span> <span class='ocrx_word' id='word_1_525' title='bbox 2313 1140 2458 1193; x_wconf 87' lang='lat' dir='ltr'><strong>utilis</strong></span> <span class='ocrx_word' id='word_1_526' title='bbox 2495 1150 2550 1195; x_wconf 90' lang='lat' dir='ltr'><strong>et</strong></span> <span class='ocrx_word' id='word_1_527' title='bbox 2576 1139 2870 1206; x_wconf 87' lang='lat' dir='ltr'><strong>fructuosa,</strong></span> <span class='ocrx_word' id='word_1_528' title='bbox 2927 1142 3188 1213; x_wconf 88' lang='lat' dir='ltr'><strong>siquidem</strong></span> <span class='ocrx_word' id='word_1_529' title='bbox 3217 1144 3459 1215; x_wconf 75' lang='lat' dir='ltr'><strong>impedit,</strong></span> 
     </span>
    </p>
   </div>
   <div class='ocr_carea' id='block_1_71' title="bbox 1861 1233 3460 1308">
    <p class='ocr_par' dir='ltr' id='par_1_71' title="bbox 1861 1233 3460 1308">
     <span class='ocr_line' id='line_1_71' title="bbox 1861 1233 3460 1308; baseline 0.005 -23"><span class='ocrx_word' id='word_1_530' title='bbox 1861 1247 1927 1286; x_wconf 91' lang='lat' dir='ltr'><strong>ne</strong></span> <span class='ocrx_word' id='word_1_531' title='bbox 1977 1233 2150 1301; x_wconf 90' lang='lat' dir='ltr'><strong>reipsa</strong></span> <span class='ocrx_word' id='word_1_532' title='bbox 2183 1246 2368 1301; x_wconf 66' lang='lat' dir='ltr'><strong>poenas</strong></span> <span class='ocrx_word' id='word_1_533' title='bbox 2419 1233 2805 1301; x_wconf 88' lang='lat' dir='ltr'><strong>experiamur:</strong></span> <span class='ocrx_word' id='word_1_534' title='bbox 2841 1249 2974 1305; x_wconf 86' lang='lat' dir='ltr'><strong>ergo</strong></span> <span class='ocrx_word' id='word_1_535' title='bbox 3019 1235 3291 1292; x_wconf 87' lang='lat' dir='ltr'><strong>discamus</strong></span> <span class='ocrx_word' id='word_1_536' title='bbox 3343 1252 3460 1308; x_wconf 83' lang='lat' dir='ltr'><strong>per-</strong></span> 
     </span>
    </p>
   </div>
   <div class='ocr_carea' id='block_1_72' title="bbox 1859 1323 3456 1397">
    <p class='ocr_par' dir='ltr' id='par_1_72' title="bbox 1859 1323 3456 1397">
     <span class='ocr_line' id='line_1_72' title="bbox 1859 1323 3456 1397; baseline 0.005 -21"><span class='ocrx_word' id='word_1_537' title='bbox 1859 1323 2019 1377; x_wconf 88' lang='lat' dir='ltr'><strong>scribi</strong></span> <span class='ocrx_word' id='word_1_538' title='bbox 2050 1336 2290 1392; x_wconf 85' lang='lat' dir='ltr'><strong>peccata,</strong></span> <span class='ocrx_word' id='word_1_539' title='bbox 2318 1333 2374 1380; x_wconf 89' lang='lat' dir='ltr'><strong>et</strong></span> <span class='ocrx_word' id='word_1_540' title='bbox 2420 1324 2677 1395; x_wconf 88' lang='lat' dir='ltr'><strong>quidquid</strong></span> <span class='ocrx_word' id='word_1_541' title='bbox 2727 1325 2812 1380; x_wconf 91' lang='lat' dir='ltr'><strong>hic</strong></span> <span class='ocrx_word' id='word_1_542' title='bbox 2835 1327 3040 1397; x_wconf 87' lang='lat' dir='ltr'><strong>loquuti</strong></span> <span class='ocrx_word' id='word_1_543' title='bbox 3065 1329 3344 1392; x_wconf 90' lang='lat' dir='ltr'><strong>fuerimus.</strong></span> <span class='ocrx_word' id='word_1_544' title='bbox 3387 1330 3456 1384; x_wconf 84' lang='lat' dir='ltr'><strong>il-</strong></span> 
     </span>
    </p>
   </div>
   <div class='ocr_carea' id='block_1_73' title="bbox 1860 1414 3454 1486">
    <p class='ocr_par' dir='ltr' id='par_1_73' title="bbox 1860 1414 3454 1486">
     <span class='ocr_line' id='line_1_73' title="bbox 1860 1414 3454 1486; baseline 0.006 -19"><span class='ocrx_word' id='word_1_545' title='bbox 1860 1414 1944 1469; x_wconf 93' lang='lat' dir='ltr'><strong>luc</strong></span> <span class='ocrx_word' id='word_1_546' title='bbox 1993 1417 2178 1470; x_wconf 87' lang='lat' dir='ltr'><strong>statim</strong></span> <span class='ocrx_word' id='word_1_547' title='bbox 2217 1416 2412 1471; x_wconf 88' lang='lat' dir='ltr'><strong>deferri</strong></span> <span class='ocrx_word' id='word_1_548' title='bbox 2447 1425 2502 1470; x_wconf 91' lang='lat' dir='ltr'><strong>et</strong></span> <span class='ocrx_word' id='word_1_549' title='bbox 2547 1418 2825 1486; x_wconf 68' lang='lat' dir='ltr'><strong>perscribi.</strong></span> <span class='ocrx_word' id='word_1_550' title='bbox 2875 1419 3027 1476; x_wconf 88' lang='lat' dir='ltr'><strong>Unde</strong></span> <span class='ocrx_word' id='word_1_551' title='bbox 3053 1435 3185 1476; x_wconf 91' lang='lat' dir='ltr'><strong>vero</strong></span> <span class='ocrx_word' id='word_1_552' title='bbox 3239 1420 3290 1476; x_wconf 93' lang='lat' dir='ltr'><strong>id</strong></span> <span class='ocrx_word' id='word_1_553' title='bbox 3333 1435 3454 1476; x_wconf 89' lang='lat' dir='ltr'><strong>con-</strong></span> 
     </span>
    </p>
   </div>
   <div class='ocr_carea' id='block_1_74' title="bbox 1858 1508 3456 1580">
    <p class='ocr_par' dir='ltr' id='par_1_74' title="bbox 1858 1508 3456 1580">
     <span class='ocr_line' id='line_1_74' title="bbox 1858 1508 3456 1580; baseline 0.006 -18"><span class='ocrx_word' id='word_1_554' title='bbox 1858 1508 2008 1562; x_wconf 79' lang='lat' dir='ltr'><strong>stat?</strong></span> <span class='ocrx_word' id='word_1_555' title='bbox 2035 1522 2139 1561; x_wconf 91' lang='lat' dir='ltr'><strong>non</strong></span> <span class='ocrx_word' id='word_1_556' title='bbox 2166 1509 2309 1563; x_wconf 90' lang='lat' dir='ltr'><strong>enim</strong></span> <span class='ocrx_word' id='word_1_557' title='bbox 2342 1510 2462 1564; x_wconf 87' lang='lat' dir='ltr'><strong>talia</strong></span> <span class='ocrx_word' id='word_1_558' title='bbox 2504 1519 2630 1565; x_wconf 82' lang='lat' dir='ltr'><strong>sunt</strong></span> <span class='ocrx_word' id='word_1_559' title='bbox 2647 1511 2960 1580; x_wconf 79' lang='lat' dir='ltr'><strong>simpliciter</strong></span> <span class='ocrx_word' id='word_1_560' title='bbox 2992 1513 3328 1571; x_wconf 85' lang='lat' dir='ltr'><strong>affirmanda.</strong></span> <span class='ocrx_word' id='word_1_561' title='bbox 3361 1515 3456 1570; x_wconf 76' lang='lat' dir='ltr'><strong>Mi-</strong></span> 
     </span>
    </p>
   </div>
   <div class='ocr_carea' id='block_1_75' title="bbox 1857 1599 3452 1674">
    <p class='ocr_par' dir='ltr' id='par_1_75' title="bbox 1857 1599 3452 1674">
     <span class='ocr_line' id='line_1_75' title="bbox 1857 1599 3452 1674; baseline 0.005 -20"><span class='ocrx_word' id='word_1_562' title='bbox 1857 1599 2036 1654; x_wconf 69' lang='lat' dir='ltr'><strong>chmas</strong></span> <span class='ocrx_word' id='word_1_563' title='bbox 2070 1600 2085 1631; x_wconf 90' lang='grc'>¹</span> <span class='ocrx_word' id='word_1_564' title='bbox 2116 1600 2182 1654; x_wconf 89' lang='lat' dir='ltr'><strong>ad</strong></span> <span class='ocrx_word' id='word_1_565' title='bbox 2209 1599 2424 1656; x_wconf 73' lang='lat' dir='ltr'><strong>Judmos</strong></span> <span class='ocrx_word' id='word_1_566' title='bbox 2463 1603 2537 1656; x_wconf 85' lang='lat' dir='ltr'><strong>ait</strong></span> <span class='ocrx_word' id='word_1_567' title='bbox 2565 1620 2579 1656; x_wconf 89' lang='lat'><strong>:</strong></span> <span class='ocrx_word' id='word_1_568' title='bbox 2623 1602 2710 1658; x_wconf 77' lang='grc' dir='ltr'><strong>γω</strong></span> <span class='ocrx_word' id='word_1_569' title='bbox 2732 1607 2818 1671; x_wconf 85' lang='lat' dir='ltr'><strong>qui</strong></span> <span class='ocrx_word' id='word_1_570' title='bbox 2862 1607 3144 1674; x_wconf 81' lang='lat' dir='ltr'><strong>provocatis</strong></span> <span class='ocrx_word' id='word_1_571' title='bbox 3177 1606 3452 1662; x_wconf 83' lang='lat' dir='ltr'><strong>Dominum</strong></span> 
     </span>
    </p>
   </div>
   <div class='ocr_carea' id='block_1_76' title="bbox 1869 1685 3453 1765">
    <p class='ocr_par' dir='ltr' id='par_1_76' title="bbox 1869 1685 3453 1765">
     <span class='ocr_line' id='line_1_76' title="bbox 1869 1685 3453 1765; baseline 0.006 -27"><span class='ocrx_word' id='word_1_572' title='bbox 1869 1685 1941 1739; x_wconf 81' lang='lat' dir='ltr'><strong>Et</strong></span> <span class='ocrx_word' id='word_1_573' title='bbox 1960 1689 2242 1756; x_wconf 86' lang='lat' dir='ltr'><strong>quomodo,</strong></span> <span class='ocrx_word' id='word_1_574' title='bbox 2263 1690 2537 1758; x_wconf 90' lang='lat' dir='ltr'><strong>inquiunt,</strong></span> <span class='ocrx_word' id='word_1_575' title='bbox 2551 1695 2948 1758; x_wconf 81' lang='lat' dir='ltr'><strong>provocavimus</strong></span> <span class='ocrx_word' id='word_1_576' title='bbox 2971 1711 3088 1747; x_wconf 86' lang='lat' dir='ltr'><strong>eum</strong></span> <span class='ocrx_word' id='word_1_577' title='bbox 3107 1696 3132 1748; x_wconf 68' lang='lat'><strong>.7</strong></span> <span class='ocrx_word' id='word_1_578' title='bbox 3149 1694 3214 1747; x_wconf 86' lang='lat' dir='ltr'><strong>In</strong></span> <span class='ocrx_word' id='word_1_579' title='bbox 3237 1710 3297 1749; x_wconf 85' lang='lat' dir='ltr'><strong>eo</strong></span> <span class='ocrx_word' id='word_1_580' title='bbox 3312 1696 3453 1765; x_wconf 80' lang='lat' dir='ltr'><strong>quod</strong></span> 
     </span>
    </p>
   </div>
   <div class='ocr_carea' id='block_1_77' title="bbox 1869 1780 3452 1851">
    <p class='ocr_par' dir='ltr' id='par_1_77' title="bbox 1869 1780 3452 1851">
     <span class='ocr_line' id='line_1_77' title="bbox 1869 1780 3452 1851; baseline 0.006 -19"><span class='ocrx_word' id='word_1_581' title='bbox 1869 1796 1954 1832; x_wconf 74' lang='lat' dir='ltr'><strong>eos</strong></span> <span class='ocrx_word' id='word_1_582' title='bbox 1987 1780 2200 1834; x_wconf 84' lang='lat' dir='ltr'><strong>dicitis:</strong></span> <span class='ocrx_word' id='word_1_583' title='bbox 2227 1780 2412 1834; x_wconf 82' lang='lat' dir='ltr'><strong>Omnis</strong></span> <span class='ocrx_word' id='word_1_584' title='bbox 2434 1784 2525 1850; x_wconf 85' lang='lat' dir='ltr'><strong>qui</strong></span> <span class='ocrx_word' id='word_1_585' title='bbox 2546 1784 2677 1851; x_wconf 79' lang='lat' dir='ltr'><strong>facit</strong></span> <span class='ocrx_word' id='word_1_586' title='bbox 2697 1784 2920 1848; x_wconf 80' lang='lat' dir='ltr'><strong>malum,</strong></span> <span class='ocrx_word' id='word_1_587' title='bbox 2947 1787 3113 1840; x_wconf 79' lang='lat' dir='ltr'><strong>bonus</strong></span> <span class='ocrx_word' id='word_1_588' title='bbox 3129 1796 3206 1840; x_wconf 88' lang='lat' dir='ltr'><strong>est</strong></span> <span class='ocrx_word' id='word_1_589' title='bbox 3233 1788 3288 1840; x_wconf 86' lang='lat' dir='ltr'><strong>in</strong></span> <span class='ocrx_word' id='word_1_590' title='bbox 3323 1802 3452 1840; x_wconf 84' lang='lat' dir='ltr'><strong>cou-</strong></span> 
     </span>
    </p>
   </div>
   <div class='ocr_carea' id='block_1_78' title="bbox 1865 1872 3452 1946">
    <p class='ocr_par' dir='ltr' id='par_1_78' title="bbox 1865 1872 3452 1946">
     <span class='ocr_line' id='line_1_78' title="bbox 1865 1872 3452 1946; baseline 0.003 -22"><span class='ocrx_word' id='word_1_591' title='bbox 1865 1882 2040 1941; x_wconf 79' lang='lat' dir='ltr'><strong>spectu</strong></span> <span class='ocrx_word' id='word_1_592' title='bbox 2066 1872 2541 1941; x_wconf 62' lang='lat' dir='ltr'><strong>DoniiuitMalaclt.</strong></span> <span class='ocrx_word' id='word_1_593' title='bbox 2561 1875 2614 1928; x_wconf 88' lang='lat'><strong>2.</strong></span> <span class='ocrx_word' id='word_1_594' title='bbox 2635 1876 2744 1941; x_wconf 80' lang='grc' dir='ltr'><strong>Π).</strong></span> <span class='ocrx_word' id='word_1_595' title='bbox 2765 1878 2841 1929; x_wconf 87' lang='lat' dir='ltr'><strong>lin</strong></span> <span class='ocrx_word' id='word_1_596' title='bbox 2851 1879 3149 1946; x_wconf 86' lang='lat' dir='ltr'><strong>proborum</strong></span> <span class='ocrx_word' id='word_1_597' title='bbox 3169 1894 3452 1934; x_wconf 84' lang='lat' dir='ltr'><strong>servorum</strong></span> 
     </span>
    </p>
   </div>
   <div class='ocr_carea' id='block_1_79' title="bbox 1858 1966 3451 2039">
    <p class='ocr_par' dir='ltr' id='par_1_79' title="bbox 1858 1966 3451 2039">
     <span class='ocr_line' id='line_1_79' title="bbox 1858 1966 3451 2039; baseline 0.004 -21"><span class='ocrx_word' id='word_1_598' title='bbox 1858 1974 1983 2018; x_wconf 90' lang='lat' dir='ltr'><strong>sunt</strong></span> <span class='ocrx_word' id='word_1_599' title='bbox 2003 1966 2104 2020; x_wconf 87' lang='lat' dir='ltr'><strong>ista</strong></span> <span class='ocrx_word' id='word_1_600' title='bbox 2134 1967 2311 2029; x_wconf 79' lang='lat' dir='ltr'><strong>verba,</strong></span> <span class='ocrx_word' id='word_1_601' title='bbox 2341 1975 2396 2021; x_wconf 89' lang='lat' dir='ltr'><strong>et</strong></span> <span class='ocrx_word' id='word_1_602' title='bbox 2425 1967 2477 2022; x_wconf 93' lang='lat' dir='ltr'><strong>in</strong></span> <span class='ocrx_word' id='word_1_603' title='bbox 2504 1968 2571 2022; x_wconf 90' lang='lat' dir='ltr'><strong>iis</strong></span> <span class='ocrx_word' id='word_1_604' title='bbox 2602 1967 2714 2038; x_wconf 83' lang='lat' dir='ltr'><strong>ipse</strong></span> <span class='ocrx_word' id='word_1_605' title='bbox 2740 1967 2840 2023; x_wconf 90' lang='lat' dir='ltr'><strong>sibi</strong></span> <span class='ocrx_word' id='word_1_606' title='bbox 2856 1969 3217 2037; x_wconf 85' lang='lat' dir='ltr'><strong>complacuit:</strong></span> <span class='ocrx_word' id='word_1_607' title='bbox 3251 1971 3303 2024; x_wconf 88' lang='lat' dir='ltr'><strong>in</strong></span> <span class='ocrx_word' id='word_1_608' title='bbox 3332 1985 3451 2039; x_wconf 84' lang='lat' dir='ltr'><strong>per-</strong></span> 
     </span>
    </p>
   </div>
   <div class='ocr_carea' id='block_1_80' title="bbox 1859 2055 3468 2140">
    <p class='ocr_par' dir='ltr' id='par_1_80' title="bbox 1859 2055 3468 2140">
     <span class='ocr_line' id='line_1_80' title="bbox 1859 2055 3468 2140; baseline -0.001 -30"><span class='ocrx_word' id='word_1_609' title='bbox 1859 2055 2004 2117; x_wconf 89' lang='lat' dir='ltr'><strong>ditis,</strong></span> <span class='ocrx_word' id='word_1_610' title='bbox 2036 2056 2226 2125; x_wconf 86' lang='lat' dir='ltr'><strong>inquit,</strong></span> <span class='ocrx_word' id='word_1_611' title='bbox 2258 2055 2310 2110; x_wconf 93' lang='lat' dir='ltr'><strong>in</strong></span> <span class='ocrx_word' id='word_1_612' title='bbox 2343 2057 2426 2120; x_wconf 89' lang='lat' dir='ltr'><strong>iis,</strong></span> <span class='ocrx_word' id='word_1_613' title='bbox 2455 2058 2544 2127; x_wconf 90' lang='lat' dir='ltr'><strong>qui</strong></span> <span class='ocrx_word' id='word_1_614' title='bbox 2571 2073 2678 2111; x_wconf 91' lang='lat' dir='ltr'><strong>non</strong></span> <span class='ocrx_word' id='word_1_615' title='bbox 2696 2058 2994 2113; x_wconf 89' lang='lat' dir='ltr'><strong>servierunt</strong></span> <span class='ocrx_word' id='word_1_616' title='bbox 3023 2059 3111 2140; x_wconf 50' lang='grc' dir='ltr'><strong>εἰ..</strong></span> <span class='ocrx_word' id='word_1_617' title='bbox 3132 2057 3266 2112; x_wconf 83' lang='lat' dir='ltr'><strong>Ecce</strong></span> <span class='ocrx_word' id='word_1_618' title='bbox 3292 2069 3468 2113; x_wconf 80' lang='lat' dir='ltr'><strong>casto.</strong></span> 
     </span>
    </p>
   </div>
   <div class='ocr_carea' id='block_1_81' title="bbox 1859 2145 3464 2218">
    <p class='ocr_par' dir='ltr' id='par_1_81' title="bbox 1859 2145 3464 2218">
     <span class='ocr_line' id='line_1_81' title="bbox 1859 2145 3464 2218; baseline 0.003 -20"><span class='ocrx_word' id='word_1_619' title='bbox 1859 2145 2076 2200; x_wconf 78' lang='lat' dir='ltr'><strong>divinius</strong></span> <span class='ocrx_word' id='word_1_620' title='bbox 2091 2147 2350 2200; x_wconf 82' lang='lat' dir='ltr'><strong>custodias</strong></span> <span class='ocrx_word' id='word_1_621' title='bbox 2367 2149 2499 2217; x_wconf 82' lang='lat' dir='ltr'><strong>ejus,</strong></span> <span class='ocrx_word' id='word_1_622' title='bbox 2513 2158 2559 2202; x_wconf 90' lang='lat' dir='ltr'><strong>et</strong></span> <span class='ocrx_word' id='word_1_623' title='bbox 2583 2146 2753 2202; x_wconf 82' lang='lat' dir='ltr'><strong>beatos</strong></span> <span class='ocrx_word' id='word_1_624' title='bbox 2770 2148 2986 2202; x_wconf 85' lang='lat' dir='ltr'><strong>dicimus</strong></span> <span class='ocrx_word' id='word_1_625' title='bbox 3003 2150 3196 2204; x_wconf 83' lang='lat' dir='ltr'><strong>alienos</strong></span> <span class='ocrx_word' id='word_1_626' title='bbox 3210 2148 3464 2218; x_wconf 68' lang='lat' dir='ltr'><strong>(Maior/1.</strong></span> 
     </span>
    </p>
   </div>
   <div class='ocr_carea' id='block_1_82' title="bbox 1859 2236 3462 2310">
    <p class='ocr_par' dir='ltr' id='par_1_82' title="bbox 1859 2236 3462 2310">
     <span class='ocr_line' id='line_1_82' title="bbox 1859 2236 3462 2310; baseline 0.002 -18"><span class='ocrx_word' id='word_1_627' title='bbox 1859 2237 1911 2292; x_wconf 81' lang='lat'><strong>5.</strong></span> <span class='ocrx_word' id='word_1_628' title='bbox 1943 2238 2030 2293; x_wconf 76' lang='grc' dir='ltr'><strong>Η.</strong></span> <span class='ocrx_word' id='word_1_629' title='bbox 2059 2237 2172 2307; x_wconf 78' lang='grc'><strong>15).</strong></span> <span class='ocrx_word' id='word_1_630' title='bbox 2201 2236 2310 2292; x_wconf 84' lang='lat' dir='ltr'><strong>Nos</strong></span> <span class='ocrx_word' id='word_1_631' title='bbox 2327 2240 2490 2304; x_wconf 92' lang='lat' dir='ltr'><strong>enim,</strong></span> <span class='ocrx_word' id='word_1_632' title='bbox 2510 2239 2700 2309; x_wconf 91' lang='lat' dir='ltr'><strong>inquit,</strong></span> <span class='ocrx_word' id='word_1_633' title='bbox 2721 2238 2962 2310; x_wconf 85' lang='lat' dir='ltr'><strong>quotidie</strong></span> <span class='ocrx_word' id='word_1_634' title='bbox 2987 2243 3271 2306; x_wconf 81' lang='lat' dir='ltr'><strong>servimus,</strong></span> <span class='ocrx_word' id='word_1_635' title='bbox 3296 2253 3346 2295; x_wconf 89' lang='lat' dir='ltr'><strong>et</strong></span> <span class='ocrx_word' id='word_1_636' title='bbox 3370 2240 3462 2296; x_wconf 83' lang='lat' dir='ltr'><strong>alii</strong></span> 
     </span>
    </p>
   </div>
   <div class='ocr_carea' id='block_1_83' title="bbox 1860 2329 3464 2405">
    <p class='ocr_par' dir='ltr' id='par_1_83' title="bbox 1860 2329 3464 2405">
     <span class='ocr_line' id='line_1_83' title="bbox 1860 2329 3464 2405; baseline 0.004 -22"><span class='ocrx_word' id='word_1_637' title='bbox 1860 2329 2016 2384; x_wconf 87' lang='lat' dir='ltr'><strong>bonis</strong></span> <span class='ocrx_word' id='word_1_638' title='bbox 2037 2331 2328 2398; x_wconf 89' lang='lat' dir='ltr'><strong>potiuntur.</strong></span> <span class='ocrx_word' id='word_1_639' title='bbox 2353 2331 2499 2387; x_wconf 80' lang='lat' dir='ltr'><strong>Talia</strong></span> <span class='ocrx_word' id='word_1_640' title='bbox 2527 2333 2778 2389; x_wconf 90' lang='lat' dir='ltr'><strong>nimirum</strong></span> <span class='ocrx_word' id='word_1_641' title='bbox 2807 2350 3178 2405; x_wconf 73' lang='lat' dir='ltr'><strong>sarpenumero</strong></span> <span class='ocrx_word' id='word_1_642' title='bbox 3202 2336 3270 2391; x_wconf 93' lang='lat' dir='ltr'><strong>de</strong></span> <span class='ocrx_word' id='word_1_643' title='bbox 3288 2336 3464 2390; x_wconf 77' lang='lat' dir='ltr'><strong>domi-</strong></span> 
     </span>
    </p>
   </div>
   <div class='ocr_carea' id='block_1_84' title="bbox 1861 2422 3459 2496">
    <p class='ocr_par' dir='ltr' id='par_1_84' title="bbox 1861 2422 3459 2496">
     <span class='ocr_line' id='line_1_84' title="bbox 1861 2422 3459 2496; baseline 0.004 -21"><span class='ocrx_word' id='word_1_644' title='bbox 1861 2424 1945 2477; x_wconf 90' lang='lat' dir='ltr'><strong>nis</strong></span> <span class='ocrx_word' id='word_1_645' title='bbox 1970 2422 2112 2478; x_wconf 80' lang='lat' dir='ltr'><strong>servi</strong></span> <span class='ocrx_word' id='word_1_646' title='bbox 2140 2423 2429 2495; x_wconf 90' lang='lat' dir='ltr'><strong>loquuntur</strong></span> <span class='ocrx_word' id='word_1_647' title='bbox 2453 2443 2466 2479; x_wconf 94' lang='lat'>:</span> <span class='ocrx_word' id='word_1_648' title='bbox 2496 2425 2590 2480; x_wconf 90' lang='lat' dir='ltr'><strong>sed</strong></span> <span class='ocrx_word' id='word_1_649' title='bbox 2622 2425 2896 2482; x_wconf 87' lang='lat' dir='ltr'><strong>hominem</strong></span> <span class='ocrx_word' id='word_1_650' title='bbox 2915 2426 3128 2496; x_wconf 87' lang='lat' dir='ltr'><strong>quidem</strong></span> <span class='ocrx_word' id='word_1_651' title='bbox 3149 2426 3218 2482; x_wconf 86' lang='lat' dir='ltr'><strong>de</strong></span> <span class='ocrx_word' id='word_1_652' title='bbox 3242 2428 3459 2482; x_wconf 88' lang='lat' dir='ltr'><strong>homine</strong></span> 
     </span>
    </p>
   </div>
   <div class='ocr_carea' id='block_1_85' title="bbox 1861 2513 3462 2587">
    <p class='ocr_par' dir='ltr' id='par_1_85' title="bbox 1861 2513 3462 2587">
     <span class='ocr_line' id='line_1_85' title="bbox 1861 2513 3462 2587; baseline 0.003 -20"><span class='ocrx_word' id='word_1_653' title='bbox 1861 2515 1961 2568; x_wconf 90' lang='lat' dir='ltr'><strong>ista</strong></span> <span class='ocrx_word' id='word_1_654' title='bbox 1975 2513 2152 2569; x_wconf 89' lang='lat' dir='ltr'><strong>dicere</strong></span> <span class='ocrx_word' id='word_1_655' title='bbox 2162 2529 2268 2568; x_wconf 92' lang='lat' dir='ltr'><strong>non</strong></span> <span class='ocrx_word' id='word_1_656' title='bbox 2287 2516 2358 2570; x_wconf 88' lang='lat' dir='ltr'><strong>ita</strong></span> <span class='ocrx_word' id='word_1_657' title='bbox 2374 2530 2538 2585; x_wconf 71' lang='lat' dir='ltr'><strong>grave</strong></span> <span class='ocrx_word' id='word_1_658' title='bbox 2554 2525 2656 2580; x_wconf 89' lang='lat' dir='ltr'><strong>est,</strong></span> <span class='ocrx_word' id='word_1_659' title='bbox 2681 2517 2892 2571; x_wconf 87' lang='lat' dir='ltr'><strong>tametsi</strong></span> <span class='ocrx_word' id='word_1_660' title='bbox 2913 2526 2997 2572; x_wconf 88' lang='lat' dir='ltr'><strong>est</strong></span> <span class='ocrx_word' id='word_1_661' title='bbox 3014 2532 3177 2587; x_wconf 84' lang='lat' dir='ltr'><strong>grave</strong></span> <span class='ocrx_word' id='word_1_662' title='bbox 3194 2535 3205 2570; x_wconf 94' lang='lat'>:</span> <span class='ocrx_word' id='word_1_663' title='bbox 3225 2517 3295 2574; x_wconf 90' lang='lat' dir='ltr'><strong>de</strong></span> <span class='ocrx_word' id='word_1_664' title='bbox 3309 2532 3430 2572; x_wconf 88' lang='lat' dir='ltr'><strong>com</strong></span> <span class='ocrx_word' id='word_1_665' title='bbox 3443 2547 3462 2559; x_wconf 74' lang='grc' dir='ltr'><strong>ο</strong></span> 
     </span>
    </p>
   </div>
   <div class='ocr_carea' id='block_1_86' title="bbox 1863 2604 3458 2677">
    <p class='ocr_par' dir='ltr' id='par_1_86' title="bbox 1863 2604 3458 2677">
     <span class='ocr_line' id='line_1_86' title="bbox 1863 2604 3458 2677; baseline 0.002 -20"><span class='ocrx_word' id='word_1_666' title='bbox 1863 2604 2010 2658; x_wconf 91' lang='lat' dir='ltr'><strong>muni</strong></span> <span class='ocrx_word' id='word_1_667' title='bbox 2028 2620 2155 2659; x_wconf 88' lang='lat' dir='ltr'><strong>vero</strong></span> <span class='ocrx_word' id='word_1_668' title='bbox 2178 2606 2340 2659; x_wconf 89' lang='lat' dir='ltr'><strong>totius</strong></span> <span class='ocrx_word' id='word_1_669' title='bbox 2362 2605 2506 2660; x_wconf 87' lang='lat' dir='ltr'><strong>orbis</strong></span> <span class='ocrx_word' id='word_1_670' title='bbox 2525 2616 2788 2661; x_wconf 90' lang='lat' dir='ltr'><strong>terrarum</strong></span> <span class='ocrx_word' id='word_1_671' title='bbox 2811 2607 3038 2661; x_wconf 89' lang='lat' dir='ltr'><strong>Domino</strong></span> <span class='ocrx_word' id='word_1_672' title='bbox 3059 2608 3176 2661; x_wconf 78' lang='lat' dir='ltr'><strong>ha-c</strong></span> <span class='ocrx_word' id='word_1_673' title='bbox 3195 2607 3458 2677; x_wconf 83' lang='lat' dir='ltr'><strong>proferre,</strong></span> 
     </span>
    </p>
   </div>
   <div class='ocr_carea' id='block_1_87' title="bbox 1859 2694 3460 2768">
    <p class='ocr_par' dir='ltr' id='par_1_87' title="bbox 1859 2694 3460 2768">
     <span class='ocr_line' id='line_1_87' title="bbox 1859 2694 3460 2768; baseline 0.003 -20"><span class='ocrx_word' id='word_1_674' title='bbox 1859 2694 1928 2748; x_wconf 85' lang='lat' dir='ltr'><strong>de</strong></span> <span class='ocrx_word' id='word_1_675' title='bbox 1949 2695 2277 2751; x_wconf 88' lang='lat' dir='ltr'><strong>misericordi</strong></span> <span class='ocrx_word' id='word_1_676' title='bbox 2303 2711 2368 2752; x_wconf 91' lang='lat' dir='ltr'><strong>ac</strong></span> <span class='ocrx_word' id='word_1_677' title='bbox 2397 2696 2626 2766; x_wconf 86' lang='lat' dir='ltr'><strong>benigno</strong></span> <span class='ocrx_word' id='word_1_678' title='bbox 2654 2696 2880 2751; x_wconf 91' lang='lat' dir='ltr'><strong>Domino</strong></span> <span class='ocrx_word' id='word_1_679' title='bbox 2909 2697 3056 2752; x_wconf 88' lang='lat' dir='ltr'><strong>nulla</strong></span> <span class='ocrx_word' id='word_1_680' title='bbox 3087 2712 3191 2752; x_wconf 89' lang='lat' dir='ltr'><strong>non</strong></span> <span class='ocrx_word' id='word_1_681' title='bbox 3222 2698 3460 2768; x_wconf 87' lang='lat' dir='ltr'><strong>graviori</strong></span> 
     </span>
    </p>
   </div>
   <div class='ocr_carea' id='block_1_88' title="bbox 1861 2786 3460 2859">
    <p class='ocr_par' dir='ltr' id='par_1_88' title="bbox 1861 2786 3460 2859">
     <span class='ocr_line' id='line_1_88' title="bbox 1861 2786 3460 2859; baseline 0.003 -20"><span class='ocrx_word' id='word_1_682' title='bbox 1861 2786 2077 2852; x_wconf 88' lang='lat' dir='ltr'><strong>mulcta,</strong></span> <span class='ocrx_word' id='word_1_683' title='bbox 2105 2788 2252 2841; x_wconf 91' lang='lat' dir='ltr'><strong>nullo</strong></span> <span class='ocrx_word' id='word_1_684' title='bbox 2277 2802 2382 2842; x_wconf 93' lang='lat' dir='ltr'><strong>non</strong></span> <span class='ocrx_word' id='word_1_685' title='bbox 2408 2797 2650 2844; x_wconf 88' lang='lat' dir='ltr'><strong>extremo</strong></span> <span class='ocrx_word' id='word_1_686' title='bbox 2671 2789 2932 2859; x_wconf 89' lang='lat' dir='ltr'><strong>supplicio</strong></span> <span class='ocrx_word' id='word_1_687' title='bbox 2955 2789 3332 2844; x_wconf 89' lang='lat' dir='ltr'><strong>vindicandum</strong></span> <span class='ocrx_word' id='word_1_688' title='bbox 3353 2799 3460 2846; x_wconf 88' lang='lat' dir='ltr'><strong>est.</strong></span> 
     </span>
    </p>
   </div>
   <div class='ocr_carea' id='block_1_89' title="bbox 1863 2875 3465 2950">
    <p class='ocr_par' dir='ltr' id='par_1_89' title="bbox 1863 2875 3465 2950">
     <span class='ocr_line' id='line_1_89' title="bbox 1863 2875 3465 2950; baseline 0.003 -20"><span class='ocrx_word' id='word_1_689' title='bbox 1863 2875 1969 2932; x_wconf 72' lang='lat' dir='ltr'><strong>Sed</strong></span> <span class='ocrx_word' id='word_1_690' title='bbox 1992 2886 2050 2932; x_wconf 92' lang='lat' dir='ltr'><strong>ut</strong></span> <span class='ocrx_word' id='word_1_691' title='bbox 2081 2877 2348 2948; x_wconf 87' lang='lat' dir='ltr'><strong>intelligas</strong></span> <span class='ocrx_word' id='word_1_692' title='bbox 2364 2879 2626 2947; x_wconf 88' lang='lat' dir='ltr'><strong>ejusmodi</strong></span> <span class='ocrx_word' id='word_1_693' title='bbox 2662 2880 2822 2934; x_wconf 85' lang='lat' dir='ltr'><strong>verba</strong></span> <span class='ocrx_word' id='word_1_694' title='bbox 2858 2879 3152 2949; x_wconf 86' lang='lat' dir='ltr'><strong>perscribi,</strong></span> <span class='ocrx_word' id='word_1_695' title='bbox 3182 2881 3304 2934; x_wconf 91' lang='lat' dir='ltr'><strong>audi</strong></span> <span class='ocrx_word' id='word_1_696' title='bbox 3339 2880 3465 2950; x_wconf 87' lang='lat' dir='ltr'><strong>quid</strong></span> 
     </span>
    </p>
   </div>
   <div class='ocr_carea' id='block_1_90' title="bbox 1861 2967 3466 3042">
    <p class='ocr_par' dir='ltr' id='par_1_90' title="bbox 1861 2967 3466 3042">
     <span class='ocr_line' id='line_1_90' title="bbox 1861 2967 3466 3042; baseline 0.003 -20"><span class='ocrx_word' id='word_1_697' title='bbox 1861 2967 2006 3023; x_wconf 88' lang='lat' dir='ltr'><strong>dicat</strong></span> <span class='ocrx_word' id='word_1_698' title='bbox 2022 2971 2282 3040; x_wconf 82' lang='lat' dir='ltr'><strong>prepheta</strong></span> <span class='ocrx_word' id='word_1_699' title='bbox 2307 2993 2323 3023; x_wconf 77' lang='lat'><strong>;</strong></span> <span class='ocrx_word' id='word_1_700' title='bbox 2351 2970 2485 3025; x_wconf 85' lang='lat' dir='ltr'><strong>Ecce</strong></span> <span class='ocrx_word' id='word_1_701' title='bbox 2507 2973 2698 3042; x_wconf 86' lang='lat' dir='ltr'><strong>scripta</strong></span> <span class='ocrx_word' id='word_1_702' title='bbox 2718 2983 2836 3025; x_wconf 84' lang='lat' dir='ltr'><strong>sunt</strong></span> <span class='ocrx_word' id='word_1_703' title='bbox 2850 2975 2957 3027; x_wconf 79' lang='lat' dir='ltr'><strong>lucc</strong></span> <span class='ocrx_word' id='word_1_704' title='bbox 2980 2975 3031 3026; x_wconf 87' lang='lat' dir='ltr'><strong>in</strong></span> <span class='ocrx_word' id='word_1_705' title='bbox 3049 2973 3179 3027; x_wconf 76' lang='lat' dir='ltr'><strong>libro</strong></span> <span class='ocrx_word' id='word_1_706' title='bbox 3200 2975 3466 3028; x_wconf 75' lang='lat' dir='ltr'><strong>viventium</strong></span> 
     </span>
    </p>
   </div>
   <div class='ocr_carea' id='block_1_91' title="bbox 1860 3059 3464 3133">
    <p class='ocr_par' dir='ltr' id='par_1_91' title="bbox 1860 3059 3464 3133">
     <span class='ocr_line' id='line_1_91' title="bbox 1860 3059 3464 3133; baseline 0.003 -21"><span class='ocrx_word' id='word_1_707' title='bbox 1860 3059 1913 3112; x_wconf 88' lang='lat' dir='ltr'><strong>in</strong></span> <span class='ocrx_word' id='word_1_708' title='bbox 1931 3062 2370 3114; x_wconf 83' lang='lat' dir='ltr'><strong>monumentumiu</strong></span> <span class='ocrx_word' id='word_1_709' title='bbox 2391 3073 2661 3132; x_wconf 85' lang='lat' dir='ltr'><strong>conspectu</strong></span> <span class='ocrx_word' id='word_1_710' title='bbox 2683 3062 2774 3116; x_wconf 86' lang='lat' dir='ltr'><strong>Dei</strong></span> <span class='ocrx_word' id='word_1_711' title='bbox 2787 3062 2893 3133; x_wconf 81' lang='lat' dir='ltr'><strong>(Ib.</strong></span> <span class='ocrx_word' id='word_1_712' title='bbox 2929 3081 2976 3117; x_wconf 81' lang='grc' dir='ltr'><strong>ο.</strong></span> <span class='ocrx_word' id='word_1_713' title='bbox 3005 3064 3118 3132; x_wconf 86' lang='lat' dir='ltr'><strong>l6).</strong></span> <span class='ocrx_word' id='word_1_714' title='bbox 3140 3063 3464 3119; x_wconf 87' lang='lat' dir='ltr'><strong>Scribuntur</strong></span> 
     </span>
    </p>
   </div>
   <div class='ocr_carea' id='block_1_92' title="bbox 1861 3153 3460 3224">
    <p class='ocr_par' dir='ltr' id='par_1_92' title="bbox 1861 3153 3460 3224">
     <span class='ocr_line' id='line_1_92' title="bbox 1861 3153 3460 3224; baseline 0.003 -20"><span class='ocrx_word' id='word_1_715' title='bbox 1861 3160 2039 3206; x_wconf 88' lang='lat' dir='ltr'><strong>autem</strong></span> <span class='ocrx_word' id='word_1_716' title='bbox 2065 3194 2082 3219; x_wconf 98' lang='lat'><strong>,</strong></span> <span class='ocrx_word' id='word_1_717' title='bbox 2119 3168 2225 3207; x_wconf 93' lang='lat' dir='ltr'><strong>non</strong></span> <span class='ocrx_word' id='word_1_718' title='bbox 2268 3153 2411 3224; x_wconf 90' lang='lat' dir='ltr'><strong>quod</strong></span> <span class='ocrx_word' id='word_1_719' title='bbox 2443 3155 2584 3209; x_wconf 87' lang='lat' dir='ltr'><strong>Deus</strong></span> <span class='ocrx_word' id='word_1_720' title='bbox 2611 3155 2662 3210; x_wconf 93' lang='lat' dir='ltr'><strong>in</strong></span> <span class='ocrx_word' id='word_1_721' title='bbox 2693 3157 3003 3211; x_wconf 83' lang='lat' dir='ltr'><strong>memoriam</strong></span> <span class='ocrx_word' id='word_1_722' title='bbox 3052 3167 3268 3211; x_wconf 90' lang='lat' dir='ltr'><strong>revocet</strong></span> <span class='ocrx_word' id='word_1_723' title='bbox 3295 3156 3460 3222; x_wconf 85' lang='lat' dir='ltr'><strong>diem,</strong></span> 
     </span>
    </p>
   </div>
   <div class='ocr_carea' id='block_1_93' title="bbox 1861 3240 3464 3311">
    <p class='ocr_par' dir='ltr' id='par_1_93' title="bbox 1861 3240 3464 3311">
     <span class='ocr_line' id='line_1_93' title="bbox 1861 3240 3464 3311; baseline 0.003 -18"><span class='ocrx_word' id='word_1_724' title='bbox 1861 3240 1944 3295; x_wconf 90' lang='lat' dir='ltr'><strong>vel</strong></span> <span class='ocrx_word' id='word_1_725' title='bbox 1960 3250 2225 3311; x_wconf 86' lang='lat' dir='ltr'><strong>tamquam</strong></span> <span class='ocrx_word' id='word_1_726' title='bbox 2237 3243 2478 3297; x_wconf 89' lang='lat' dir='ltr'><strong>criminis</strong></span> <span class='ocrx_word' id='word_1_727' title='bbox 2494 3243 2750 3311; x_wconf 86' lang='lat' dir='ltr'><strong>probandi</strong></span> <span class='ocrx_word' id='word_1_728' title='bbox 2768 3260 2924 3300; x_wconf 87' lang='lat' dir='ltr'><strong>causa</strong></span> <span class='ocrx_word' id='word_1_729' title='bbox 2943 3253 2998 3300; x_wconf 92' lang='lat' dir='ltr'><strong>ct</strong></span> <span class='ocrx_word' id='word_1_730' title='bbox 3011 3246 3366 3311; x_wconf 87' lang='lat' dir='ltr'><strong>accusationis</strong></span> <span class='ocrx_word' id='word_1_731' title='bbox 3383 3245 3464 3298; x_wconf 78' lang='lat' dir='ltr'><strong>fir-</strong></span> 
     </span>
    </p>
   </div>
   <div class='ocr_carea' id='block_1_94' title="bbox 1862 3333 3463 3408">
    <p class='ocr_par' dir='ltr' id='par_1_94' title="bbox 1862 3333 3463 3408">
     <span class='ocr_line' id='line_1_94' title="bbox 1862 3333 3463 3408; baseline 0.002 -21"><span class='ocrx_word' id='word_1_732' title='bbox 1862 3341 2187 3389; x_wconf 90' lang='lat' dir='ltr'><strong>mamentum</strong></span> <span class='ocrx_word' id='word_1_733' title='bbox 2213 3334 2405 3388; x_wconf 90' lang='lat' dir='ltr'><strong>librum</strong></span> <span class='ocrx_word' id='word_1_734' title='bbox 2433 3333 2686 3404; x_wconf 83' lang='lat' dir='ltr'><strong>proferat.</strong></span> <span class='ocrx_word' id='word_1_735' title='bbox 2707 3335 2956 3391; x_wconf 82' lang='lat' dir='ltr'><strong>Fortasse</strong></span> <span class='ocrx_word' id='word_1_736' title='bbox 2975 3345 3210 3408; x_wconf 71' lang='lat' dir='ltr'><strong>mentem</strong></span> <span class='ocrx_word' id='word_1_737' title='bbox 3231 3345 3463 3391; x_wconf 83' lang='lat' dir='ltr'><strong>vestram</strong></span> 
     </span>
    </p>
   </div>
   <div class='ocr_carea' id='block_1_95' title="bbox 1865 3423 3466 3498">
    <p class='ocr_par' dir='ltr' id='par_1_95' title="bbox 1865 3423 3466 3498">
     <span class='ocr_line' id='line_1_95' title="bbox 1865 3423 3466 3498; baseline 0.004 -22"><span class='ocrx_word' id='word_1_738' title='bbox 1865 3423 2054 3478; x_wconf 89' lang='lat' dir='ltr'><strong>timore</strong></span> <span class='ocrx_word' id='word_1_739' title='bbox 2078 3424 2358 3490; x_wconf 89' lang='lat' dir='ltr'><strong>concussi;</strong></span> <span class='ocrx_word' id='word_1_740' title='bbox 2389 3441 2494 3479; x_wconf 92' lang='lat' dir='ltr'><strong>non</strong></span> <span class='ocrx_word' id='word_1_741' title='bbox 2523 3436 2777 3490; x_wconf 86' lang='lat' dir='ltr'><strong>vestram,</strong></span> <span class='ocrx_word' id='word_1_742' title='bbox 2808 3427 2902 3482; x_wconf 82' lang='lat' dir='ltr'><strong>sed</strong></span> <span class='ocrx_word' id='word_1_743' title='bbox 2935 3442 3108 3482; x_wconf 88' lang='lat' dir='ltr'><strong>meam</strong></span> <span class='ocrx_word' id='word_1_744' title='bbox 3133 3427 3301 3498; x_wconf 87' lang='lat' dir='ltr'><strong>prius.</strong></span> <span class='ocrx_word' id='word_1_745' title='bbox 3355 3430 3466 3498; x_wconf 80' lang='lat' dir='ltr'><strong>Ago</strong></span> 
     </span>
    </p>
   </div>
   <div class='ocr_carea' id='block_1_96' title="bbox 1863 3515 3459 3588">
    <p class='ocr_par' dir='ltr' id='par_1_96' title="bbox 1863 3515 3459 3588">
     <span class='ocr_line' id='line_1_96' title="bbox 1863 3515 3459 3588; baseline 0.003 -19"><span class='ocrx_word' id='word_1_746' title='bbox 1863 3516 2021 3586; x_wconf 85' lang='lat' dir='ltr'><strong>igitur</strong></span> <span class='ocrx_word' id='word_1_747' title='bbox 2051 3517 2346 3571; x_wconf 87' lang='lat' dir='ltr'><strong>orationem</strong></span> <span class='ocrx_word' id='word_1_748' title='bbox 2383 3515 2680 3581; x_wconf 89' lang='lat' dir='ltr'><strong>absolvam,</strong></span> <span class='ocrx_word' id='word_1_749' title='bbox 2707 3519 2789 3573; x_wconf 88' lang='lat' dir='ltr'><strong>vel</strong></span> <span class='ocrx_word' id='word_1_750' title='bbox 2814 3519 2986 3588; x_wconf 87' lang='lat' dir='ltr'><strong>potius</strong></span> <span class='ocrx_word' id='word_1_751' title='bbox 3010 3519 3255 3574; x_wconf 89' lang='lat' dir='ltr'><strong>timorem</strong></span> <span class='ocrx_word' id='word_1_752' title='bbox 3284 3523 3459 3576; x_wconf 83' lang='lat' dir='ltr'><strong>cxsol-</strong></span> 
     </span>
    </p>
   </div>
   <div class='ocr_carea' id='block_1_97' title="bbox 1861 3607 3464 3675">
    <p class='ocr_par' dir='ltr' id='par_1_97' title="bbox 1861 3607 3464 3675">
     <span class='ocr_line' id='line_1_97' title="bbox 1861 3607 3464 3675; baseline 0.002 -14"><span class='ocrx_word' id='word_1_753' title='bbox 1861 3621 1984 3661; x_wconf 87' lang='lat' dir='ltr'><strong>vain</strong></span> <span class='ocrx_word' id='word_1_754' title='bbox 2015 3624 2029 3662; x_wconf 91' lang='lat'>:</span> <span class='ocrx_word' id='word_1_755' title='bbox 2056 3607 2163 3661; x_wconf 91' lang='lat' dir='ltr'><strong>imo</strong></span> <span class='ocrx_word' id='word_1_756' title='bbox 2187 3622 2316 3662; x_wconf 86' lang='lat' dir='ltr'><strong>vero</strong></span> <span class='ocrx_word' id='word_1_757' title='bbox 2345 3623 2449 3663; x_wconf 89' lang='lat' dir='ltr'><strong>non</strong></span> <span class='ocrx_word' id='word_1_758' title='bbox 2477 3609 2777 3674; x_wconf 76' lang='lat' dir='ltr'><strong>exsolvam,</strong></span> <span class='ocrx_word' id='word_1_759' title='bbox 2800 3608 2893 3664; x_wconf 86' lang='lat' dir='ltr'><strong>sed</strong></span> <span class='ocrx_word' id='word_1_760' title='bbox 2918 3609 3148 3675; x_wconf 89' lang='lat' dir='ltr'><strong>leniam;</strong></span> <span class='ocrx_word' id='word_1_761' title='bbox 3179 3611 3301 3665; x_wconf 89' lang='lat' dir='ltr'><strong>volo</strong></span> <span class='ocrx_word' id='word_1_762' title='bbox 3321 3612 3464 3665; x_wconf 89' lang='lat' dir='ltr'><strong>enim</strong></span> 
     </span>
    </p>
   </div>
   <div class='ocr_carea' id='block_1_98' title="bbox 1863 3701 3467 3772">
    <p class='ocr_par' dir='ltr' id='par_1_98' title="bbox 1863 3701 3467 3772">
     <span class='ocr_line' id='line_1_98' title="bbox 1863 3701 3467 3772; baseline 0.004 -20"><span class='ocrx_word' id='word_1_763' title='bbox 1863 3708 2098 3763; x_wconf 89' lang='lat' dir='ltr'><strong>maneat,</strong></span> <span class='ocrx_word' id='word_1_764' title='bbox 2127 3708 2182 3754; x_wconf 90' lang='lat' dir='ltr'><strong>et</strong></span> <span class='ocrx_word' id='word_1_765' title='bbox 2211 3711 2444 3756; x_wconf 90' lang='lat' dir='ltr'><strong>mentem</strong></span> <span class='ocrx_word' id='word_1_766' title='bbox 2490 3712 2724 3758; x_wconf 86' lang='lat' dir='ltr'><strong>vestram</strong></span> <span class='ocrx_word' id='word_1_767' title='bbox 2772 3710 2983 3772; x_wconf 89' lang='lat' dir='ltr'><strong>purget,</strong></span> <span class='ocrx_word' id='word_1_768' title='bbox 3014 3701 3109 3758; x_wconf 87' lang='lat' dir='ltr'><strong>sed</strong></span> <span class='ocrx_word' id='word_1_769' title='bbox 3152 3704 3467 3758; x_wconf 85' lang='lat' dir='ltr'><strong>imminuant</strong></span> 
     </span>
    </p>
   </div>
   <div class='ocr_carea' id='block_1_99' title="bbox 1863 3790 3467 3864">
    <p class='ocr_par' dir='ltr' id='par_1_99' title="bbox 1863 3790 3467 3864">
     <span class='ocr_line' id='line_1_99' title="bbox 1863 3790 3467 3864; baseline 0.001 -20"><span class='ocrx_word' id='word_1_770' title='bbox 1863 3790 2033 3856; x_wconf 90' lang='lat' dir='ltr'><strong>illum,</strong></span> <span class='ocrx_word' id='word_1_771' title='bbox 2064 3807 2132 3845; x_wconf 86' lang='lat' dir='ltr'><strong>ne</strong></span> <span class='ocrx_word' id='word_1_772' title='bbox 2150 3793 2217 3845; x_wconf 91' lang='lat' dir='ltr'><strong>sit</strong></span> <span class='ocrx_word' id='word_1_773' title='bbox 2247 3793 2622 3847; x_wconf 85' lang='lat' dir='ltr'><strong>intolerabilis.</strong></span> <span class='ocrx_word' id='word_1_774' title='bbox 2652 3794 2892 3859; x_wconf 87' lang='lat' dir='ltr'><strong>Quanam</strong></span> <span class='ocrx_word' id='word_1_775' title='bbox 2921 3808 3051 3863; x_wconf 88' lang='lat' dir='ltr'><strong>ergo</strong></span> <span class='ocrx_word' id='word_1_776' title='bbox 3080 3794 3288 3848; x_wconf 90' lang='lat' dir='ltr'><strong>ratione</strong></span> <span class='ocrx_word' id='word_1_777' title='bbox 3318 3805 3467 3864; x_wconf 78' lang='lat' dir='ltr'><strong>pote-</strong></span> 
     </span>
    </p>
   </div>
   <div class='ocr_carea' id='block_1_100' title="bbox 1862 3882 3464 3953">
    <p class='ocr_par' dir='ltr' id='par_1_100' title="bbox 1862 3882 3464 3953">
     <span class='ocr_line' id='line_1_100' title="bbox 1862 3882 3464 3953; baseline 0 -17"><span class='ocrx_word' id='word_1_778' title='bbox 1862 3882 2030 3937; x_wconf 88' lang='lat' dir='ltr'><strong>rimus</strong></span> <span class='ocrx_word' id='word_1_779' title='bbox 2057 3883 2413 3939; x_wconf 75' lang='lat' dir='ltr'><strong>imminuere?</strong></span> <span class='ocrx_word' id='word_1_780' title='bbox 2439 3885 2622 3940; x_wconf 87' lang='lat' dir='ltr'><strong>Sinon</strong></span> <span class='ocrx_word' id='word_1_781' title='bbox 2641 3885 2799 3939; x_wconf 83' lang='lat' dir='ltr'><strong>modo</strong></span> <span class='ocrx_word' id='word_1_782' title='bbox 2827 3884 3083 3953; x_wconf 88' lang='lat' dir='ltr'><strong>perscribi</strong></span> <span class='ocrx_word' id='word_1_783' title='bbox 3112 3895 3352 3953; x_wconf 88' lang='lat' dir='ltr'><strong>peccata,</strong></span> <span class='ocrx_word' id='word_1_784' title='bbox 3369 3883 3464 3937; x_wconf 81' lang='lat' dir='ltr'><strong>sed</strong></span> 
     </span>
    </p>
   </div>
   <div class='ocr_carea' id='block_1_101' title="bbox 1861 3973 3465 4045">
    <p class='ocr_par' dir='ltr' id='par_1_101' title="bbox 1861 3973 3465 4045">
     <span class='ocr_line' id='line_1_101' title="bbox 1861 3973 3465 4045; baseline -0.001 -16"><span class='ocrx_word' id='word_1_785' title='bbox 1861 3973 2022 4029; x_wconf 89' lang='lat' dir='ltr'><strong>etiam</strong></span> <span class='ocrx_word' id='word_1_786' title='bbox 2046 3973 2215 4028; x_wconf 90' lang='lat' dir='ltr'><strong>deleri</strong></span> <span class='ocrx_word' id='word_1_787' title='bbox 2254 3974 2821 4030; x_wconf 85' lang='lat' dir='ltr'><strong>demonstraverimus.</strong></span> <span class='ocrx_word' id='word_1_788' title='bbox 2846 3974 2978 4030; x_wconf 85' lang='lat' dir='ltr'><strong>Nam</strong></span> <span class='ocrx_word' id='word_1_789' title='bbox 3017 3976 3069 4028; x_wconf 92' lang='lat' dir='ltr'><strong>in</strong></span> <span class='ocrx_word' id='word_1_790' title='bbox 3091 3975 3296 4044; x_wconf 84' lang='lat' dir='ltr'><strong>judicio</strong></span> <span class='ocrx_word' id='word_1_791' title='bbox 3320 3991 3465 4045; x_wconf 71' lang='lat' dir='ltr'><strong>qum-</strong></span> 
     </span>
    </p>
   </div>
   <div class='ocr_carea' id='block_1_102' title="bbox 1863 4066 3461 4138">
    <p class='ocr_par' dir='ltr' id='par_1_102' title="bbox 1863 4066 3461 4138">
     <span class='ocr_line' id='line_1_102' title="bbox 1863 4066 3461 4138; baseline -0.001 -17"><span class='ocrx_word' id='word_1_792' title='bbox 1863 4079 2093 4137; x_wconf 90' lang='lat' dir='ltr'><strong>cumque</strong></span> <span class='ocrx_word' id='word_1_793' title='bbox 2137 4066 2334 4122; x_wconf 85' lang='lat' dir='ltr'><strong>dixerit</strong></span> <span class='ocrx_word' id='word_1_794' title='bbox 2378 4067 2432 4122; x_wconf 92' lang='lat' dir='ltr'><strong>in</strong></span> <span class='ocrx_word' id='word_1_795' title='bbox 2479 4066 2884 4122; x_wconf 85' lang='lat' dir='ltr'><strong>commentariis</strong></span> <span class='ocrx_word' id='word_1_796' title='bbox 2927 4067 3305 4138; x_wconf 88' lang='lat' dir='ltr'><strong>perscribenda</strong></span> <span class='ocrx_word' id='word_1_797' title='bbox 3351 4068 3461 4130; x_wconf 84' lang='lat' dir='ltr'><strong>ille,</strong></span> 
     </span>
    </p>
   </div>
   <div class='ocr_carea' id='block_1_103' title="bbox 1862 4159 3464 4238">
    <p class='ocr_par' dir='ltr' id='par_1_103' title="bbox 1862 4159 3464 4238">
     <span class='ocr_line' id='line_1_103' title="bbox 1862 4159 3464 4238; baseline -0.001 -26"><span class='ocrx_word' id='word_1_798' title='bbox 1862 4160 1952 4230; x_wconf 89' lang='lat' dir='ltr'><strong>qui</strong></span> <span class='ocrx_word' id='word_1_799' title='bbox 1982 4159 2168 4228; x_wconf 82' lang='lat' dir='ltr'><strong>litigat,</strong></span> <span class='ocrx_word' id='word_1_800' title='bbox 2197 4160 2416 4213; x_wconf 86' lang='lat' dir='ltr'><strong>omnino</strong></span> <span class='ocrx_word' id='word_1_801' title='bbox 2440 4160 2750 4215; x_wconf 86' lang='lat' dir='ltr'><strong>scribuntur</strong></span> <span class='ocrx_word' id='word_1_802' title='bbox 2781 4160 2831 4213; x_wconf 92' lang='lat' dir='ltr'><strong>in</strong></span> <span class='ocrx_word' id='word_1_803' title='bbox 2861 4168 3198 4229; x_wconf 88' lang='lat' dir='ltr'><strong>perpetuum,</strong></span> <span class='ocrx_word' id='word_1_804' title='bbox 3228 4174 3326 4228; x_wconf 86' lang='lat' dir='ltr'><strong>nec</strong></span> <span class='ocrx_word' id='word_1_805' title='bbox 3345 4175 3464 4238; x_wconf 80' lang='lat' dir='ltr'><strong>ani-</strong></span> 
     </span>
    </p>
   </div>
   <div class='ocr_carea' id='block_1_104' title="bbox 1865 4251 3464 4322">
    <p class='ocr_par' dir='ltr' id='par_1_104' title="bbox 1865 4251 3464 4322">
     <span class='ocr_line' id='line_1_104' title="bbox 1865 4251 3464 4322; baseline 0.001 -19"><span class='ocrx_word' id='word_1_806' title='bbox 1865 4251 2004 4320; x_wconf 91' lang='lat' dir='ltr'><strong>plius</strong></span> <span class='ocrx_word' id='word_1_807' title='bbox 2030 4251 2194 4306; x_wconf 88' lang='lat' dir='ltr'><strong>deleri</strong></span> <span class='ocrx_word' id='word_1_808' title='bbox 2227 4264 2480 4321; x_wconf 88' lang='lat' dir='ltr'><strong>possunt;</strong></span> <span class='ocrx_word' id='word_1_809' title='bbox 2512 4264 2566 4307; x_wconf 88' lang='lat' dir='ltr'><strong>at</strong></span> <span class='ocrx_word' id='word_1_810' title='bbox 2591 4253 2644 4307; x_wconf 90' lang='lat' dir='ltr'><strong>in</strong></span> <span class='ocrx_word' id='word_1_811' title='bbox 2675 4253 2766 4307; x_wconf 90' lang='lat' dir='ltr'><strong>illo</strong></span> <span class='ocrx_word' id='word_1_812' title='bbox 2787 4254 2943 4313; x_wconf 89' lang='lat' dir='ltr'><strong>libro.</strong></span> <span class='ocrx_word' id='word_1_813' title='bbox 2971 4252 3096 4308; x_wconf 91' lang='lat' dir='ltr'><strong>licet</strong></span> <span class='ocrx_word' id='word_1_814' title='bbox 3143 4253 3282 4307; x_wconf 84' lang='lat' dir='ltr'><strong>mala</strong></span> <span class='ocrx_word' id='word_1_815' title='bbox 3316 4268 3464 4322; x_wconf 80' lang='lat' dir='ltr'><strong>qua:-</strong></span> 
     </span>
    </p>
   </div>
   <div class='ocr_carea' id='block_1_105' title="bbox 1866 4343 3466 4414">
    <p class='ocr_par' dir='ltr' id='par_1_105' title="bbox 1866 4343 3466 4414">
     <span class='ocr_line' id='line_1_105' title="bbox 1866 4343 3466 4414; baseline 0.001 -16"><span class='ocrx_word' id='word_1_816' title='bbox 1866 4347 2005 4414; x_wconf 87' lang='lat' dir='ltr'><strong>piam</strong></span> <span class='ocrx_word' id='word_1_817' title='bbox 2028 4343 2247 4410; x_wconf 77' lang='lat' dir='ltr'><strong>dixeris,</strong></span> <span class='ocrx_word' id='word_1_818' title='bbox 2280 4345 2324 4399; x_wconf 90' lang='lat' dir='ltr'><strong>si</strong></span> <span class='ocrx_word' id='word_1_819' title='bbox 2354 4346 2606 4410; x_wconf 83' lang='lat' dir='ltr'><strong>volueris,</strong></span> <span class='ocrx_word' id='word_1_820' title='bbox 2636 4361 2823 4400; x_wconf 87' lang='lat' dir='ltr'><strong>rursus</strong></span> <span class='ocrx_word' id='word_1_821' title='bbox 2863 4345 3131 4400; x_wconf 88' lang='lat' dir='ltr'><strong>delentur.</strong></span> <span class='ocrx_word' id='word_1_822' title='bbox 3163 4344 3317 4401; x_wconf 88' lang='lat' dir='ltr'><strong>Unde</strong></span> <span class='ocrx_word' id='word_1_823' title='bbox 3363 4344 3466 4399; x_wconf 91' lang='lat' dir='ltr'><strong>hoc</strong></span> 
     </span>
    </p>
   </div>
   <div class='ocr_carea' id='block_1_106' title="bbox 1865 4438 3464 4508">
    <p class='ocr_par' dir='ltr' id='par_1_106' title="bbox 1865 4438 3464 4508">
     <span class='ocr_line' id='line_1_106' title="bbox 1865 4438 3464 4508; baseline -0.003 -16"><span class='ocrx_word' id='word_1_824' title='bbox 1865 4438 2067 4507; x_wconf 89' lang='lat' dir='ltr'><strong>liquet?</strong></span> <span class='ocrx_word' id='word_1_825' title='bbox 2091 4438 2168 4491; x_wconf 87' lang='lat' dir='ltr'><strong>Ex</strong></span> <span class='ocrx_word' id='word_1_826' title='bbox 2197 4439 2493 4507; x_wconf 90' lang='lat' dir='ltr'><strong>Scriptura.</strong></span> <span class='ocrx_word' id='word_1_827' title='bbox 2526 4438 2707 4492; x_wconf 80' lang='lat' dir='ltr'><strong>Averte</strong></span> <span class='ocrx_word' id='word_1_828' title='bbox 2732 4439 2884 4502; x_wconf 84' lang='lat' dir='ltr'><strong>enim,</strong></span> <span class='ocrx_word' id='word_1_829' title='bbox 2915 4438 3105 4508; x_wconf 88' lang='lat' dir='ltr'><strong>inquit,</strong></span> <span class='ocrx_word' id='word_1_830' title='bbox 3126 4438 3464 4507; x_wconf 76' lang='lat' dir='ltr'><strong>faciemtuam</strong></span> 
     </span>
    </p>
   </div>
   <div class='ocr_carea' id='block_1_107' title="bbox 1865 4525 3464 4599">
    <p class='ocr_par' dir='ltr' id='par_1_107' title="bbox 1865 4525 3464 4599">
     <span class='ocr_line' id='line_1_107' title="bbox 1865 4525 3464 4599; baseline -0.001 -18"><span class='ocrx_word' id='word_1_831' title='bbox 1865 4545 1897 4581; x_wconf 91' lang='lat' dir='ltr'><strong>a</strong></span> <span class='ocrx_word' id='word_1_832' title='bbox 1926 4529 2143 4599; x_wconf 89' lang='lat' dir='ltr'><strong>peccatis</strong></span> <span class='ocrx_word' id='word_1_833' title='bbox 2182 4529 2324 4595; x_wconf 82' lang='lat' dir='ltr'><strong>meis,</strong></span> <span class='ocrx_word' id='word_1_834' title='bbox 2368 4539 2414 4583; x_wconf 90' lang='lat' dir='ltr'><strong>et</strong></span> <span class='ocrx_word' id='word_1_835' title='bbox 2450 4545 2624 4583; x_wconf 71' lang='lat' dir='ltr'><strong>omnes</strong></span> <span class='ocrx_word' id='word_1_836' title='bbox 2657 4529 2942 4599; x_wconf 82' lang='lat' dir='ltr'><strong>iniquitates</strong></span> <span class='ocrx_word' id='word_1_837' title='bbox 2973 4545 3108 4583; x_wconf 82' lang='lat' dir='ltr'><strong>meas</strong></span> <span class='ocrx_word' id='word_1_838' title='bbox 3153 4529 3262 4581; x_wconf 84' lang='lat' dir='ltr'><strong>dele</strong></span> <span class='ocrx_word' id='word_1_839' title='bbox 3289 4525 3464 4596; x_wconf 82' lang='lat' dir='ltr'><strong>(Psal.</strong></span> 
     </span>
    </p>
   </div>
   <div class='ocr_carea' id='block_1_108' title="bbox 1865 4618 3468 4690">
    <p class='ocr_par' dir='ltr' id='par_1_108' title="bbox 1865 4618 3468 4690">
     <span class='ocr_line' id='line_1_108' title="bbox 1865 4618 3468 4690; baseline 0.001 -17"><span class='ocrx_word' id='word_1_840' title='bbox 1865 4619 1954 4673; x_wconf 82' lang='lat'><strong>50.</strong></span> <span class='ocrx_word' id='word_1_841' title='bbox 1983 4618 2092 4690; x_wconf 80' lang='grc' dir='ltr'><strong>Η).</strong></span> <span class='ocrx_word' id='word_1_842' title='bbox 2121 4620 2190 4673; x_wconf 78' lang='lat' dir='ltr'><strong>At</strong></span> <span class='ocrx_word' id='word_1_843' title='bbox 2216 4634 2375 4675; x_wconf 90' lang='lat' dir='ltr'><strong>nemo</strong></span> <span class='ocrx_word' id='word_1_844' title='bbox 2421 4619 2562 4689; x_wconf 86' lang='lat' dir='ltr'><strong>quod</strong></span> <span class='ocrx_word' id='word_1_845' title='bbox 2608 4621 2864 4690; x_wconf 84' lang='lat' dir='ltr'><strong>scriptum</strong></span> <span class='ocrx_word' id='word_1_846' title='bbox 2894 4635 2999 4674; x_wconf 90' lang='lat' dir='ltr'><strong>non</strong></span> <span class='ocrx_word' id='word_1_847' title='bbox 3029 4629 3128 4679; x_wconf 86' lang='lat' dir='ltr'><strong>est,</strong></span> <span class='ocrx_word' id='word_1_848' title='bbox 3159 4619 3340 4674; x_wconf 83' lang='lat' dir='ltr'><strong>delere</strong></span> <span class='ocrx_word' id='word_1_849' title='bbox 3369 4635 3468 4689; x_wconf 57' lang='grc' dir='ltr'><strong>νοω</strong></span> 
     </span>
    </p>
   </div>
   <div class='ocr_carea' id='block_1_109' title="bbox 1865 4711 3468 4781">
    <p class='ocr_par' dir='ltr' id='par_1_109' title="bbox 1865 4711 3468 4781">
     <span class='ocr_line' id='line_1_109' title="bbox 1865 4711 3468 4781; baseline 0.002 -18"><span class='ocrx_word' id='word_1_850' title='bbox 1865 4718 1970 4764; x_wconf 89' lang='lat' dir='ltr'><strong>test</strong></span> <span class='ocrx_word' id='word_1_851' title='bbox 2000 4729 2013 4766; x_wconf 87' lang='lat'><strong>:</strong></span> <span class='ocrx_word' id='word_1_852' title='bbox 2043 4712 2220 4781; x_wconf 86' lang='lat' dir='ltr'><strong>itaque</strong></span> <span class='ocrx_word' id='word_1_853' title='bbox 2264 4713 2518 4780; x_wconf 90' lang='lat' dir='ltr'><strong>quoniam</strong></span> <span class='ocrx_word' id='word_1_854' title='bbox 2551 4713 2747 4779; x_wconf 89' lang='lat' dir='ltr'><strong>scripta</strong></span> <span class='ocrx_word' id='word_1_855' title='bbox 2794 4712 3031 4777; x_wconf 89' lang='lat' dir='ltr'><strong>fuerant,</strong></span> <span class='ocrx_word' id='word_1_856' title='bbox 3063 4711 3231 4766; x_wconf 85' lang='lat' dir='ltr'><strong>deleri</strong></span> <span class='ocrx_word' id='word_1_857' title='bbox 3276 4727 3468 4779; x_wconf 80' lang='lat' dir='ltr'><strong>preca-</strong></span> 
     </span>
    </p>
   </div>
   <div class='ocr_carea' id='block_1_110' title="bbox 1867 4801 3468 4873">
    <p class='ocr_par' dir='ltr' id='par_1_110' title="bbox 1867 4801 3468 4873">
     <span class='ocr_line' id='line_1_110' title="bbox 1867 4801 3468 4873; baseline 0.001 -18"><span class='ocrx_word' id='word_1_858' title='bbox 1867 4811 1974 4856; x_wconf 88' lang='lat' dir='ltr'><strong>tur.</strong></span> <span class='ocrx_word' id='word_1_859' title='bbox 2009 4801 2168 4856; x_wconf 90' lang='lat' dir='ltr'><strong>Docet</strong></span> <span class='ocrx_word' id='word_1_860' title='bbox 2197 4811 2374 4857; x_wconf 88' lang='lat' dir='ltr'><strong>autem</strong></span> <span class='ocrx_word' id='word_1_861' title='bbox 2402 4812 2456 4857; x_wconf 92' lang='lat' dir='ltr'><strong>et</strong></span> <span class='ocrx_word' id='word_1_862' title='bbox 2481 4803 2619 4856; x_wconf 85' lang='lat' dir='ltr'><strong>alius</strong></span> <span class='ocrx_word' id='word_1_863' title='bbox 2659 4801 2898 4873; x_wconf 84' lang='lat' dir='ltr'><strong>quidam,</strong></span> <span class='ocrx_word' id='word_1_864' title='bbox 2931 4817 3164 4870; x_wconf 89' lang='lat' dir='ltr'><strong>quonam</strong></span> <span class='ocrx_word' id='word_1_865' title='bbox 3192 4811 3348 4872; x_wconf 87' lang='lat' dir='ltr'><strong>pacto</strong></span> <span class='ocrx_word' id='word_1_866' title='bbox 3372 4803 3468 4856; x_wconf 81' lang='lat' dir='ltr'><strong>de-</strong></span> 
     </span>
    </p>
   </div>
   <div class='ocr_carea' id='block_1_111' title="bbox 1866 4891 3467 4964">
    <p class='ocr_par' dir='ltr' id='par_1_111' title="bbox 1866 4891 3467 4964">
     <span class='ocr_line' id='line_1_111' title="bbox 1866 4891 3467 4964; baseline 0.001 -19"><span class='ocrx_word' id='word_1_867' title='bbox 1866 4891 2098 4958; x_wconf 85' lang='lat' dir='ltr'><strong>leantur,</strong></span> <span class='ocrx_word' id='word_1_868' title='bbox 2119 4893 2188 4946; x_wconf 88' lang='lat' dir='ltr'><strong>ita</strong></span> <span class='ocrx_word' id='word_1_869' title='bbox 2212 4892 2397 4948; x_wconf 84' lang='lat' dir='ltr'><strong>dicens</strong></span> <span class='ocrx_word' id='word_1_870' title='bbox 2427 4911 2441 4946; x_wconf 85' lang='lat'><strong>‘.</strong></span> <span class='ocrx_word' id='word_1_871' title='bbox 2475 4893 2825 4963; x_wconf 80' lang='lat' dir='ltr'><strong>Eicemosynis</strong></span> <span class='ocrx_word' id='word_1_872' title='bbox 2849 4903 2894 4947; x_wconf 89' lang='lat' dir='ltr'><strong>et</strong></span> <span class='ocrx_word' id='word_1_873' title='bbox 2923 4894 3026 4961; x_wconf 81' lang='lat' dir='ltr'><strong>ﬁde</strong></span> <span class='ocrx_word' id='word_1_874' title='bbox 3046 4903 3332 4964; x_wconf 83' lang='lat' dir='ltr'><strong>purgantur</strong></span> <span class='ocrx_word' id='word_1_875' title='bbox 3359 4910 3467 4962; x_wconf 82' lang='lat' dir='ltr'><strong>pec-</strong></span> 
     </span>
    </p>
   </div>
   <div class='ocr_carea' id='block_1_112' title="bbox 1864 4983 3464 5057">
    <p class='ocr_par' dir='ltr' id='par_1_112' title="bbox 1864 4983 3464 5057">
     <span class='ocr_line' id='line_1_112' title="bbox 1864 4983 3464 5057; baseline -0.001 -18"><span class='ocrx_word' id='word_1_876' title='bbox 1864 4995 1978 5039; x_wconf 88' lang='lat' dir='ltr'><strong>cata</strong></span> <span class='ocrx_word' id='word_1_877' title='bbox 1999 4985 2177 5057; x_wconf 77' lang='lat' dir='ltr'><strong>(Prov.</strong></span> <span class='ocrx_word' id='word_1_878' title='bbox 2210 4985 2296 5041; x_wconf 82' lang='lat' dir='ltr'><strong>l5.</strong></span> <span class='ocrx_word' id='word_1_879' title='bbox 2319 4985 2411 5057; x_wconf 89' lang='lat'><strong>27)</strong></span> <span class='ocrx_word' id='word_1_880' title='bbox 2440 5004 2454 5041; x_wconf 89' lang='lat'><strong>:</strong></span> <span class='ocrx_word' id='word_1_881' title='bbox 2481 5000 2586 5038; x_wconf 92' lang='lat' dir='ltr'><strong>non</strong></span> <span class='ocrx_word' id='word_1_882' title='bbox 2637 4994 2840 5039; x_wconf 88' lang='lat' dir='ltr'><strong>tantum</strong></span> <span class='ocrx_word' id='word_1_883' title='bbox 2881 4983 3149 5050; x_wconf 91' lang='lat' dir='ltr'><strong>delentur,</strong></span> <span class='ocrx_word' id='word_1_884' title='bbox 3179 4983 3272 5040; x_wconf 90' lang='lat' dir='ltr'><strong>scd</strong></span> <span class='ocrx_word' id='word_1_885' title='bbox 3303 4986 3464 5037; x_wconf 86' lang='lat' dir='ltr'><strong>etiam</strong></span> 
     </span>
    </p>
   </div>
   <div class='ocr_carea' id='block_1_113' title="bbox 1867 5077 3459 5148">
    <p class='ocr_par' dir='ltr' id='par_1_113' title="bbox 1867 5077 3459 5148">
     <span class='ocr_line' id='line_1_113' title="bbox 1867 5077 3459 5148; baseline -0.003 -15"><span class='ocrx_word' id='word_1_886' title='bbox 1867 5088 2178 5148; x_wconf 87' lang='lat' dir='ltr'><strong>purgantur,</strong></span> <span class='ocrx_word' id='word_1_887' title='bbox 2207 5079 2285 5134; x_wconf 84' lang='lat' dir='ltr'><strong>sic</strong></span> <span class='ocrx_word' id='word_1_888' title='bbox 2309 5087 2368 5133; x_wconf 92' lang='lat' dir='ltr'><strong>ut</strong></span> <span class='ocrx_word' id='word_1_889' title='bbox 2394 5093 2492 5134; x_wconf 89' lang='lat' dir='ltr'><strong>nec</strong></span> <span class='ocrx_word' id='word_1_890' title='bbox 2520 5079 2640 5134; x_wconf 77' lang='lat' dir='ltr'><strong>ulla:</strong></span> <span class='ocrx_word' id='word_1_891' title='bbox 2669 5078 2911 5148; x_wconf 67' lang='lat' dir='ltr'><strong>reliquiae</strong></span> <span class='ocrx_word' id='word_1_892' title='bbox 2929 5087 3177 5132; x_wconf 86' lang='lat' dir='ltr'><strong>maneant</strong></span> <span class='ocrx_word' id='word_1_893' title='bbox 3199 5077 3459 5131; x_wconf 81' lang='lat' dir='ltr'><strong>delectio-</strong></span> 
     </span>
    </p>
   </div>
   <div class='ocr_carea' id='block_1_114' title="bbox 1865 5158 3461 5241">
    <p class='ocr_par' dir='ltr' id='par_1_114' title="bbox 1865 5158 3461 5241">
     <span class='ocr_line' id='line_1_114' title="bbox 1865 5158 3461 5241; baseline -0.003 -16"><span class='ocrx_word' id='word_1_894' title='bbox 1865 5172 1969 5226; x_wconf 91' lang='lat' dir='ltr'><strong>nis.</strong></span> <span class='ocrx_word' id='word_1_895' title='bbox 2014 5171 2193 5241; x_wconf 87' lang='lat' dir='ltr'><strong>Neque</strong></span> <span class='ocrx_word' id='word_1_896' title='bbox 2241 5186 2371 5226; x_wconf 84' lang='lat' dir='ltr'><strong>vero</strong></span> <span class='ocrx_word' id='word_1_897' title='bbox 2411 5186 2531 5238; x_wconf 74' lang='lat' dir='ltr'><strong>quae</strong></span> <span class='ocrx_word' id='word_1_898' title='bbox 2571 5181 2693 5241; x_wconf 88' lang='lat' dir='ltr'><strong>post</strong></span> <span class='ocrx_word' id='word_1_899' title='bbox 2736 5158 3059 5240; x_wconf 78' lang='lat' dir='ltr'><strong>baptismum</strong></span> <span class='ocrx_word' id='word_1_900' title='bbox 3086 5172 3281 5240; x_wconf 87' lang='lat' dir='ltr'><strong>scripta</strong></span> <span class='ocrx_word' id='word_1_901' title='bbox 3313 5181 3461 5236; x_wconf 87' lang='lat' dir='ltr'><strong>sunt,</strong></span> 
     </span>
    </p>
   </div>
   <div class='ocr_carea' id='block_1_115' title="bbox 1867 5263 3462 5333">
    <p class='ocr_par' dir='ltr' id='par_1_115' title="bbox 1867 5263 3462 5333">
     <span class='ocr_line' id='line_1_115' title="bbox 1867 5263 3462 5333; baseline -0.001 -17"><span class='ocrx_word' id='word_1_902' title='bbox 1867 5273 2069 5318; x_wconf 88' lang='lat' dir='ltr'><strong>tantum</strong></span> <span class='ocrx_word' id='word_1_903' title='bbox 2096 5264 2371 5328; x_wconf 89' lang='lat' dir='ltr'><strong>delentur;</strong></span> <span class='ocrx_word' id='word_1_904' title='bbox 2404 5263 2498 5320; x_wconf 84' lang='lat' dir='ltr'><strong>sed</strong></span> <span class='ocrx_word' id='word_1_905' title='bbox 2529 5264 2689 5320; x_wconf 88' lang='lat' dir='ltr'><strong>etiam</strong></span> <span class='ocrx_word' id='word_1_906' title='bbox 2719 5279 2838 5333; x_wconf 72' lang='lat' dir='ltr'><strong>quze</strong></span> <span class='ocrx_word' id='word_1_907' title='bbox 2864 5272 2989 5318; x_wconf 91' lang='lat' dir='ltr'><strong>ante</strong></span> <span class='ocrx_word' id='word_1_908' title='bbox 3015 5265 3282 5318; x_wconf 83' lang='lat' dir='ltr'><strong>lavacrum</strong></span> <span class='ocrx_word' id='word_1_909' title='bbox 3329 5265 3462 5318; x_wconf 82' lang='lat' dir='ltr'><strong>scri-</strong></span> 
     </span>
    </p>
   </div>
   <div class='ocr_carea' id='block_1_116' title="bbox 1867 5351 3464 5426">
    <p class='ocr_par' dir='ltr' id='par_1_116' title="bbox 1867 5351 3464 5426">
     <span class='ocr_line' id='line_1_116' title="bbox 1867 5351 3464 5426; baseline -0.001 -16"><span class='ocrx_word' id='word_1_910' title='bbox 1867 5366 1953 5426; x_wconf 91' lang='lat' dir='ltr'><strong>pta</strong></span> <span class='ocrx_word' id='word_1_911' title='bbox 1983 5354 2213 5420; x_wconf 88' lang='lat' dir='ltr'><strong>fuerant,</strong></span> <span class='ocrx_word' id='word_1_912' title='bbox 2246 5355 2334 5409; x_wconf 88' lang='lat' dir='ltr'><strong>illa</strong></span> <span class='ocrx_word' id='word_1_913' title='bbox 2359 5355 2538 5410; x_wconf 90' lang='lat' dir='ltr'><strong>omnia</strong></span> <span class='ocrx_word' id='word_1_914' title='bbox 2565 5351 2815 5426; x_wconf 76' lang='lat' dir='ltr'><strong>baptismi</strong></span> <span class='ocrx_word' id='word_1_915' title='bbox 2845 5369 2981 5424; x_wconf 87' lang='lat' dir='ltr'><strong>aqua</strong></span> <span class='ocrx_word' id='word_1_916' title='bbox 3010 5365 3064 5409; x_wconf 91' lang='lat' dir='ltr'><strong>et</strong></span> <span class='ocrx_word' id='word_1_917' title='bbox 3082 5354 3282 5410; x_wconf 90' lang='lat' dir='ltr'><strong>Christi</strong></span> <span class='ocrx_word' id='word_1_918' title='bbox 3304 5367 3464 5408; x_wconf 91' lang='lat' dir='ltr'><strong>cruce</strong></span> 
     </span>
    </p>
   </div>
   <div class='ocr_carea' id='block_1_117' title="bbox 1865 5447 3463 5517">
    <p class='ocr_par' dir='ltr' id='par_1_117' title="bbox 1865 5447 3463 5517">
     <span class='ocr_line' id='line_1_117' title="bbox 1865 5447 3463 5517; baseline -0.003 -14"><span class='ocrx_word' id='word_1_919' title='bbox 1865 5448 2128 5513; x_wconf 87' lang='lat' dir='ltr'><strong>delentur,</strong></span> <span class='ocrx_word' id='word_1_920' title='bbox 2161 5449 2301 5504; x_wconf 90' lang='lat' dir='ltr'><strong>sicut</strong></span> <span class='ocrx_word' id='word_1_921' title='bbox 2326 5456 2385 5505; x_wconf 90' lang='lat' dir='ltr'><strong>et</strong></span> <span class='ocrx_word' id='word_1_922' title='bbox 2413 5448 2608 5504; x_wconf 83' lang='lat' dir='ltr'><strong>Paulus</strong></span> <span class='ocrx_word' id='word_1_923' title='bbox 2649 5451 2724 5502; x_wconf 89' lang='lat' dir='ltr'><strong>ait</strong></span> <span class='ocrx_word' id='word_1_924' title='bbox 2753 5466 2766 5504; x_wconf 88' lang='lat'><strong>:</strong></span> <span class='ocrx_word' id='word_1_925' title='bbox 2797 5447 3005 5513; x_wconf 83' lang='lat' dir='ltr'><strong>Delens,</strong></span> <span class='ocrx_word' id='word_1_926' title='bbox 3049 5447 3186 5517; x_wconf 86' lang='lat' dir='ltr'><strong>quod</strong></span> <span class='ocrx_word' id='word_1_927' title='bbox 3225 5448 3463 5502; x_wconf 77' lang='lat' dir='ltr'><strong>adversus</strong></span> 
     </span>
    </p>
   </div>
   <div class='ocr_carea' id='block_1_118' title="bbox 1865 5537 3463 5611">
    <p class='ocr_par' dir='ltr' id='par_1_118' title="bbox 1865 5537 3463 5611">
     <span class='ocr_line' id='line_1_118' title="bbox 1865 5537 3463 5611; baseline -0.002 -18"><span class='ocrx_word' id='word_1_928' title='bbox 1865 5555 1956 5594; x_wconf 89' lang='lat' dir='ltr'><strong>nos</strong></span> <span class='ocrx_word' id='word_1_929' title='bbox 1975 5550 2101 5604; x_wconf 84' lang='lat' dir='ltr'><strong>erat,</strong></span> <span class='ocrx_word' id='word_1_930' title='bbox 2134 5539 2551 5611; x_wconf 79' lang='lat' dir='ltr'><strong>chirographum,</strong></span> <span class='ocrx_word' id='word_1_931' title='bbox 2577 5538 2711 5611; x_wconf 86' lang='lat' dir='ltr'><strong>quod</strong></span> <span class='ocrx_word' id='word_1_932' title='bbox 2733 5548 2841 5592; x_wconf 88' lang='lat' dir='ltr'><strong>erat</strong></span> <span class='ocrx_word' id='word_1_933' title='bbox 2869 5538 3176 5593; x_wconf 82' lang='lat' dir='ltr'><strong>contrarium</strong></span> <span class='ocrx_word' id='word_1_934' title='bbox 3200 5537 3344 5590; x_wconf 84' lang='lat' dir='ltr'><strong>nobis</strong></span> <span class='ocrx_word' id='word_1_935' title='bbox 3368 5551 3385 5590; x_wconf 91' lang='lat'><strong><em>:</em></strong></span> <span class='ocrx_word' id='word_1_936' title='bbox 3416 5545 3463 5590; x_wconf 84' lang='lat' dir='ltr'><strong>et</strong></span> 
     </span>
    </p>
   </div>
   <div class='ocr_carea' id='block_1_119' title="bbox 1864 5628 3458 5703">
    <p class='ocr_par' dir='ltr' id='par_1_119' title="bbox 1864 5628 3458 5703">
     <span class='ocr_line' id='line_1_119' title="bbox 1864 5628 3458 5703; baseline -0.001 -19"><span class='ocrx_word' id='word_1_937' title='bbox 1864 5631 2031 5700; x_wconf 82' lang='lat' dir='ltr'><strong>ipsum</strong></span> <span class='ocrx_word' id='word_1_938' title='bbox 2057 5633 2167 5686; x_wconf 81' lang='lat' dir='ltr'><strong>tulit</strong></span> <span class='ocrx_word' id='word_1_939' title='bbox 2196 5634 2260 5685; x_wconf 87' lang='lat' dir='ltr'><strong>de</strong></span> <span class='ocrx_word' id='word_1_940' title='bbox 2279 5631 2459 5698; x_wconf 85' lang='lat' dir='ltr'><strong>medio,</strong></span> <span class='ocrx_word' id='word_1_941' title='bbox 2485 5631 2701 5703; x_wconf 71' lang='lat' dir='ltr'><strong>aﬂigeus</strong></span> <span class='ocrx_word' id='word_1_942' title='bbox 2717 5631 2850 5685; x_wconf 80' lang='lat' dir='ltr'><strong>illud</strong></span> <span class='ocrx_word' id='word_1_943' title='bbox 2869 5632 3008 5685; x_wconf 87' lang='lat' dir='ltr'><strong>cruci</strong></span> <span class='ocrx_word' id='word_1_944' title='bbox 3029 5629 3247 5697; x_wconf 83' lang='lat' dir='ltr'><strong>(Coloss.</strong></span> <span class='ocrx_word' id='word_1_945' title='bbox 3267 5628 3321 5682; x_wconf 88' lang='lat'><strong>2.</strong></span> <span class='ocrx_word' id='word_1_946' title='bbox 3349 5628 3458 5696; x_wconf 63' lang='lat' dir='ltr'><strong>li).</strong></span> 
     </span>
    </p>
   </div>
   <div class='ocr_carea' id='block_1_120' title="bbox 1865 5719 3463 5792">
    <p class='ocr_par' dir='ltr' id='par_1_120' title="bbox 1865 5719 3463 5792">
     <span class='ocr_line' id='line_1_120' title="bbox 1865 5719 3463 5792; baseline -0.001 -17"><span class='ocrx_word' id='word_1_947' title='bbox 1865 5721 2027 5777; x_wconf 81' lang='lat' dir='ltr'><strong>Vides</strong></span> <span class='ocrx_word' id='word_1_948' title='bbox 2043 5738 2148 5790; x_wconf 88' lang='lat' dir='ltr'><strong>quo</strong></span> <span class='ocrx_word' id='word_1_949' title='bbox 2166 5733 2318 5791; x_wconf 89' lang='lat' dir='ltr'><strong>pacto</strong></span> <span class='ocrx_word' id='word_1_950' title='bbox 2338 5723 2572 5778; x_wconf 89' lang='lat' dir='ltr'><strong>deletum</strong></span> <span class='ocrx_word' id='word_1_951' title='bbox 2591 5723 2747 5778; x_wconf 88' lang='lat' dir='ltr'><strong>fuerit</strong></span> <span class='ocrx_word' id='word_1_952' title='bbox 2767 5722 2892 5776; x_wconf 90' lang='lat' dir='ltr'><strong>illud</strong></span> <span class='ocrx_word' id='word_1_953' title='bbox 2911 5720 3325 5792; x_wconf 85' lang='lat' dir='ltr'><strong>chirographum</strong></span> <span class='ocrx_word' id='word_1_954' title='bbox 3339 5719 3362 5772; x_wconf 72' lang='grc' dir='ltr'>τ</span> <span class='ocrx_word' id='word_1_955' title='bbox 3375 5732 3463 5774; x_wconf 59' lang='lat' dir='ltr'><strong>nec</strong></span> 
     </span>
    </p>
   </div>
   <div class='ocr_carea' id='block_1_121' title="bbox 1931 5813 3145 5876">
    <p class='ocr_par' dir='ltr' id='par_1_121' title="bbox 1931 5813 3145 5876">
     <span class='ocr_line' id='line_1_121' title="bbox 1931 5813 3145 5876; baseline 0 -13"><span class='ocrx_word' id='word_1_956' title='bbox 1931 5815 1949 5848; x_wconf 78' lang='grc' dir='ltr'>ι</span> <span class='ocrx_word' id='word_1_957' title='bbox 1983 5815 2055 5865; x_wconf 89' lang='lat' dir='ltr'><strong>Sic</strong></span> <span class='ocrx_word' id='word_1_958' title='bbox 2077 5825 2268 5876; x_wconf 81' lang='lat' dir='ltr'><strong>omnes,</strong></span> <span class='ocrx_word' id='word_1_959' title='bbox 2290 5814 2378 5865; x_wconf 87' lang='lat' dir='ltr'><strong>sed</strong></span> <span class='ocrx_word' id='word_1_960' title='bbox 2400 5821 2478 5867; x_wconf 88' lang='lat' dir='ltr'><strong>est</strong></span> <span class='ocrx_word' id='word_1_961' title='bbox 2500 5813 2766 5875; x_wconf 63' lang='lat' dir='ltr'><strong>nauculas,</strong></span> <span class='ocrx_word' id='word_1_962' title='bbox 2792 5825 2888 5864; x_wconf 87' lang='lat' dir='ltr'><strong>non</strong></span> <span class='ocrx_word' id='word_1_963' title='bbox 2917 5814 3145 5864; x_wconf 68' lang='lat' dir='ltr'><strong>uictimas.</strong></span> 
     </span>
    </p>
   </div>
  </div>
