  <div class='ocr_page' id='page_1' title='image "/cluster/home/n/w/nwhite01/storage/ocr_20150623/50/ien.35556001660778/062.png"; bbox 0 0 4070 6456; ppageno 0'>
   <div class='ocr_carea' id='block_1_1' title="bbox 152 410 256 466">
    <p class='ocr_par' dir='ltr' id='par_1_1' title="bbox 152 410 256 466">
     <span class='ocr_line' id='line_1_1' title="bbox 152 410 256 466; baseline 0 0"><span class='ocrx_word' id='word_1_1' title='bbox 152 410 256 466; x_wconf 65' lang='grc' dir='ltr'>εστ</span> 
     </span>
    </p>
   </div>
   <div class='ocr_carea' id='block_1_2' title="bbox 149 534 1735 616">
    <p class='ocr_par' dir='ltr' id='par_1_2' title="bbox 149 534 1735 616">
     <span class='ocr_line' id='line_1_2' title="bbox 149 534 1735 616; baseline 0.006 -27"><span class='ocrx_word' id='word_1_2' title='bbox 149 534 388 607; x_wconf 82' lang='grc' dir='ltr'>σταυροῦ</span> <span class='ocrx_word' id='word_1_3' title='bbox 436 537 739 606; x_wconf 84' lang='grc' dir='ltr'>σχισάντων</span> <span class='ocrx_word' id='word_1_4' title='bbox 776 535 930 605; x_wconf 76' lang='grc' dir='ltr'>αὐτὸ,</span> <span class='ocrx_word' id='word_1_5' title='bbox 963 538 1105 594; x_wconf 84' lang='grc' dir='ltr'>ὥστε</span> <span class='ocrx_word' id='word_1_6' title='bbox 1150 543 1402 610; x_wconf 83' lang='grc' dir='ltr'>γενέσθαι</span> <span class='ocrx_word' id='word_1_7' title='bbox 1441 544 1735 616; x_wconf 75' lang='grc' dir='ltr'>ἄχρηστον.</span> 
     </span>
    </p>
   </div>
   <div class='ocr_carea' id='block_1_3' title="bbox 161 618 1738 698">
    <p class='ocr_par' dir='ltr' id='par_1_3' title="bbox 161 618 1738 698">
     <span class='ocr_line' id='line_1_3' title="bbox 161 618 1738 698; baseline 0.005 -26"><span class='ocrx_word' id='word_1_8' title='bbox 161 618 300 672; x_wconf 76' lang='grc' dir='ltr'>Ἀλλ’</span> <span class='ocrx_word' id='word_1_9' title='bbox 329 620 516 671; x_wconf 87' lang='grc' dir='ltr'>ἐκεῖνα</span> <span class='ocrx_word' id='word_1_10' title='bbox 562 619 663 688; x_wconf 79' lang='grc' dir='ltr'>μὲν</span> <span class='ocrx_word' id='word_1_11' title='bbox 706 620 894 692; x_wconf 88' lang='grc' dir='ltr'>χάριτι</span> <span class='ocrx_word' id='word_1_12' title='bbox 935 623 1030 675; x_wconf 68' lang='grc' dir='ltr'>καλ⁸</span> <span class='ocrx_word' id='word_1_13' title='bbox 1067 623 1453 698; x_wconf 78' lang='grc' dir='ltr'>φιλανθρωπίᾳ</span> <span class='ocrx_word' id='word_1_14' title='bbox 1503 627 1603 698; x_wconf 87' lang='grc' dir='ltr'>τῆς</span> <span class='ocrx_word' id='word_1_15' title='bbox 1644 626 1738 680; x_wconf 89' lang='grc' dir='ltr'>τοῦ</span> 
     </span>
    </p>
   </div>
   <div class='ocr_carea' id='block_1_4' title="bbox 148 701 1742 780">
    <p class='ocr_par' dir='ltr' id='par_1_4' title="bbox 148 701 1742 780">
     <span class='ocr_line' id='line_1_4' title="bbox 148 701 1742 780; baseline 0.005 -26"><span class='ocrx_word' id='word_1_16' title='bbox 148 701 561 772; x_wconf 84' lang='grc' dir='ltr'>σταυρωθέντος</span> <span class='ocrx_word' id='word_1_17' title='bbox 587 703 826 774; x_wconf 75' lang='grc' dir='ltr'>Χριστοῦ</span> <span class='ocrx_word' id='word_1_18' title='bbox 870 705 1054 775; x_wconf 85' lang='grc' dir='ltr'>ίσχύος</span> <span class='ocrx_word' id='word_1_19' title='bbox 1093 706 1271 762; x_wconf 88' lang='grc' dir='ltr'>πάντα</span> <span class='ocrx_word' id='word_1_20' title='bbox 1297 708 1614 780; x_wconf 76' lang='grc' dir='ltr'>ἐξήλειπται</span> <span class='ocrx_word' id='word_1_21' title='bbox 1636 726 1650 740; x_wconf 90' lang='grc'>·</span> <span class='ocrx_word' id='word_1_22' title='bbox 1672 709 1742 762; x_wconf 76' lang='grc' dir='ltr'>τα</span> 
     </span>
    </p>
   </div>
   <div class='ocr_carea' id='block_1_5' title="bbox 144 784 1739 866">
    <p class='ocr_par' dir='ltr' id='par_1_5' title="bbox 144 784 1739 866">
     <span class='ocr_line' id='line_1_5' title="bbox 144 784 1739 866; baseline 0.008 -32"><span class='ocrx_word' id='word_1_23' title='bbox 144 784 378 866; x_wconf 76' lang='grc' dir='ltr'>δὲμετά</span> <span class='ocrx_word' id='word_1_24' title='bbox 413 784 477 836; x_wconf 81' lang='grc' dir='ltr'>τὸ</span> <span class='ocrx_word' id='word_1_25' title='bbox 524 784 807 858; x_wconf 83' lang='grc' dir='ltr'>βάπτισμα</span> <span class='ocrx_word' id='word_1_26' title='bbox 853 788 1056 860; x_wconf 75' lang='grc' dir='ltr'>πολλῆς</span> <span class='ocrx_word' id='word_1_27' title='bbox 1087 789 1278 862; x_wconf 78' lang='grc' dir='ltr'>χρείαν</span> <span class='ocrx_word' id='word_1_28' title='bbox 1318 791 1432 862; x_wconf 71' lang='grc' dir='ltr'>ἔχει</span> <span class='ocrx_word' id='word_1_29' title='bbox 1478 791 1739 860; x_wconf 86' lang='grc' dir='ltr'>σπουδῆς,</span> 
     </span>
    </p>
   </div>
   <div class='ocr_carea' id='block_1_6' title="bbox 144 865 1742 945">
    <p class='ocr_par' dir='ltr' id='par_1_6' title="bbox 144 865 1742 945">
     <span class='ocr_line' id='line_1_6' title="bbox 144 865 1742 945; baseline 0.005 -27"><span class='ocrx_word' id='word_1_30' title='bbox 144 865 288 919; x_wconf 79' lang='grc' dir='ltr'>ὥστε</span> <span class='ocrx_word' id='word_1_31' title='bbox 326 865 710 938; x_wconf 77' lang='grc' dir='ltr'>ἐξαλειφθῆναι</span> <span class='ocrx_word' id='word_1_32' title='bbox 743 869 1162 944; x_wconf 73' lang='grc' dir='ltr'>πάλιν.Ἐπειδὴ</span> <span class='ocrx_word' id='word_1_33' title='bbox 1194 873 1323 944; x_wconf 87' lang='grc' dir='ltr'>μηδ’</span> <span class='ocrx_word' id='word_1_34' title='bbox 1343 873 1462 927; x_wconf 76' lang='grc' dir='ltr'>ἐστι</span> <span class='ocrx_word' id='word_1_35' title='bbox 1489 874 1742 945; x_wconf 89' lang='grc' dir='ltr'>δεύτερον</span> 
     </span>
    </p>
   </div>
   <div class='ocr_carea' id='block_1_7' title="bbox 143 946 1739 1027">
    <p class='ocr_par' dir='ltr' id='par_1_7' title="bbox 143 946 1739 1027">
     <span class='ocr_line' id='line_1_7' title="bbox 143 946 1739 1027; baseline 0.006 -27"><span class='ocrx_word' id='word_1_36' title='bbox 143 947 391 1018; x_wconf 86' lang='grc' dir='ltr'>λουτρὸν,</span> <span class='ocrx_word' id='word_1_37' title='bbox 431 946 566 1003; x_wconf 85' lang='grc' dir='ltr'>ἀλλά</span> <span class='ocrx_word' id='word_1_38' title='bbox 611 950 721 1004; x_wconf 90' lang='grc' dir='ltr'>τῶν</span> <span class='ocrx_word' id='word_1_39' title='bbox 769 953 1021 1024; x_wconf 84' lang='grc' dir='ltr'>δακρύων</span> <span class='ocrx_word' id='word_1_40' title='bbox 1051 955 1225 1010; x_wconf 83' lang='grc' dir='ltr'>δεῖται</span> <span class='ocrx_word' id='word_1_41' title='bbox 1271 955 1382 1010; x_wconf 90' lang='grc' dir='ltr'>τῶν</span> <span class='ocrx_word' id='word_1_42' title='bbox 1430 952 1739 1027; x_wconf 72' lang='grc' dir='ltr'>ἡμετέρων,</span> 
     </span>
    </p>
   </div>
   <div class='ocr_carea' id='block_1_8' title="bbox 145 1029 1742 1110">
    <p class='ocr_par' dir='ltr' id='par_1_8' title="bbox 145 1029 1742 1110">
     <span class='ocr_line' id='line_1_8' title="bbox 145 1029 1742 1110; baseline 0.007 -28"><span class='ocrx_word' id='word_1_43' title='bbox 145 1029 466 1100; x_wconf 76' lang='grc' dir='ltr'>μετανοίας,</span> <span class='ocrx_word' id='word_1_44' title='bbox 499 1030 960 1104; x_wconf 85' lang='grc' dir='ltr'>ἐξομολογήσεως,</span> <span class='ocrx_word' id='word_1_45' title='bbox 991 1034 1386 1109; x_wconf 86' lang='grc' dir='ltr'>ἐλεημοσύνης,</span> <span class='ocrx_word' id='word_1_46' title='bbox 1425 1034 1612 1110; x_wconf 74' lang='grc' dir='ltr'>εὐχῆς,</span> <span class='ocrx_word' id='word_1_47' title='bbox 1648 1040 1742 1092; x_wconf 74' lang='grc' dir='ltr'>καὶ</span> 
     </span>
    </p>
   </div>
   <div class='ocr_carea' id='block_1_9' title="bbox 140 1113 1744 1192">
    <p class='ocr_par' dir='ltr' id='par_1_9' title="bbox 140 1113 1744 1192">
     <span class='ocr_line' id='line_1_9' title="bbox 140 1113 1744 1192; baseline 0.007 -28"><span class='ocrx_word' id='word_1_48' title='bbox 140 1113 247 1182; x_wconf 81' lang='grc' dir='ltr'>τῆς</span> <span class='ocrx_word' id='word_1_49' title='bbox 272 1113 443 1187; x_wconf 83' lang='grc' dir='ltr'>ἁλλης</span> <span class='ocrx_word' id='word_1_50' title='bbox 475 1114 694 1187; x_wconf 87' lang='grc' dir='ltr'>ἀπάσης</span> <span class='ocrx_word' id='word_1_51' title='bbox 719 1117 1004 1184; x_wconf 89' lang='grc' dir='ltr'>εὐλαϐείας</span> <span class='ocrx_word' id='word_1_52' title='bbox 1025 1135 1037 1148; x_wconf 92' lang='grc'>·</span> <span class='ocrx_word' id='word_1_53' title='bbox 1068 1118 1213 1175; x_wconf 75' lang='grc' dir='ltr'>οὕτω</span> <span class='ocrx_word' id='word_1_54' title='bbox 1246 1121 1342 1175; x_wconf 71' lang='grc' dir='ltr'>καὶ</span> <span class='ocrx_word' id='word_1_55' title='bbox 1380 1121 1520 1192; x_wconf 83' lang='grc' dir='ltr'>μετά</span> <span class='ocrx_word' id='word_1_56' title='bbox 1549 1122 1612 1175; x_wconf 79' lang='grc' dir='ltr'>τὸ</span> <span class='ocrx_word' id='word_1_57' title='bbox 1647 1121 1744 1192; x_wconf 87' lang='grc' dir='ltr'>βά-</span> 
     </span>
    </p>
   </div>
   <div class='ocr_carea' id='block_1_10' title="bbox 142 1197 1745 1274">
    <p class='ocr_par' dir='ltr' id='par_1_10' title="bbox 142 1197 1745 1274">
     <span class='ocr_line' id='line_1_10' title="bbox 142 1197 1745 1274; baseline 0.006 -26"><span class='ocrx_word' id='word_1_58' title='bbox 142 1213 364 1266; x_wconf 87' lang='grc' dir='ltr'>πτισμα</span> <span class='ocrx_word' id='word_1_59' title='bbox 412 1197 801 1270; x_wconf 85' lang='grc' dir='ltr'>ἐκκαθαίρεται</span> <span class='ocrx_word' id='word_1_60' title='bbox 833 1201 1212 1273; x_wconf 85' lang='grc' dir='ltr'>ἁμαρτήματα</span> <span class='ocrx_word' id='word_1_61' title='bbox 1242 1202 1384 1274; x_wconf 83' lang='grc' dir='ltr'>μετά</span> <span class='ocrx_word' id='word_1_62' title='bbox 1418 1205 1576 1258; x_wconf 74' lang='grc' dir='ltr'>πόνου</span> <span class='ocrx_word' id='word_1_63' title='bbox 1614 1203 1745 1257; x_wconf 89' lang='grc' dir='ltr'>πολ-</span> 
     </span>
    </p>
   </div>
   <div class='ocr_carea' id='block_1_11' title="bbox 139 1276 1744 1356">
    <p class='ocr_par' dir='ltr' id='par_1_11' title="bbox 139 1276 1744 1356">
     <span class='ocr_line' id='line_1_11' title="bbox 139 1276 1744 1356; baseline 0.004 -25"><span class='ocrx_word' id='word_1_64' title='bbox 139 1276 242 1331; x_wconf 80' lang='grc' dir='ltr'>λοῦ</span> <span class='ocrx_word' id='word_1_65' title='bbox 279 1279 378 1332; x_wconf 77' lang='grc' dir='ltr'>καὶ</span> <span class='ocrx_word' id='word_1_66' title='bbox 411 1281 679 1351; x_wconf 75' lang='grc' dir='ltr'>καμάτου.</span> <span class='ocrx_word' id='word_1_67' title='bbox 719 1283 908 1337; x_wconf 76' lang='grc' dir='ltr'>Πᾶσαν</span> <span class='ocrx_word' id='word_1_68' title='bbox 939 1283 1116 1339; x_wconf 84' lang='grc' dir='ltr'>τοίνυν</span> <span class='ocrx_word' id='word_1_69' title='bbox 1144 1284 1544 1356; x_wconf 79' lang='grc' dir='ltr'>ἐπιδειξώμεθα</span> <span class='ocrx_word' id='word_1_70' title='bbox 1575 1303 1744 1340; x_wconf 89' lang='grc' dir='ltr'>σπου-</span> 
     </span>
    </p>
   </div>
   <div class='ocr_carea' id='block_1_12' title="bbox 139 1360 1744 1440">
    <p class='ocr_par' dir='ltr' id='par_1_12' title="bbox 139 1360 1744 1440">
     <span class='ocr_line' id='line_1_12' title="bbox 139 1360 1744 1440; baseline 0.007 -29"><span class='ocrx_word' id='word_1_71' title='bbox 139 1360 262 1430; x_wconf 78' lang='grc' dir='ltr'>δὴν,</span> <span class='ocrx_word' id='word_1_72' title='bbox 299 1361 444 1413; x_wconf 79' lang='grc' dir='ltr'>ὥστε</span> <span class='ocrx_word' id='word_1_73' title='bbox 476 1361 617 1416; x_wconf 82' lang='grc' dir='ltr'>αὐτὰ</span> <span class='ocrx_word' id='word_1_74' title='bbox 645 1362 922 1435; x_wconf 80' lang='grc' dir='ltr'>ἐξαλεῖψαι</span> <span class='ocrx_word' id='word_1_75' title='bbox 946 1366 1219 1432; x_wconf 82' lang='grc' dir='ltr'>ἐντεῦθεν,</span> <span class='ocrx_word' id='word_1_76' title='bbox 1247 1369 1343 1422; x_wconf 73' lang='grc' dir='ltr'>καὶ</span> <span class='ocrx_word' id='word_1_77' title='bbox 1368 1368 1629 1440; x_wconf 76' lang='grc' dir='ltr'>αἰσχύνης</span> <span class='ocrx_word' id='word_1_78' title='bbox 1649 1370 1744 1422; x_wconf 75' lang='grc' dir='ltr'>καὶ</span> 
     </span>
    </p>
   </div>
   <div class='ocr_carea' id='block_1_13' title="bbox 140 1443 1746 1522">
    <p class='ocr_par' dir='ltr' id='par_1_13' title="bbox 140 1443 1746 1522">
     <span class='ocr_line' id='line_1_13' title="bbox 140 1443 1746 1522; baseline 0.005 -25"><span class='ocrx_word' id='word_1_79' title='bbox 140 1443 248 1522; x_wconf 70' lang='grc' dir='ltr'>τῆς</span> <span class='ocrx_word' id='word_1_80' title='bbox 281 1443 558 1507; x_wconf 79' lang='grc' dir='ltr'>κολάσεως</span> <span class='ocrx_word' id='word_1_81' title='bbox 582 1445 964 1517; x_wconf 76' lang='grc' dir='ltr'>ἀπαλλαγῆναι</span> <span class='ocrx_word' id='word_1_82' title='bbox 995 1449 1098 1520; x_wconf 79' lang='grc' dir='ltr'>τῆς</span> <span class='ocrx_word' id='word_1_83' title='bbox 1122 1452 1260 1504; x_wconf 83' lang='grc' dir='ltr'>ἐκεῖ.</span> <span class='ocrx_word' id='word_1_84' title='bbox 1285 1451 1403 1506; x_wconf 81' lang='grc' dir='ltr'>Κάν</span> <span class='ocrx_word' id='word_1_85' title='bbox 1432 1452 1542 1521; x_wconf 90' lang='grc' dir='ltr'>γάρ</span> <span class='ocrx_word' id='word_1_86' title='bbox 1574 1452 1746 1522; x_wconf 85' lang='grc' dir='ltr'>μυρία</span> 
     </span>
    </p>
   </div>
   <div class='ocr_carea' id='block_1_14' title="bbox 139 1520 1746 1604">
    <p class='ocr_par' dir='ltr' id='par_1_14' title="bbox 139 1520 1746 1604">
     <span class='ocr_line' id='line_1_14' title="bbox 139 1520 1746 1604; baseline 0.006 -27"><span class='ocrx_word' id='word_1_87' title='bbox 139 1520 300 1594; x_wconf 82' lang='grc' dir='ltr'>ὦμεν</span> <span class='ocrx_word' id='word_1_88' title='bbox 324 1527 730 1596; x_wconf 70' lang='grc' dir='ltr'>ἡμαρτηκότες,</span> <span class='ocrx_word' id='word_1_89' title='bbox 753 1529 820 1582; x_wconf 80' lang='grc' dir='ltr'>ἂν</span> <span class='ocrx_word' id='word_1_90' title='bbox 849 1530 1121 1602; x_wconf 79' lang='grc' dir='ltr'>ἐθέλωμεν</span> <span class='ocrx_word' id='word_1_91' title='bbox 1151 1520 1746 1604; x_wconf 17' lang='grc' dir='ltr'>δυνησόμεθαίᾶηταντα</span> 
     </span>
    </p>
   </div>
   <div class='ocr_carea' id='block_1_15' title="bbox 142 1608 1746 1688">
    <p class='ocr_par' dir='ltr' id='par_1_15' title="bbox 142 1608 1746 1688">
     <span class='ocr_line' id='line_1_15' title="bbox 142 1608 1746 1688; baseline 0.006 -29"><span class='ocrx_word' id='word_1_92' title='bbox 142 1608 322 1660; x_wconf 86' lang='grc' dir='ltr'>ταῦτα</span> <span class='ocrx_word' id='word_1_93' title='bbox 356 1609 656 1662; x_wconf 78' lang='grc' dir='ltr'>ἀποθέσθαι</span> <span class='ocrx_word' id='word_1_94' title='bbox 693 1609 801 1664; x_wconf 89' lang='grc' dir='ltr'>τῶν</span> <span class='ocrx_word' id='word_1_95' title='bbox 824 1612 1240 1684; x_wconf 82' lang='grc' dir='ltr'>ἁμαρτημάτων</span> <span class='ocrx_word' id='word_1_96' title='bbox 1266 1616 1336 1670; x_wconf 86' lang='grc' dir='ltr'>τὰ</span> <span class='ocrx_word' id='word_1_97' title='bbox 1365 1616 1580 1688; x_wconf 82' lang='grc' dir='ltr'>φορτία.</span> <span class='ocrx_word' id='word_1_98' title='bbox 1611 1617 1746 1670; x_wconf 82' lang='lat' dir='ltr'>Bou-</span> 
     </span>
    </p>
   </div>
   <div class='ocr_carea' id='block_1_16' title="bbox 143 1688 1746 1770">
    <p class='ocr_par' dir='ltr' id='par_1_16' title="bbox 143 1688 1746 1770">
     <span class='ocr_line' id='line_1_16' title="bbox 143 1688 1746 1770; baseline 0.009 -30"><span class='ocrx_word' id='word_1_99' title='bbox 143 1688 406 1760; x_wconf 86' lang='grc' dir='ltr'>ληθῶμεν</span> <span class='ocrx_word' id='word_1_100' title='bbox 433 1691 612 1744; x_wconf 83' lang='grc' dir='ltr'>τοίνυν</span> <span class='ocrx_word' id='word_1_101' title='bbox 639 1707 652 1720; x_wconf 93' lang='grc'>·</span> <span class='ocrx_word' id='word_1_102' title='bbox 689 1692 870 1763; x_wconf 80' lang='grc' dir='ltr'>πολλῷ</span> <span class='ocrx_word' id='word_1_103' title='bbox 899 1695 1008 1766; x_wconf 83' lang='grc' dir='ltr'>γὰρ</span> <span class='ocrx_word' id='word_1_104' title='bbox 1043 1695 1248 1766; x_wconf 88' lang='grc' dir='ltr'>βέλτιον</span> <span class='ocrx_word' id='word_1_105' title='bbox 1283 1699 1480 1770; x_wconf 79' lang='grc' dir='ltr'>μικρὸν</span> <span class='ocrx_word' id='word_1_106' title='bbox 1512 1699 1746 1754; x_wconf 88' lang='grc' dir='ltr'>ἐνταῦθα</span> 
     </span>
    </p>
   </div>
   <div class='ocr_carea' id='block_1_17' title="bbox 143 1773 1743 1854">
    <p class='ocr_par' dir='ltr' id='par_1_17' title="bbox 143 1773 1743 1854">
     <span class='ocr_line' id='line_1_17' title="bbox 143 1773 1743 1854; baseline 0.008 -30"><span class='ocrx_word' id='word_1_107' title='bbox 143 1773 491 1854; x_wconf 81' lang='grc' dir='ltr'>πονήσαντας</span> <span class='ocrx_word' id='word_1_108' title='bbox 551 1773 926 1846; x_wconf 81' lang='grc' dir='ltr'>ἀπαραιτήτου</span> <span class='ocrx_word' id='word_1_109' title='bbox 986 1778 1260 1843; x_wconf 81' lang='grc' dir='ltr'>κολάσεως</span> <span class='ocrx_word' id='word_1_110' title='bbox 1315 1781 1743 1854; x_wconf 84' lang='grc' dir='ltr'>ἀπαλλαγῆναι,</span> 
     </span>
    </p>
   </div>
   <div class='ocr_carea' id='block_1_18' title="bbox 145 1853 1746 1936">
    <p class='ocr_par' dir='ltr' id='par_1_18' title="bbox 145 1853 1746 1936">
     <span class='ocr_line' id='line_1_18' title="bbox 145 1853 1746 1936; baseline 0.006 -28"><span class='ocrx_word' id='word_1_111' title='bbox 145 1853 303 1926; x_wconf 67' lang='grc'>[468]</span> <span class='ocrx_word' id='word_1_112' title='bbox 347 1856 377 1926; x_wconf 86' lang='grc' dir='ltr'>ἢ</span> <span class='ocrx_word' id='word_1_113' title='bbox 409 1855 497 1909; x_wconf 73' lang='grc' dir='ltr'>τὸν</span> <span class='ocrx_word' id='word_1_114' title='bbox 524 1854 730 1926; x_wconf 85' lang='grc' dir='ltr'>βραχὺν</span> <span class='ocrx_word' id='word_1_115' title='bbox 754 1856 945 1912; x_wconf 87' lang='grc' dir='ltr'>τοῦτον</span> <span class='ocrx_word' id='word_1_116' title='bbox 975 1861 1400 1932; x_wconf 76' lang='grc' dir='ltr'>ρᾳθυμήσαντας</span> <span class='ocrx_word' id='word_1_117' title='bbox 1437 1853 1626 1936; x_wconf 74' lang='grc' dir='ltr'>χρόνον</span> <span class='ocrx_word' id='word_1_118' title='bbox 1665 1866 1746 1929; x_wconf 83' lang='grc' dir='ltr'>εἰς</span> 
     </span>
    </p>
   </div>
   <div class='ocr_carea' id='block_1_19' title="bbox 143 1937 1747 2019">
    <p class='ocr_par' dir='ltr' id='par_1_19' title="bbox 143 1937 1747 2019">
     <span class='ocr_line' id='line_1_19' title="bbox 143 1937 1747 2019; baseline 0.007 -31"><span class='ocrx_word' id='word_1_119' title='bbox 143 1937 251 2000; x_wconf 76' lang='grc' dir='ltr'>τὰς</span> <span class='ocrx_word' id='word_1_120' title='bbox 299 1937 602 2002; x_wconf 76' lang='grc' dir='ltr'>ἀθανάτους</span> <span class='ocrx_word' id='word_1_121' title='bbox 645 1939 860 2004; x_wconf 86' lang='grc' dir='ltr'>ἐκείνας</span> <span class='ocrx_word' id='word_1_122' title='bbox 905 1943 1165 2012; x_wconf 80' lang='grc' dir='ltr'>ἐμπεσεῖν</span> <span class='ocrx_word' id='word_1_123' title='bbox 1210 1946 1650 2019; x_wconf 87' lang='grc' dir='ltr'>τιμωρίας.”Ωρα</span> <span class='ocrx_word' id='word_1_124' title='bbox 1689 1949 1747 2002; x_wconf 77' lang='grc' dir='ltr'>δὲ</span> 
     </span>
    </p>
   </div>
   <div class='ocr_carea' id='block_1_20' title="bbox 144 2020 1748 2102">
    <p class='ocr_par' dir='ltr' id='par_1_20' title="bbox 144 2020 1748 2102">
     <span class='ocr_line' id='line_1_20' title="bbox 144 2020 1748 2102; baseline 0.009 -31"><span class='ocrx_word' id='word_1_125' title='bbox 144 2020 338 2074; x_wconf 69' lang='grc' dir='ltr'>λοιπὸν</span> <span class='ocrx_word' id='word_1_126' title='bbox 381 2021 805 2090; x_wconf 86' lang='grc' dir='ltr'>ἀναλογίσασθαι</span> <span class='ocrx_word' id='word_1_127' title='bbox 858 2024 928 2078; x_wconf 87' lang='grc' dir='ltr'>τά</span> <span class='ocrx_word' id='word_1_128' title='bbox 977 2027 1245 2098; x_wconf 75' lang='grc' dir='ltr'>εἰρημένα</span> <span class='ocrx_word' id='word_1_129' title='bbox 1271 2045 1286 2059; x_wconf 93' lang='grc'>·</span> <span class='ocrx_word' id='word_1_130' title='bbox 1331 2030 1748 2102; x_wconf 78' lang='grc' dir='ltr'>ἐπετιμήσαμεν</span> 
     </span>
    </p>
   </div>
   <div class='ocr_carea' id='block_1_21' title="bbox 144 2104 1747 2184">
    <p class='ocr_par' dir='ltr' id='par_1_21' title="bbox 144 2104 1747 2184">
     <span class='ocr_line' id='line_1_21' title="bbox 144 2104 1747 2184; baseline 0.007 -29"><span class='ocrx_word' id='word_1_131' title='bbox 144 2106 264 2166; x_wconf 80' lang='grc' dir='ltr'>τοῖς</span> <span class='ocrx_word' id='word_1_132' title='bbox 305 2104 374 2156; x_wconf 81' lang='grc' dir='ltr'>δι’</span> <span class='ocrx_word' id='word_1_133' title='bbox 396 2105 644 2158; x_wconf 74' lang='grc' dir='ltr'>ἐνιαυτοῦ</span> <span class='ocrx_word' id='word_1_134' title='bbox 680 2105 840 2175; x_wconf 78' lang='grc' dir='ltr'>μόνον</span> <span class='ocrx_word' id='word_1_135' title='bbox 867 2110 1353 2180; x_wconf 80' lang='grc' dir='ltr'>παραγινομένοις,</span> <span class='ocrx_word' id='word_1_136' title='bbox 1388 2113 1470 2166; x_wconf 88' lang='grc' dir='ltr'>ὄτι</span> <span class='ocrx_word' id='word_1_137' title='bbox 1496 2112 1595 2183; x_wconf 85' lang='grc' dir='ltr'>τὴν</span> <span class='ocrx_word' id='word_1_138' title='bbox 1639 2131 1747 2184; x_wconf 85' lang='grc' dir='ltr'>μη-</span> 
     </span>
    </p>
   </div>
   <div class='ocr_carea' id='block_1_22' title="bbox 145 2189 1748 2267">
    <p class='ocr_par' dir='ltr' id='par_1_22' title="bbox 145 2189 1748 2267">
     <span class='ocr_line' id='line_1_22' title="bbox 145 2189 1748 2267; baseline 0.006 -27"><span class='ocrx_word' id='word_1_139' title='bbox 145 2189 287 2256; x_wconf 79' lang='grc' dir='ltr'>τέρα</span> <span class='ocrx_word' id='word_1_140' title='bbox 329 2189 626 2259; x_wconf 84' lang='grc' dir='ltr'>περιορῶσι</span> <span class='ocrx_word' id='word_1_141' title='bbox 664 2192 1086 2264; x_wconf 81' lang='grc' dir='ltr'>γυμνουμένην·</span> <span class='ocrx_word' id='word_1_142' title='bbox 1127 2195 1516 2267; x_wconf 84' lang='grc' dir='ltr'>άνεμνήσαμεν</span> <span class='ocrx_word' id='word_1_143' title='bbox 1549 2197 1748 2259; x_wconf 76' lang='grc' dir='ltr'>αὐτοὺς</span> 
     </span>
    </p>
   </div>
   <div class='ocr_carea' id='block_1_23' title="bbox 147 2270 1747 2347">
    <p class='ocr_par' dir='ltr' id='par_1_23' title="bbox 147 2270 1747 2347">
     <span class='ocr_line' id='line_1_23' title="bbox 147 2270 1747 2347; baseline 0.006 -25"><span class='ocrx_word' id='word_1_144' title='bbox 147 2270 396 2333; x_wconf 78' lang='grc' dir='ltr'>παλαιᾶς</span> <span class='ocrx_word' id='word_1_145' title='bbox 429 2271 689 2342; x_wconf 75' lang='grc' dir='ltr'>ἱστορίας,</span> <span class='ocrx_word' id='word_1_146' title='bbox 721 2274 815 2325; x_wconf 79' lang='grc' dir='ltr'>καὶ</span> <span class='ocrx_word' id='word_1_147' title='bbox 860 2275 1108 2347; x_wconf 87' lang='grc' dir='ltr'>κατάρας</span> <span class='ocrx_word' id='word_1_148' title='bbox 1138 2278 1236 2330; x_wconf 78' lang='grc' dir='ltr'>καὶ</span> <span class='ocrx_word' id='word_1_149' title='bbox 1266 2278 1514 2347; x_wconf 76' lang='grc' dir='ltr'>εὐλογίας</span> <span class='ocrx_word' id='word_1_150' title='bbox 1540 2293 1552 2306; x_wconf 85' lang='grc'><strong>’</strong></span> <span class='ocrx_word' id='word_1_151' title='bbox 1585 2279 1747 2332; x_wconf 86' lang='grc' dir='ltr'>διελέ-</span> 
     </span>
    </p>
   </div>
   <div class='ocr_carea' id='block_1_24' title="bbox 145 2353 1751 2430">
    <p class='ocr_par' dir='ltr' id='par_1_24' title="bbox 145 2353 1751 2430">
     <span class='ocr_line' id='line_1_24' title="bbox 145 2353 1751 2430; baseline 0.005 -26"><span class='ocrx_word' id='word_1_152' title='bbox 145 2353 363 2424; x_wconf 88' lang='grc' dir='ltr'>χθημεν</span> <span class='ocrx_word' id='word_1_153' title='bbox 389 2353 516 2424; x_wconf 72' lang='grc' dir='ltr'>περὶ</span> <span class='ocrx_word' id='word_1_154' title='bbox 536 2353 736 2425; x_wconf 77' lang='grc' dir='ltr'>ἑορτῶν</span> <span class='ocrx_word' id='word_1_155' title='bbox 771 2355 1098 2422; x_wconf 79' lang='grc' dir='ltr'>Ἰουδαϊκῶν,</span> <span class='ocrx_word' id='word_1_156' title='bbox 1125 2360 1218 2411; x_wconf 85' lang='grc' dir='ltr'>καὶ</span> <span class='ocrx_word' id='word_1_157' title='bbox 1248 2361 1394 2423; x_wconf 89' lang='grc' dir='ltr'>τίνος</span> <span class='ocrx_word' id='word_1_158' title='bbox 1421 2360 1608 2413; x_wconf 74' lang='grc' dir='ltr'>ἕνεκεν</span> <span class='ocrx_word' id='word_1_159' title='bbox 1629 2360 1751 2430; x_wconf 71' lang='grc' dir='ltr'>τρὶς</span> 
     </span>
    </p>
   </div>
   <div class='ocr_carea' id='block_1_25' title="bbox 143 2436 1750 2516">
    <p class='ocr_par' dir='ltr' id='par_1_25' title="bbox 143 2436 1750 2516">
     <span class='ocr_line' id='line_1_25' title="bbox 143 2436 1750 2516; baseline 0.006 -28"><span class='ocrx_word' id='word_1_160' title='bbox 143 2437 244 2489; x_wconf 85' lang='grc' dir='ltr'>τοῦ</span> <span class='ocrx_word' id='word_1_161' title='bbox 275 2437 523 2490; x_wconf 81' lang='grc' dir='ltr'>ἐνιαυτοῦ</span> <span class='ocrx_word' id='word_1_162' title='bbox 553 2436 769 2491; x_wconf 84' lang='grc' dir='ltr'>κελεύει</span> <span class='ocrx_word' id='word_1_163' title='bbox 807 2441 935 2504; x_wconf 84' lang='grc' dir='ltr'>τοὺς</span> <span class='ocrx_word' id='word_1_164' title='bbox 969 2442 1255 2506; x_wconf 86' lang='grc' dir='ltr'>Ἰουδαίους</span> <span class='ocrx_word' id='word_1_165' title='bbox 1282 2443 1571 2512; x_wconf 87' lang='grc' dir='ltr'>φαίνεσθαι</span> <span class='ocrx_word' id='word_1_166' title='bbox 1598 2445 1750 2516; x_wconf 82' lang='grc' dir='ltr'>αὐτῷ</span> 
     </span>
    </p>
   </div>
   <div class='ocr_carea' id='block_1_26' title="bbox 143 2518 1753 2598">
    <p class='ocr_par' dir='ltr' id='par_1_26' title="bbox 143 2518 1753 2598">
     <span class='ocr_line' id='line_1_26' title="bbox 143 2518 1753 2598; baseline 0.006 -26"><span class='ocrx_word' id='word_1_167' title='bbox 143 2523 176 2572; x_wconf 82' lang='grc' dir='ltr'><strong>ὁ</strong></span> <span class='ocrx_word' id='word_1_168' title='bbox 199 2518 335 2582; x_wconf 79' lang='grc' dir='ltr'>Θεὸς</span> <span class='ocrx_word' id='word_1_169' title='bbox 353 2535 368 2551; x_wconf 89' lang='grc'>·</span> <span class='ocrx_word' id='word_1_170' title='bbox 402 2519 629 2592; x_wconf 73' lang='grc' dir='ltr'>εἴπομεν</span> <span class='ocrx_word' id='word_1_171' title='bbox 655 2524 736 2577; x_wconf 83' lang='grc' dir='ltr'>ὅτι</span> <span class='ocrx_word' id='word_1_172' title='bbox 767 2524 930 2594; x_wconf 78' lang='grc' dir='ltr'>ἑορτὴ</span> <span class='ocrx_word' id='word_1_173' title='bbox 963 2523 1255 2590; x_wconf 83' lang='grc' dir='ltr'>διαπαντός</span> <span class='ocrx_word' id='word_1_174' title='bbox 1284 2529 1400 2580; x_wconf 85' lang='grc' dir='ltr'>ἐστι</span> <span class='ocrx_word' id='word_1_175' title='bbox 1430 2527 1523 2580; x_wconf 77' lang='grc' dir='ltr'>καὶ</span> <span class='ocrx_word' id='word_1_176' title='bbox 1543 2529 1753 2598; x_wconf 88' lang='grc' dir='ltr'>Πεντη-</span> 
     </span>
    </p>
   </div>
   <div class='ocr_carea' id='block_1_27' title="bbox 147 2603 1753 2682">
    <p class='ocr_par' dir='ltr' id='par_1_27' title="bbox 147 2603 1753 2682">
     <span class='ocr_line' id='line_1_27' title="bbox 147 2603 1753 2682; baseline 0.006 -26"><span class='ocrx_word' id='word_1_177' title='bbox 147 2603 340 2672; x_wconf 79' lang='grc' dir='ltr'>κοστὴ,</span> <span class='ocrx_word' id='word_1_178' title='bbox 367 2605 462 2656; x_wconf 76' lang='grc' dir='ltr'>καὶ</span> <span class='ocrx_word' id='word_1_179' title='bbox 501 2604 714 2677; x_wconf 84' lang='grc' dir='ltr'>Πάσχα,</span> <span class='ocrx_word' id='word_1_180' title='bbox 744 2608 838 2661; x_wconf 79' lang='grc' dir='ltr'>καὶ</span> <span class='ocrx_word' id='word_1_181' title='bbox 873 2608 1228 2678; x_wconf 84' lang='grc' dir='ltr'>Ἐπιφάνεια·</span> <span class='ocrx_word' id='word_1_182' title='bbox 1266 2609 1492 2682; x_wconf 84' lang='grc' dir='ltr'>εἴπομεν</span> <span class='ocrx_word' id='word_1_183' title='bbox 1521 2612 1604 2665; x_wconf 86' lang='grc' dir='ltr'>ὅτι</span> <span class='ocrx_word' id='word_1_184' title='bbox 1632 2613 1753 2682; x_wconf 90' lang='grc' dir='ltr'>έορ-</span> 
     </span>
    </p>
   </div>
   <div class='ocr_carea' id='block_1_28' title="bbox 144 2685 1751 2766">
    <p class='ocr_par' dir='ltr' id='par_1_28' title="bbox 144 2685 1751 2766">
     <span class='ocr_line' id='line_1_28' title="bbox 144 2685 1751 2766; baseline 0.007 -29"><span class='ocrx_word' id='word_1_185' title='bbox 144 2685 251 2754; x_wconf 83' lang='grc' dir='ltr'>τὴν</span> <span class='ocrx_word' id='word_1_186' title='bbox 287 2687 531 2751; x_wconf 79' lang='grc' dir='ltr'>συνειδὸς</span> <span class='ocrx_word' id='word_1_187' title='bbox 557 2692 701 2743; x_wconf 87' lang='grc' dir='ltr'>ποιεῖ</span> <span class='ocrx_word' id='word_1_188' title='bbox 731 2690 990 2761; x_wconf 78' lang='grc' dir='ltr'>καθαρὸν,</span> <span class='ocrx_word' id='word_1_189' title='bbox 1021 2691 1119 2762; x_wconf 90' lang='grc' dir='ltr'>οὐχ</span> <span class='ocrx_word' id='word_1_190' title='bbox 1150 2693 1372 2765; x_wconf 82' lang='grc' dir='ltr'>ἡμερῶν</span> <span class='ocrx_word' id='word_1_191' title='bbox 1415 2694 1510 2747; x_wconf 74' lang='grc' dir='ltr'>καὶ</span> <span class='ocrx_word' id='word_1_192' title='bbox 1541 2696 1751 2766; x_wconf 87' lang='grc' dir='ltr'>χρόνων</span> 
     </span>
    </p>
   </div>
   <div class='ocr_carea' id='block_1_29' title="bbox 145 2769 1754 2852">
    <p class='ocr_par' dir='ltr' id='par_1_29' title="bbox 145 2769 1754 2852">
     <span class='ocr_line' id='line_1_29' title="bbox 145 2769 1754 2852; baseline 0.007 -33"><span class='ocrx_word' id='word_1_193' title='bbox 145 2769 402 2840; x_wconf 85' lang='grc' dir='ltr'>περίοδος</span> <span class='ocrx_word' id='word_1_194' title='bbox 424 2790 436 2802; x_wconf 94' lang='grc'>·</span> <span class='ocrx_word' id='word_1_195' title='bbox 479 2772 594 2841; x_wconf 86' lang='grc' dir='ltr'>μετ’</span> <span class='ocrx_word' id='word_1_196' title='bbox 619 2773 797 2826; x_wconf 86' lang='grc' dir='ltr'>ἐκεῖνο</span> <span class='ocrx_word' id='word_1_197' title='bbox 823 2773 1094 2846; x_wconf 80' lang='grc' dir='ltr'>ἐξέϐημεν</span> <span class='ocrx_word' id='word_1_198' title='bbox 1125 2775 1218 2828; x_wconf 79' lang='grc' dir='ltr'>ἐπὶ</span> <span class='ocrx_word' id='word_1_199' title='bbox 1261 2776 1330 2829; x_wconf 84' lang='grc' dir='ltr'>τὰ</span> <span class='ocrx_word' id='word_1_200' title='bbox 1360 2775 1508 2848; x_wconf 90' lang='grc' dir='ltr'>δῶρα</span> <span class='ocrx_word' id='word_1_201' title='bbox 1526 2778 1598 2829; x_wconf 85' lang='grc' dir='ltr'>τὰ</span> <span class='ocrx_word' id='word_1_202' title='bbox 1619 2778 1754 2852; x_wconf 65' lang='grc' dir='ltr'>ἁνωτ</span> 
     </span>
    </p>
   </div>
   <div class='ocr_carea' id='block_1_30' title="bbox 146 2853 1750 2932">
    <p class='ocr_par' dir='ltr' id='par_1_30' title="bbox 146 2853 1750 2932">
     <span class='ocr_line' id='line_1_30' title="bbox 146 2853 1750 2932; baseline 0.004 -28"><span class='ocrx_word' id='word_1_203' title='bbox 146 2853 242 2904; x_wconf 89' lang='grc' dir='ltr'>θεν</span> <span class='ocrx_word' id='word_1_204' title='bbox 295 2854 689 2924; x_wconf 80' lang='grc' dir='ltr'>κατενεχθέντα</span> <span class='ocrx_word' id='word_1_205' title='bbox 716 2872 730 2887; x_wconf 89' lang='grc'>·</span> <span class='ocrx_word' id='word_1_206' title='bbox 809 2856 1036 2928; x_wconf 73' lang='grc' dir='ltr'>εἴπομεν</span> <span class='ocrx_word' id='word_1_207' title='bbox 1083 2859 1173 2915; x_wconf 78' lang='grc' dir='ltr'>,ὅτι</span> <span class='ocrx_word' id='word_1_208' title='bbox 1223 2860 1570 2932; x_wconf 75' lang='grc' dir='ltr'>καταλλαγῆς</span> <span class='ocrx_word' id='word_1_209' title='bbox 1632 2862 1750 2913; x_wconf 79' lang='grc' dir='ltr'>ἐστι</span> 
     </span>
    </p>
   </div>
   <div class='ocr_carea' id='block_1_31' title="bbox 146 2935 1752 3015">
    <p class='ocr_par' dir='ltr' id='par_1_31' title="bbox 146 2935 1752 3015">
     <span class='ocr_line' id='line_1_31' title="bbox 146 2935 1752 3015; baseline 0.007 -30"><span class='ocrx_word' id='word_1_210' title='bbox 146 2935 311 2988; x_wconf 83' lang='grc' dir='ltr'>τοῦτο</span> <span class='ocrx_word' id='word_1_211' title='bbox 347 2939 575 3006; x_wconf 79' lang='grc' dir='ltr'>σημεῖον</span> <span class='ocrx_word' id='word_1_212' title='bbox 595 2953 609 2968; x_wconf 86' lang='grc'>⁶</span> <span class='ocrx_word' id='word_1_213' title='bbox 640 2938 925 3011; x_wconf 83' lang='grc' dir='ltr'>ἐδείξαμεν</span> <span class='ocrx_word' id='word_1_214' title='bbox 955 2940 1037 2995; x_wconf 87' lang='grc' dir='ltr'>ὃτι</span> <span class='ocrx_word' id='word_1_215' title='bbox 1070 2941 1304 3015; x_wconf 85' lang='grc' dir='ltr'>πάρεστι</span> <span class='ocrx_word' id='word_1_216' title='bbox 1342 2941 1566 3013; x_wconf 82' lang='grc' dir='ltr'>Πνεῦμα</span> <span class='ocrx_word' id='word_1_217' title='bbox 1597 2942 1752 3011; x_wconf 82' lang='grc' dir='ltr'>ἀγιον</span> 
     </span>
    </p>
   </div>
   <div class='ocr_carea' id='block_1_32' title="bbox 188 3130 250 3138">
    <p class='ocr_par' dir='ltr' id='par_1_32' title="bbox 188 3130 250 3138">
     <span class='ocr_line' id='line_1_32' title="bbox 188 3130 250 3138; baseline 0 0"><span class='ocrx_word' id='word_1_218' title='bbox 188 3130 250 3138; x_wconf 53' lang='grc'><strong><em>⁵-</em></strong></span> 
     </span>
    </p>
   </div>
   <div class='ocr_carea' id='block_1_33' title="bbox 1177 3141 2542 3155">
    <p class='ocr_par' dir='ltr' id='par_1_33' title="bbox 1177 3141 2542 3155">
     <span class='ocr_line' id='line_1_33' title="bbox 1177 3141 2542 3155; baseline 0.001 -6"><span class='ocrx_word' id='word_1_219' title='bbox 1177 3141 2338 3155; x_wconf 50' lang='lat' dir='ltr'>____v——————_.———_—._.—.—————._—-——--—</span> <span class='ocrx_word' id='word_1_220' title='bbox 2349 3145 2476 3153; x_wconf 54' lang='grc' dir='ltr'>..ο-νς..-</span> <span class='ocrx_word' id='word_1_221' title='bbox 2492 3147 2542 3153; x_wconf 45' lang='grc' dir='ltr'>--μ</span> 
     </span>
    </p>
   </div>
   <div class='ocr_carea' id='block_1_34' title="bbox 1167 401 2454 471">
    <p class='ocr_par' dir='ltr' id='par_1_34' title="bbox 1167 401 2454 471">
     <span class='ocr_line' id='line_1_34' title="bbox 1167 401 2454 471; baseline -0.005 -5"><span class='ocrx_word' id='word_1_222' title='bbox 1167 409 1257 467; x_wconf 78' lang='lat' dir='ltr'>BE</span> <span class='ocrx_word' id='word_1_223' title='bbox 1291 409 1561 471; x_wconf 79' lang='lat' dir='ltr'>SANC-TA</span> <span class='ocrx_word' id='word_1_224' title='bbox 1596 408 2078 469; x_wconf 79' lang='lat' dir='ltr'>PENTECOSTE.</span> <span class='ocrx_word' id='word_1_225' title='bbox 2119 405 2352 465; x_wconf 77' lang='lat' dir='ltr'>IIOMIL.</span> <span class='ocrx_word' id='word_1_226' title='bbox 2388 401 2454 460; x_wconf 86' lang='grc'>11.</span> 
     </span>
    </p>
   </div>
   <div class='ocr_carea' id='block_1_35' title="bbox 3341 404 3448 462">
    <p class='ocr_par' dir='ltr' id='par_1_35' title="bbox 3341 404 3448 462">
     <span class='ocr_line' id='line_1_35' title="bbox 3341 404 3448 462; baseline 0 -1"><span class='ocrx_word' id='word_1_227' title='bbox 3341 404 3448 462; x_wconf 68' lang='grc' dir='ltr'>Αϐιί</span> 
     </span>
    </p>
   </div>
   <div class='ocr_carea' id='block_1_36' title="bbox 1848 519 3450 602">
    <p class='ocr_par' dir='ltr' id='par_1_36' title="bbox 1848 519 3450 602">
     <span class='ocr_line' id='line_1_36' title="bbox 1848 519 3450 602; baseline -0.002 -20"><span class='ocrx_word' id='word_1_228' title='bbox 1848 528 1937 584; x_wconf 83' lang='grc' dir='ltr'>διὰ</span> <span class='ocrx_word' id='word_1_229' title='bbox 1966 529 2066 602; x_wconf 78' lang='grc' dir='ltr'>τῆς</span> <span class='ocrx_word' id='word_1_230' title='bbox 2094 527 2345 599; x_wconf 77' lang='grc' dir='ltr'>ἀφέσεως</span> <span class='ocrx_word' id='word_1_231' title='bbox 2373 525 2480 580; x_wconf 89' lang='grc' dir='ltr'>τῶν</span> <span class='ocrx_word' id='word_1_232' title='bbox 2509 521 2946 596; x_wconf 81' lang='grc' dir='ltr'>ἁμαρτημάτων,</span> <span class='ocrx_word' id='word_1_233' title='bbox 2973 522 3066 578; x_wconf 79' lang='grc' dir='ltr'>διὰ</span> <span class='ocrx_word' id='word_1_234' title='bbox 3091 522 3191 594; x_wconf 83' lang='grc' dir='ltr'>τῆς</span> <span class='ocrx_word' id='word_1_235' title='bbox 3218 519 3450 596; x_wconf 81' lang='grc' dir='ltr'>ἀποκρί-</span> 
     </span>
    </p>
   </div>
   <div class='ocr_carea' id='block_1_37' title="bbox 1851 606 3446 686">
    <p class='ocr_par' dir='ltr' id='par_1_37' title="bbox 1851 606 3446 686">
     <span class='ocr_line' id='line_1_37' title="bbox 1851 606 3446 686; baseline -0.004 -18"><span class='ocrx_word' id='word_1_236' title='bbox 1851 632 1991 680; x_wconf 90' lang='grc' dir='ltr'>σεως</span> <span class='ocrx_word' id='word_1_237' title='bbox 2010 615 2111 686; x_wconf 87' lang='grc' dir='ltr'>τῆς</span> <span class='ocrx_word' id='word_1_238' title='bbox 2138 611 2275 685; x_wconf 83' lang='grc' dir='ltr'>πρὸς</span> <span class='ocrx_word' id='word_1_239' title='bbox 2298 612 2390 666; x_wconf 82' lang='grc' dir='ltr'>τὸν</span> <span class='ocrx_word' id='word_1_240' title='bbox 2417 609 2674 686; x_wconf 84' lang='grc' dir='ltr'>ποιμένα,</span> <span class='ocrx_word' id='word_1_241' title='bbox 2701 608 2792 662; x_wconf 81' lang='grc' dir='ltr'>διὰ</span> <span class='ocrx_word' id='word_1_242' title='bbox 2812 609 2904 662; x_wconf 91' lang='grc' dir='ltr'>τοῦ</span> <span class='ocrx_word' id='word_1_243' title='bbox 2925 606 3085 677; x_wconf 71' lang='grc' dir='ltr'>λύγου</span> <span class='ocrx_word' id='word_1_244' title='bbox 3107 607 3207 678; x_wconf 74' lang='grc' dir='ltr'>τῆς</span> <span class='ocrx_word' id='word_1_245' title='bbox 3231 609 3446 678; x_wconf 78' lang='grc' dir='ltr'>σοφίας,</span> 
     </span>
    </p>
   </div>
   <div class='ocr_carea' id='block_1_38' title="bbox 1849 683 3450 769">
    <p class='ocr_par' dir='ltr' id='par_1_38' title="bbox 1849 683 3450 769">
     <span class='ocr_line' id='line_1_38' title="bbox 1849 683 3450 769; baseline -0.006 -16"><span class='ocrx_word' id='word_1_246' title='bbox 1849 698 1944 752; x_wconf 80' lang='grc' dir='ltr'>καὶ</span> <span class='ocrx_word' id='word_1_247' title='bbox 1982 683 2082 769; x_wconf 81' lang='grc' dir='ltr'>τῆς</span> <span class='ocrx_word' id='word_1_248' title='bbox 2109 683 2388 766; x_wconf 83' lang='grc' dir='ltr'>γνώσεως,</span> <span class='ocrx_word' id='word_1_249' title='bbox 2421 693 2512 746; x_wconf 85' lang='grc' dir='ltr'>διὰ</span> <span class='ocrx_word' id='word_1_250' title='bbox 2544 683 2668 747; x_wconf 66' lang='grc' dir='ltr'>τῶν</span> <span class='ocrx_word' id='word_1_251' title='bbox 2711 686 3078 764; x_wconf 80' lang='grc' dir='ltr'>χειροτονιῶν,</span> <span class='ocrx_word' id='word_1_252' title='bbox 3109 689 3199 744; x_wconf 88' lang='grc' dir='ltr'>διά</span> <span class='ocrx_word' id='word_1_253' title='bbox 3224 691 3326 762; x_wconf 86' lang='grc' dir='ltr'>τῆς</span> <span class='ocrx_word' id='word_1_254' title='bbox 3354 693 3450 746; x_wconf 77' lang='grc' dir='ltr'>θυ-</span> 
     </span>
    </p>
   </div>
   <div class='ocr_carea' id='block_1_39' title="bbox 1849 772 3463 851">
    <p class='ocr_par' dir='ltr' id='par_1_39' title="bbox 1849 772 3463 851">
     <span class='ocr_line' id='line_1_39' title="bbox 1849 772 3463 851; baseline -0.004 -17"><span class='ocrx_word' id='word_1_255' title='bbox 1849 781 1972 844; x_wconf 87' lang='grc' dir='ltr'>σίας</span> <span class='ocrx_word' id='word_1_256' title='bbox 2005 783 2106 851; x_wconf 83' lang='grc' dir='ltr'>τῆς</span> <span class='ocrx_word' id='word_1_257' title='bbox 2141 779 2448 848; x_wconf 78' lang='grc' dir='ltr'>μυστικῆς·</span> <span class='ocrx_word' id='word_1_258' title='bbox 2488 776 2716 846; x_wconf 79' lang='grc' dir='ltr'>εἴπομεν</span> <span class='ocrx_word' id='word_1_259' title='bbox 2755 776 2836 829; x_wconf 82' lang='grc' dir='ltr'>ὅτι</span> <span class='ocrx_word' id='word_1_260' title='bbox 2865 772 3050 847; x_wconf 82' lang='grc' dir='ltr'>ὅμηρα</span> <span class='ocrx_word' id='word_1_261' title='bbox 3082 774 3326 846; x_wconf 82' lang='grc' dir='ltr'>ἀλλήλων</span> <span class='ocrx_word' id='word_1_262' title='bbox 3353 776 3463 828; x_wconf 72' lang='grc' dir='ltr'>καὶ</span> 
     </span>
    </p>
   </div>
   <div class='ocr_carea' id='block_1_40' title="bbox 1847 857 3452 935">
    <p class='ocr_par' dir='ltr' id='par_1_40' title="bbox 1847 857 3452 935">
     <span class='ocr_line' id='line_1_40' title="bbox 1847 857 3452 935; baseline -0.004 -17"><span class='ocrx_word' id='word_1_263' title='bbox 1847 864 2083 935; x_wconf 86' lang='grc' dir='ltr'>ἐνέχυρα</span> <span class='ocrx_word' id='word_1_264' title='bbox 2112 862 2417 932; x_wconf 88' lang='grc' dir='ltr'>κατέχομεν</span> <span class='ocrx_word' id='word_1_265' title='bbox 2441 876 2452 888; x_wconf 93' lang='grc'>·</span> <span class='ocrx_word' id='word_1_266' title='bbox 2484 859 2908 931; x_wconf 81' lang='grc' dir='ltr'>προσεθήκσμεν</span> <span class='ocrx_word' id='word_1_267' title='bbox 2937 858 3036 929; x_wconf 86' lang='grc' dir='ltr'>τὴν</span> <span class='ocrx_word' id='word_1_268' title='bbox 3073 857 3276 921; x_wconf 84' lang='grc' dir='ltr'>αἰτίαν,</span> <span class='ocrx_word' id='word_1_269' title='bbox 3295 857 3363 920; x_wconf 78' lang='grc' dir='ltr'>δι’</span> <span class='ocrx_word' id='word_1_270' title='bbox 3383 858 3452 928; x_wconf 79' lang='grc' dir='ltr'>ἢν</span> 
     </span>
    </p>
   </div>
   <div class='ocr_carea' id='block_1_41' title="bbox 1849 940 3451 1019">
    <p class='ocr_par' dir='ltr' id='par_1_41' title="bbox 1849 940 3451 1019">
     <span class='ocr_line' id='line_1_41' title="bbox 1849 940 3451 1019; baseline -0.005 -17"><span class='ocrx_word' id='word_1_271' title='bbox 1849 947 1920 1002; x_wconf 85' lang='grc' dir='ltr'>τὰ</span> <span class='ocrx_word' id='word_1_272' title='bbox 1952 949 2156 1019; x_wconf 86' lang='grc' dir='ltr'>σημεῖα</span> <span class='ocrx_word' id='word_1_273' title='bbox 2187 945 2458 1017; x_wconf 77' lang='grc' dir='ltr'>ἀνῄρηται</span> <span class='ocrx_word' id='word_1_274' title='bbox 2486 942 2581 996; x_wconf 89' lang='grc' dir='ltr'>νῦν</span> <span class='ocrx_word' id='word_1_275' title='bbox 2619 944 2685 996; x_wconf 89' lang='grc' dir='ltr'>ἐκ</span> <span class='ocrx_word' id='word_1_276' title='bbox 2730 941 2826 995; x_wconf 89' lang='grc' dir='ltr'>τοῦ</span> <span class='ocrx_word' id='word_1_277' title='bbox 2865 941 3031 1013; x_wconf 82' lang='grc' dir='ltr'>μέσου</span> <span class='ocrx_word' id='word_1_278' title='bbox 3054 959 3067 972; x_wconf 88' lang='grc'>·</span> <span class='ocrx_word' id='word_1_279' title='bbox 3107 941 3247 1012; x_wconf 86' lang='grc' dir='ltr'>μετά</span> <span class='ocrx_word' id='word_1_280' title='bbox 3275 940 3451 994; x_wconf 87' lang='grc' dir='ltr'>ταῦτα</span> 
     </span>
    </p>
   </div>
   <div class='ocr_carea' id='block_1_42' title="bbox 1852 1021 3452 1102">
    <p class='ocr_par' dir='ltr' id='par_1_42' title="bbox 1852 1021 3452 1102">
     <span class='ocr_line' id='line_1_42' title="bbox 1852 1021 3452 1102; baseline -0.005 -16"><span class='ocrx_word' id='word_1_281' title='bbox 1852 1033 2243 1102; x_wconf 79' lang='grc' dir='ltr'>ἀνεμνησαμεν</span> <span class='ocrx_word' id='word_1_282' title='bbox 2271 1028 2366 1081; x_wconf 88' lang='grc' dir='ltr'>τοῦ</span> <span class='ocrx_word' id='word_1_283' title='bbox 2401 1026 2634 1098; x_wconf 90' lang='grc' dir='ltr'>φοϐεροῦ</span> <span class='ocrx_word' id='word_1_284' title='bbox 2660 1025 3038 1096; x_wconf 87' lang='grc' dir='ltr'>δικαστηρίου,</span> <span class='ocrx_word' id='word_1_285' title='bbox 3068 1021 3165 1080; x_wconf 76' lang='grc' dir='ltr'>καὶ</span> <span class='ocrx_word' id='word_1_286' title='bbox 3195 1026 3304 1080; x_wconf 90' lang='grc' dir='ltr'>τῶν</span> <span class='ocrx_word' id='word_1_287' title='bbox 3328 1025 3452 1078; x_wconf 80' lang='grc' dir='ltr'>τότε</span> 
     </span>
    </p>
   </div>
   <div class='ocr_carea' id='block_1_43' title="bbox 1852 1106 3452 1184">
    <p class='ocr_par' dir='ltr' id='par_1_43' title="bbox 1852 1106 3452 1184">
     <span class='ocr_line' id='line_1_43' title="bbox 1852 1106 3452 1184; baseline -0.004 -16"><span class='ocrx_word' id='word_1_288' title='bbox 1852 1106 2220 1184; x_wconf 79' lang='grc' dir='ltr'>ἀνοιγομένων</span> <span class='ocrx_word' id='word_1_289' title='bbox 2241 1110 2488 1182; x_wconf 85' lang='grc' dir='ltr'>βιϐλίων,</span> <span class='ocrx_word' id='word_1_290' title='bbox 2511 1109 2604 1163; x_wconf 74' lang='grc' dir='ltr'>καὶ</span> <span class='ocrx_word' id='word_1_291' title='bbox 2626 1110 2708 1162; x_wconf 76' lang='grc' dir='ltr'>ὅτι</span> <span class='ocrx_word' id='word_1_292' title='bbox 2736 1109 2916 1163; x_wconf 89' lang='grc' dir='ltr'>πάντα</span> <span class='ocrx_word' id='word_1_293' title='bbox 2935 1107 3096 1179; x_wconf 82' lang='grc' dir='ltr'>ἡμῶν</span> <span class='ocrx_word' id='word_1_294' title='bbox 3113 1109 3452 1178; x_wconf 76' lang='grc' dir='ltr'>ἐγγράφεται</span> 
     </span>
    </p>
   </div>
   <div class='ocr_carea' id='block_1_44' title="bbox 1850 1191 3447 1268">
    <p class='ocr_par' dir='ltr' id='par_1_44' title="bbox 1850 1191 3447 1268">
     <span class='ocr_line' id='line_1_44' title="bbox 1850 1191 3447 1268; baseline -0.005 -18"><span class='ocrx_word' id='word_1_295' title='bbox 1850 1196 1919 1250; x_wconf 74' lang='grc' dir='ltr'>τὰ</span> <span class='ocrx_word' id='word_1_296' title='bbox 1945 1197 2322 1268; x_wconf 83' lang='grc' dir='ltr'>ἁμαρτήματα</span> <span class='ocrx_word' id='word_1_297' title='bbox 2341 1213 2354 1226; x_wconf 91' lang='grc'>·</span> <span class='ocrx_word' id='word_1_298' title='bbox 2385 1192 2753 1263; x_wconf 79' lang='grc' dir='ltr'>ἀπεδείξαμεν</span> <span class='ocrx_word' id='word_1_299' title='bbox 2774 1193 2857 1246; x_wconf 79' lang='grc' dir='ltr'>ὅτι</span> <span class='ocrx_word' id='word_1_300' title='bbox 2891 1192 3233 1261; x_wconf 82' lang='grc' dir='ltr'>ἐξαλείφεται</span> <span class='ocrx_word' id='word_1_301' title='bbox 3261 1191 3447 1255; x_wconf 87' lang='grc' dir='ltr'>πάλιν,</span> 
     </span>
    </p>
   </div>
   <div class='ocr_carea' id='block_1_45' title="bbox 1851 1275 3449 1349">
    <p class='ocr_par' dir='ltr' id='par_1_45' title="bbox 1851 1275 3449 1349">
     <span class='ocr_line' id='line_1_45' title="bbox 1851 1275 3449 1349; baseline -0.003 -15"><span class='ocrx_word' id='word_1_302' title='bbox 1851 1281 1948 1335; x_wconf 79' lang='grc' dir='ltr'>καὶ</span> <span class='ocrx_word' id='word_1_303' title='bbox 1981 1280 2047 1334; x_wconf 84' lang='grc' dir='ltr'>ἂν</span> <span class='ocrx_word' id='word_1_304' title='bbox 2078 1279 2344 1349; x_wconf 85' lang='grc' dir='ltr'>θέλωμεν.</span> <span class='ocrx_word' id='word_1_305' title='bbox 2373 1277 2560 1331; x_wconf 86' lang='grc' dir='ltr'>Ταῦτα</span> <span class='ocrx_word' id='word_1_306' title='bbox 2589 1277 2769 1330; x_wconf 87' lang='grc' dir='ltr'>πάντα</span> <span class='ocrx_word' id='word_1_307' title='bbox 2818 1275 3102 1346; x_wconf 80' lang='grc' dir='ltr'>μέμνησθε</span> <span class='ocrx_word' id='word_1_308' title='bbox 3122 1291 3137 1305; x_wconf 95' lang='grc'>·</span> <span class='ocrx_word' id='word_1_309' title='bbox 3187 1276 3238 1328; x_wconf 87' lang='grc' dir='ltr'>εί</span> <span class='ocrx_word' id='word_1_310' title='bbox 3283 1275 3341 1328; x_wconf 87' lang='grc' dir='ltr'>δέ</span> <span class='ocrx_word' id='word_1_311' title='bbox 3374 1275 3449 1347; x_wconf 79' lang='grc' dir='ltr'>μὴ</span> 
     </span>
    </p>
   </div>
   <div class='ocr_carea' id='block_1_46' title="bbox 1851 1356 3450 1430">
    <p class='ocr_par' dir='ltr' id='par_1_46' title="bbox 1851 1356 3450 1430">
     <span class='ocr_line' id='line_1_46' title="bbox 1851 1356 3450 1430; baseline -0.002 -16"><span class='ocrx_word' id='word_1_312' title='bbox 1851 1361 2074 1416; x_wconf 78' lang='grc' dir='ltr'>δυνατὸν</span> <span class='ocrx_word' id='word_1_313' title='bbox 2118 1361 2319 1424; x_wconf 87' lang='grc' dir='ltr'>πάντα,</span> <span class='ocrx_word' id='word_1_314' title='bbox 2348 1360 2470 1414; x_wconf 70' lang='grc' dir='ltr'>ἀντὶ</span> <span class='ocrx_word' id='word_1_315' title='bbox 2505 1359 2724 1412; x_wconf 87' lang='grc' dir='ltr'>πάντων</span> <span class='ocrx_word' id='word_1_316' title='bbox 2756 1356 2852 1412; x_wconf 78' lang='grc' dir='ltr'>τοῦ</span> <span class='ocrx_word' id='word_1_317' title='bbox 2888 1360 3018 1430; x_wconf 74' lang='grc' dir='ltr'>περὶ</span> <span class='ocrx_word' id='word_1_318' title='bbox 3067 1357 3178 1411; x_wconf 86' lang='grc' dir='ltr'>τῶν</span> <span class='ocrx_word' id='word_1_319' title='bbox 3229 1357 3450 1428; x_wconf 86' lang='grc' dir='ltr'>βιϐλίων</span> 
     </span>
    </p>
   </div>
   <div class='ocr_carea' id='block_1_47' title="bbox 1856 1440 3452 1516">
    <p class='ocr_par' dir='ltr' id='par_1_47' title="bbox 1856 1440 3452 1516">
     <span class='ocr_line' id='line_1_47' title="bbox 1856 1440 3452 1516; baseline -0.003 -19"><span class='ocrx_word' id='word_1_320' title='bbox 1856 1445 2136 1516; x_wconf 90' lang='grc' dir='ltr'>μέμνησθε</span> <span class='ocrx_word' id='word_1_321' title='bbox 2159 1444 2353 1512; x_wconf 80' lang='grc' dir='ltr'>λόγου·</span> <span class='ocrx_word' id='word_1_322' title='bbox 2381 1442 2477 1496; x_wconf 68' lang='grc' dir='ltr'>καὶ</span> <span class='ocrx_word' id='word_1_323' title='bbox 2507 1441 2687 1496; x_wconf 87' lang='grc' dir='ltr'>πάντα</span> <span class='ocrx_word' id='word_1_324' title='bbox 2727 1443 2827 1494; x_wconf 79' lang='grc' dir='ltr'>ὅσα</span> <span class='ocrx_word' id='word_1_325' title='bbox 2852 1441 2919 1495; x_wconf 83' lang='grc' dir='ltr'>ἀν</span> <span class='ocrx_word' id='word_1_326' title='bbox 2945 1440 3341 1512; x_wconf 86' lang='grc' dir='ltr'>ἁποκρίνησθε,</span> <span class='ocrx_word' id='word_1_327' title='bbox 3375 1441 3452 1502; x_wconf 84' lang='grc' dir='ltr'>ὼς</span> 
     </span>
    </p>
   </div>
   <div class='ocr_carea' id='block_1_48' title="bbox 1853 1522 3450 1597">
    <p class='ocr_par' dir='ltr' id='par_1_48' title="bbox 1853 1522 3450 1597">
     <span class='ocr_line' id='line_1_48' title="bbox 1853 1522 3450 1597; baseline -0.003 -17"><span class='ocrx_word' id='word_1_328' title='bbox 1853 1527 2067 1597; x_wconf 73' lang='grc' dir='ltr'>ἔχοντες</span> <span class='ocrx_word' id='word_1_329' title='bbox 2116 1527 2206 1580; x_wconf 80' lang='grc' dir='ltr'>τὸν</span> <span class='ocrx_word' id='word_1_330' title='bbox 2261 1525 2612 1596; x_wconf 84' lang='grc' dir='ltr'>παρεστῶτα,</span> <span class='ocrx_word' id='word_1_331' title='bbox 2649 1526 2744 1578; x_wconf 80' lang='grc' dir='ltr'>καὶ</span> <span class='ocrx_word' id='word_1_332' title='bbox 2777 1524 3079 1594; x_wconf 87' lang='grc' dir='ltr'>γράφοντα,</span> <span class='ocrx_word' id='word_1_333' title='bbox 3109 1524 3251 1577; x_wconf 78' lang='grc' dir='ltr'>οὕτω</span> <span class='ocrx_word' id='word_1_334' title='bbox 3278 1522 3450 1594; x_wconf 87' lang='grc' dir='ltr'>φθέγ-</span> 
     </span>
    </p>
   </div>
   <div class='ocr_carea' id='block_1_49' title="bbox 1853 1607 3454 1681">
    <p class='ocr_par' dir='ltr' id='par_1_49' title="bbox 1853 1607 3454 1681">
     <span class='ocr_line' id='line_1_49' title="bbox 1853 1607 3454 1681; baseline -0.002 -18"><span class='ocrx_word' id='word_1_335' title='bbox 1853 1609 2016 1678; x_wconf 91' lang='grc' dir='ltr'>γεσθε</span> <span class='ocrx_word' id='word_1_336' title='bbox 2053 1610 2194 1681; x_wconf 85' lang='grc' dir='ltr'>μετά</span> <span class='ocrx_word' id='word_1_337' title='bbox 2227 1609 2549 1677; x_wconf 78' lang='grc' dir='ltr'>ἀσφαλείας,</span> <span class='ocrx_word' id='word_1_338' title='bbox 2584 1609 2678 1662; x_wconf 70' lang='grc' dir='ltr'>καλ⁸</span> <span class='ocrx_word' id='word_1_339' title='bbox 2711 1608 3004 1678; x_wconf 83' lang='grc' dir='ltr'>κατέχετε·</span> <span class='ocrx_word' id='word_1_340' title='bbox 3025 1607 3320 1671; x_wconf 71' lang='grc' dir='ltr'>διαπαντὸς</span> <span class='ocrx_word' id='word_1_341' title='bbox 3365 1610 3454 1660; x_wconf 82' lang='grc' dir='ltr'>ἐν-</span> 
     </span>
    </p>
   </div>
   <div class='ocr_carea' id='block_1_50' title="bbox 1855 1691 3454 1764">
    <p class='ocr_par' dir='ltr' id='par_1_50' title="bbox 1855 1691 3454 1764">
     <span class='ocr_line' id='line_1_50' title="bbox 1855 1691 3454 1764; baseline -0.002 -17"><span class='ocrx_word' id='word_1_342' title='bbox 1855 1693 2175 1764; x_wconf 81' lang='grc' dir='ltr'>ακμάζοντα</span> <span class='ocrx_word' id='word_1_343' title='bbox 2199 1695 2266 1764; x_wconf 80' lang='grc' dir='ltr'>τῇ</span> <span class='ocrx_word' id='word_1_344' title='bbox 2304 1693 2408 1762; x_wconf 82' lang='grc' dir='ltr'>μνὴ</span> <span class='ocrx_word' id='word_1_345' title='bbox 2419 1710 2493 1762; x_wconf 80' lang='grc' dir='ltr'>μῃ</span> <span class='ocrx_word' id='word_1_346' title='bbox 2521 1692 2611 1745; x_wconf 85' lang='grc' dir='ltr'>τὸν</span> <span class='ocrx_word' id='word_1_347' title='bbox 2636 1692 2796 1760; x_wconf 80' lang='grc' dir='ltr'>λόγον</span> <span class='ocrx_word' id='word_1_348' title='bbox 2829 1691 3020 1744; x_wconf 87' lang='grc' dir='ltr'>τοῦτον</span> <span class='ocrx_word' id='word_1_349' title='bbox 3038 1707 3050 1718; x_wconf 89' lang='grc'>·</span> <span class='ocrx_word' id='word_1_350' title='bbox 3081 1691 3170 1744; x_wconf 81' lang='grc' dir='ltr'>ἵνα</span> <span class='ocrx_word' id='word_1_351' title='bbox 3197 1692 3247 1745; x_wconf 81' lang='grc' dir='ltr'>οί</span> <span class='ocrx_word' id='word_1_352' title='bbox 3278 1691 3375 1762; x_wconf 78' lang='grc' dir='ltr'>μὲν</span> <span class='ocrx_word' id='word_1_353' title='bbox 3394 1693 3454 1744; x_wconf 86' lang='grc' dir='ltr'>ἐν</span> 
     </span>
    </p>
   </div>
   <div class='ocr_carea' id='block_1_51' title="bbox 1853 1774 3455 1848">
    <p class='ocr_par' dir='ltr' id='par_1_51' title="bbox 1853 1774 3455 1848">
     <span class='ocr_line' id='line_1_51' title="bbox 1853 1774 3455 1848; baseline -0.001 -18"><span class='ocrx_word' id='word_1_354' title='bbox 1853 1781 1920 1848; x_wconf 80' lang='grc' dir='ltr'>τῇ</span> <span class='ocrx_word' id='word_1_355' title='bbox 1957 1777 2126 1848; x_wconf 85' lang='grc' dir='ltr'>βίϐλῳ</span> <span class='ocrx_word' id='word_1_356' title='bbox 2156 1777 2265 1830; x_wconf 89' lang='grc' dir='ltr'>τῶν</span> <span class='ocrx_word' id='word_1_357' title='bbox 2306 1776 2530 1829; x_wconf 86' lang='grc' dir='ltr'>δικαίων</span> <span class='ocrx_word' id='word_1_358' title='bbox 2557 1775 3002 1846; x_wconf 82' lang='grc' dir='ltr'>ἐγγεγραμμένοι</span> <span class='ocrx_word' id='word_1_359' title='bbox 3033 1774 3308 1846; x_wconf 82' lang='grc' dir='ltr'>προσθῆτε</span> <span class='ocrx_word' id='word_1_360' title='bbox 3337 1777 3455 1839; x_wconf 82' lang='grc' dir='ltr'>τοῖς</span> 
     </span>
    </p>
   </div>
   <div class='ocr_carea' id='block_1_52' title="bbox 1849 1858 3456 1933">
    <p class='ocr_par' dir='ltr' id='par_1_52' title="bbox 1849 1858 3456 1933">
     <span class='ocr_line' id='line_1_52' title="bbox 1849 1858 3456 1933; baseline -0.001 -19"><span class='ocrx_word' id='word_1_361' title='bbox 1849 1861 2296 1933; x_wconf 79' lang='grc' dir='ltr'>κατορθώμασιν,</span> <span class='ocrx_word' id='word_1_362' title='bbox 2332 1861 2383 1913; x_wconf 81' lang='grc' dir='ltr'>οἱ</span> <span class='ocrx_word' id='word_1_363' title='bbox 2431 1859 2490 1912; x_wconf 85' lang='grc' dir='ltr'>δὲ</span> <span class='ocrx_word' id='word_1_364' title='bbox 2537 1859 2709 1912; x_wconf 74' lang='grc' dir='ltr'>πολλὰ</span> <span class='ocrx_word' id='word_1_365' title='bbox 2757 1858 2972 1928; x_wconf 80' lang='grc' dir='ltr'>ἔχοντες</span> <span class='ocrx_word' id='word_1_366' title='bbox 3025 1859 3456 1930; x_wconf 79' lang='grc' dir='ltr'>ἐγγεγραμμένα</span> 
     </span>
    </p>
   </div>
   <div class='ocr_carea' id='block_1_53' title="bbox 1819 1940 3456 2015">
    <p class='ocr_par' dir='ltr' id='par_1_53' title="bbox 1819 1940 3456 2015">
     <span class='ocr_line' id='line_1_53' title="bbox 1819 1940 3456 2015; baseline -0.002 -19"><span class='ocrx_word' id='word_1_367' title='bbox 1819 1986 1822 1990; x_wconf 44' lang='grc' dir='ltr'>λ</span> <span class='ocrx_word' id='word_1_368' title='bbox 1850 1945 2068 2015; x_wconf 87' lang='grc' dir='ltr'>ἀμαρτή</span> <span class='ocrx_word' id='word_1_369' title='bbox 2079 1962 2247 2014; x_wconf 86' lang='grc' dir='ltr'>ματα,</span> <span class='ocrx_word' id='word_1_370' title='bbox 2269 1942 2677 2012; x_wconf 75' lang='grc' dir='ltr'>ἀπαλείψαντες</span> <span class='ocrx_word' id='word_1_371' title='bbox 2700 1942 2840 1995; x_wconf 75' lang='grc' dir='ltr'>αὐτὰ</span> <span class='ocrx_word' id='word_1_372' title='bbox 2867 1940 3106 1994; x_wconf 84' lang='grc' dir='ltr'>ἐνταῦθα</span> <span class='ocrx_word' id='word_1_373' title='bbox 3133 1941 3345 2004; x_wconf 83' lang='grc' dir='ltr'>οὐδενὸς</span> <span class='ocrx_word' id='word_1_374' title='bbox 3376 1942 3456 1993; x_wconf 76' lang='grc' dir='ltr'>εἰ·</span> 
     </span>
    </p>
   </div>
   <div class='ocr_carea' id='block_1_54' title="bbox 1848 2017 3456 2096">
    <p class='ocr_par' dir='ltr' id='par_1_54' title="bbox 1848 2017 3456 2096">
     <span class='ocr_line' id='line_1_54' title="bbox 1848 2017 3456 2096; baseline -0.002 -18"><span class='ocrx_word' id='word_1_375' title='bbox 1848 2025 2019 2089; x_wconf 81' lang='grc' dir='ltr'>δὸτος,</span> <span class='ocrx_word' id='word_1_376' title='bbox 2049 2025 2459 2096; x_wconf 82' lang='grc' dir='ltr'>ἀπαλλαγῶμεν</span> <span class='ocrx_word' id='word_1_377' title='bbox 2489 2026 2588 2094; x_wconf 85' lang='grc' dir='ltr'>τῆς</span> <span class='ocrx_word' id='word_1_378' title='bbox 2614 2017 3020 2096; x_wconf 82' lang='grc' dir='ltr'>δημοσιεύσεως</span> <span class='ocrx_word' id='word_1_379' title='bbox 3069 2023 3306 2093; x_wconf 86' lang='grc' dir='ltr'>ἐκείνης.</span> <span class='ocrx_word' id='word_1_380' title='bbox 3341 2023 3456 2077; x_wconf 70' lang='grc' dir='ltr'>Καὶ</span> 
     </span>
    </p>
   </div>
   <div class='ocr_carea' id='block_1_55' title="bbox 1849 2107 3456 2179">
    <p class='ocr_par' dir='ltr' id='par_1_55' title="bbox 1849 2107 3456 2179">
     <span class='ocr_line' id='line_1_55' title="bbox 1849 2107 3456 2179; baseline -0.002 -17"><span class='ocrx_word' id='word_1_381' title='bbox 1849 2108 1958 2179; x_wconf 80' lang='grc' dir='ltr'>γὰρ</span> <span class='ocrx_word' id='word_1_382' title='bbox 2001 2109 2247 2174; x_wconf 70' lang='grc' dir='ltr'>δυνατὸν,</span> <span class='ocrx_word' id='word_1_383' title='bbox 2295 2107 2479 2171; x_wconf 87' lang='grc' dir='ltr'>καθὼς</span> <span class='ocrx_word' id='word_1_384' title='bbox 2510 2107 2897 2178; x_wconf 81' lang='grc' dir='ltr'>ἀπεδείξαμεν,</span> <span class='ocrx_word' id='word_1_385' title='bbox 2943 2107 3031 2160; x_wconf 79' lang='grc' dir='ltr'>διὰ</span> <span class='ocrx_word' id='word_1_386' title='bbox 3071 2108 3310 2178; x_wconf 79' lang='grc' dir='ltr'>σπουδῆς</span> <span class='ocrx_word' id='word_1_387' title='bbox 3357 2108 3456 2160; x_wconf 59' lang='grc' dir='ltr'>καί¹</span> 
     </span>
    </p>
   </div>
   <div class='ocr_carea' id='block_1_56' title="bbox 1850 2189 3455 2264">
    <p class='ocr_par' dir='ltr' id='par_1_56' title="bbox 1850 2189 3455 2264">
     <span class='ocr_line' id='line_1_56' title="bbox 1850 2189 3455 2264; baseline -0.001 -19"><span class='ocrx_word' id='word_1_388' title='bbox 1850 2192 2164 2264; x_wconf 81' lang='grc' dir='ltr'>προσευχῆς</span> <span class='ocrx_word' id='word_1_389' title='bbox 2187 2192 2286 2245; x_wconf 84' lang='grc' dir='ltr'>καὶ</span> <span class='ocrx_word' id='word_1_390' title='bbox 2323 2190 2608 2254; x_wconf 85' lang='grc' dir='ltr'>εὐλαϐείας</span> <span class='ocrx_word' id='word_1_391' title='bbox 2633 2193 2856 2244; x_wconf 88' lang='grc' dir='ltr'>ἐπιτετα</span> <span class='ocrx_word' id='word_1_392' title='bbox 2866 2189 3034 2260; x_wconf 83' lang='grc' dir='ltr'>μένης</span> <span class='ocrx_word' id='word_1_393' title='bbox 3060 2189 3359 2259; x_wconf 70' lang='grc' dir='ltr'>ἀπαλεῖψαι</span> <span class='ocrx_word' id='word_1_394' title='bbox 3385 2190 3455 2243; x_wconf 73' lang='grc' dir='ltr'>τὰ</span> 
     </span>
    </p>
   </div>
   <div class='ocr_carea' id='block_1_57' title="bbox 1849 2268 3456 2344">
    <p class='ocr_par' dir='ltr' id='par_1_57' title="bbox 1849 2268 3456 2344">
     <span class='ocr_line' id='line_1_57' title="bbox 1849 2268 3456 2344; baseline 0 -18"><span class='ocrx_word' id='word_1_395' title='bbox 1849 2268 2284 2344; x_wconf 81' lang='grc' dir='ltr'>ἐγγεγραμμένα</span> <span class='ocrx_word' id='word_1_396' title='bbox 2307 2275 2682 2344; x_wconf 83' lang='grc' dir='ltr'>ἁμαρτήματα</span> <span class='ocrx_word' id='word_1_397' title='bbox 2714 2272 2948 2326; x_wconf 78' lang='grc' dir='ltr'>ᾶπαντα.</span> <span class='ocrx_word' id='word_1_398' title='bbox 2976 2271 3148 2326; x_wconf 90' lang='grc' dir='ltr'>Τοῦτο</span> <span class='ocrx_word' id='word_1_399' title='bbox 3167 2272 3344 2326; x_wconf 87' lang='grc' dir='ltr'>τοίνυν</span> <span class='ocrx_word' id='word_1_400' title='bbox 3366 2272 3456 2326; x_wconf 68' lang='grc' dir='ltr'>διέι</span> 
     </span>
    </p>
   </div>
   <div class='ocr_carea' id='block_1_58' title="bbox 1853 2354 3456 2426">
    <p class='ocr_par' dir='ltr' id='par_1_58' title="bbox 1853 2354 3456 2426">
     <span class='ocr_line' id='line_1_58' title="bbox 1853 2354 3456 2426; baseline 0.001 -18"><span class='ocrx_word' id='word_1_401' title='bbox 1853 2355 2052 2418; x_wconf 81' lang='grc' dir='ltr'>παντὸς</span> <span class='ocrx_word' id='word_1_402' title='bbox 2079 2354 2476 2426; x_wconf 82' lang='grc' dir='ltr'>σπουδάζωμεν</span> <span class='ocrx_word' id='word_1_403' title='bbox 2503 2355 2600 2408; x_wconf 89' lang='grc' dir='ltr'>τοῦ</span> <span class='ocrx_word' id='word_1_404' title='bbox 2633 2355 2851 2426; x_wconf 81' lang='grc' dir='ltr'>χρόνου,</span> <span class='ocrx_word' id='word_1_405' title='bbox 2881 2355 2967 2406; x_wconf 80' lang='grc' dir='ltr'>ἵνα</span> <span class='ocrx_word' id='word_1_406' title='bbox 2993 2355 3320 2417; x_wconf 82' lang='grc' dir='ltr'>ἀπελθόντες</span> <span class='ocrx_word' id='word_1_407' title='bbox 3340 2358 3456 2410; x_wconf 80' lang='grc' dir='ltr'>ἐκεῖ</span> 
     </span>
    </p>
   </div>
   <div class='ocr_carea' id='block_1_59' title="bbox 1850 2437 3456 2508">
    <p class='ocr_par' dir='ltr' id='par_1_59' title="bbox 1850 2437 3456 2508">
     <span class='ocr_line' id='line_1_59' title="bbox 1850 2437 3456 2508; baseline 0 -18"><span class='ocrx_word' id='word_1_408' title='bbox 1850 2437 2169 2508; x_wconf 86' lang='grc' dir='ltr'>δυνηθῶμέν</span> <span class='ocrx_word' id='word_1_409' title='bbox 2195 2456 2339 2502; x_wconf 77' lang='grc' dir='ltr'>τινος</span> <span class='ocrx_word' id='word_1_410' title='bbox 2367 2437 2701 2507; x_wconf 78' lang='grc' dir='ltr'>συγγνώμης</span> <span class='ocrx_word' id='word_1_411' title='bbox 2734 2440 2938 2506; x_wconf 81' lang='grc' dir='ltr'>τυχεῖν,</span> <span class='ocrx_word' id='word_1_412' title='bbox 2975 2439 3069 2490; x_wconf 82' lang='grc' dir='ltr'>καὶ</span> <span class='ocrx_word' id='word_1_413' title='bbox 3112 2439 3314 2501; x_wconf 85' lang='grc' dir='ltr'>πάντες</span> <span class='ocrx_word' id='word_1_414' title='bbox 3342 2440 3456 2491; x_wconf 80' lang='grc' dir='ltr'>ἀπ-</span> 
     </span>
    </p>
   </div>
   <div class='ocr_carea' id='block_1_60' title="bbox 1852 2513 3457 2592">
    <p class='ocr_par' dir='ltr' id='par_1_60' title="bbox 1852 2513 3457 2592">
     <span class='ocr_line' id='line_1_60' title="bbox 1852 2513 3457 2592; baseline 0.001 -19"><span class='ocrx_word' id='word_1_415' title='bbox 1852 2522 2184 2592; x_wconf 82' lang='grc' dir='ltr'>αραιτήτους</span> <span class='ocrx_word' id='word_1_416' title='bbox 2204 2524 2399 2591; x_wconf 87' lang='grc' dir='ltr'>φυγεῖν</span> <span class='ocrx_word' id='word_1_417' title='bbox 2421 2522 2674 2584; x_wconf 83' lang='grc' dir='ltr'>κολάσεις</span> <span class='ocrx_word' id='word_1_418' title='bbox 2697 2538 2710 2550; x_wconf 93' lang='grc'>·</span> <span class='ocrx_word' id='word_1_419' title='bbox 2741 2513 2816 2574; x_wconf 83' lang='grc' dir='ltr'>ὧν</span> <span class='ocrx_word' id='word_1_420' title='bbox 2840 2521 3051 2588; x_wconf 83' lang='grc' dir='ltr'>γένοιτο</span> <span class='ocrx_word' id='word_1_421' title='bbox 3072 2521 3282 2583; x_wconf 88' lang='grc' dir='ltr'>πάντας</span> <span class='ocrx_word' id='word_1_422' title='bbox 3305 2523 3457 2591; x_wconf 76' lang='grc' dir='ltr'>ἡμᾶς</span> 
     </span>
    </p>
   </div>
   <div class='ocr_carea' id='block_1_61' title="bbox 1850 2603 3457 2675">
    <p class='ocr_par' dir='ltr' id='par_1_61' title="bbox 1850 2603 3457 2675">
     <span class='ocr_line' id='line_1_61' title="bbox 1850 2603 3457 2675; baseline 0 -18"><span class='ocrx_word' id='word_1_423' title='bbox 1850 2604 2265 2674; x_wconf 84' lang='grc' dir='ltr'>ἀπαλλαγέντας</span> <span class='ocrx_word' id='word_1_424' title='bbox 2298 2604 2708 2675; x_wconf 81' lang='grc' dir='ltr'>καταξιωθῆναι</span> <span class='ocrx_word' id='word_1_425' title='bbox 2731 2604 2830 2673; x_wconf 83' lang='grc' dir='ltr'>τῆς</span> <span class='ocrx_word' id='word_1_426' title='bbox 2856 2603 3136 2673; x_wconf 84' lang='grc' dir='ltr'>βασιλείας</span> <span class='ocrx_word' id='word_1_427' title='bbox 3163 2605 3272 2657; x_wconf 89' lang='grc' dir='ltr'>τῶν</span> <span class='ocrx_word' id='word_1_428' title='bbox 3291 2605 3457 2674; x_wconf 83' lang='grc' dir='ltr'>οὐρα-</span> 
     </span>
    </p>
   </div>
   <div class='ocr_carea' id='block_1_62' title="bbox 1852 2685 3457 2759">
    <p class='ocr_par' dir='ltr' id='par_1_62' title="bbox 1852 2685 3457 2759">
     <span class='ocr_line' id='line_1_62' title="bbox 1852 2685 3457 2759; baseline 0.001 -19"><span class='ocrx_word' id='word_1_429' title='bbox 1852 2685 1980 2750; x_wconf 90' lang='grc' dir='ltr'>νῶν,</span> <span class='ocrx_word' id='word_1_430' title='bbox 2010 2687 2195 2759; x_wconf 88' lang='grc' dir='ltr'>χάριτι</span> <span class='ocrx_word' id='word_1_431' title='bbox 2229 2689 2323 2741; x_wconf 74' lang='grc' dir='ltr'>καὶ</span> <span class='ocrx_word' id='word_1_432' title='bbox 2366 2685 2753 2758; x_wconf 81' lang='grc' dir='ltr'>φιλανθρωπίᾳ</span> <span class='ocrx_word' id='word_1_433' title='bbox 2778 2685 2875 2738; x_wconf 88' lang='grc' dir='ltr'>τοῦ</span> <span class='ocrx_word' id='word_1_434' title='bbox 2904 2687 3113 2758; x_wconf 82' lang='grc' dir='ltr'>Κυρίου</span> <span class='ocrx_word' id='word_1_435' title='bbox 3158 2689 3316 2758; x_wconf 85' lang='grc' dir='ltr'>ήμῶν</span> <span class='ocrx_word' id='word_1_436' title='bbox 3348 2689 3457 2759; x_wconf 76' lang='grc' dir='ltr'>Ἰη-</span> 
     </span>
    </p>
   </div>
   <div class='ocr_carea' id='block_1_63' title="bbox 1855 2764 3452 2842">
    <p class='ocr_par' dir='ltr' id='par_1_63' title="bbox 1855 2764 3452 2842">
     <span class='ocr_line' id='line_1_63' title="bbox 1855 2764 3452 2842; baseline 0 -20"><span class='ocrx_word' id='word_1_437' title='bbox 1855 2770 1950 2823; x_wconf 88' lang='grc' dir='ltr'>σοῦ</span> <span class='ocrx_word' id='word_1_438' title='bbox 1991 2771 2252 2842; x_wconf 84' lang='grc' dir='ltr'>Χριστοῦ,</span> <span class='ocrx_word' id='word_1_439' title='bbox 2293 2771 2411 2842; x_wconf 83' lang='grc' dir='ltr'>μεθ’</span> <span class='ocrx_word' id='word_1_440' title='bbox 2432 2764 2494 2824; x_wconf 72' lang='grc' dir='ltr'>οὗ</span> <span class='ocrx_word' id='word_1_441' title='bbox 2523 2769 2601 2840; x_wconf 86' lang='grc' dir='ltr'>τῷ</span> <span class='ocrx_word' id='word_1_442' title='bbox 2629 2770 2827 2840; x_wconf 73' lang='grc' dir='ltr'>Πατρὶ.</span> <span class='ocrx_word' id='word_1_443' title='bbox 2861 2769 2977 2840; x_wconf 83' lang='grc' dir='ltr'>ἃμα</span> <span class='ocrx_word' id='word_1_444' title='bbox 3000 2769 3076 2840; x_wconf 81' lang='grc' dir='ltr'>τῷ</span> <span class='ocrx_word' id='word_1_445' title='bbox 3102 2771 3244 2842; x_wconf 74' lang='grc' dir='ltr'>ἁγίῳ</span> <span class='ocrx_word' id='word_1_446' title='bbox 3278 2773 3452 2825; x_wconf 84' lang='grc' dir='ltr'>Πνεύ-</span> 
     </span>
    </p>
   </div>
   <div class='ocr_carea' id='block_1_64' title="bbox 1857 2852 3456 2926">
    <p class='ocr_par' dir='ltr' id='par_1_64' title="bbox 1857 2852 3456 2926">
     <span class='ocr_line' id='line_1_64' title="bbox 1857 2852 3456 2926; baseline 0.001 -20"><span class='ocrx_word' id='word_1_447' title='bbox 1857 2871 2006 2924; x_wconf 90' lang='grc' dir='ltr'>ματι,</span> <span class='ocrx_word' id='word_1_448' title='bbox 2035 2855 2182 2919; x_wconf 81' lang='grc' dir='ltr'>δόξα,</span> <span class='ocrx_word' id='word_1_449' title='bbox 2214 2856 2438 2926; x_wconf 85' lang='grc' dir='ltr'>κράτος,</span> <span class='ocrx_word' id='word_1_450' title='bbox 2479 2855 2636 2926; x_wconf 79' lang='grc' dir='ltr'>τιμὴ,</span> <span class='ocrx_word' id='word_1_451' title='bbox 2665 2852 2761 2908; x_wconf 89' lang='grc' dir='ltr'>νῦν</span> <span class='ocrx_word' id='word_1_452' title='bbox 2798 2854 2893 2908; x_wconf 71' lang='grc' dir='ltr'>καὶ</span> <span class='ocrx_word' id='word_1_453' title='bbox 2926 2853 3034 2920; x_wconf 71' lang='grc' dir='ltr'>ἀεὶ,</span> <span class='ocrx_word' id='word_1_454' title='bbox 3068 2857 3162 2908; x_wconf 81' lang='grc' dir='ltr'>καὶ</span> <span class='ocrx_word' id='word_1_455' title='bbox 3201 2857 3282 2919; x_wconf 86' lang='grc' dir='ltr'>είς</span> <span class='ocrx_word' id='word_1_456' title='bbox 3327 2857 3456 2921; x_wconf 75' lang='grc' dir='ltr'>τοὺς</span> 
     </span>
    </p>
   </div>
   <div class='ocr_carea' id='block_1_65' title="bbox 1855 2935 2668 3010">
    <p class='ocr_par' dir='ltr' id='par_1_65' title="bbox 1855 2935 2668 3010">
     <span class='ocr_line' id='line_1_65' title="bbox 1855 2935 2668 3010; baseline 0.005 -22"><span class='ocrx_word' id='word_1_457' title='bbox 1855 2935 2059 3000; x_wconf 81' lang='grc' dir='ltr'>αἰῶνας</span> <span class='ocrx_word' id='word_1_458' title='bbox 2085 2937 2194 2991; x_wconf 87' lang='grc' dir='ltr'>τῶν</span> <span class='ocrx_word' id='word_1_459' title='bbox 2225 2936 2456 2991; x_wconf 76' lang='grc' dir='ltr'>αἰώνων.</span> <span class='ocrx_word' id='word_1_460' title='bbox 2475 2939 2668 3010; x_wconf 82' lang='grc' dir='ltr'>Ἀμήν.</span> 
     </span>
    </p>
   </div>
   <div class='ocr_carea' id='block_1_66' title="bbox 2591 3146 3207 3155">
    <p class='ocr_par' dir='ltr' id='par_1_66' title="bbox 2591 3146 3207 3155">
     <span class='ocr_line' id='line_1_66' title="bbox 2591 3146 3207 3155; baseline 0 -3"><span class='ocrx_word' id='word_1_461' title='bbox 2591 3148 2600 3152; x_wconf 82' lang='lat'>-</span> <span class='ocrx_word' id='word_1_462' title='bbox 2613 3147 2665 3152; x_wconf 53' lang='grc' dir='ltr'>ψ-</span> <span class='ocrx_word' id='word_1_463' title='bbox 2675 3146 3180 3155; x_wconf 55' lang='lat'>~——--~.——-——‘_—__.</span> <span class='ocrx_word' id='word_1_464' title='bbox 3197 3149 3207 3152; x_wconf 88' lang='lat'>_</span> 
     </span>
    </p>
   </div>
   <div class='ocr_carea' id='block_1_67' title="bbox 3303 3145 3418 3158">
    <p class='ocr_par' dir='ltr' id='par_1_67' title="bbox 3303 3145 3418 3158">
     <span class='ocr_line' id='line_1_67' title="bbox 3303 3145 3418 3158; baseline 0 -7"><span class='ocrx_word' id='word_1_465' title='bbox 3303 3145 3418 3158; x_wconf 42' lang='grc' dir='ltr'>-.ἢ</span> 
     </span>
    </p>
   </div>
   <div class='ocr_carea' id='block_1_68' title="bbox 1249 3289 2358 3348">
    <p class='ocr_par' dir='ltr' id='par_1_68' title="bbox 1249 3289 2358 3348">
     <span class='ocr_line' id='line_1_68' title="bbox 1249 3289 2358 3348; baseline 0.002 -4"><span class='ocrx_word' id='word_1_466' title='bbox 1249 3292 1358 3344; x_wconf 82' lang='grc' dir='ltr'>ΕΙΣ</span> <span class='ocrx_word' id='word_1_467' title='bbox 1397 3289 1543 3346; x_wconf 83' lang='grc' dir='ltr'>ΤΗΝ</span> <span class='ocrx_word' id='word_1_468' title='bbox 1581 3291 1789 3345; x_wconf 82' lang='grc' dir='ltr'>ΑΓΙΑΝ</span> <span class='ocrx_word' id='word_1_469' title='bbox 1830 3292 2358 3348; x_wconf 79' lang='grc' dir='ltr'>ΠΕΝΤΗΚΟΣΤΗΝ</span> 
     </span>
    </p>
   </div>
   <div class='ocr_carea' id='block_1_69' title="bbox 796 3508 1149 3578">
    <p class='ocr_par' dir='ltr' id='par_1_69' title="bbox 796 3508 1149 3578">
     <span class='ocr_line' id='line_1_69' title="bbox 796 3508 1149 3578; baseline 0.014 -17"><span class='ocrx_word' id='word_1_470' title='bbox 796 3508 1031 3578; x_wconf 77' lang='grc' dir='ltr'>Ὁμιλία</span> <span class='ocrx_word' id='word_1_471' title='bbox 1055 3510 1149 3574; x_wconf 78' lang='grc' dir='ltr'>β’..</span> 
     </span>
    </p>
   </div>
   <div class='ocr_carea' id='block_1_70' title="bbox 219 3589 1746 3669">
    <p class='ocr_par' dir='ltr' id='par_1_70' title="bbox 219 3589 1746 3669">
     <span class='ocr_line' id='line_1_70' title="bbox 219 3589 1746 3669; baseline 0.001 -23"><span class='ocrx_word' id='word_1_472' title='bbox 219 3598 294 3646; x_wconf 81' lang='grc' dir='ltr'>α’.</span> <span class='ocrx_word' id='word_1_473' title='bbox 318 3589 574 3660; x_wconf 76' lang='grc' dir='ltr'>Μεγάλα,</span> <span class='ocrx_word' id='word_1_474' title='bbox 591 3591 886 3663; x_wconf 77' lang='grc' dir='ltr'>ἀγαπητοὶ.</span> <span class='ocrx_word' id='word_1_475' title='bbox 911 3594 1006 3660; x_wconf 63' lang='grc' dir='ltr'>κα).</span> <span class='ocrx_word' id='word_1_476' title='bbox 1030 3591 1210 3648; x_wconf 82' lang='grc' dir='ltr'>πάντα</span> <span class='ocrx_word' id='word_1_477' title='bbox 1229 3594 1390 3661; x_wconf 90' lang='grc' dir='ltr'>λόγον</span> <span class='ocrx_word' id='word_1_478' title='bbox 1409 3593 1746 3669; x_wconf 85' lang='grc' dir='ltr'>ἀνθρώπινον</span> 
     </span>
    </p>
   </div>
   <div class='ocr_carea' id='block_1_71' title="bbox 145 3675 1744 3750">
    <p class='ocr_par' dir='ltr' id='par_1_71' title="bbox 145 3675 1744 3750">
     <span class='ocr_line' id='line_1_71' title="bbox 145 3675 1744 3750; baseline 0.001 -18"><span class='ocrx_word' id='word_1_479' title='bbox 145 3675 554 3748; x_wconf 77' lang='grc' dir='ltr'>ὐπιρϐαίνσντα</span> <span class='ocrx_word' id='word_1_480' title='bbox 591 3675 661 3728; x_wconf 76' lang='grc' dir='ltr'>τὰ</span> <span class='ocrx_word' id='word_1_481' title='bbox 704 3677 941 3746; x_wconf 85' lang='grc' dir='ltr'>σήμερον</span> <span class='ocrx_word' id='word_1_482' title='bbox 967 3677 1098 3747; x_wconf 80' lang='grc' dir='ltr'>ἡμῖν</span> <span class='ocrx_word' id='word_1_483' title='bbox 1134 3677 1447 3748; x_wconf 87' lang='grc' dir='ltr'>δωρηθέντα</span> <span class='ocrx_word' id='word_1_484' title='bbox 1482 3677 1634 3750; x_wconf 86' lang='grc' dir='ltr'>παρά</span> <span class='ocrx_word' id='word_1_485' title='bbox 1652 3679 1744 3733; x_wconf 90' lang='grc' dir='ltr'>τοῦ</span> 
     </span>
    </p>
   </div>
   <div class='ocr_carea' id='block_1_72' title="bbox 153 3757 1745 3834">
    <p class='ocr_par' dir='ltr' id='par_1_72' title="bbox 153 3757 1745 3834">
     <span class='ocr_line' id='line_1_72' title="bbox 153 3757 1745 3834; baseline 0.002 -22"><span class='ocrx_word' id='word_1_486' title='bbox 153 3757 540 3830; x_wconf 74' lang='grc' dir='ltr'>φιλανθρώπου</span> <span class='ocrx_word' id='word_1_487' title='bbox 596 3757 731 3812; x_wconf 80' lang='grc' dir='ltr'>Θεοῦ</span> <span class='ocrx_word' id='word_1_488' title='bbox 776 3760 1110 3834; x_wconf 72' lang='grc' dir='ltr'>χαρίσματα·</span> <span class='ocrx_word' id='word_1_489' title='bbox 1139 3761 1230 3814; x_wconf 86' lang='grc' dir='ltr'>διά</span> <span class='ocrx_word' id='word_1_490' title='bbox 1265 3779 1349 3815; x_wconf 87' lang='grc' dir='ltr'>τοι</span> <span class='ocrx_word' id='word_1_491' title='bbox 1394 3761 1551 3815; x_wconf 86' lang='grc' dir='ltr'>τοῦτο</span> <span class='ocrx_word' id='word_1_492' title='bbox 1579 3765 1745 3834; x_wconf 73' lang='grc' dir='ltr'>ικοινῇ</span> 
     </span>
    </p>
   </div>
   <div class='ocr_carea' id='block_1_73' title="bbox 153 3843 1746 3917">
    <p class='ocr_par' dir='ltr' id='par_1_73' title="bbox 153 3843 1746 3917">
     <span class='ocr_line' id='line_1_73' title="bbox 153 3843 1746 3917; baseline 0.003 -21"><span class='ocrx_word' id='word_1_493' title='bbox 153 3845 357 3906; x_wconf 63' lang='grc' dir='ltr'>πάντες</span> <span class='ocrx_word' id='word_1_494' title='bbox 386 3843 686 3914; x_wconf 87' lang='grc' dir='ltr'>χαίρωμεν,</span> <span class='ocrx_word' id='word_1_495' title='bbox 722 3844 818 3897; x_wconf 71' lang='grc' dir='ltr'>καὶ</span> <span class='ocrx_word' id='word_1_496' title='bbox 867 3844 1196 3916; x_wconf 80' lang='grc' dir='ltr'>σκιρτῶντες</span> <span class='ocrx_word' id='word_1_497' title='bbox 1224 3846 1626 3917; x_wconf 85' lang='grc' dir='ltr'>ἁνυμνήσωμεν</span> <span class='ocrx_word' id='word_1_498' title='bbox 1654 3847 1746 3900; x_wconf 82' lang='grc' dir='ltr'>τὸν</span> 
     </span>
    </p>
   </div>
   <div class='ocr_carea' id='block_1_74' title="bbox 145 3926 1746 4002">
    <p class='ocr_par' dir='ltr' id='par_1_74' title="bbox 145 3926 1746 4002">
     <span class='ocr_line' id='line_1_74' title="bbox 145 3926 1746 4002; baseline 0.003 -24"><span class='ocrx_word' id='word_1_499' title='bbox 145 3926 425 3998; x_wconf 65' lang='grc' dir='ltr'>ἡμέτερον</span> <span class='ocrx_word' id='word_1_500' title='bbox 448 3926 744 3998; x_wconf 84' lang='grc' dir='ltr'>Δεσπότην.</span> <span class='ocrx_word' id='word_1_501' title='bbox 779 3927 970 3997; x_wconf 83' lang='grc' dir='ltr'>Ἐορτὴ</span> <span class='ocrx_word' id='word_1_502' title='bbox 995 3927 1106 3998; x_wconf 86' lang='grc' dir='ltr'>γὰρ</span> <span class='ocrx_word' id='word_1_503' title='bbox 1138 3930 1272 4000; x_wconf 78' lang='grc' dir='ltr'>ἡμῖν</span> <span class='ocrx_word' id='word_1_504' title='bbox 1310 3930 1407 3982; x_wconf 73' lang='grc' dir='ltr'>καὶ</span> <span class='ocrx_word' id='word_1_505' title='bbox 1439 3930 1746 4002; x_wconf 83' lang='grc' dir='ltr'>πανήγυρις</span> 
     </span>
    </p>
   </div>
   <div class='ocr_carea' id='block_1_75' title="bbox 149 4008 1745 4085">
    <p class='ocr_par' dir='ltr' id='par_1_75' title="bbox 149 4008 1745 4085">
     <span class='ocr_line' id='line_1_75' title="bbox 149 4008 1745 4085; baseline 0.004 -25"><span class='ocrx_word' id='word_1_506' title='bbox 149 4012 183 4079; x_wconf 87' lang='grc' dir='ltr'><strong>ή</strong></span> <span class='ocrx_word' id='word_1_507' title='bbox 216 4009 460 4080; x_wconf 87' lang='grc' dir='ltr'>σήμερον</span> <span class='ocrx_word' id='word_1_508' title='bbox 503 4008 708 4079; x_wconf 82' lang='grc' dir='ltr'>ἡμέρα.</span> <span class='ocrx_word' id='word_1_509' title='bbox 761 4010 974 4073; x_wconf 81' lang='grc' dir='ltr'>Ὠσπερ</span> <span class='ocrx_word' id='word_1_510' title='bbox 1011 4013 1122 4082; x_wconf 85' lang='grc' dir='ltr'>γὰρ</span> <span class='ocrx_word' id='word_1_511' title='bbox 1160 4011 1253 4065; x_wconf 79' lang='grc' dir='ltr'>ἐπὶ</span> <span class='ocrx_word' id='word_1_512' title='bbox 1295 4011 1396 4082; x_wconf 86' lang='grc' dir='ltr'>τῆς</span> <span class='ocrx_word' id='word_1_513' title='bbox 1445 4011 1554 4065; x_wconf 87' lang='grc' dir='ltr'>τῶν</span> <span class='ocrx_word' id='word_1_514' title='bbox 1586 4013 1745 4085; x_wconf 84' lang='grc' dir='ltr'>ὡρῶν</span> 
     </span>
    </p>
   </div>
   <div class='ocr_carea' id='block_1_76' title="bbox 150 4089 1744 4170">
    <p class='ocr_par' dir='ltr' id='par_1_76' title="bbox 150 4089 1744 4170">
     <span class='ocr_line' id='line_1_76' title="bbox 150 4089 1744 4170; baseline 0.004 -27"><span class='ocrx_word' id='word_1_515' title='bbox 150 4091 248 4144; x_wconf 77' lang='grc' dir='ltr'>καὶ</span> <span class='ocrx_word' id='word_1_516' title='bbox 289 4089 400 4146; x_wconf 91' lang='grc' dir='ltr'>τῶν</span> <span class='ocrx_word' id='word_1_517' title='bbox 447 4091 664 4163; x_wconf 89' lang='grc' dir='ltr'>τροπῶν</span> <span class='ocrx_word' id='word_1_518' title='bbox 697 4091 996 4164; x_wconf 80' lang='grc' dir='ltr'>ἐναλλαγῆς</span> <span class='ocrx_word' id='word_1_519' title='bbox 1039 4093 1202 4164; x_wconf 81' lang='grc' dir='ltr'>ἐτέρά</span> <span class='ocrx_word' id='word_1_520' title='bbox 1227 4093 1327 4164; x_wconf 82' lang='grc' dir='ltr'>τὴν</span> <span class='ocrx_word' id='word_1_521' title='bbox 1364 4094 1553 4166; x_wconf 80' lang='grc' dir='ltr'>ἑτέραν</span> <span class='ocrx_word' id='word_1_522' title='bbox 1591 4094 1744 4170; x_wconf 71' lang='grc'><strong>[469]</strong></span> 
     </span>
    </p>
   </div>
   <div class='ocr_carea' id='block_1_77' title="bbox 150 4173 1747 4251">
    <p class='ocr_par' dir='ltr' id='par_1_77' title="bbox 150 4173 1747 4251">
     <span class='ocr_line' id='line_1_77' title="bbox 150 4173 1747 4251; baseline 0.001 -25"><span class='ocrx_word' id='word_1_523' title='bbox 150 4173 494 4244; x_wconf 84' lang='grc' dir='ltr'>διαδέχεται,</span> <span class='ocrx_word' id='word_1_524' title='bbox 543 4173 686 4234; x_wconf 81' lang='grc' dir='ltr'>οῦτω</span> <span class='ocrx_word' id='word_1_525' title='bbox 721 4173 786 4245; x_wconf 84' lang='grc' dir='ltr'>δὴ</span> <span class='ocrx_word' id='word_1_526' title='bbox 817 4175 911 4227; x_wconf 78' lang='grc' dir='ltr'>καὶ</span> <span class='ocrx_word' id='word_1_527' title='bbox 947 4175 1040 4228; x_wconf 77' lang='grc' dir='ltr'>ἐπὶ</span> <span class='ocrx_word' id='word_1_528' title='bbox 1083 4176 1182 4246; x_wconf 83' lang='grc' dir='ltr'>τῆς</span> <span class='ocrx_word' id='word_1_529' title='bbox 1228 4176 1555 4248; x_wconf 87' lang='grc' dir='ltr'>Ἐκκλησίας</span> <span class='ocrx_word' id='word_1_530' title='bbox 1584 4180 1747 4251; x_wconf 82' lang='grc' dir='ltr'>έορτὴ</span> 
     </span>
    </p>
   </div>
   <div class='ocr_carea' id='block_1_78' title="bbox 150 4255 1748 4332">
    <p class='ocr_par' dir='ltr' id='par_1_78' title="bbox 150 4255 1748 4332">
     <span class='ocr_line' id='line_1_78' title="bbox 150 4255 1748 4332; baseline 0.003 -22"><span class='ocrx_word' id='word_1_531' title='bbox 150 4255 350 4327; x_wconf 79' lang='grc' dir='ltr'>ἑορτὴν</span> <span class='ocrx_word' id='word_1_532' title='bbox 383 4255 755 4327; x_wconf 80' lang='grc' dir='ltr'>διαδεχομένη,</span> <span class='ocrx_word' id='word_1_533' title='bbox 791 4255 964 4320; x_wconf 76' lang='grc' dir='ltr'>οὕτως</span> <span class='ocrx_word' id='word_1_534' title='bbox 1007 4259 1154 4328; x_wconf 78' lang='grc' dir='ltr'>ἡμᾶς</span> <span class='ocrx_word' id='word_1_535' title='bbox 1185 4261 1267 4323; x_wconf 83' lang='grc' dir='ltr'>εἰς</span> <span class='ocrx_word' id='word_1_536' title='bbox 1303 4260 1541 4330; x_wconf 80' lang='grc' dir='ltr'>ἀλλήλας</span> <span class='ocrx_word' id='word_1_537' title='bbox 1570 4280 1748 4332; x_wconf 87' lang='grc' dir='ltr'>παρα-</span> 
     </span>
    </p>
   </div>
   <div class='ocr_carea' id='block_1_79' title="bbox 151 4334 1745 4416">
    <p class='ocr_par' dir='ltr' id='par_1_79' title="bbox 151 4334 1745 4416">
     <span class='ocr_line' id='line_1_79' title="bbox 151 4334 1745 4416; baseline 0.005 -26"><span class='ocrx_word' id='word_1_538' title='bbox 151 4339 458 4408; x_wconf 80' lang='grc' dir='ltr'>πέμπουσι.</span> <span class='ocrx_word' id='word_1_539' title='bbox 491 4337 731 4408; x_wconf 71' lang='grc' dir='ltr'>Πρῴηνι</span> <span class='ocrx_word' id='word_1_540' title='bbox 757 4338 854 4408; x_wconf 82' lang='grc' dir='ltr'>μὲν</span> <span class='ocrx_word' id='word_1_541' title='bbox 879 4334 972 4392; x_wconf 84' lang='grc' dir='ltr'>οῦν</span> <span class='ocrx_word' id='word_1_542' title='bbox 993 4340 1349 4412; x_wconf 87' lang='grc' dir='ltr'>ἐωρτάσαμεν</span> <span class='ocrx_word' id='word_1_543' title='bbox 1378 4343 1468 4396; x_wconf 82' lang='grc' dir='ltr'>τὸν</span> <span class='ocrx_word' id='word_1_544' title='bbox 1493 4344 1745 4416; x_wconf 82' lang='grc' dir='ltr'>σταυρὸν,</span> 
     </span>
    </p>
   </div>
   <div class='ocr_carea' id='block_1_80' title="bbox 152 4420 1747 4499">
    <p class='ocr_par' dir='ltr' id='par_1_80' title="bbox 152 4420 1747 4499">
     <span class='ocr_line' id='line_1_80' title="bbox 152 4420 1747 4499; baseline 0.005 -26"><span class='ocrx_word' id='word_1_545' title='bbox 152 4420 215 4474; x_wconf 76' lang='grc' dir='ltr'>τὸ</span> <span class='ocrx_word' id='word_1_546' title='bbox 251 4420 446 4483; x_wconf 84' lang='grc' dir='ltr'>πάθος,</span> <span class='ocrx_word' id='word_1_547' title='bbox 478 4420 578 4492; x_wconf 82' lang='grc' dir='ltr'>τὴν</span> <span class='ocrx_word' id='word_1_548' title='bbox 610 4421 929 4484; x_wconf 85' lang='grc' dir='ltr'>ἀνάστασιν,</span> <span class='ocrx_word' id='word_1_549' title='bbox 975 4424 1113 4493; x_wconf 87' lang='grc' dir='ltr'>μετὰ</span> <span class='ocrx_word' id='word_1_550' title='bbox 1140 4426 1312 4478; x_wconf 86' lang='grc' dir='ltr'>ταῦτα</span> <span class='ocrx_word' id='word_1_551' title='bbox 1345 4426 1445 4498; x_wconf 82' lang='grc' dir='ltr'>τὴν</span> <span class='ocrx_word' id='word_1_552' title='bbox 1478 4428 1557 4490; x_wconf 89' lang='grc' dir='ltr'>εἰς</span> <span class='ocrx_word' id='word_1_553' title='bbox 1581 4428 1747 4499; x_wconf 86' lang='grc' dir='ltr'>οὐρα-</span> 
     </span>
    </p>
   </div>
   <div class='ocr_carea' id='block_1_81' title="bbox 152 4502 1749 4582">
    <p class='ocr_par' dir='ltr' id='par_1_81' title="bbox 152 4502 1749 4582">
     <span class='ocr_line' id='line_1_81' title="bbox 152 4502 1749 4582; baseline 0.004 -26"><span class='ocrx_word' id='word_1_554' title='bbox 152 4505 246 4558; x_wconf 74' lang='grc' dir='ltr'>νὸν</span> <span class='ocrx_word' id='word_1_555' title='bbox 276 4503 463 4558; x_wconf 79' lang='grc' dir='ltr'>ἄνοδον</span> <span class='ocrx_word' id='word_1_556' title='bbox 484 4502 577 4556; x_wconf 88' lang='grc' dir='ltr'>τοῦ</span> <span class='ocrx_word' id='word_1_557' title='bbox 605 4504 811 4576; x_wconf 87' lang='grc' dir='ltr'>Κυρίου</span> <span class='ocrx_word' id='word_1_558' title='bbox 828 4505 985 4575; x_wconf 78' lang='grc' dir='ltr'>ἡμῶν</span> <span class='ocrx_word' id='word_1_559' title='bbox 1020 4507 1194 4578; x_wconf 80' lang='grc' dir='ltr'>Ἰησοῦ</span> <span class='ocrx_word' id='word_1_560' title='bbox 1216 4508 1476 4579; x_wconf 84' lang='grc' dir='ltr'>Χριστοῦ·</span> <span class='ocrx_word' id='word_1_561' title='bbox 1509 4510 1749 4582; x_wconf 85' lang='grc' dir='ltr'>σήμερον</span> 
     </span>
    </p>
   </div>
   <div class='ocr_carea' id='block_1_82' title="bbox 153 4585 1749 4662">
    <p class='ocr_par' dir='ltr' id='par_1_82' title="bbox 153 4585 1749 4662">
     <span class='ocr_line' id='line_1_82' title="bbox 153 4585 1749 4662; baseline 0.004 -23"><span class='ocrx_word' id='word_1_562' title='bbox 153 4587 211 4639; x_wconf 79' lang='grc' dir='ltr'>δὲ</span> <span class='ocrx_word' id='word_1_563' title='bbox 239 4585 426 4640; x_wconf 77' lang='grc' dir='ltr'>λοιπὸν</span> <span class='ocrx_word' id='word_1_564' title='bbox 447 4587 526 4650; x_wconf 89' lang='grc' dir='ltr'>εἰς</span> <span class='ocrx_word' id='word_1_565' title='bbox 547 4586 680 4640; x_wconf 82' lang='grc' dir='ltr'>αὐτὸ</span> <span class='ocrx_word' id='word_1_566' title='bbox 702 4586 763 4640; x_wconf 80' lang='grc' dir='ltr'>τὸ</span> <span class='ocrx_word' id='word_1_567' title='bbox 789 4587 940 4650; x_wconf 85' lang='grc' dir='ltr'>τέλος</span> <span class='ocrx_word' id='word_1_568' title='bbox 960 4589 1171 4660; x_wconf 84' lang='grc' dir='ltr'>ὐπηντή</span> <span class='ocrx_word' id='word_1_569' title='bbox 1181 4607 1246 4643; x_wconf 86' lang='grc' dir='ltr'>σα</span> <span class='ocrx_word' id='word_1_570' title='bbox 1255 4609 1353 4662; x_wconf 89' lang='grc' dir='ltr'>μεν</span> <span class='ocrx_word' id='word_1_571' title='bbox 1371 4590 1478 4645; x_wconf 88' lang='grc' dir='ltr'>τῶν</span> <span class='ocrx_word' id='word_1_572' title='bbox 1503 4592 1749 4660; x_wconf 85' lang='grc' dir='ltr'>ἀγαθῶν,</span> 
     </span>
    </p>
   </div>
   <div class='ocr_carea' id='block_1_83' title="bbox 154 4668 1744 4744">
    <p class='ocr_par' dir='ltr' id='par_1_83' title="bbox 154 4668 1744 4744">
     <span class='ocr_line' id='line_1_83' title="bbox 154 4668 1744 4744; baseline 0.003 -22"><span class='ocrx_word' id='word_1_573' title='bbox 154 4673 237 4733; x_wconf 84' lang='grc' dir='ltr'>εἰς</span> <span class='ocrx_word' id='word_1_574' title='bbox 283 4668 453 4740; x_wconf 85' lang='grc' dir='ltr'>αὐτὴν</span> <span class='ocrx_word' id='word_1_575' title='bbox 499 4669 596 4741; x_wconf 76' lang='grc' dir='ltr'>τὴν</span> <span class='ocrx_word' id='word_1_576' title='bbox 639 4671 974 4742; x_wconf 79' lang='grc' dir='ltr'>μητρόπολιν</span> <span class='ocrx_word' id='word_1_577' title='bbox 1022 4672 1339 4742; x_wconf 80' lang='grc' dir='ltr'>ἐφθάσαμεν</span> <span class='ocrx_word' id='word_1_578' title='bbox 1369 4673 1476 4726; x_wconf 88' lang='grc' dir='ltr'>τῶν</span> <span class='ocrx_word' id='word_1_579' title='bbox 1521 4675 1744 4744; x_wconf 83' lang='grc' dir='ltr'>ἑορτῶν,</span> 
     </span>
    </p>
   </div>
   <div class='ocr_carea' id='block_1_84' title="bbox 153 4751 1748 4829">
    <p class='ocr_par' dir='ltr' id='par_1_84' title="bbox 153 4751 1748 4829">
     <span class='ocr_line' id='line_1_84' title="bbox 153 4751 1748 4829; baseline 0.005 -25"><span class='ocrx_word' id='word_1_580' title='bbox 153 4754 236 4816; x_wconf 84' lang='grc' dir='ltr'>είς</span> <span class='ocrx_word' id='word_1_581' title='bbox 265 4751 431 4805; x_wconf 83' lang='grc' dir='ltr'>αὐτὸν</span> <span class='ocrx_word' id='word_1_582' title='bbox 456 4752 548 4805; x_wconf 78' lang='grc' dir='ltr'>τὸν</span> <span class='ocrx_word' id='word_1_583' title='bbox 580 4754 792 4824; x_wconf 81' lang='grc' dir='ltr'>καρπὸν</span> <span class='ocrx_word' id='word_1_584' title='bbox 827 4754 1245 4826; x_wconf 83' lang='grc' dir='ltr'>παρεγενόμεθα</span> <span class='ocrx_word' id='word_1_585' title='bbox 1285 4757 1385 4826; x_wconf 83' lang='grc' dir='ltr'>τῆς</span> <span class='ocrx_word' id='word_1_586' title='bbox 1418 4755 1512 4809; x_wconf 90' lang='grc' dir='ltr'>τοῦ</span> <span class='ocrx_word' id='word_1_587' title='bbox 1539 4758 1748 4829; x_wconf 87' lang='grc' dir='ltr'>Κυρίου</span> 
     </span>
    </p>
   </div>
   <div class='ocr_carea' id='block_1_85' title="bbox 153 4835 1751 4909">
    <p class='ocr_par' dir='ltr' id='par_1_85' title="bbox 153 4835 1751 4909">
     <span class='ocr_line' id='line_1_85' title="bbox 153 4835 1751 4909; baseline 0.006 -22"><span class='ocrx_word' id='word_1_588' title='bbox 153 4835 511 4903; x_wconf 86' lang='grc' dir='ltr'>ἐπαγγελίας.</span> <span class='ocrx_word' id='word_1_589' title='bbox 561 4836 840 4906; x_wconf 77' lang='grc' dir='ltr'>Ἐὰν-,γὰρ</span> <span class='ocrx_word' id='word_1_590' title='bbox 874 4837 1134 4904; x_wconf 71' lang='grc' dir='ltr'>ἀπέλθω,</span> <span class='ocrx_word' id='word_1_591' title='bbox 1162 4838 1348 4908; x_wconf 76' lang='grc' dir='ltr'>φησὶν,</span> <span class='ocrx_word' id='word_1_592' title='bbox 1377 4840 1513 4909; x_wconf 62' lang='grc' dir='ltr'>ἐγὼ,</span> <span class='ocrx_word' id='word_1_593' title='bbox 1555 4841 1751 4896; x_wconf 74' lang='grc' dir='ltr'>ἄλλον</span> 
     </span>
    </p>
   </div>
   <div class='ocr_carea' id='block_1_86' title="bbox 156 4917 1751 4994">
    <p class='ocr_par' dir='ltr' id='par_1_86' title="bbox 156 4917 1751 4994">
     <span class='ocr_line' id='line_1_86' title="bbox 156 4917 1751 4994; baseline 0.006 -24"><span class='ocrx_word' id='word_1_594' title='bbox 156 4917 556 4984; x_wconf 73' lang='grc' dir='ltr'>Παράκλητον</span> <span class='ocrx_word' id='word_1_595' title='bbox 594 4919 809 4987; x_wconf 71' lang='grc' dir='ltr'>πέμψω</span> <span class='ocrx_word' id='word_1_596' title='bbox 836 4919 1000 4988; x_wconf 78' lang='grc' dir='ltr'>ὑμῖν,</span> <span class='ocrx_word' id='word_1_597' title='bbox 1041 4918 1140 4973; x_wconf 78' lang='grc' dir='ltr'>καὶ</span> <span class='ocrx_word' id='word_1_598' title='bbox 1177 4924 1290 4974; x_wconf 85' lang='grc' dir='ltr'>οὐκ</span> <span class='ocrx_word' id='word_1_599' title='bbox 1337 4921 1554 4990; x_wconf 72' lang='grc' dir='ltr'>ἀφήσω</span> <span class='ocrx_word' id='word_1_600' title='bbox 1592 4922 1751 4994; x_wconf 81' lang='grc' dir='ltr'>ὑμᾶς</span> 
     </span>
    </p>
   </div>
   <div class='ocr_carea' id='block_1_87' title="bbox 153 5000 1750 5079">
    <p class='ocr_par' dir='ltr' id='par_1_87' title="bbox 153 5000 1750 5079">
     <span class='ocr_line' id='line_1_87' title="bbox 153 5000 1750 5079; baseline 0.006 -29"><span class='ocrx_word' id='word_1_601' title='bbox 153 5000 486 5068; x_wconf 69' lang='grc' dir='ltr'>ὀρφανούς.</span> <span class='ocrx_word' id='word_1_602' title='bbox 525 5001 710 5054; x_wconf 81' lang='grc' dir='ltr'>Εἴδετε</span> <span class='ocrx_word' id='word_1_603' title='bbox 745 5001 1104 5072; x_wconf 86' lang='grc' dir='ltr'>κηδεμονίαν;</span> <span class='ocrx_word' id='word_1_604' title='bbox 1136 5002 1304 5056; x_wconf 77' lang='grc' dir='ltr'>εἴδετε</span> <span class='ocrx_word' id='word_1_605' title='bbox 1336 5004 1750 5079; x_wconf 89' lang='grc' dir='ltr'>φιλανθρωπίαν</span> 
     </span>
    </p>
   </div>
   <div class='ocr_carea' id='block_1_88' title="bbox 154 5081 1752 5161">
    <p class='ocr_par' dir='ltr' id='par_1_88' title="bbox 154 5081 1752 5161">
     <span class='ocr_line' id='line_1_88' title="bbox 154 5081 1752 5161; baseline 0.006 -27"><span class='ocrx_word' id='word_1_606' title='bbox 154 5081 395 5149; x_wconf 81' lang='grc' dir='ltr'>ἅφατον;</span> <span class='ocrx_word' id='word_1_607' title='bbox 443 5084 556 5153; x_wconf 84' lang='grc' dir='ltr'>Πρὸ</span> <span class='ocrx_word' id='word_1_608' title='bbox 582 5084 787 5137; x_wconf 88' lang='grc' dir='ltr'>τούτων</span> <span class='ocrx_word' id='word_1_609' title='bbox 825 5085 934 5138; x_wconf 90' lang='grc' dir='ltr'>τῶν</span> <span class='ocrx_word' id='word_1_610' title='bbox 968 5084 1190 5155; x_wconf 81' lang='grc' dir='ltr'>ἡμερῶν</span> <span class='ocrx_word' id='word_1_611' title='bbox 1213 5086 1441 5158; x_wconf 78' lang='grc' dir='ltr'>ἀνῆλθεν</span> <span class='ocrx_word' id='word_1_612' title='bbox 1474 5091 1552 5153; x_wconf 82' lang='grc' dir='ltr'>είς</span> <span class='ocrx_word' id='word_1_613' title='bbox 1586 5090 1752 5161; x_wconf 87' lang='grc' dir='ltr'>οὐρα-</span> 
     </span>
    </p>
   </div>
   <div class='ocr_carea' id='block_1_89' title="bbox 153 5165 1744 5244">
    <p class='ocr_par' dir='ltr' id='par_1_89' title="bbox 153 5165 1744 5244">
     <span class='ocr_line' id='line_1_89' title="bbox 153 5165 1744 5244; baseline 0.006 -28"><span class='ocrx_word' id='word_1_614' title='bbox 153 5166 266 5226; x_wconf 74' lang='grc' dir='ltr'>νὸν,</span> <span class='ocrx_word' id='word_1_615' title='bbox 299 5166 390 5218; x_wconf 64' lang='grc' dir='ltr'>τὸν</span> <span class='ocrx_word' id='word_1_616' title='bbox 425 5165 701 5234; x_wconf 70' lang='grc' dir='ltr'>βασιλικὸν</span> <span class='ocrx_word' id='word_1_617' title='bbox 741 5168 967 5220; x_wconf 81' lang='grc' dir='ltr'>ἀνέλαϐε</span> <span class='ocrx_word' id='word_1_618' title='bbox 1002 5167 1210 5240; x_wconf 78' lang='grc' dir='ltr'>θρόνον,</span> <span class='ocrx_word' id='word_1_619' title='bbox 1230 5171 1330 5241; x_wconf 79' lang='grc' dir='ltr'>τὴν</span> <span class='ocrx_word' id='word_1_620' title='bbox 1370 5173 1428 5225; x_wconf 88' lang='grc' dir='ltr'>ἐν</span> <span class='ocrx_word' id='word_1_621' title='bbox 1461 5173 1613 5244; x_wconf 81' lang='grc' dir='ltr'>δεξιᾷ</span> <span class='ocrx_word' id='word_1_622' title='bbox 1649 5172 1744 5226; x_wconf 88' lang='grc' dir='ltr'>τοῦ</span> 
     </span>
    </p>
   </div>
   <div class='ocr_carea' id='block_1_90' title="bbox 139 5248 1746 5328">
    <p class='ocr_par' dir='ltr' id='par_1_90' title="bbox 139 5248 1746 5328">
     <span class='ocr_line' id='line_1_90' title="bbox 139 5248 1746 5328; baseline 0.005 -27"><span class='ocrx_word' id='word_1_623' title='bbox 139 5248 372 5319; x_wconf 78' lang='grc' dir='ltr'>Πατρδς</span> <span class='ocrx_word' id='word_1_624' title='bbox 401 5250 674 5321; x_wconf 84' lang='grc' dir='ltr'>καθέδραν</span> <span class='ocrx_word' id='word_1_625' title='bbox 721 5251 1013 5322; x_wconf 85' lang='grc' dir='ltr'>ἀπείληφε,</span> <span class='ocrx_word' id='word_1_626' title='bbox 1053 5254 1148 5305; x_wconf 76' lang='grc' dir='ltr'>καὶ</span> <span class='ocrx_word' id='word_1_627' title='bbox 1196 5255 1436 5326; x_wconf 83' lang='grc' dir='ltr'>σήμερον</span> <span class='ocrx_word' id='word_1_628' title='bbox 1469 5259 1600 5328; x_wconf 78' lang='grc' dir='ltr'>ἡμῖν</span> <span class='ocrx_word' id='word_1_629' title='bbox 1647 5257 1746 5328; x_wconf 85' lang='grc' dir='ltr'>τὴν</span> 
     </span>
    </p>
   </div>
   <div class='ocr_carea' id='block_1_91' title="bbox 153 5332 1744 5408">
    <p class='ocr_par' dir='ltr' id='par_1_91' title="bbox 153 5332 1744 5408">
     <span class='ocr_line' id='line_1_91' title="bbox 153 5332 1744 5408; baseline 0.005 -22"><span class='ocrx_word' id='word_1_630' title='bbox 153 5333 451 5404; x_wconf 83' lang='grc' dir='ltr'>ἐπιδημίαν</span> <span class='ocrx_word' id='word_1_631' title='bbox 475 5332 568 5386; x_wconf 89' lang='grc' dir='ltr'>τοῦ</span> <span class='ocrx_word' id='word_1_632' title='bbox 593 5335 908 5405; x_wconf 85' lang='grc' dir='ltr'>Πνεύματος</span> <span class='ocrx_word' id='word_1_633' title='bbox 928 5334 1023 5388; x_wconf 80' lang='grc' dir='ltr'>τοῦ</span> <span class='ocrx_word' id='word_1_634' title='bbox 1052 5337 1205 5405; x_wconf 87' lang='grc' dir='ltr'>ἁγίου</span> <span class='ocrx_word' id='word_1_635' title='bbox 1232 5336 1537 5408; x_wconf 81' lang='grc' dir='ltr'>χαρίζεται,</span> <span class='ocrx_word' id='word_1_636' title='bbox 1565 5342 1659 5394; x_wconf 75' lang='grc' dir='ltr'>καὶ</span> <span class='ocrx_word' id='word_1_637' title='bbox 1679 5342 1744 5393; x_wconf 86' lang='grc' dir='ltr'>δι’</span> 
     </span>
    </p>
   </div>
   <div class='ocr_carea' id='block_1_92' title="bbox 152 5414 1746 5494">
    <p class='ocr_par' dir='ltr' id='par_1_92' title="bbox 152 5414 1746 5494">
     <span class='ocr_line' id='line_1_92' title="bbox 152 5414 1746 5494; baseline 0.006 -26"><span class='ocrx_word' id='word_1_638' title='bbox 152 5414 321 5468; x_wconf 84' lang='grc' dir='ltr'>αὐτοῦ</span> <span class='ocrx_word' id='word_1_639' title='bbox 351 5414 419 5467; x_wconf 81' lang='grc' dir='ltr'>τὰ</span> <span class='ocrx_word' id='word_1_640' title='bbox 452 5416 621 5486; x_wconf 84' lang='grc' dir='ltr'>μυρία</span> <span class='ocrx_word' id='word_1_641' title='bbox 667 5418 798 5488; x_wconf 76' lang='grc' dir='ltr'>ἡμῖν</span> <span class='ocrx_word' id='word_1_642' title='bbox 827 5418 935 5470; x_wconf 85' lang='grc' dir='ltr'>ἀπὸ</span> <span class='ocrx_word' id='word_1_643' title='bbox 963 5418 1069 5470; x_wconf 89' lang='grc' dir='ltr'>τῶν</span> <span class='ocrx_word' id='word_1_644' title='bbox 1099 5420 1341 5490; x_wconf 80' lang='grc' dir='ltr'>οὐρανῶν</span> <span class='ocrx_word' id='word_1_645' title='bbox 1367 5423 1546 5489; x_wconf 81' lang='grc' dir='ltr'>ἀγαθά</span> <span class='ocrx_word' id='word_1_646' title='bbox 1582 5441 1746 5494; x_wconf 74' lang='grc' dir='ltr'>χορηο</span> 
     </span>
    </p>
   </div>
   <div class='ocr_carea' id='block_1_93' title="bbox 153 5497 1744 5577">
    <p class='ocr_par' dir='ltr' id='par_1_93' title="bbox 153 5497 1744 5577">
     <span class='ocr_line' id='line_1_93' title="bbox 153 5497 1744 5577; baseline 0.005 -25"><span class='ocrx_word' id='word_1_647' title='bbox 153 5501 261 5565; x_wconf 77' lang='grc' dir='ltr'>γεῖ.</span> <span class='ocrx_word' id='word_1_648' title='bbox 300 5499 365 5550; x_wconf 84' lang='grc' dir='ltr'>Τί</span> <span class='ocrx_word' id='word_1_649' title='bbox 389 5497 517 5568; x_wconf 81' lang='grc' dir='ltr'>γὰρ,</span> <span class='ocrx_word' id='word_1_650' title='bbox 541 5500 662 5552; x_wconf 86' lang='grc' dir='ltr'>είπέ</span> <span class='ocrx_word' id='word_1_651' title='bbox 694 5519 803 5569; x_wconf 86' lang='grc' dir='ltr'>μοι,</span> <span class='ocrx_word' id='word_1_652' title='bbox 833 5501 941 5553; x_wconf 89' lang='grc' dir='ltr'>τῶν</span> <span class='ocrx_word' id='word_1_653' title='bbox 965 5503 1316 5571; x_wconf 79' lang='grc' dir='ltr'>συνεχόντων,</span> <span class='ocrx_word' id='word_1_654' title='bbox 1343 5506 1442 5575; x_wconf 79' lang='grc' dir='ltr'>τὴν</span> <span class='ocrx_word' id='word_1_655' title='bbox 1471 5506 1744 5577; x_wconf 85' lang='grc' dir='ltr'>σωτηρίαν</span> 
     </span>
    </p>
   </div>
   <div class='ocr_carea' id='block_1_94' title="bbox 151 5581 1738 5660">
    <p class='ocr_par' dir='ltr' id='par_1_94' title="bbox 151 5581 1738 5660">
     <span class='ocr_line' id='line_1_94' title="bbox 151 5581 1738 5660; baseline 0.006 -28"><span class='ocrx_word' id='word_1_656' title='bbox 151 5583 254 5649; x_wconf 80' lang='grc' dir='ltr'>τὴν</span> <span class='ocrx_word' id='word_1_657' title='bbox 288 5581 562 5651; x_wconf 78' lang='grc' dir='ltr'>ἡμετέραν</span> <span class='ocrx_word' id='word_1_658' title='bbox 617 5583 738 5652; x_wconf 61' lang='grc' dir='ltr'>οὐχ)¹</span> <span class='ocrx_word' id='word_1_659' title='bbox 771 5583 862 5635; x_wconf 86' lang='grc' dir='ltr'>διὰ</span> <span class='ocrx_word' id='word_1_660' title='bbox 891 5582 983 5636; x_wconf 89' lang='grc' dir='ltr'>τοῦ</span> <span class='ocrx_word' id='word_1_661' title='bbox 1019 5586 1335 5654; x_wconf 88' lang='grc' dir='ltr'>Πνεύματος</span> <span class='ocrx_word' id='word_1_662' title='bbox 1376 5589 1506 5657; x_wconf 75' lang='grc' dir='ltr'>ἡμῖν</span> <span class='ocrx_word' id='word_1_663' title='bbox 1536 5589 1738 5660; x_wconf 82' lang='grc' dir='ltr'>ᾠκονό-</span> 
     </span>
    </p>
   </div>
   <div class='ocr_carea' id='block_1_95' title="bbox 154 5663 1744 5740">
    <p class='ocr_par' dir='ltr' id='par_1_95' title="bbox 154 5663 1744 5740">
     <span class='ocr_line' id='line_1_95' title="bbox 154 5663 1744 5740; baseline 0.007 -27"><span class='ocrx_word' id='word_1_664' title='bbox 154 5679 329 5734; x_wconf 87' lang='grc' dir='ltr'>μηται</span> <span class='ocrx_word' id='word_1_665' title='bbox 351 5679 365 5726; x_wconf 87' lang='grc'>;</span> <span class='ocrx_word' id='word_1_666' title='bbox 399 5663 486 5717; x_wconf 83' lang='grc' dir='ltr'>διὰ</span> <span class='ocrx_word' id='word_1_667' title='bbox 509 5663 699 5717; x_wconf 83' lang='grc' dir='ltr'>τούτου</span> <span class='ocrx_word' id='word_1_668' title='bbox 720 5665 964 5727; x_wconf 87' lang='grc' dir='ltr'>δουλείας</span> <span class='ocrx_word' id='word_1_669' title='bbox 989 5667 1463 5740; x_wconf 83' lang='grc' dir='ltr'>ἀπαλλαττόμεθα,</span> <span class='ocrx_word' id='word_1_670' title='bbox 1493 5673 1571 5734; x_wconf 82' lang='grc' dir='ltr'>είς</span> <span class='ocrx_word' id='word_1_671' title='bbox 1594 5671 1744 5724; x_wconf 80' lang='grc' dir='ltr'>ἐλευ-</span> 
     </span>
    </p>
   </div>
   <div class='ocr_carea' id='block_1_96' title="bbox 221 5768 1744 5836">
    <p class='ocr_par' dir='ltr' id='par_1_96' title="bbox 221 5768 1744 5836">
     <span class='ocr_line' id='line_1_96' title="bbox 221 5768 1744 5836; baseline 0.006 -21"><span class='ocrx_word' id='word_1_672' title='bbox 221 5769 245 5797; x_wconf 81' lang='grc'>³</span> <span class='ocrx_word' id='word_1_673' title='bbox 271 5768 356 5816; x_wconf 81' lang='lat' dir='ltr'>Sic</span> <span class='ocrx_word' id='word_1_674' title='bbox 393 5781 581 5836; x_wconf 68' lang='lat' dir='ltr'>ompes_</span> <span class='ocrx_word' id='word_1_675' title='bbox 605 5783 741 5836; x_wconf 48' lang='grc' dir='ltr'>ωας..</span> <span class='ocrx_word' id='word_1_676' title='bbox 773 5771 955 5836; x_wconf 70' lang='lat' dir='ltr'>melius</span> <span class='ocrx_word' id='word_1_677' title='bbox 980 5785 1127 5833; x_wconf 87' lang='lat' dir='ltr'><strong>quam</strong></span> <span class='ocrx_word' id='word_1_678' title='bbox 1175 5774 1298 5824; x_wconf 77' lang='lat' dir='ltr'>editi</span> <span class='ocrx_word' id='word_1_679' title='bbox 1321 5775 1526 5836; x_wconf 83' lang='grc' dir='ltr'>πρῶτον.</span> <span class='ocrx_word' id='word_1_680' title='bbox 1555 5775 1744 5826; x_wconf 75' lang='lat' dir='ltr'><strong>Fronto</strong></span> 
     </span>
    </p>
   </div>
   <div class='ocr_carea' id='block_1_97' title="bbox 155 5829 963 5895">
    <p class='ocr_par' dir='ltr' id='par_1_97' title="bbox 155 5829 963 5895">
     <span class='ocr_line' id='line_1_97' title="bbox 155 5829 963 5895; baseline 0.002 -17"><span class='ocrx_word' id='word_1_681' title='bbox 155 5829 367 5879; x_wconf 63' lang='lat' dir='ltr'>ﬁdamus</span> <span class='ocrx_word' id='word_1_682' title='bbox 384 5832 550 5895; x_wconf 86' lang='grc' dir='ltr'>πρώην</span> <span class='ocrx_word' id='word_1_683' title='bbox 570 5831 749 5892; x_wconf 58' lang='lat' dir='ltr'>legisse</span> <span class='ocrx_word' id='word_1_684' title='bbox 766 5833 963 5880; x_wconf 69' lang='lat' dir='ltr'>videtur</span> 
     </span>
    </p>
   </div>
   <div class='ocr_carea' id='block_1_98' title="bbox 483 5921 1039 5984">
    <p class='ocr_par' dir='ltr' id='par_1_98' title="bbox 483 5921 1039 5984">
     <span class='ocr_line' id='line_1_98' title="bbox 483 5921 1039 5984; baseline 0.009 -5"><span class='ocrx_word' id='word_1_685' title='bbox 483 5921 755 5979; x_wconf 66' lang='grc' dir='ltr'>Ριιτιιοι.</span> <span class='ocrx_word' id='word_1_686' title='bbox 803 5922 922 5984; x_wconf 83' lang='lat' dir='ltr'>Gn.</span> <span class='ocrx_word' id='word_1_687' title='bbox 973 5923 1039 5984; x_wconf 90' lang='lat' dir='ltr'>L.</span> 
     </span>
    </p>
   </div>
   <div class='ocr_carea' id='block_1_99' title="bbox 1855 3509 3455 3585">
    <p class='ocr_par' dir='ltr' id='par_1_99' title="bbox 1855 3509 3455 3585">
     <span class='ocr_line' id='line_1_99' title="bbox 1855 3509 3455 3585; baseline -0.004 -17"><span class='ocrx_word' id='word_1_688' title='bbox 1855 3513 2040 3585; x_wconf 78' lang='grc' dir='ltr'>θερίαν</span> <span class='ocrx_word' id='word_1_689' title='bbox 2063 3513 2397 3585; x_wconf 88' lang='grc' dir='ltr'>καλούμεθα,</span> <span class='ocrx_word' id='word_1_690' title='bbox 2428 3513 2508 3576; x_wconf 86' lang='grc' dir='ltr'>εἰς</span> <span class='ocrx_word' id='word_1_691' title='bbox 2537 3510 2813 3566; x_wconf 82' lang='grc' dir='ltr'>υἱοθεσίαν</span> <span class='ocrx_word' id='word_1_692' title='bbox 2839 3509 3177 3581; x_wconf 84' lang='grc' dir='ltr'>ἀναγόμεθα,</span> <span class='ocrx_word' id='word_1_693' title='bbox 3203 3510 3455 3564; x_wconf 78' lang='grc' dir='ltr'>καὶάνω-</span> 
     </span>
    </p>
   </div>
   <div class='ocr_carea' id='block_1_100' title="bbox 1855 3593 3453 3666">
    <p class='ocr_par' dir='ltr' id='par_1_100' title="bbox 1855 3593 3453 3666">
     <span class='ocr_line' id='line_1_100' title="bbox 1855 3593 3453 3666; baseline -0.003 -16"><span class='ocrx_word' id='word_1_694' title='bbox 1855 3597 1966 3661; x_wconf 89' lang='grc' dir='ltr'>θεν,</span> <span class='ocrx_word' id='word_1_695' title='bbox 1996 3597 2072 3661; x_wconf 83' lang='grc' dir='ltr'>ὡς</span> <span class='ocrx_word' id='word_1_696' title='bbox 2095 3598 2291 3662; x_wconf 78' lang='grc' dir='ltr'>εἰπεῖν,</span> <span class='ocrx_word' id='word_1_697' title='bbox 2315 3595 2791 3666; x_wconf 83' lang='grc' dir='ltr'>ἁναπλαττόμεθα,</span> <span class='ocrx_word' id='word_1_698' title='bbox 2823 3593 2884 3648; x_wconf 83' lang='grc' dir='ltr'>τὸ</span> <span class='ocrx_word' id='word_1_699' title='bbox 2910 3593 3050 3665; x_wconf 82' lang='grc' dir='ltr'>βαρὺ</span> <span class='ocrx_word' id='word_1_700' title='bbox 3089 3595 3186 3647; x_wconf 66' lang='grc' dir='ltr'>καλ⁸</span> <span class='ocrx_word' id='word_1_701' title='bbox 3213 3593 3453 3656; x_wconf 76' lang='grc' dir='ltr'>δυσῶδες</span> 
     </span>
    </p>
   </div>
   <div class='ocr_carea' id='block_1_101' title="bbox 1853 3675 3453 3752">
    <p class='ocr_par' dir='ltr' id='par_1_101' title="bbox 1853 3675 3453 3752">
     <span class='ocr_line' id='line_1_101' title="bbox 1853 3675 3453 3752; baseline -0.003 -20"><span class='ocrx_word' id='word_1_702' title='bbox 1853 3679 1964 3734; x_wconf 88' lang='grc' dir='ltr'>τῶν</span> <span class='ocrx_word' id='word_1_703' title='bbox 2019 3680 2437 3752; x_wconf 84' lang='grc' dir='ltr'>ἁμαρτημάτων</span> <span class='ocrx_word' id='word_1_704' title='bbox 2503 3677 2725 3751; x_wconf 91' lang='grc' dir='ltr'>φορτίον</span> <span class='ocrx_word' id='word_1_705' title='bbox 2773 3676 3170 3748; x_wconf 83' lang='grc' dir='ltr'>ἀποτιθέμεθα·</span> <span class='ocrx_word' id='word_1_706' title='bbox 3219 3677 3309 3732; x_wconf 70' lang='grc' dir='ltr'>διὰ</span> <span class='ocrx_word' id='word_1_707' title='bbox 3354 3675 3453 3729; x_wconf 84' lang='grc' dir='ltr'>τοῦ</span> 
     </span>
    </p>
   </div>
   <div class='ocr_carea' id='block_1_102' title="bbox 1853 3758 3449 3834">
    <p class='ocr_par' dir='ltr' id='par_1_102' title="bbox 1853 3758 3449 3834">
     <span class='ocr_line' id='line_1_102' title="bbox 1853 3758 3449 3834; baseline -0.003 -19"><span class='ocrx_word' id='word_1_708' title='bbox 1853 3763 2174 3833; x_wconf 88' lang='grc' dir='ltr'>Πνεύματος</span> <span class='ocrx_word' id='word_1_709' title='bbox 2211 3763 2306 3818; x_wconf 86' lang='grc' dir='ltr'>τοῦ</span> <span class='ocrx_word' id='word_1_710' title='bbox 2354 3763 2512 3832; x_wconf 87' lang='grc' dir='ltr'>ἁγίου</span> <span class='ocrx_word' id='word_1_711' title='bbox 2562 3761 2753 3834; x_wconf 87' lang='grc' dir='ltr'>ίερέων</span> <span class='ocrx_word' id='word_1_712' title='bbox 2795 3760 3066 3831; x_wconf 86' lang='grc' dir='ltr'>βλέπομεν</span> <span class='ocrx_word' id='word_1_713' title='bbox 3112 3760 3330 3831; x_wconf 81' lang='grc' dir='ltr'>χοροὺς,</span> <span class='ocrx_word' id='word_1_714' title='bbox 3367 3758 3449 3812; x_wconf 84' lang='grc' dir='ltr'>δι-</span> 
     </span>
    </p>
   </div>
   <div class='ocr_carea' id='block_1_103' title="bbox 1853 3843 3464 3920">
    <p class='ocr_par' dir='ltr' id='par_1_103' title="bbox 1853 3843 3464 3920">
     <span class='ocr_line' id='line_1_103' title="bbox 1853 3843 3464 3920; baseline 0.004 -21"><span class='ocrx_word' id='word_1_715' title='bbox 1853 3846 2137 3901; x_wconf 84' lang='grc' dir='ltr'>δασκάλων</span> <span class='ocrx_word' id='word_1_716' title='bbox 2162 3847 2359 3920; x_wconf 77' lang='grc' dir='ltr'>ἔχομεν</span> <span class='ocrx_word' id='word_1_717' title='bbox 2390 3847 2669 3916; x_wconf 87' lang='grc' dir='ltr'>τάγματα·</span> <span class='ocrx_word' id='word_1_718' title='bbox 2708 3845 2818 3900; x_wconf 71' lang='grc' dir='ltr'>ἀπὸ</span> <span class='ocrx_word' id='word_1_719' title='bbox 2844 3845 2944 3915; x_wconf 82' lang='grc' dir='ltr'>τῆς</span> <span class='ocrx_word' id='word_1_720' title='bbox 2977 3843 3226 3897; x_wconf 82' lang='grc' dir='ltr'>ἐντεῦθεν</span> <span class='ocrx_word' id='word_1_721' title='bbox 3267 3845 3464 3915; x_wconf 67' lang='grc' dir='ltr'>πηγῆς</span> 
     </span>
    </p>
   </div>
   <div class='ocr_carea' id='block_1_104' title="bbox 1854 3926 3448 4002">
    <p class='ocr_par' dir='ltr' id='par_1_104' title="bbox 1854 3926 3448 4002">
     <span class='ocr_line' id='line_1_104' title="bbox 1854 3926 3448 4002; baseline -0.002 -18"><span class='ocrx_word' id='word_1_722' title='bbox 1854 3930 1951 3984; x_wconf 79' lang='grc' dir='ltr'>καὶ</span> <span class='ocrx_word' id='word_1_723' title='bbox 1978 3930 2374 4000; x_wconf 79' lang='grc' dir='ltr'>ἀποκαλύψεων</span> <span class='ocrx_word' id='word_1_724' title='bbox 2413 3928 2635 4002; x_wconf 66' lang='grc' dir='ltr'>δωρεαὶ,</span> <span class='ocrx_word' id='word_1_725' title='bbox 2677 3928 2774 3981; x_wconf 71' lang='grc' dir='ltr'>καὶ</span> <span class='ocrx_word' id='word_1_726' title='bbox 2825 3929 3072 3998; x_wconf 77' lang='grc' dir='ltr'>ἰαμάτων</span> <span class='ocrx_word' id='word_1_727' title='bbox 3109 3926 3448 3998; x_wconf 80' lang='grc' dir='ltr'>χαρίσματα·</span> 
     </span>
    </p>
   </div>
   <div class='ocr_carea' id='block_1_105' title="bbox 1855 4009 3454 4084">
    <p class='ocr_par' dir='ltr' id='par_1_105' title="bbox 1855 4009 3454 4084">
     <span class='ocr_line' id='line_1_105' title="bbox 1855 4009 3454 4084; baseline -0.002 -17"><span class='ocrx_word' id='word_1_728' title='bbox 1855 4013 1949 4067; x_wconf 74' lang='grc' dir='ltr'>καὶ</span> <span class='ocrx_word' id='word_1_729' title='bbox 1975 4012 2046 4067; x_wconf 83' lang='grc' dir='ltr'>τὰ</span> <span class='ocrx_word' id='word_1_730' title='bbox 2089 4012 2254 4067; x_wconf 89' lang='grc' dir='ltr'>λοιπά</span> <span class='ocrx_word' id='word_1_731' title='bbox 2288 4014 2467 4068; x_wconf 88' lang='grc' dir='ltr'>πάντα</span> <span class='ocrx_word' id='word_1_732' title='bbox 2488 4054 2503 4078; x_wconf 94' lang='grc'>,</span> <span class='ocrx_word' id='word_1_733' title='bbox 2541 4013 2645 4066; x_wconf 82' lang='grc' dir='ltr'>ὅσα</span> <span class='ocrx_word' id='word_1_734' title='bbox 2679 4012 2780 4084; x_wconf 80' lang='grc' dir='ltr'>τὴν</span> <span class='ocrx_word' id='word_1_735' title='bbox 2817 4011 3150 4081; x_wconf 81' lang='grc' dir='ltr'>Ἐκκλησίαν</span> <span class='ocrx_word' id='word_1_736' title='bbox 3186 4009 3279 4063; x_wconf 89' lang='grc' dir='ltr'>τοῦ</span> <span class='ocrx_word' id='word_1_737' title='bbox 3316 4011 3454 4065; x_wconf 87' lang='grc' dir='ltr'>Θεοῦ</span> 
     </span>
    </p>
   </div>
   <div class='ocr_carea' id='block_1_106' title="bbox 1855 4093 3454 4167">
    <p class='ocr_par' dir='ltr' id='par_1_106' title="bbox 1855 4093 3454 4167">
     <span class='ocr_line' id='line_1_106' title="bbox 1855 4093 3454 4167; baseline -0.003 -17"><span class='ocrx_word' id='word_1_738' title='bbox 1855 4100 2083 4167; x_wconf 88' lang='grc' dir='ltr'>κοσμεῖν</span> <span class='ocrx_word' id='word_1_739' title='bbox 2119 4097 2330 4162; x_wconf 76' lang='grc' dir='ltr'>εἴωθεν,</span> <span class='ocrx_word' id='word_1_740' title='bbox 2362 4095 2613 4150; x_wconf 89' lang='grc' dir='ltr'>ἐντεῦθεν</span> <span class='ocrx_word' id='word_1_741' title='bbox 2636 4095 2748 4166; x_wconf 80' lang='grc' dir='ltr'>ἔχει</span> <span class='ocrx_word' id='word_1_742' title='bbox 2771 4094 2870 4164; x_wconf 86' lang='grc' dir='ltr'>τὴν</span> <span class='ocrx_word' id='word_1_743' title='bbox 2900 4094 3188 4164; x_wconf 89' lang='grc' dir='ltr'>χορηγίαν.</span> <span class='ocrx_word' id='word_1_744' title='bbox 3205 4093 3328 4158; x_wconf 31' lang='grc' dir='ltr'>,Καὶ</span> <span class='ocrx_word' id='word_1_745' title='bbox 3353 4093 3454 4163; x_wconf 68' lang='grc' dir='ltr'>βοᾷ</span> 
     </span>
    </p>
   </div>
   <div class='ocr_carea' id='block_1_107' title="bbox 1855 4175 3455 4246">
    <p class='ocr_par' dir='ltr' id='par_1_107' title="bbox 1855 4175 3455 4246">
     <span class='ocr_line' id='line_1_107' title="bbox 1855 4175 3455 4246; baseline -0.003 -14"><span class='ocrx_word' id='word_1_746' title='bbox 1855 4179 2068 4242; x_wconf 87' lang='grc' dir='ltr'>Παῦλος</span> <span class='ocrx_word' id='word_1_747' title='bbox 2096 4178 2291 4246; x_wconf 88' lang='grc' dir='ltr'>λέγων·</span> <span class='ocrx_word' id='word_1_748' title='bbox 2338 4177 2532 4233; x_wconf 84' lang='grc' dir='ltr'>Ταῦτα</span> <span class='ocrx_word' id='word_1_749' title='bbox 2562 4177 2760 4230; x_wconf 73' lang='grc' dir='ltr'>πάντα</span> <span class='ocrx_word' id='word_1_750' title='bbox 2786 4175 3015 4246; x_wconf 73' lang='grc' dir='ltr'>ἐνεργεῖ</span> <span class='ocrx_word' id='word_1_751' title='bbox 3050 4175 3118 4230; x_wconf 84' lang='grc' dir='ltr'>τὸ</span> <span class='ocrx_word' id='word_1_752' title='bbox 3155 4175 3227 4230; x_wconf 83' lang='grc' dir='ltr'>ἒν</span> <span class='ocrx_word' id='word_1_753' title='bbox 3258 4176 3358 4229; x_wconf 82' lang='grc' dir='ltr'>καὶ</span> <span class='ocrx_word' id='word_1_754' title='bbox 3385 4175 3455 4228; x_wconf 76' lang='grc' dir='ltr'>τὸ</span> 
     </span>
    </p>
   </div>
   <div class='ocr_carea' id='block_1_108' title="bbox 1855 4259 3431 4331">
    <p class='ocr_par' dir='ltr' id='par_1_108' title="bbox 1855 4259 3431 4331">
     <span class='ocr_line' id='line_1_108' title="bbox 1855 4259 3431 4331; baseline -0.004 -16"><span class='ocrx_word' id='word_1_755' title='bbox 1855 4261 2003 4315; x_wconf 83' lang='grc' dir='ltr'>αὐτὸ</span> <span class='ocrx_word' id='word_1_756' title='bbox 2033 4262 2296 4331; x_wconf 77' lang='grc' dir='ltr'>Πνεῦμα,</span> <span class='ocrx_word' id='word_1_757' title='bbox 2326 4261 2601 4330; x_wconf 81' lang='grc' dir='ltr'>διαιροῦν</span> <span class='ocrx_word' id='word_1_758' title='bbox 2632 4260 2752 4328; x_wconf 72' lang='grc' dir='ltr'>ἰδίᾳ</span> <span class='ocrx_word' id='word_1_759' title='bbox 2789 4259 3028 4327; x_wconf 72' lang='grc' dir='ltr'>ἑκάστῳ</span> <span class='ocrx_word' id='word_1_760' title='bbox 3064 4260 3259 4325; x_wconf 80' lang='grc' dir='ltr'>καθὼς</span> <span class='ocrx_word' id='word_1_761' title='bbox 3298 4259 3431 4323; x_wconf 75' lang='grc' dir='ltr'>βού-</span> 
     </span>
    </p>
   </div>
   <div class='ocr_carea' id='block_1_109' title="bbox 1854 4341 3454 4414">
    <p class='ocr_par' dir='ltr' id='par_1_109' title="bbox 1854 4341 3454 4414">
     <span class='ocr_line' id='line_1_109' title="bbox 1854 4341 3454 4414; baseline -0.003 -17"><span class='ocrx_word' id='word_1_762' title='bbox 1854 4346 2042 4398; x_wconf 60' lang='lat' dir='ltr'><strong><em>lerat.</em></strong></span> <span class='ocrx_word' id='word_1_763' title='bbox 2073 4344 2272 4409; x_wconf 87' lang='grc' dir='ltr'>Καθὼς</span> <span class='ocrx_word' id='word_1_764' title='bbox 2295 4343 2566 4414; x_wconf 86' lang='grc' dir='ltr'>βούλεται,</span> <span class='ocrx_word' id='word_1_765' title='bbox 2587 4343 2772 4414; x_wconf 70' lang='grc' dir='ltr'>φησὶν,</span> <span class='ocrx_word' id='word_1_766' title='bbox 2799 4343 2860 4395; x_wconf 92' lang='grc' dir='ltr'>οὐ</span> <span class='ocrx_word' id='word_1_767' title='bbox 2899 4341 3082 4405; x_wconf 86' lang='grc' dir='ltr'>καθὼς</span> <span class='ocrx_word' id='word_1_768' title='bbox 3116 4342 3454 4412; x_wconf 77' lang='grc' dir='ltr'>προστάττε-</span> 
     </span>
    </p>
   </div>
   <div class='ocr_carea' id='block_1_110' title="bbox 1857 4423 3451 4499">
    <p class='ocr_par' dir='ltr' id='par_1_110' title="bbox 1857 4423 3451 4499">
     <span class='ocr_line' id='line_1_110' title="bbox 1857 4423 3451 4499; baseline -0.001 -21"><span class='ocrx_word' id='word_1_769' title='bbox 1857 4443 1966 4479; x_wconf 91' lang='grc' dir='ltr'>ται·</span> <span class='ocrx_word' id='word_1_770' title='bbox 2009 4427 2272 4499; x_wconf 86' lang='grc' dir='ltr'>διαιροῦν,</span> <span class='ocrx_word' id='word_1_771' title='bbox 2305 4429 2366 4480; x_wconf 92' lang='grc' dir='ltr'>οὐ</span> <span class='ocrx_word' id='word_1_772' title='bbox 2411 4427 2808 4498; x_wconf 81' lang='grc' dir='ltr'>διαιρούμενον·</span> <span class='ocrx_word' id='word_1_773' title='bbox 2859 4423 3175 4488; x_wconf 88' lang='grc' dir='ltr'>αὐθεντοῦν,</span> <span class='ocrx_word' id='word_1_774' title='bbox 3220 4425 3322 4477; x_wconf 90' lang='grc' dir='ltr'>οὐκ</span> <span class='ocrx_word' id='word_1_775' title='bbox 3351 4424 3451 4476; x_wconf 85' lang='grc' dir='ltr'>αὐ·-</span> 
     </span>
    </p>
   </div>
   <div class='ocr_carea' id='block_1_111' title="bbox 1859 4507 3452 4582">
    <p class='ocr_par' dir='ltr' id='par_1_111' title="bbox 1859 4507 3452 4582">
     <span class='ocr_line' id='line_1_111' title="bbox 1859 4507 3452 4582; baseline -0.001 -20"><span class='ocrx_word' id='word_1_776' title='bbox 1859 4510 2045 4581; x_wconf 75' lang='grc' dir='ltr'>θεντία</span> <span class='ocrx_word' id='word_1_777' title='bbox 2070 4509 2449 4581; x_wconf 83' lang='grc' dir='ltr'>ὑποκείμενον.</span> <span class='ocrx_word' id='word_1_778' title='bbox 2487 4510 2598 4582; x_wconf 80' lang='grc' dir='ltr'>Τὴν</span> <span class='ocrx_word' id='word_1_779' title='bbox 2632 4508 2741 4578; x_wconf 75' lang='grc' dir='ltr'>γὰρ</span> <span class='ocrx_word' id='word_1_780' title='bbox 2770 4508 2942 4579; x_wconf 75' lang='grc' dir='ltr'>αὐτὴν</span> <span class='ocrx_word' id='word_1_781' title='bbox 2969 4507 3242 4572; x_wconf 86' lang='grc' dir='ltr'>ἐξουσίαν,</span> <span class='ocrx_word' id='word_1_782' title='bbox 3273 4509 3452 4579; x_wconf 77' lang='grc' dir='ltr'>ἥνπερ</span> 
     </span>
    </p>
   </div>
   <div class='ocr_carea' id='block_1_112' title="bbox 1857 4590 3454 4668">
    <p class='ocr_par' dir='ltr' id='par_1_112' title="bbox 1857 4590 3454 4668">
     <span class='ocr_line' id='line_1_112' title="bbox 1857 4590 3454 4668; baseline -0.003 -22"><span class='ocrx_word' id='word_1_783' title='bbox 1857 4595 2209 4665; x_wconf 87' lang='grc' dir='ltr'>ἐμαρτύρησε</span> <span class='ocrx_word' id='word_1_784' title='bbox 2236 4593 2314 4665; x_wconf 82' lang='grc' dir='ltr'>τῷ</span> <span class='ocrx_word' id='word_1_785' title='bbox 2354 4594 2553 4664; x_wconf 68' lang='grc' dir='ltr'>Πατρὶ,</span> <span class='ocrx_word' id='word_1_786' title='bbox 2586 4593 2792 4660; x_wconf 85' lang='grc' dir='ltr'>ταύτην</span> <span class='ocrx_word' id='word_1_787' title='bbox 2842 4591 2935 4644; x_wconf 79' lang='grc' dir='ltr'>καὶ</span> <span class='ocrx_word' id='word_1_788' title='bbox 2977 4590 3057 4660; x_wconf 81' lang='grc' dir='ltr'>τῷ</span> <span class='ocrx_word' id='word_1_789' title='bbox 3102 4591 3243 4661; x_wconf 83' lang='grc' dir='ltr'>ἁγίῳ</span> <span class='ocrx_word' id='word_1_790' title='bbox 3277 4591 3454 4668; x_wconf 16' lang='grc' dir='ltr'>,Πνεύ-</span> 
     </span>
    </p>
   </div>
   <div class='ocr_carea' id='block_1_113' title="bbox 1863 4673 3450 4748">
    <p class='ocr_par' dir='ltr' id='par_1_113' title="bbox 1863 4673 3450 4748">
     <span class='ocr_line' id='line_1_113' title="bbox 1863 4673 3450 4748; baseline -0.004 -17"><span class='ocrx_word' id='word_1_791' title='bbox 1863 4677 1991 4747; x_wconf 82' lang='grc' dir='ltr'>ματι</span> <span class='ocrx_word' id='word_1_792' title='bbox 2025 4676 2346 4748; x_wconf 83' lang='grc' dir='ltr'>ἀνατίθησιν</span> <span class='ocrx_word' id='word_1_793' title='bbox 2381 4678 2409 4728; x_wconf 87' lang='grc' dir='ltr'>ὁ</span> <span class='ocrx_word' id='word_1_794' title='bbox 2439 4675 2671 4738; x_wconf 86' lang='grc' dir='ltr'>Παῦλος.</span> <span class='ocrx_word' id='word_1_795' title='bbox 2707 4675 2818 4728; x_wconf 76' lang='grc' dir='ltr'>Καὶ</span> <span class='ocrx_word' id='word_1_796' title='bbox 2859 4673 3050 4745; x_wconf 86' lang='grc' dir='ltr'>ῶσπερ</span> <span class='ocrx_word' id='word_1_797' title='bbox 3082 4675 3176 4726; x_wconf 70' lang='grc' dir='ltr'>ἐπὶ</span> <span class='ocrx_word' id='word_1_798' title='bbox 3205 4673 3299 4726; x_wconf 87' lang='grc' dir='ltr'>τοῦ</span> <span class='ocrx_word' id='word_1_799' title='bbox 3334 4675 3450 4726; x_wconf 90' lang='grc' dir='ltr'>Πα-</span> 
     </span>
    </p>
   </div>
   <div class='ocr_carea' id='block_1_114' title="bbox 1858 4755 3451 4831">
    <p class='ocr_par' dir='ltr' id='par_1_114' title="bbox 1858 4755 3451 4831">
     <span class='ocr_line' id='line_1_114' title="bbox 1858 4755 3451 4831; baseline -0.003 -19"><span class='ocrx_word' id='word_1_800' title='bbox 1858 4759 1984 4829; x_wconf 80' lang='grc' dir='ltr'>τρός</span> <span class='ocrx_word' id='word_1_801' title='bbox 2009 4777 2192 4831; x_wconf 87' lang='grc' dir='ltr'>φησιν·</span> <span class='ocrx_word' id='word_1_802' title='bbox 2240 4760 2294 4812; x_wconf 90' lang='grc' dir='ltr'><strong><em>Ὁ</em></strong></span> <span class='ocrx_word' id='word_1_803' title='bbox 2327 4759 2397 4812; x_wconf 84' lang='grc' dir='ltr'>δὲ</span> <span class='ocrx_word' id='word_1_804' title='bbox 2424 4761 2565 4825; x_wconf 79' lang='grc' dir='ltr'>Θεός</span> <span class='ocrx_word' id='word_1_805' title='bbox 2595 4760 2768 4813; x_wconf 78' lang='grc' dir='ltr'>ἐστιν·</span> <span class='ocrx_word' id='word_1_806' title='bbox 2801 4761 2834 4811; x_wconf 84' lang='grc' dir='ltr'><em>ὀ</em></span> <span class='ocrx_word' id='word_1_807' title='bbox 2859 4756 3121 4826; x_wconf 74' lang='grc' dir='ltr'>ἐνεργῶν</span> <span class='ocrx_word' id='word_1_808' title='bbox 3149 4756 3222 4810; x_wconf 82' lang='grc' dir='ltr'>τὰ</span> <span class='ocrx_word' id='word_1_809' title='bbox 3253 4755 3451 4809; x_wconf 77' lang='grc' dir='ltr'>πάντα</span> 
     </span>
    </p>
   </div>
   <div class='ocr_carea' id='block_1_115' title="bbox 1852 4839 3452 4909">
    <p class='ocr_par' dir='ltr' id='par_1_115' title="bbox 1852 4839 3452 4909">
     <span class='ocr_line' id='line_1_115' title="bbox 1852 4839 3452 4909; baseline -0.003 -14"><span class='ocrx_word' id='word_1_810' title='bbox 1852 4842 1922 4896; x_wconf 79' lang='grc' dir='ltr'>ἐν</span> <span class='ocrx_word' id='word_1_811' title='bbox 1953 4843 2162 4906; x_wconf 77' lang='grc' dir='ltr'>πᾶσιν,</span> <span class='ocrx_word' id='word_1_812' title='bbox 2194 4840 2336 4894; x_wconf 78' lang='grc' dir='ltr'>οὕτω</span> <span class='ocrx_word' id='word_1_813' title='bbox 2358 4842 2453 4894; x_wconf 73' lang='grc' dir='ltr'>καὶ</span> <span class='ocrx_word' id='word_1_814' title='bbox 2475 4843 2568 4895; x_wconf 78' lang='grc' dir='ltr'>ἐπὶ</span> <span class='ocrx_word' id='word_1_815' title='bbox 2593 4841 2685 4893; x_wconf 89' lang='grc' dir='ltr'>τοῦ</span> <span class='ocrx_word' id='word_1_816' title='bbox 2708 4840 2865 4908; x_wconf 82' lang='grc' dir='ltr'>ἁγίου</span> <span class='ocrx_word' id='word_1_817' title='bbox 2890 4839 3228 4909; x_wconf 86' lang='grc' dir='ltr'>Πνεύματος·</span> <span class='ocrx_word' id='word_1_818' title='bbox 3259 4839 3452 4892; x_wconf 78' lang='grc' dir='ltr'>Ταῦτα</span> 
     </span>
    </p>
   </div>
   <div class='ocr_carea' id='block_1_116' title="bbox 1852 4921 3452 4996">
    <p class='ocr_par' dir='ltr' id='par_1_116' title="bbox 1852 4921 3452 4996">
     <span class='ocr_line' id='line_1_116' title="bbox 1852 4921 3452 4996; baseline -0.003 -19"><span class='ocrx_word' id='word_1_819' title='bbox 1852 4924 1921 4978; x_wconf 80' lang='grc' dir='ltr'>δὲ</span> <span class='ocrx_word' id='word_1_820' title='bbox 1954 4924 2173 4989; x_wconf 80' lang='grc' dir='ltr'>πάντα,</span> <span class='ocrx_word' id='word_1_821' title='bbox 2203 4925 2386 4996; x_wconf 77' lang='grc' dir='ltr'>φησὶν,</span> <span class='ocrx_word' id='word_1_822' title='bbox 2411 4924 2641 4993; x_wconf 79' lang='grc' dir='ltr'>ἐνεργεῖ</span> <span class='ocrx_word' id='word_1_823' title='bbox 2664 4923 2730 4977; x_wconf 83' lang='grc' dir='ltr'>τὸ</span> <span class='ocrx_word' id='word_1_824' title='bbox 2760 4923 2830 4977; x_wconf 75' lang='grc' dir='ltr'>ἓν</span> <span class='ocrx_word' id='word_1_825' title='bbox 2856 4923 2956 4976; x_wconf 82' lang='grc' dir='ltr'>καί</span> <span class='ocrx_word' id='word_1_826' title='bbox 2986 4921 3225 4976; x_wconf 82' lang='grc' dir='ltr'>τὸ.αὺτὸ</span> <span class='ocrx_word' id='word_1_827' title='bbox 3258 4925 3372 4974; x_wconf 76' lang='grc' dir='ltr'>Πνε</span> <span class='ocrx_word' id='word_1_828' title='bbox 3387 4922 3452 4973; x_wconf 71' lang='grc' dir='ltr'>ἶσ-</span> 
     </span>
    </p>
   </div>
   <div class='ocr_carea' id='block_1_117' title="bbox 1849 5001 3450 5078">
    <p class='ocr_par' dir='ltr' id='par_1_117' title="bbox 1849 5001 3450 5078">
     <span class='ocr_line' id='line_1_117' title="bbox 1849 5001 3450 5078; baseline -0.002 -18"><span class='ocrx_word' id='word_1_829' title='bbox 1849 5024 1957 5078; x_wconf 83' lang='grc' dir='ltr'>μα,</span> <span class='ocrx_word' id='word_1_830' title='bbox 1995 5008 2265 5077; x_wconf 71' lang='grc' dir='ltr'>διαιροῦν</span> <span class='ocrx_word' id='word_1_831' title='bbox 2301 5009 2420 5074; x_wconf 76' lang='grc' dir='ltr'>ιδΙςι</span> <span class='ocrx_word' id='word_1_832' title='bbox 2459 5007 2695 5071; x_wconf 72' lang='grc' dir='ltr'>ἑκάστῳ</span> <span class='ocrx_word' id='word_1_833' title='bbox 2727 5007 2921 5071; x_wconf 81' lang='grc' dir='ltr'>καθὼς</span> <span class='ocrx_word' id='word_1_834' title='bbox 2950 5006 3260 5070; x_wconf 69' lang='grc' dir='ltr'>βούλεται.</span> <span class='ocrx_word' id='word_1_835' title='bbox 3297 5001 3450 5067; x_wconf 73' lang='grc' dir='ltr'>Εἶδες</span> 
     </span>
    </p>
   </div>
   <div class='ocr_carea' id='block_1_118' title="bbox 1811 5086 3448 5171">
    <p class='ocr_par' dir='ltr' id='par_1_118' title="bbox 1811 5086 3448 5171">
     <span class='ocr_line' id='line_1_118' title="bbox 1811 5086 3448 5171; baseline -0.004 -28"><span class='ocrx_word' id='word_1_836' title='bbox 1811 5161 1821 5171; x_wconf 29' lang='grc' dir='ltr'><em>ι</em></span> <span class='ocrx_word' id='word_1_837' title='bbox 1853 5091 2271 5164; x_wconf 75' lang='grc' dir='ltr'>ἀπηρτισμένην</span> <span class='ocrx_word' id='word_1_838' title='bbox 2297 5090 2581 5156; x_wconf 76' lang='grc' dir='ltr'>ἐξουσίαν;</span> <span class='ocrx_word' id='word_1_839' title='bbox 2619 5086 2720 5144; x_wconf 84' lang='grc' dir='ltr'>Ὧν</span> <span class='ocrx_word' id='word_1_840' title='bbox 2751 5090 2860 5160; x_wconf 82' lang='grc' dir='ltr'>γὰρ</span> <span class='ocrx_word' id='word_1_841' title='bbox 2896 5091 2928 5159; x_wconf 84' lang='grc' dir='ltr'>ἡ</span> <span class='ocrx_word' id='word_1_842' title='bbox 2958 5089 3116 5142; x_wconf 81' lang='grc' dir='ltr'>οὐσία</span> <span class='ocrx_word' id='word_1_843' title='bbox 3152 5088 3266 5158; x_wconf 84' lang='grc' dir='ltr'>μία,</span> <span class='ocrx_word' id='word_1_844' title='bbox 3291 5088 3448 5158; x_wconf 78' lang='grc' dir='ltr'>δῆλον</span> 
     </span>
    </p>
   </div>
   <div class='ocr_carea' id='block_1_119' title="bbox 1853 5166 3452 5246">
    <p class='ocr_par' dir='ltr' id='par_1_119' title="bbox 1853 5166 3452 5246">
     <span class='ocr_line' id='line_1_119' title="bbox 1853 5166 3452 5246; baseline -0.004 -18"><span class='ocrx_word' id='word_1_845' title='bbox 1853 5175 1939 5228; x_wconf 86' lang='grc' dir='ltr'>ὄτι</span> <span class='ocrx_word' id='word_1_846' title='bbox 1975 5176 2068 5228; x_wconf 71' lang='grc' dir='ltr'>καὶ</span> <span class='ocrx_word' id='word_1_847' title='bbox 2098 5177 2130 5246; x_wconf 86' lang='grc' dir='ltr'><strong>ἡ</strong></span> <span class='ocrx_word' id='word_1_848' title='bbox 2163 5175 2417 5228; x_wconf 85' lang='grc' dir='ltr'>αὐθεντία</span> <span class='ocrx_word' id='word_1_849' title='bbox 2451 5175 2566 5244; x_wconf 90' lang='grc' dir='ltr'>μία·</span> <span class='ocrx_word' id='word_1_850' title='bbox 2597 5175 2690 5226; x_wconf 71' lang='grc' dir='ltr'>καὶ</span> <span class='ocrx_word' id='word_1_851' title='bbox 2720 5166 2794 5226; x_wconf 80' lang='grc' dir='ltr'>ὧν</span> <span class='ocrx_word' id='word_1_852' title='bbox 2829 5173 3070 5241; x_wconf 81' lang='grc' dir='ltr'>ἰσότιμος</span> <span class='ocrx_word' id='word_1_853' title='bbox 3093 5172 3124 5240; x_wconf 84' lang='grc' dir='ltr'>ἡ</span> <span class='ocrx_word' id='word_1_854' title='bbox 3151 5170 3298 5235; x_wconf 81' lang='grc' dir='ltr'>ἀξία,</span> <span class='ocrx_word' id='word_1_855' title='bbox 3326 5169 3452 5222; x_wconf 78' lang='grc' dir='ltr'>τούο</span> 
     </span>
    </p>
   </div>
   <div class='ocr_carea' id='block_1_120' title="bbox 1851 5252 3447 5328">
    <p class='ocr_par' dir='ltr' id='par_1_120' title="bbox 1851 5252 3447 5328">
     <span class='ocr_line' id='line_1_120' title="bbox 1851 5252 3447 5328; baseline -0.006 -17"><span class='ocrx_word' id='word_1_856' title='bbox 1851 5277 1958 5311; x_wconf 89' lang='grc' dir='ltr'>των</span> <span class='ocrx_word' id='word_1_857' title='bbox 1992 5261 2132 5328; x_wconf 82' lang='grc' dir='ltr'>καὶὴ</span> <span class='ocrx_word' id='word_1_858' title='bbox 2167 5258 2395 5328; x_wconf 90' lang='grc' dir='ltr'>δύναμις</span> <span class='ocrx_word' id='word_1_859' title='bbox 2425 5258 2518 5310; x_wconf 85' lang='grc' dir='ltr'>καὶ</span> <span class='ocrx_word' id='word_1_860' title='bbox 2547 5259 2579 5326; x_wconf 83' lang='grc' dir='ltr'><strong>ἡ</strong></span> <span class='ocrx_word' id='word_1_861' title='bbox 2610 5254 3099 5324; x_wconf 76' lang='grc' dir='ltr'>ἐξουσία·μία.Διά</span> <span class='ocrx_word' id='word_1_862' title='bbox 3127 5253 3318 5306; x_wconf 86' lang='grc' dir='ltr'>τούτου</span> <span class='ocrx_word' id='word_1_863' title='bbox 3350 5252 3447 5322; x_wconf 73' lang='grc' dir='ltr'>τὴν</span> 
     </span>
    </p>
   </div>
   <div class='ocr_carea' id='block_1_121' title="bbox 1851 5334 3443 5412">
    <p class='ocr_par' dir='ltr' id='par_1_121' title="bbox 1851 5334 3443 5412">
     <span class='ocr_line' id='line_1_121' title="bbox 1851 5334 3443 5412; baseline -0.006 -18"><span class='ocrx_word' id='word_1_864' title='bbox 1851 5342 2172 5412; x_wconf 82' lang='grc' dir='ltr'>ἀπαλλαγὴν</span> <span class='ocrx_word' id='word_1_865' title='bbox 2205 5340 2313 5393; x_wconf 86' lang='grc' dir='ltr'>τῶν</span> <span class='ocrx_word' id='word_1_866' title='bbox 2344 5341 2760 5411; x_wconf 83' lang='grc' dir='ltr'>ἁμαρτημάτων</span> <span class='ocrx_word' id='word_1_867' title='bbox 2794 5337 3098 5410; x_wconf 63' lang='grc' dir='ltr'>εὐμᾶμεθα·</span> <span class='ocrx_word' id='word_1_868' title='bbox 3133 5336 3220 5390; x_wconf 76' lang='grc' dir='ltr'>διὰ</span> <span class='ocrx_word' id='word_1_869' title='bbox 3253 5334 3443 5388; x_wconf 75' lang='grc' dir='ltr'>τούτευ</span> 
     </span>
    </p>
   </div>
   <div class='ocr_carea' id='block_1_122' title="bbox 1853 5419 3443 5495">
    <p class='ocr_par' dir='ltr' id='par_1_122' title="bbox 1853 5419 3443 5495">
     <span class='ocr_line' id='line_1_122' title="bbox 1853 5419 3443 5495; baseline -0.006 -17"><span class='ocrx_word' id='word_1_870' title='bbox 1853 5428 2031 5478; x_wconf 82' lang='grc' dir='ltr'>πᾶσαν</span> <span class='ocrx_word' id='word_1_871' title='bbox 2062 5425 2255 5495; x_wconf 84' lang='grc' dir='ltr'>κηλῖδα</span> <span class='ocrx_word' id='word_1_872' title='bbox 2284 5425 2740 5494; x_wconf 68' lang='grc' dir='ltr'>ἀπενιψὰμεθαῦ·</span> <span class='ocrx_word' id='word_1_873' title='bbox 2773 5422 2861 5476; x_wconf 88' lang='grc' dir='ltr'>διὰ</span> <span class='ocrx_word' id='word_1_874' title='bbox 2892 5425 2990 5492; x_wconf 76' lang='grc' dir='ltr'>τῆς</span> <span class='ocrx_word' id='word_1_875' title='bbox 3013 5421 3203 5474; x_wconf 80' lang='grc' dir='ltr'>τούτου</span> <span class='ocrx_word' id='word_1_876' title='bbox 3235 5419 3443 5489; x_wconf 75' lang='grc' dir='ltr'>δωρεᾶς</span> 
     </span>
    </p>
   </div>
   <div class='ocr_carea' id='block_1_123' title="bbox 1850 5505 3441 5578">
    <p class='ocr_par' dir='ltr' id='par_1_123' title="bbox 1850 5505 3441 5578">
     <span class='ocr_line' id='line_1_123' title="bbox 1850 5505 3441 5578; baseline -0.004 -19"><span class='ocrx_word' id='word_1_877' title='bbox 1850 5508 1908 5571; x_wconf 78' lang='grc' dir='ltr'>ἐξ</span> <span class='ocrx_word' id='word_1_878' title='bbox 1933 5507 2235 5578; x_wconf 86' lang='grc' dir='ltr'>ἀνθρώπων</span> <span class='ocrx_word' id='word_1_879' title='bbox 2268 5507 2490 5576; x_wconf 86' lang='grc' dir='ltr'>ἄγγελοι</span> <span class='ocrx_word' id='word_1_880' title='bbox 2525 5506 2826 5575; x_wconf 85' lang='grc' dir='ltr'>γεγόναμεν</span> <span class='ocrx_word' id='word_1_881' title='bbox 2864 5507 2912 5558; x_wconf 87' lang='grc' dir='ltr'>οἱ</span> <span class='ocrx_word' id='word_1_882' title='bbox 2947 5509 3013 5576; x_wconf 81' lang='grc' dir='ltr'>τῇ</span> <span class='ocrx_word' id='word_1_883' title='bbox 3051 5505 3232 5574; x_wconf 80' lang='grc' dir='ltr'>χάριτι</span> <span class='ocrx_word' id='word_1_884' title='bbox 3268 5518 3441 5573; x_wconf 77' lang='grc' dir='ltr'>προσ-</span> 
     </span>
    </p>
   </div>
   <div class='ocr_carea' id='block_1_124' title="bbox 1847 5584 3444 5661">
    <p class='ocr_par' dir='ltr' id='par_1_124' title="bbox 1847 5584 3444 5661">
     <span class='ocr_line' id='line_1_124' title="bbox 1847 5584 3444 5661; baseline -0.006 -18"><span class='ocrx_word' id='word_1_885' title='bbox 1847 5591 2168 5661; x_wconf 74' lang='grc' dir='ltr'>δραμόντες,</span> <span class='ocrx_word' id='word_1_886' title='bbox 2211 5591 2274 5643; x_wconf 87' lang='grc' dir='ltr'>οὐ</span> <span class='ocrx_word' id='word_1_887' title='bbox 2315 5593 2414 5661; x_wconf 72' lang='grc' dir='ltr'>τὴν</span> <span class='ocrx_word' id='word_1_888' title='bbox 2447 5591 2610 5659; x_wconf 85' lang='grc' dir='ltr'>φύσιν</span> <span class='ocrx_word' id='word_1_889' title='bbox 2647 5588 3097 5660; x_wconf 79' lang='grc' dir='ltr'>μεταϐληθέντες,</span> <span class='ocrx_word' id='word_1_890' title='bbox 3123 5587 3236 5638; x_wconf 79' lang='grc' dir='ltr'>ἀλλ’</span> <span class='ocrx_word' id='word_1_891' title='bbox 3263 5585 3291 5637; x_wconf 85' lang='grc' dir='ltr'>δ</span> <span class='ocrx_word' id='word_1_892' title='bbox 3312 5584 3444 5636; x_wconf 83' lang='grc' dir='ltr'>πολ-</span> 
     </span>
    </p>
   </div>
   <div class='ocr_carea' id='block_1_125' title="bbox 1849 5669 3443 5745">
    <p class='ocr_par' dir='ltr' id='par_1_125' title="bbox 1849 5669 3443 5745">
     <span class='ocr_line' id='line_1_125' title="bbox 1849 5669 3443 5745; baseline -0.003 -21"><span class='ocrx_word' id='word_1_893' title='bbox 1849 5671 1926 5742; x_wconf 77' lang='grc' dir='ltr'>λῷ</span> <span class='ocrx_word' id='word_1_894' title='bbox 1947 5673 2386 5745; x_wconf 69' lang='grc' dir='ltr'>θαυμαστότερον</span> <span class='ocrx_word' id='word_1_895' title='bbox 2420 5675 2557 5742; x_wconf 77' lang='grc' dir='ltr'>ἐστι,</span> <span class='ocrx_word' id='word_1_896' title='bbox 2599 5675 2850 5744; x_wconf 84' lang='grc' dir='ltr'>μένοντες</span> <span class='ocrx_word' id='word_1_897' title='bbox 2887 5675 2943 5724; x_wconf 81' lang='grc' dir='ltr'>ἐν</span> <span class='ocrx_word' id='word_1_898' title='bbox 2964 5674 3031 5742; x_wconf 78' lang='grc' dir='ltr'>τῇ</span> <span class='ocrx_word' id='word_1_899' title='bbox 3064 5669 3224 5739; x_wconf 84' lang='grc' dir='ltr'>φύσει</span> <span class='ocrx_word' id='word_1_900' title='bbox 3252 5670 3316 5739; x_wconf 79' lang='grc' dir='ltr'>τῇ</span> <span class='ocrx_word' id='word_1_901' title='bbox 3349 5669 3443 5722; x_wconf 80' lang='grc' dir='ltr'>ἀν-</span> 
     </span>
    </p>
   </div>
   <div class='ocr_carea' id='block_1_126' title="bbox 1914 5835 2656 5901">
    <p class='ocr_par' dir='ltr' id='par_1_126' title="bbox 1914 5835 2656 5901">
     <span class='ocr_line' id='line_1_126' title="bbox 1914 5835 2656 5901; baseline -0.005 -16"><span class='ocrx_word' id='word_1_902' title='bbox 1914 5835 1942 5877; x_wconf 72' lang='grc' dir='ltr'>δ</span> <span class='ocrx_word' id='word_1_903' title='bbox 1968 5836 2092 5898; x_wconf 79' lang='lat' dir='ltr'>Reg.</span> <span class='ocrx_word' id='word_1_904' title='bbox 2119 5850 2264 5896; x_wconf 86' lang='lat' dir='ltr'><strong>unus,</strong></span> <span class='ocrx_word' id='word_1_905' title='bbox 2288 5836 2656 5901; x_wconf 51' lang='grc' dir='ltr'>ἀπεῤῥιῆρέμςπα.</span> 
     </span>
    </p>
   </div>
   <div class='ocr_carea' id='block_1_127' title="bbox 3075 5917 3111 5972">
    <p class='ocr_par' dir='ltr' id='par_1_127' title="bbox 3075 5917 3111 5972">
     <span class='ocr_line' id='line_1_127' title="bbox 3075 5917 3111 5972; baseline 0 0"><span class='ocrx_word' id='word_1_906' title='bbox 3075 5917 3111 5972; x_wconf 64' lang='grc' dir='ltr'>Ξιι</span> 
     </span>
    </p>
   </div>
  </div>
