4070 6432
694 386 803 444 863

622 473 631 484 ³
695 498 943 572 θ’ρωπίνῃ
966 498 1065 569 τὴν
1101 498 1211 553 τῶν
1242 500 1492 581 ἀγγέλων
1523 504 1801 558 πολιτείαν
1824 499 2262 571 ἐπιδεικνύμεθα.

693 581 930 651 Τοιαύτη
940 580 1201 653 γάρὴτοῦ
1211 580 1699 657 ἀγίουζΠνεύματος
1717 584 1963 656 δύναμις·
1985 584 2078 639 καὶ
2100 582 2269 637 καθά-

1298 385 1357 443 S.
1395 385 1684 445 JOANNIS
1717 382 2210 445 ειιιιῖεοδτοιιι
2250 380 2570 438 AICIIIEP.
2610 382 3157 442 CONSTANTINOP.

3857 383 3965 438 466

2374 495 2627 563 δέξασθαι
2649 500 2887 573 ἡδυνὴθη
2914 499 3013 570 τὴν
3036 497 3235 567 γνῶσιν
3256 495 3362 550 τῶν
3395 492 3819 566 ἡτοιμασμένων
3849 497 3964 561 τοῖς

2374 589 2664 657 ἀγαπῶσιν
2700 591 2882 656 αὑτὸν,
2931 589 3096 644 πόθεν
3145 590 3327 659 ἡμεῖς,
3373 578 3420 640 ὧ
3469 585 3709 658 μακάριε
3749 582 3962 653 Παῦλε,

694 664 899 750 περ-τὺ
927 664 1062 750 ’πῦρ
1104 666 1296 750 *τοῦτοῄ
1320 669 1380 722 τδ
1411 668 1702 741 αἰσθητὸν,
1746 668 1967 723 ἐπειδὰν
2004 665 2268 750 λάϐῃντδν
2300 727 2338 750 ,ρ
2373 674 2579 731 τούτων
2599 676 2698 750 τὴν
2720 677 2924 747 γνῶσιν
2948 678 3094 747 σχεῖν
3129 673 3433 745 δυνάμεθας
3479 672 3693 746 Μικρὸν
3721 673 3962 743 ἀνάμει-

693 746 867 842 ξτξλδν
892 745 987 801 τδν
1014 748 1411 842 δξαλελξμένογν
1433 750 1941 842 ξατξακον-ίσλυρρν
1960 749 2271 842 αὖτδν-ἀπο·
2299 745 2334 785 ἲ
2375 784 2483 831 νον,
2508 767 2601 822 καὶ
2627 745 2839 842 ἀκούσῃ
2862 745 3029 823 αὑτοῦ
3050 767 3145 821 καὶ
3167 765 3325 821 τοῦτο
3350 764 3636 836 δηλοῦντος
3655 780 3668 795 '
3699 766 3963 835 ἐπήγαγε

692 827 983 883 δείκνυσιν
1024 830 1167 890 οὕτω
1188 830 1252 902 δὴ
1286 833 1381 886 καὶ
1412 832 1475 886 τὸ
1498 829 1608 905 πῦρ
1631 834 1725 887 τοῦ
1752 833 2087 903 Πνεύματος,
2116 833 2267 885 ἐπει-

690 908 789 963 δάν
809 910 946 985 λάϐῃ
972 912 1148 984 ψυχὴν
1175 914 1515 987 εὐγνώμονα,
1544 916 1650 971 κάν
1687 917 1823 989 εὕρῃ
1860 914 2033 985 πηλοῦ
2069 913 2267 985 μᾶλλον

690 992 1111 1066 διαλελυμένην,
1151 997 1370 1069 σιδήρου
1416 998 1777 1070 στερροτέραν
1808 998 1978 1068 αὐτὴν
2017 996 2263 1069 ἀπεργά-

692 1075 865 1139 ζεταιο
891 1077 985 1131 καὶ
1016 1078 1107 1132 τὸν
1144 1079 1252 1151 πρὸ
1280 1079 1478 1152 μικροῦ
1506 1079 1584 1151 τῷ
1612 1080 1854 1152 βορϐόρῳ
1882 1079 1987 1134 τῶν
2017 1080 2265 1150 ἁμαρτη-

692 1160 879 1230 μάτων
903 1162 1331 1233 μεμολυσμένον,
1363 1162 1557 1234 ἀθρόον
1588 1162 1683 1217 τοῦ
1711 1163 1862 1234 ἡλίου
1887 1163 2265 1235 λαμπρότερον

691 1243 1055 1300 ἀναδείκνυσι.
1082 1244 1191 1298 Kal
1205 1241 1356 1297 τοῦτο
1368 1241 1621 1299 διδάσκων
1636 1245 1811 1317 ἡμάςό
1822 1243 1965 1317 [470]
1999 1246 2266 1317 μακάριος

690 1325 902 1389 Παῦλος
936 1325 1065 1381 ἐϐόα
1094 1328 1285 1396 λέγων·
1342 1330 1439 1396 Μὴ
1487 1328 1821 1385 πλανᾶσθε·
1852 1330 1990 1383 οὔτε
2037 1331 2262 1397 πόρνοι,

690 1409 828 1461 οὔτε
875 1410 1313 1480 εἰδωλολάτραι,
1368 1411 1506 1467 οὔτε
1547 1412 1768 1481 μοιχοί,
1811 1413 1950 1467 οὔτε
1979 1413 2261 1482 μαλακοὶ.

688 1491 829 1546 οὔτε
874 1494 1305 1561 ἀρσενοκοῖται,
1341 1495 1480 1549 οὔτε
1520 1495 1897 1555 πλεονέκται.
1950 1497 2087 1550 οὔτε
2120 1496 2256 1550 κλέ-

688 1587 850 1633 πται.
877 1576 1015 1630 οὔτε
1040 1577 1314 1646 μέθυσοι,
1349 1579 1488 1633 οὔτε
1513 1578 1796 1648 λοίδοροι,
1838 1580 1978 1634 οὔτε
2006 1579 2264 1647 ἅρπαγες

683 1662 1009 1726 ,βασιλείαν
1053 1664 1201 1719 Θεοῦ
1240 1666 1832 1735 κληρονομήσουσιν.
1896 1667 2005 1719 Καὶ
2052 1667 2266 1735 ἀπαρι-

689 1742 1038 1816 θμησάμενος
1077 1746 1295 1809 ᾶπαντα
1334 1748 1410 1811 ὼς
1440 1751 1615 1803 εἰπεῖν
1658 1749 1758 1819 τῆς
1791 1749 1988 1811 κακίας
2026 1747 2095 1801 τά
2122 1748 2260 1817 εἴδη,

688 1835 782 1886 καὶ
808 1834 1043 1900 διδάξας,
1082 1836 1163 1889 ὅτι
1188 1837 1237 1889 οί
1264 1838 1525 1900 τοιούτοις
1562 1836 1849 1891 ὑπεύθυνοι
1876 1837 2263 1909 ἁμαρτήμασιν

686 1920 953 1992 ἀλλότριοι
991 1924 1091 1994 τῆς
1122 1922 1394 1993 βασιλείας
1419 1925 1678 1993 γίνονται,
1719 1923 1923 1986 εὐθέως
1974 1925 2220 1995 ἐπήγαγε
2243 1940 2256 1954 ⁸

687 2009 797 2061 Kal
827 2009 1011 2063 ταῦτά
1063 2028 1223 2077 τινες
1264 2007 1390 2080 ἦτε,
1440 2013 1579 2066 ἀλλ’
1617 2013 2079 2075 ἀπελούσασθε,
2124 2012 2261 2066 ἀλλ’

686 2094 1031 2164 ἡγιάσθητε,
1059 2099 1196 2153 ἀλλ’
1222 2099 1617 2167 ἐδικαιώθητε.
1650 2099 1775 2164 Πῶς
1802 2102 1891 2153 καὶ
1914 2100 2015 2154 τίνι
2039 2098 2260 2171 τρόπῳς

687 2183 807 2235 εἰπέ
826 2198 839 2212 ·
872 2183 1028 2237 τοῦτο
1059 2185 1167 2255 γάρ
1194 2185 1310 2240 ἐστι
1335 2187 1396 2239 τὸ
1419 2187 1765 2257 ζητούμενον.
1784 2189 1901 2240 οἙν
1920 2189 1999 2255 τῷ
2019 2189 2262 2257 ὀνόματι

686 2268 791 2322 τοῦ
811 2272 1029 2339 Κιιρίου
1069 2273 1272 2340 Ἰησοῦ
1295 2274 1572 2343 Χριστοῦ,
1598 2277 1751 2344 φησὶ,
1773 2276 1871 2330 καί
1890 2276 1961 2329 ἐν
1982 2270 2063 2343 τῷ
2087 2279 2263 2331 Πνεύ·

682 2372 819 2423 μητι
874 2357 979 2412 τοῦ
1018 2359 1162 2415 Θεοῦ
1203 2360 1382 2431 ἡμῶν.
1427 2357 1575 2423 Εἶδες
1610 2365 1705 2418 τοῦ
1743 2365 1897 2433 ἁγίου
1944 2365 2263 2435 Πνεύματος

684 2441 783 2515 τὴν
813 2443 1061 2517 δύναμιν,
1094 2450 1380 2521 ἀγαπητές
1415 2446 1552 2516 εἶδες
1582 2451 1744 2506 ὅτιτὸ
1772 2452 1993 2523 Πνεῦμα
2021 2452 2083 2507 τὸ
2108 2453 2261 2523 ἅγιον

682 2531 864 2585 πᾶσαν
900 2534 999 2604 τὴν
1042 2537 1239 2590 κακίαν
1269 2537 1475 2608 ταύτην
1500 2538 1749 2607 ἠφάνισε,
1790 2539 1883 2593 καὶ
1909 2541 2035 2605 τοὺς
2067 2542 2261 2613 πρότε-

620 2690 625 2694 δ
686 2634 776 2687 ρον
811 2622 1275 2693 παραδεδομένους
1303 2625 1407 2678 ὑπὸ
1441 2626 1551 2678 τῶν
1585 2627 1799 2680 οἰκείων
1826 2629 2255 2701 ἁμαρτημάτων,

682 2706 875 2775 ἀθρόον
907 2710 987 2772 εἰς
1023 2712 1121 2780 τὴν
1145 2712 1406 2765 ἀνωτάτω
1434 2715 1597 2783 τιμὴν
1624 2716 1864 2784 ἀνήγαγε
1890 2733 1905 2781 ;

756 2795 820 2864 β’.
839 2794 931 2860 Τίς
946 2792 1039 2850 οῦν
1055 2796 1121 2851 ἂν
1139 2801 1255 2852 κατ’
1272 2800 1427 2864 ἀξίαν
1448 2801 1700 2872 ὀδύραιτο
1718 2805 1813 2858 καί
1832 2805 2115 2876 θρηνήσειε
2130 2808 2257 2873 τοὺς

682 2881 1022 2953 βλασφημεῖν
1055 2886 1478 2958 ἐπιχειροῦντας,
1491 2888 1585 2942 τοῦ
1611 2890 1925 2960 Πνεύματος
1956 2894 2056 2963 τὴν
2077 2894 2252 2961 ἀξίαν,

677 2970 729 3022 οῖ
780 2971 1027 3043 καθάπερ
1068 2976 1210 3037 τινες
1266 2975 1571 3047 μεμηνότες
1605 2976 1726 3029 οὐδὲ
1763 2977 1842 3048 τῷ
1888 2980 2108 3048 μεγέθει
2146 2982 2254 3035 τῶν

678 3058 1006 3130 εὐεργεσιῶν
1026 3061 1123 3130 τῆς
1141 3062 1346 3125 οἰκείας
1376 3062 1768 3135 ἀγνωμοσύνης
1805 3066 2135 3137 ἀποσχέσθαι
2164 3070 2257 3121 ἀν-

680 3146 933 3215 έχονται,
990 3147 1123 3200 ἀλλὰ
1169 3148 1309 3202 κατά
1341 3151 1439 3220 τῆς
1480 3148 1690 3204 ἑαυτῶν
1739 3152 2015 3221 σωτηρίας
2044 3153 2256 3208 ᾶπαντα

678 3237 938 3307 πράττειν
972 3236 1278 3310 τολμῶσιν,
1324 3239 1733 3310 ἀλλοτριοῦν-τες
1777 3241 1909 3294 αὐτὸ
1930 3282 1946 3306 ,
1984 3242 2047 3296 τό
2080 3261 2142 3312 γε
2176 3247 2254 3309 εἰς

676 3323 873 3385 αὐτοὺς
902 3316 1056 3392 ἧκον,
1085 3324 1181 3393 τῆς
1220 3324 1543 3394 δεσποτικῆς
1572 3326 1748 3391 ἀξίας,
1786 3328 1882 3382 καὶ
1914 3331 1993 3392 εἰς
2020 3330 2121 3401 τὴν
2145 3333 2253 3385 τῶν

675 3408 989 3479 κτισμάτων
1017 3411 1169 3477 τάξιν
1196 3412 1459 3480 κατάγειν
1484 3414 1884 3484 ἐπιχειροῦσιν;
1913 3416 2020 3480 Οὓς
2038 3418 2252 3474 ἐϐουλόο

680 3513 789 3566 μην
823 3496 1063 3567 ἐρέσθαι,
1100 3498 1246 3561 τίνος
1275 3498 1483 3565 ἐνεκεν,
1518 3493 1564 3553 ὦ
1594 3497 1760 3566 οῦτοι,
1799 3504 2053 3559 τοσοῦτον
2095 3508 2251 3561 πόλε-

681 3600 780 3651 μον
816 3583 958 3637 κατά
990 3586 1091 3653 τῆς
1136 3584 1229 3637 τοῦ
1276 3585 1593 3657 Πνεύματος
1642 3588 1799 3653 ἀξίας
1835 3592 2249 3662 ἐπιδείκνυσθε;

679 3668 878 3738 μᾶλλον
915 3670 971 3724 δὲ
1019 3684 1158 3724 κατα
1191 3672 1290 3741 τῆς
1325 3672 1535 3726 ἐαυτῶν
1571 3676 1865 3747 σωτηρίας,
1899 3680 1991 3733 καὶ
2018 3681 2137 3735 οὐδὲ
2170 3687 2250 3749 εἰς

676 3757 883 3811 ἔννοιαν
915 3758 1101 3813 λαϐεῖν
1131 3759 1385 3829 βούλεσθε
1423 3761 1494 3815 τὰ
1525 3764 1675 3834 παρά
1710 3763 1803 3818 τοῦ
1837 3767 2088 3839 Σωτῆρος
2133 3776 2248 3837 τοῖς

678 3845 945 3921 μαθηταῖς
992 3848 1259 3919 εἰρημένα
1299 3864 1313 3911 ;
1378 3850 1778 3917 Πορευθέντες
1806 3859 2247 3925 -μαθητεύσατε

608 3966 611 3970 -
675 3931 871 3986 πάντα
903 3936 973 3988 τὰ
1004 3934 1169 4001 ἔθνη,
1195 3935 1589 4004 βαπτίζοντες
1614 3939 1835 4006 αὐτοὺς
1855 3945 1941 4009 εὶς
1966 3944 2033 3997 τὸ
2060 3946 2246 4017 ὄνομα

673 4019 778 4075 τοῦ
806 4022 1034 4089 Πατρός
1053 4021 1151 4075 καί
1180 4022 1288 4077 τοῦ
1319 4023 1457 4077 Υίοῦ
1487 4024 1586 4079 καί
1611 4026 1718 4080 τοῦ
1752 4028 1925 4097 ἀγίου
1977 4034 2243 4103 Πνεύμα-

670 4124 794 4173 τος.
842 4107 993 4172 Εἶδες
1039 4111 1297 4181 ὁμότιμον
1340 4111 1440 4181 τὴν
1488 4112 1690 4184 ἀξίαν;
1742 4110 1879 4181 εἶδες
1928 4124 2245 4190 συμφωνίαν

675 4194 1173 4291 ἀπηκριϐωμένην;
1202 4192 1379 4291 Αεῐδες-
1399 4197 1519 4291 τῆς.
1540 4199 1769 4291 Τριάδος
1806 4205 1865 4257 τὸ
1904 4205 2241 4291 ἀδιαίρετον;

673 4283 748 4352 μὴ
782 4301 884 4336 που
915 4284 1169 4356 διαφορὰ,
1199 4286 1232 4357 ἢ
1271 4286 1558 4359 ἐναλλαγὴ,
1587 4290 1619 4361 ἡ
1654 4290 1977 4361 ὑφαίρεσις;
2132 4302 2243 4363 τοῖς

667 4370 762 4423 τοῦ
791 4372 1059 4424 Δεσπότω
1089 4374 1324 4443 ῥήμασιν
1355 4375 1511 4444 ὑμεῖς
1536 4376 2008 4443 ἐπιδιατάσσεσθαι
2045 4385 2243 4455 τολμᾶ-

667 4473 759 4524 τε;
784 4457 819 4527 ἡ
846 4458 946 4510 οὐκ
976 4459 1113 4524 ῖστε,
1130 4460 1212 4512 ὅτι
1238 4462 1332 4513 καὶ
1360 4462 1453 4514 ἐπὶ
1479 4462 1582 4515 τῶν
1614 4465 1966 4535 ἀνθρωπίνων
1991 4458 2243 4543 πραγμά-

668 4563 811 4633 των,
832 4548 880 4599 εἰ
909 4546 1003 4599 καί
1043 4546 1126 4611 τίς
1161 4563 1289 4600 ποτε
1322 4549 1741 4621 ἐπιχειρήσειεν,
1790 4554 1821 4624 ἡ
1855 4556 1936 4621 είς
1976 4562 2241 4633 τοσαύτην

669 4631 875 4696 ἐξέλθοι
896 4634 1119 4704 τόλμαν,
1147 4633 1287 4719 ῶστε
1316 4637 1631 4707 προσθεῖναί
1650 4655 1700 4691 τι
1718 4643 1831 4705 τοῖς
1853 4645 2002 4714 παρὰ
2029 4647 2121 4699 τοῦ
2150 4631 2240 4719 βά.

670 4723 859 4786 σιλέως
890 4716 1232 4795 γράμμασιν,
1251 4725 1282 4796 ἢ
1301 4726 1539 4795 ἀφελεῖν,
1562 4727 1653 4781 τοῦ
1673 4731 1964 4799 ὁμογενοῦς
1985 4736 2119 4806 ἡμῖν
2146 4716 2238 4794 καὶ

667 4810 767 4882 τῆς
783 4813 949 4883 αὐτῆς
969 4814 1183 4882 φύσεως
1213 4814 1609 4879 κοινωνοῦντος.
1640 4818 1739 4888 τὴν
1759 4820 1994 4893 ἐσχάτην
2015 4825 2241 4893 ὑφίστα-

666 4916 756 4954 ται
772 4899 944 4971 δίκην,
968 4903 1059 4956 καὶ
1074 4895 1224 4956 οὐδὲν
1243 4903 1405 4956 αὐτὸν
1425 4903 1525 4973 τῆς
1537 4906 1807 4975 τιμωρίας
1826 4909 2100 4972 ἐξελέσθαι
2117 4914 2239 4969 δυν-

667 4988 858 5057 ἡσεται
885 5006 901 5054 ;
937 4988 999 5042 Εἰ
1027 4990 1204 5042 τοίνυν
1233 4991 1320 5043 ἐπ’
1342 4990 1631 5062 ἀνθρώπου
1656 4995 1907 5061 τοσοῦτος
1927 5000 1956 5051 ό
1972 5000 2235 5068 κίνδυνος,

670 5076 794 5129 ποία
828 5076 1037 5143 γένοιτο
1064 5076 1129 5131 ἄν
1156 5078 1286 5131 ποτε
1316 5079 1612 5150 συγγνώμη
1652 5084 1762 5145 τοῖς
1802 5086 2069 5158 τοσαύτην
2104 5091 2239 5143 ἀπό.

667 5179 813 5220 νοιαν
842 5163 1335 5234 ἐπιδεικνυμένοις,
1378 5166 1473 5218 καὶ
1491 5166 1560 5219 τά
1594 5168 1744 5237 παρά
1781 5170 1874 5224 τοῦ
1915 5177 2095 5228 κοινοῦ
2127 5178 2238 5230 Σω-

667 5250 825 5319 τῆρος
856 5250 1014 5321 ἡμῶν
1038 5251 1303 5321 εἰρημένα
1339 5252 1733 5324 παραφθείρειν
1757 5258 2111 5331 ἐπιχειροῦσι,
2142 5282 2237 5319 και

667 5335 786 5421 οὐδὲ
820 5336 1031 5390 Παύλου
1062 5336 1156 5390 τοῦ
1186 5338 1275 5391 τὸν
1309 5339 1544 5410 Χριστὸν
1573 5340 1784 5410 ἔχοντος
1817 5346 1875 5398 ἐν
1915 5349 2095 5421 ἑαυτῷ
2128 5352 2190 5405 λα
2214 5383 2235 5393 -

668 5420 859 5477 λοῦντα
888 5423 1106 5477 ἀκούειν
1135 5424 1497 5495 βουλομένοις,
1536 5427 1765 5501 λαμπρᾷ
1792 5435 1858 5503 τῇ
1891 5439 2040 5507 φωνῇ
2068 5420 2236 5508 βοῶ-ι-

667 5527 755 5573 τος
777 5510 870 5562 καὶ
896 5511 1172 5578 λέγοντος·
1221 5513 1554 5582 Ὀφθαλμὸς
1569 5517 1680 5569 οὐκ
1704 5513 1843 5581 εἶδε,
1870 5522 1967 5574 καὶ
1995 5521 2103 5595 οὖς
2123 5528 2234 5582 οὐκ

668 5596 916 5664 ἤκουσε,
946 5598 1044 5651 καί
1074 5597 1173 5651 ἐπὶ
1207 5598 1457 5668 καρδίαν
1481 5601 1793 5669 ἀνθρώπου
1815 5608 1926 5661 οὐκ
1957 5609 2160 5679 ἀνέϐη,
2197 5613 2236 5667 ἀ

668 5684 993 5753 ἡτοᾴιασεν
1017 5689 1048 5739 ό
1076 5686 1218 5752 Θεὸς
1241 5686 1365 5752 τοῖς
1390 5688 1701 5757 ἀγαπῶσιν
1718 5694 1941 5759 αὐτόν;
1970 5697 2030 5750 Εἰ
2048 5702 2235 5757 τοίνυν

666 5770 786 5823 οὔτε
826 5771 1099 5841 ὀφθαλμὸς
1130 5767 1290 5839 εἶδεν,
1331 5774 1451 5828 οὔτε
1480 5771 1570 5839 οῦς
1600 5777 1849 5849 ἡκουσεν,
1885 5782 2005 5837 οὔτε
2038 5790 2232 5858 καρδία

2374 857 2505 927 γοῦν
2533 858 2725 928 λέγων·
2769 858 2933 929 Ἡμῖν
2962 858 3032 912 δὲ
3068 860 3104 912 ό
3134 856 3280 923 Θεὸς
3316 857 3677 926 unum
3702 855 3808 911 διὰ
3851 857 3961 911 τοῦ

2373 951 2720 1019 Πνεύματος
2763 950 2971 1005 αὐτοῦ.
3026 950 3136 1003 Καὶ
3172 948 3295 1003 οὐδὲ
3334 948 3496 1019 μέχρι
3539 946 3739 1001 τούτου
3786 945 3958 1017 εστη·

2372 1041 2487 1097 ἀλλ’
2520 1042 2607 1096 ῖνα
2634 1041 2782 1113 δείξῃ
2813 1042 2908 1095 καὶ
2933 1042 3032 1111 τῆς
3062 1040 3341 1111 δυνάμεως
3375 1038 3437 1091 τὸ
3462 1037 3715 1108 μέγεθος,
3753 1038 3854 1092 καὶ
3882 1038 3961 1101 ὡς

2370 1132 2469 1201 τῆς
2493 1131 2659 1200 αὐτῆς
2686 1131 2836 1184 ἐστιν
2860 1130 3048 1194 οὐσίας
3070 1128 3148 1201 τῷ
3181 1128 3359 1201 Πατρὶ
3381 1129 3476 1183 καὶ
3508 1127 3586 1198 τῷ
3616 1126 3759 1198 Υἰῷ,
3797 1128 3955 1197 φησί·

2373 1219 2443 1274 Τό
2468 1218 2575 1290 γάρ
2606 1218 2849 1289 Πνεῦμα
2888 1217 3085 1275 πάντα
3130 1215 3366 1286 ἐρευνᾷ,
3398 1214 3497 1270 καί
3546 1217 3614 1270 τὰ
3639 1214 3810 1283 ,βάθη
3851 1214 3961 1269 τοῦ

2373 1310 2542 1365 Θεοῦ.
2578 1306 2712 1365 Εἶτα
2743 1310 3062 1381 βουλόμενος
3092 1309 3152 1376 ἐξ
3177 1308 3532 1378 ἀνθρωπίνων
3565 1307 3959 1377 παραδειγμά-

2368 1420 2479 1457 των
2526 1402 2925 1475 ἀκριϐεστέραν
2962 1403 3095 1473 ἡμῖν
3140 1400 3371 1456 ἐνθεῖναι
3426 1402 3528 1472 τὴν
3575 1399 3958 1463 διδασκαλίαν,

2371 1494 2615 1565 ἐπήγαγε
2634 1512 2647 1525 ο
2696 1494 2791 1559 Τίς
2822 1496 2932 1564 γὰρ
2964 1489 3128 1548 οἶδεν
3152 1492 3478 1561 ἀνθρώπων
3492 1490 3564 1545 τὰ
3587 1490 3699 1545 τοῦ
3728 1491 3960 1559 ἀνθρώ-

2371 1605 2511 1653 που,
2542 1590 2594 1642 εἰ
2615 1588 2701 1657 μὴ
2727 1588 2794 1641 τὸ
2826 1587 3063 1657 πνεῦμα
3084 1586 3190 1640 τοῦ
3216 1582 3532 1653 ἀνθρώπου
3559 1584 3627 1637 τὸ
3656 1583 3731 1637 ἐν
3753 1582 3920 1648 αὐτῷ
3944 1601 3961 1645 ;

2374 1679 2538 1732 Οὕτω
2576 1678 2674 1732 καί
2724 1678 2796 1732 τὰ
2851 1678 2958 1732 τοῦ
3000 1676 3150 1731 Θεοῦ
3190 1664 3395 1740 οὐδεὶς
3423 1670 3609 1740 οἷδεν,
3659 1676 3715 1728 ει
3768 1674 3858 1743 μὴ
3894 1674 3963 1727 τὸ

2370 1768 2612 1836 Πνεῦμα
2644 1766 2751 1821 τοῦ
2799 1766 2967 1821 Θεοῦ.
3018 1761 3171 1829 Εἶδες
3207 1763 3556 1818 διδασκαλίαν
3596 1762 3960 1834 ἀπηρτισμέ-

2370 1875 2501 1928 νην;
2527 1859 2757 1927 Ὥσπερ,
2786 1857 2940 1928 φησί,
2968 1856 3036 1910 τά
3065 1858 3123 1910 ἐν
3154 1854 3364 1926 διανοίᾳ
3403 1855 3496 1908 τοῦ
3526 1854 3830 1925 ἀνθρώπου
3865 1856 3962 1924 οὐχ

2368 1948 2481 2005 οἷόν
2518 1966 2577 2002 τε
2604 1949 2788 2021 ἕτερόν
2810 1965 2934 2002 τινα
2970 1946 3186 2011 εἰδέναι,
3218 1944 3333 1999 ἀλλ’
3361 1944 3524 2007 αὐτὸς
3555 1944 3722 2014 μόνος
3750 1939 3868 1997 οἶδε
3898 1946 3961 1997 τὰ

2370 2040 2592 2095 ἐαυτοῦο
2628 2040 2772 2094 οὕτω
2803 2040 2897 2093 καὶ
2932 2038 3001 2092 τά
3026 2036 3122 2091 τοῦ
3155 2035 3290 2091 Θεοῦ
3313 2036 3489 2101 οὐδεὶς
3510 2031 3679 2099 οἶδεν,
3708 2037 3764 2089 εί
3805 2037 3883 2106 μὴ
3904 2036 3962 2089 τὸ

2368 2134 2590 2204 Πνεῦμα
2623 2132 2716 2186 τοῦ
2747 2131 2883 2186 Θεοῦ
2901 2148 2916 2164 ’
2940 2132 2969 2185 δ
3004 2130 3264 2202 μέγιστον
3286 2129 3379 2183 καὶ
3401 2128 3605 2200 σφόδρα
3632 2129 3826 2183 ἰκανὸν
3854 2129 3961 2181 δεῖ-

2369 2225 2455 2291 ξαι
2483 2224 2575 2279 τοῦ
2605 2222 2917 2293 Πνεύματος
2948 2223 3046 2293 τὴν
3066 2222 3243 2289 ἀξίαν.
3269 2219 3628 2291 Παράδειγμα
3664 2217 3786 2290 γὰρ
3815 2236 3959 2289 παρ-

2368 2319 2544 2388 ἡγαγε
2586 2317 2867 2387 μονονουχί
2889 2313 3082 2382 λέγων,
3117 2312 3193 2383 μὴ
3225 2305 3335 2365 οἷόν
3364 2311 3423 2363 τέ
3462 2327 3586 2362 τινα
3610 2308 3726 2363 τῶν
3742 2308 3959 2381 ἀνθρώ-

2368 2427 2483 2464 πων
2507 2410 2574 2463 τὰ
2608 2411 2665 2461 ὲν
2693 2407 2901 2478 διανοίᾳ
2926 2405 3091 2460 αὑτοῦ
3122 2404 3387 2475 ἀγνοῆσαί
3412 2419 3562 2456 ποτε.
3602 2402 3830 2473 Ὠσπερ
3864 2399 3960 2455 οὖν

2364 2502 2523 2557 τοῦτο
2544 2504 2604 2556 ού
2632 2502 2877 2567 δυνατὸν,
2899 2500 3043 2554 οὕτω
3074 2499 3168 2553 καὶ
3194 2498 3263 2551 τά
3281 2496 3375 2552 τοῦ
3404 2495 3539 2550 Θεοῦ
3576 2496 3723 2566 μετά
3752 2494 3958 2550 τοσαύ-

2362 2612 2463 2666 της
2486 2593 2793 2665 ἀκριϐείας,
2842 2593 3027 2664 φησὶν,
3074 2592 3361 2645 ἐπίσταται
3404 2588 3634 2669 Πνεῦμα
3676 2588 3743 2642 τὸ
3774 2589 3958 2657 ἅγιον.

2378 2686 2516 2741 Ἀλλ’
2561 2687 2661 2740 οὐκ
2708 2681 2825 2740 οἶδα
2870 2684 2989 2749 πῶς
3033 2683 3155 2737 οὐδὲ
3187 2680 3360 2736 ταῦτα
3393 2680 3569 2749 λέγων
3599 2683 3630 2734 δ
3671 2682 3958 2751 μακάριος

2361 2773 2516 2843 οὗτος
2538 2780 2876 2833 καθικνεῖται
2898 2777 3007 2831 τῶν
3036 2776 3125 2831 διά
3150 2777 3249 2847 τὴν
3272 2774 3477 2829 οἰκείαν
3507 2774 3788 2846 πρόληψιν
3814 2774 3957 2828 κατά

2362 2873 2460 2942 τῆς
2493 2871 2702 2925 ἑαυτῶν
2738 2870 3009 2941 σωτηρίας
3028 2866 3283 2922 τοσοῦτον
3313 2866 3463 2939 [471]
3486 2866 3955 2937 ἐπιδεικνυμένων

2362 2961 2601 3031 πόλεμον
2617 2958 2756 3014 κατά
2771 2959 2871 3030 τῆς
2881 2957 2974 3012 τοῦ
2998 2956 3137 3011 Πνεύ
3146 2975 3311 3029 ματος
3322 2956 3497 3023 ἀξίας,
3521 2956 3689 3010 καὶτὸ
3708 2952 3853 3028 ἧκον
3876 2958 3971 3020 εις-

2361 3055 2557 3117 αὐτοὺς
2580 3051 2999 3124 ἀλλοτριούντων
3027 3051 3157 3105 αὐτὸ
3177 3049 3276 3119 τῆς
3300 3049 3622 3121 δεσποτικῆς
3644 3050 3833 3117 ἀξίας,
3860 3052 3954 3105 καί

2361 3146 2709 3214 καταγόντων
2742 3146 2821 3210 εἰς
2856 3144 2954 3215 τὴν
2982 3143 3091 3197 τῶν
3122 3141 3618 3215 δημιουργημάτων
3641 3143 3952 3197 εὐτέλειαν.

2374 3233 2512 3286 Ἀλλ’
2542 3234 2591 3287 εί
2628 3234 2725 3286 καὶ
2765 3233 2964 3285 ἐκεῖνοι
2998 3229 3315 3301 φιλονείκως
3350 3229 3673 3293 διάκεινται,
3703 3230 3950 3284 ἀπεναν-

2357 3324 2477 3387 τίας
2510 3323 2788 3394 ἱστάμενοι
2822 3325 2935 3386 τοῖς
2968 3321 3120 3393 παρὰ
3150 3321 3250 3391 τῆς
3283 3320 3433 3385 θείας
3463 3321 3685 3393 Γραφῆς
3712 3324 3952 3393 εἰρημέ-

2357 3431 2489 3479 νοις,
2529 3414 2687 3485 ἡμεῖς
2727 3414 2794 3469 τά
2826 3413 2946 3468 θεῖα
2982 3412 3289 3483 διδάγματα
3318 3413 3394 3478 ὡς
3421 3415 3704 3485 χρησμοὺς
3733 3417 3952 3471 ἀνωθεν

2356 3504 2779 3574 κατενεχθέντας
2827 3503 3142 3575 δεχόμενοι,
3180 3504 3278 3575 τὴν
3312 3505 3696 3576 προσήκουσαν
3730 3505 3950 3573 δοξολοο

2355 3596 2480 3665 γίαν
2507 3595 2939 3667 ἀναπέμψωμεν,
2973 3594 3112 3666 μετὰ
3144 3593 3240 3663 τῆς
3273 3592 3438 3665 ὀρθῆς
3467 3592 3705 3659 πίστεως
3726 3597 3950 3668 καὶτῆς

2353 3684 2611 3755 ἀληθείας
2627 3684 2726 3755 τὴν
2742 3683 3029 3755 ἀκρίϐειαν
3046 3681 3500 3753 ἐπιδεικνύμενοι.
3532 3683 3680 3755 Πρὸς
3712 3686 3819 3755 μὲν
3850 3683 3949 3741 οὖν

2352 3778 2477 3840 τοὺς
2501 3774 2911 3846 ἐπιχειροῦντας
2929 3774 3146 3829 ἐναντία
3174 3777 3285 3841 τοῖς
3310 3774 3462 3846 παρά
3486 3774 3581 3827 τοῦ
3617 3775 3949 3849 Πνεύματοις

2352 3868 2663 3940 εἰρημένοις
2690 3866 2983 3933 διδάσκειν,
3013 3867 3170 3923 ἰκανά
3200 3866 3271 3922 τά
3304 3868 3568 3939 εἰρημένα
3588 3886 3602 3900 ·
3633 3871 3948 3939 ἀναγκαῖον

2350 3958 2406 4011 δέ
2445 3962 2619 4012 εἰπεῖν
2652 3959 2788 4030 πρὸς
2812 3959 2911 4031 τὴν
2949 3959 3221 4032 ὑμετέραν
3264 3961 3513 4033 ἀγάπην,
3555 3962 3703 4026 τίνος
3744 3964 3948 4020 ῑνεκεν

2352 4052 2485 4120 ἡμῖν
2512 4050 2575 4104 τὸ
2602 4051 2774 4104 αἴτιον
2801 4051 2909 4104 τῶν
2924 4049 3198 4105 ,τοσούτων
3226 4049 3445 4121 ἀγαθῶν
3468 4051 3568 4106 οὐκ
3594 4053 3807 4120 εὐθέως
3842 4074 3943 4127 με-

2350 4142 2418 4196 τὰ
2446 4140 2543 4212 τὴν
2568 4141 2734 4195 αὐτοῦ
2756 4141 2941 4208 ἄνοδον
2960 4143 3279 4214 κεχάρισται
3308 4145 3337 4196 ό
3372 4142 3577 4214 Κύριος
3596 4161 3611 4175 ·
3643 4145 3762 4199 ἀλλ’
3789 4148 3942 4217 ἀφῆ-

2352 4254 2445 4290 κεν
2477 4237 2662 4306 ὀλίγας
2702 4236 2966 4307 πρότερον
2999 4236 3335 4307 ἐνδιατρίψαι
3363 4237 3578 4308 ἡμέρας
3599 4277 3615 4301 .
3670 4239 3767 4295 καὶ
3808 4242 3942 4295 καθ’

2351 4330 2573 4394 ἑαυτοὺς
2616 4328 2865 4397 γενέσθαι
2916 4331 3043 4393 τοὺς
3084 4328 3351 4400 μαθητὰς,
3400 4330 3496 4384 καὶ
3531 4329 3654 4383 τότε
3693 4331 3801 4403 τὴν
3838 4334 3941 4387 τοῦ

2350 4420 2664 4491 Πνεύματος
2688 4419 2845 4491 χάριν
2868 4419 3240 4490 κατέπεμψεν.
3280 4419 3393 4491 Οὐχ
3415 4419 3624 4484 ἁπλῶς,
3647 4420 3775 4475 οὐδὲ
3807 4426 3938 4498 εἰκῇ

2348 4512 2467 4567 οὐδὲ
2493 4514 2650 4568 τοῦτο
2683 4512 2994 4583 γεγένηται.
3051 4511 3268 4583 Ἐπειδὴ
3296 4514 3405 4581 γάρ
3434 4511 3550 4583 ᾔδει
3574 4512 3683 4566 τῶν
3714 4514 3939 4587 ἀνθρώ-

2348 4622 2465 4658 πων
2500 4605 2561 4658 τὸ
2592 4604 2747 4673 γένος
2788 4605 2887 4674 οὐχ
2930 4604 3130 4674 ὁμοίως
3165 4604 3232 4658 τά
3266 4607 3325 4659 ἐν
3362 4605 3519 4676 χερσὶ
3547 4604 3935 4677 θαυμάζοντας

2346 4686 2556 4767 ἀγαθὰ)
2595 4697 2716 4751 οὐδὲ
2766 4696 2886 4751 κατ’
2922 4696 3077 4761 ἀξίαν
3118 4697 3393 4769 τιμῶντας
3437 4700 3642 4764 ἐκεῖνα,
3679 4700 3832 4772 ἅπερ
3866 4702 3937 4755 ἂν

2346 4789 2476 4861 ἡδέα
2505 4790 2599 4843 καὶ
2628 4788 2838 4861 μεγάλα
2872 4791 3179 4860 καταφανῆ,
3209 4790 3275 4843 ἀν
3312 4789 3387 4859 μὴ
3411 4789 3505 4843 καὶ
3530 4788 3638 4844 τῶν
3664 4790 3937 4846 ἐναντίων

2344 4882 2379 4952 ἡ
2404 4880 2604 4945 εῖσοδος
2633 4881 2963 4955 παρεισέλθῃ
2982 4898 2996 4914 ο
3021 4876 3132 4935 οἷόν
3158 4898 3211 4955 τι
3236 4880 3380 4949 λέγω
3399 4897 3414 4912 ’
3441 4880 3524 4935 δεῖ
3541 4881 3651 4955 γάρ
3672 4884 3813 4955 αὐτὸ
3834 4902 3936 4938 σα-

2346 4970 2606 5043 φέστερον
2636 4972 2844 5025 εἰπεῖν’
2894 4973 2923 5025 δ
2962 4972 3223 5039 ὑγιαίνων
3264 4972 3356 5027 καὶ
3390 4970 3630 5027 εὐεκτῶν
3660 4973 3723 5028 τὸ
3761 4973 3935 5045 σῶμα

2342 5064 2441 5118 οὐκ
2483 5063 2817 5128 αἰσθάνεται,
2850 5064 2969 5116 οὐδὲ
3017 5061 3275 5133 ἀκριϐῶς.
3307 5062 3506 5117 ειδέναι
3546 5062 3791 5129 δύναται,
3825 5067 3933 5121 ὅσα

2343 5155 2488 5226 αὐτῷ
2518 5156 2697 5225 ἀγαθὰ
2727 5158 2763 5226 ἡ
2791 5134 2949 5224 ὑγεία
2980 5153 3283 5227 ἐχαρίζετο,
3321 5156 3371 5210 εἰ
3408 5156 3483 5226 μὴ
3514 5156 3606 5208 καὶ
3632 5156 3736 5226 τῆς
3761 5156 3929 5211 νόσου

2342 5249 2533 5318 πεῖραν
2552 5246 2694 5320 λάϐῃ
2710 5246 2810 5317 τῆς
2830 5245 3112 5309 ἀσθενείας
3136 5246 3596 5318 παρεισελθούσης
3614 5263 3627 5277 ’
3656 5250 3751 5301 καί
3773 5249 3805 5301 ό
3825 5251 3927 5319 τὴν

2342 5337 2552 5407 ἡμέραν
2583 5336 2743 5390 πάλιν
2785 5336 2995 5406 βλέπων
3027 5335 3125 5405 οὐχ
3156 5334 3357 5405 ὁμοίως
3390 5336 3659 5405 θαυμάζει
3687 5336 3749 5390 τὸ
3780 5340 3923 5407 φῶς,

2340 5424 2437 5477 ἐάν
2463 5424 2537 5495 μὴ
2563 5424 2657 5478 καὶ
2680 5424 2743 5477 τὸ
2765 5424 2865 5494 τῆς
2889 5423 3081 5486 νυκτὸς
3111 5424 3297 5487 σκότος
3320 5423 3648 5494 διαδέξηται.
3675 5426 3790 5481 Καὶ
3811 5428 3925 5499 γάρ

2339 5518 2372 5585 ἡ
2406 5516 2514 5569 τῶν
2546 5516 2801 5569 ἐναντίων
2836 5517 3002 5586 πεῖρα
3021 5514 3336 5579 διδάσκαλος
3368 5514 3457 5569 ἀεὶ
3492 5516 3703 5584 γίνεται
3741 5518 3922 5590 σαφὴς

2340 5606 2581 5670 ἐκείνων,
2606 5599 2681 5660 ὧν
2700 5606 2963 5678 πρότερον
2988 5608 3047 5662 έν
3072 5607 3364 5661 ἀπολαύσει
3380 5608 3739 5677 τυγχάνοντες
3750 5604 3922 5681 ἦμεν.

2341 5699 2440 5753 Διά
2466 5717 2547 5753 τοι
2578 5698 2735 5753 τοῦτο
2769 5700 2865 5753 καὶ
2896 5701 3041 5765 τότε,
3064 5700 3254 5771 ἐπειδὴ
3285 5702 3492 5771 μυρίων
3522 5695 3661 5771 ἦσαν
3693 5701 3922 5769 ἀγαθῶν

2340 5795 2388 5847 οἰ
2412 5794 2653 5862 μαθηταί
2678 5792 2818 5847 κατά
2838 5792 2934 5865 τὴν
2965 5793 3129 5848 αὐτοῦ
3163 5793 3463 5865 παρουσίαν
3485 5791 3919 5860 ἀπολαύσαντες,
