4070 6426
89 397 197 454 ιω

89 511 254 568 bilius
281 552 300 578 ,
349 511 404 567 in
453 519 639 566 natura
689 512 1064 578 permanentes
1109 499 1700 571 humana-angelorum

84 604 568 660 conversationem
617 600 956 657 exhibemus.
1005 597 1176 653 Tanta
1220 593 1484 666 siquidem
1533 591 1705 647 virtus

83 707 169 751 est
197 695 444 767 Spiritus
473 693 664 768 sancti.
709 693 776 746 Et
811 687 1262 762 quemadmodum
1290 684 1425 757 ignis
1450 684 1585 748 iste,
1613 681 1703 753 qui

83 802 272 842 sensu.
299 786 633 856 percipitur,
663 782 750 838 ubi
796 781 962 837 molle
1001 780 1169 834 lutum
1206 777 1449 846 ceperit,
1479 773 1702 844 rigidam

83 877 218 933 illud
249 887 454 934 testam
482 875 681 933 efﬁcit:
704 875 783 931 sic
807 874 1058 928 nimirum
1083 881 1139 926 et
1166 871 1302 941 ignis
1333 867 1564 938 Spiritus
1581 879 1704 920 cum

83 971 335 1026 animam
366 970 592 1040 probam
617 968 932 1040 occuparit,
962 966 1084 1021 licet
1113 979 1232 1020 eam
1259 963 1372 1018 luto
1401 961 1703 1018 molliorem

83 1063 397 1134 receperit,
432 1064 576 1120 ferro
610 1062 882 1118 duriorem
924 1059 1071 1114 illam
1109 1056 1320 1123 reddit;
1353 1054 1554 1112 etenim
1580 1067 1704 1107 eum

82 1157 170 1228 qui
201 1155 374 1226 paulo
398 1164 526 1210 ante
558 1162 894 1224 peccatorum
925 1151 1054 1207 hcce
1083 1150 1315 1224 pollutus
1339 1157 1457 1204 erat
1477 1186 1495 1214 ,
1527 1144 1703 1202 conti-

85 1263 193 1303 nuo
234 1248 362 1302 sole
401 1247 520 1318 ipso
550 1245 714 1301 efficit
746 1243 1050 1301 clariorem.
1083 1243 1258 1311 Atque
1296 1239 1401 1294 hoc
1428 1235 1557 1293 illud
1584 1244 1702 1303 est,

81 1341 232 1411 quod
265 1341 466 1396 beatus
494 1353 594 1393 nos
617 1337 847 1393 docebat
891 1334 1122 1402 Paulus,
1151 1347 1272 1389 cum
1313 1331 1574 1386 clamaret
1594 1369 1611 1395 ,
1641 1341 1705 1383 ac

81 1432 329 1494 diceret,
373 1427 555 1483 Nolite
588 1444 758 1483 errare
786 1442 806 1482 :
829 1443 988 1497 neque
1031 1423 1298 1497 fornicarii
1316 1465 1331 1490 ,
1358 1436 1518 1492 neque
1553 1419 1705 1474 idolis

83 1523 368 1576 servientes
387 1560 404 1588 ,
435 1537 597 1589 neque
625 1519 873 1584 adulteri,
901 1534 1060 1591 neque
1083 1516 1290 1582 molles,
1320 1529 1478 1584 neque
1499 1528 1705 1566 mascu-

84 1617 262 1670 lorum
298 1615 684 1680 concubitores,
714 1629 872 1680 neque
908 1616 1074 1683 fures,
1112 1625 1270 1680 neque
1300 1607 1481 1662 ebriosi
1504 1649 1518 1672 ,
1546 1620 1706 1675 neque

82 1707 355 1771 maledici,
379 1723 541 1776 neque
558 1722 767 1776 rapaces
787 1721 996 1776 regnum
1020 1702 1119 1758 Dei
1139 1700 1463 1773 possidebunt
1483 1701 1530 1772 (l
1545 1738 1560 1753 .
1583 1696 1704 1754 Cor.

81 1801 138 1851 6.
175 1797 238 1858 9.
272 1797 393 1868 10).
425 1797 490 1852 Et
519 1812 638 1852 cum
682 1798 862 1851 omnia
903 1793 1075 1851 ferme
1117 1793 1473 1863 improbitatis
1509 1805 1705 1863 genera

82 1897 491 1954 enumerasset,
516 1902 717 1959 eosque
735 1887 827 1957 qui
849 1896 910 1942 se
935 1886 1020 1941 his
1040 1886 1276 1957 peccatis
1295 1883 1701 1947 obstrinxerim,

83 1980 307 2036 :ﬂieuos
333 1979 452 2036 fieri
479 1994 510 2035 a
539 1995 702 2052 regno
731 1979 826 2036 Dei
853 1978 1144 2045 docuisset,
1173 1978 1428 2032 continuo
1454 1975 1699 2044 subjecit,

87 2070 155 2124 Et
182 2074 302 2126 hac
331 2073 534 2143 quidem
562 2073 768 2144 fuistis;
795 2071 888 2127 sed
909 2071 1070 2126 abluti
1096 2071 1213 2125 estis
1231 2113 1246 2136 ,
1274 2070 1364 2124 sed
1399 2069 1704 2142 sancti/ictui

80 2165 231 2229 estis,
268 2165 360 2219 sed
375 2165 648 2235 justiﬁcati
676 2167 795 2219 estis
820 2163 926 2236 (Ib.
957 2180 1006 2219 υ.
1038 2161 1150 2237 11).
1176 2164 1296 2232 Quo
1327 2170 1501 2233 pacto,
1533 2176 1706 2232 quave

80 2258 347 2313 ratione?
372 2258 479 2323 dic,
513 2272 698 2329 qumso
729 2276 743 2312 :
775 2257 879 2313 hoc
906 2257 1047 2312 enim
1078 2256 1208 2312 illud
1233 2265 1315 2312 est
1340 2256 1482 2326 quod
1513 2255 1708 2325 quaeri-

83 2359 196 2404 tur.
234 2347 308 2403 In
331 2352 534 2404 nomine
558 2348 765 2403 Domini
790 2348 918 2404 Iesu
956 2349 1162 2416 Christi,
1195 2349 1385 2418 inquit,
1417 2357 1462 2402 et
1488 2349 1543 2402 in
1574 2347 1704 2416 Spi-

82 2443 190 2495 ritu
223 2441 328 2496 Dei
359 2443 518 2496 nostri
547 2440 757 2514 (Ibid.).
789 2442 953 2498 Vides
976 2443 1226 2497 virtutem
1254 2440 1483 2511 Spiritus
1508 2441 1700 2506 sancti,

82 2535 421 2590 carissime?
449 2533 597 2589 vides
616 2545 676 2589 ut
699 2549 915 2590 omnem
949 2535 1087 2590 hanc
1114 2533 1446 2605 iniquitatem
1473 2531 1705 2603 Spiritus

81 2634 316 2680 sanctus
353 2625 644 2690 delcverit,
685 2640 889 2696 eosque
934 2627 1023 2696 qui
1069 2626 1220 2697 prius
1254 2640 1285 2679 a
1329 2625 1559 2695 peccatis
1593 2623 1705 2679 suis

82 2717 295 2784 proditi
326 2727 500 2785 erant,
527 2717 704 2772 subito
729 2718 797 2773 ad
820 2731 1062 2773 summos
1090 2718 1324 2772 honores
1353 2716 1633 2773 evexerit?

153 2806 218 2862 2.
253 2805 511 2862 Adversus
541 2806 1052 2864 Pneumutomachos.
1074 2837 1147 2848 —
1167 2808 1298 2874 Quis
1321 2821 1450 2876 ergo
1475 2821 1574 2876 pro
1599 2822 1705 2862 me-

84 2900 192 2956 rito
233 2900 419 2971 lugeat
455 2916 519 2956 ac
551 2902 794 2972 deploret
818 2918 946 2969 eos,
977 2903 1069 2975 qui
1097 2899 1445 2973 hlasphemiis
1472 2902 1703 2973 Spiritus

84 2993 272 3048 sancti
301 3003 561 3063 appetunt
588 2995 920 3066 majestatem
950 3010 1012 3051 ae
1042 3010 1240 3050 numen
1263 3036 1277 3060 ,
1310 2996 1398 3066 qui
1432 3005 1700 3066 tamquam

83 3082 285 3139 furiosi
317 3085 533 3154 quidam
576 3095 631 3141 et
667 3096 910 3143 amentes
947 3103 1017 3143 ne
1062 3086 1448 3142 beneﬁciorum
1485 3088 1700 3158 quidem

84 3175 464 3246 magnitudine
487 3176 556 3231 ab
583 3177 680 3232 hac
703 3192 800 3234 sua
833 3177 1026 3248 ingrati
1053 3179 1217 3233 animi
1248 3179 1589 3249 improbitate
1615 3193 1702 3234 reo

80 3273 398 3333 vocantur;
438 3266 547 3320 imo
588 3267 846 3325 adversus
884 3272 1154 3340 propriam
1195 3271 1432 3341 ipsorum
1473 3272 1697 3328 salutem
1733 3298 1743 3304 η

81 3356 277 3411 omnia
316 3357 610 3412 machinari
647 3374 754 3416 non
785 3369 1070 3429 verentur,
1099 3369 1261 3432 atque
1285 3377 1313 3416 a
1345 3363 1556 3418 Domini
1583 3379 1670 3419 ma

75 3448 289 3517 jestate
319 3448 584 3518 dejectum
606 3493 622 3516 ,
652 3463 907 3522 quantum
947 3453 1001 3509 in
1042 3454 1174 3525 ipsis
1197 3465 1314 3522 est,
1347 3455 1399 3510 in
1427 3466 1701 3513 creatura-

81 3557 207 3595 rum
242 3541 490 3612 redigere
507 3545 761 3609 ordinem
799 3548 1136 3602 moliuntur?
1162 3548 1308 3616 Quos
1335 3549 1584 3621 equidem
1612 3551 1699 3605 lu-

81 3631 223 3688 bens
245 3634 327 3688 sic
351 3635 797 3714 interrogaveritu
816 3655 832 3694 ε
849 3638 986 3707 Quid
1010 3640 1220 3696 tandem
1243 3657 1420 3697 causai
1439 3651 1539 3708 est,
1564 3643 1700 3700 heus

81 3741 206 3792 vos,
238 3742 340 3782 cur
365 3728 562 3784 bellum
591 3738 696 3784 tam
722 3733 974 3787 acerbum
1001 3732 1260 3789 adversus
1281 3733 1510 3804 Spiritus
1532 3737 1698 3808 maje—

84 3829 286 3876 statem
309 3820 566 3876 indictum
594 3822 855 3890 habeatis,
880 3824 963 3879 vel
987 3827 1162 3895 potius
1182 3827 1440 3882 adversus
1460 3839 1695 3884 vestram

82 3912 332 3982 ipsorum
360 3913 632 3968 salutem?
660 3931 834 3987 neque
859 3917 1010 3973 vobis
1039 3918 1092 3973 in
1123 3927 1357 3974 mentem
1389 3921 1578 3976 venire
1605 3937 1697 3991 pa-

82 4006 319 4071 tiamini,
344 4019 467 4076 qua:
489 4007 764 4078 discipulis
783 4025 812 4064 a
835 4009 1111 4068 Salvatore
1135 4015 1458 4070 suntdicta?
1479 4016 1695 4083 Euntes,

81 4095 299 4164 inquit,
329 4097 505 4151 docete
531 4114 701 4153 omnes
723 4110 895 4171 gentes
913 4144 928 4167 ,
959 4103 1269 4173 baptizantes
1295 4122 1377 4160 eos
1405 4107 1458 4159 in
1496 4109 1698 4162 nomine

80 4184 268 4242 Patris
287 4197 337 4241 et
360 4187 488 4242 Filii
512 4199 560 4243 et
587 4187 811 4261 Spiritus
840 4197 1004 4248 sancti
1031 4195 1242 4267 (Matth.
1275 4198 1364 4253 28.
1399 4199 1509 4269 19).
1533 4199 1697 4256 Vides

78 4280 350 4349 aequalem
379 4279 585 4338 honore
616 4286 949 4355 maiestatem
970 4289 993 4341 ?
1015 4280 1169 4344 "vides
1198 4293 1539 4347 concordiam
1569 4310 1698 4348 exa-

76 4381 168 4428 cte
207 4372 576 4443 descriptam?
602 4376 754 4432 vides
792 4388 851 4432 ut
891 4380 1121 4436 indivisa
1163 4383 1233 4437 sit
1262 4382 1538 4438 Trinitas?
1568 4402 1693 4439 num

79 4465 296 4533 uspiam
326 4465 613 4522 discrimen
653 4479 743 4524 aut
784 4471 1084 4528 immutatio
1119 4475 1528 4532 imminutiove?
1558 4480 1694 4546 Quid

78 4573 180 4611 vos
217 4558 430 4613 Domini
460 4559 639 4620 verbis
675 4577 810 4615 nova
850 4563 1094 4633 quaedam
1124 4566 1374 4622 mandata
1405 4568 1696 4640 adjungere

75 4649 343 4705 audetis?
367 4666 434 4704 an
466 4666 596 4707 vero
621 4655 839 4709 nescitis
864 4656 915 4709 in
938 4657 1166 4727 negotiis
1190 4659 1350 4713 etiam
1381 4660 1629 4716 humanis
1650 4665 1695 4718 si

76 4741 206 4807 quis
233 4740 373 4797 forte
401 4754 625 4800 conatus
649 4747 739 4810 sit,
766 4757 858 4802 aut
884 4764 950 4803 eo
979 4750 1049 4804 sit
1087 4766 1403 4822 progressus
1431 4757 1691 4824 audacize,

77 4843 138 4888 ut
165 4849 196 4888 a
224 4849 355 4905 rege
379 4837 558 4893 missis
584 4840 753 4897 literis
781 4843 1070 4913 quidquam
1107 4846 1323 4916 adjiciat
1349 4849 1693 4919 detrahatve,

75 4927 172 4997 qui
201 4927 446 4997 ejusdem
476 4931 710 5004 alioquin
735 4945 818 4991 est
842 4938 1056 5007 generis
1083 4941 1360 4998 nobiscum
1378 4987 1395 5012 ,
1425 4945 1664 5016 ejusdem

75 5036 187 5091 que
225 5035 454 5077 consors
487 5036 715 5094 naturae,
748 5030 925 5086 solere
962 5029 1113 5087 illum
1147 5043 1393 5091 extremo
1428 5041 1692 5109 supplicio

77 5114 356 5182 mulctari,
389 5116 640 5187 nullaque
669 5135 832 5190 posse
864 5124 1074 5180 ratione
1101 5142 1131 5181 a
1163 5130 1354 5184 merita
1385 5146 1541 5201 pinna
1573 5134 1691 5189 viu-

75 5207 286 5262 dicari?
310 5208 466 5277 Quod
491 5214 536 5266 si
566 5221 772 5269 tantum
797 5216 851 5271 in
878 5216 1112 5274 hominis
1139 5222 1366 5291 negotiis
1391 5225 1687 5293 periculum

78 5300 345 5365 imminet,
377 5317 534 5372 quam
561 5305 777 5361 tandem
800 5309 1011 5363 veniam
1039 5311 1376 5377 obtinebunt,
1401 5317 1490 5387 qui
1521 5334 1688 5388 usque

76 5407 143 5447 eo
167 5395 456 5463 prosiliunt
477 5400 816 5469 arrogantiae,
840 5411 900 5457 ut
920 5419 1038 5473 quae
1057 5420 1088 5458 a
1109 5410 1380 5462 communi
1409 5409 1688 5470 Salvatore

79 5495 268 5541 nostro
293 5497 417 5543 sunt
442 5489 606 5558 dicta,
633 5508 980 5567 corrumpere
1007 5500 1314 5568 moliantur,
1342 5518 1516 5574 neque
1543 5507 1684 5562 Pau-

77 5580 222 5647 hut,
264 5581 355 5653 qui
397 5583 704 5655 loquentem
748 5589 802 5644 in
842 5605 902 5646 se
942 5592 1211 5648 Christum
1257 5587 1452 5665 habet,
1497 5603 1684 5660 audire

79 5676 368 5744 dignentur
391 5678 533 5733 clara
565 5696 696 5739 voce
720 5684 1038 5742 clamantem
1064 5705 1127 5746 ac
1151 5691 1417 5751 dicentem
1439 5737 1456 5763 ,
1488 5696 1682 5754 Oculus

81 5786 177 5823 non
206 5770 364 5837 cidit,
396 5783 444 5828 et
469 5777 609 5832 auris
648 5794 752 5832 non
786 5783 979 5834 audivit
999 5824 1013 5847 ,
1043 5793 1089 5837 et
1124 5786 1177 5837 in
1215 5803 1304 5841 cor
1332 5787 1552 5846 hominis
1579 5810 1681 5848 non

82 5865 413 5921 ascenderunt
443 5882 556 5949 qua!
577 5873 886 5952 preparavit
909 5870 1043 5929 Deus
1068 5873 1151 5945 iis,
1174 5876 1263 5946 qui
1292 5877 1513 5958 diligunt
1535 5883 1680 5939 illum

1069 384 1160 440 DE
1197 380 1465 440 SANCTA
1504 375 1973 437 PENTECOSTE.
2015 376 2244 435 ΗΟΜΙΙ..
2285 377 2353 434 ll.

3304 381 3413 439 466

1815 497 1906 571 (1.
1949 497 2070 553 Cor.
2101 497 2156 556 2.
2221 496 2337 568 9)?
2367 495 2422 551 Si
2455 508 2582 567 ergo
2621 507 2796 566 neque
2827 493 3017 551 oculus
3045 493 3211 562 vidit,
3240 509 3415 567 neque

1807 592 1953 647 auris
1991 589 2229 655 audivit,
2261 604 2438 660 nequc
2472 603 2570 646 cor
2608 602 2801 659 cajere
2838 587 3012 659 potuit
3051 588 3414 661 cognitionem

1807 685 2094 750 bonorum,
2121 697 2241 754 qua:
2271 682 2444 753 ipsum
2484 680 2826 751 diligentibus
2863 687 2988 736 sunt
3016 688 3220 750 parata,
3246 680 3411 747 unde,

1807 793 2011 850 quaeso,
2043 778 2155 834 ﬁeri
2185 777 2396 846 poterit,
2422 790 2456 831 ο
2482 773 2636 830 beate
2664 768 2846 840 Paule,
2879 781 2940 829 ut
2976 787 3075 829 nos
3100 788 3288 829 eorum
3314 788 3414 830 co-

1806 871 2100 942 gnitionem
2131 867 2524 939 assequamur?
2552 867 2817 937 Exspecta
2863 865 3136 938 paulisper
3168 883 3180 920 :
3212 873 3323 920 tum
3356 874 3411 921 tu

1808 963 1957 1017 illum
2002 962 2172 1031 ipsum
2216 959 2402 1015 audies
2441 959 2542 1014 hoc
2569 958 2860 1014 dicentem.
2893 958 3076 1030 Itaque
3103 957 3299 1026 adjecit
3326 954 3415 1011 di-

1808 1067 1938 1108 cens
1970 1071 1984 1107 :
2019 1050 2181 1106 Nobis
2209 1061 2384 1105 autem
2419 1050 2654 1106 reuelauit
2684 1047 2824 1105 Deus
2862 1063 2954 1120 per
2989 1049 3225 1120 spiritum
3265 1064 3415 1102 suum

1811 1146 1972 1220 (Ibid.
2010 1163 2058 1200 υ.
2090 1145 2178 1217 10)
2217 1162 2230 1200 :
2262 1161 2435 1215 neque
2474 1158 2604 1199 vero
2653 1143 2738 1198 hic
2779 1140 3054 1208 substitit;
3086 1139 3180 1196 sed
3215 1149 3272 1196 ut
3311 1153 3414 1211 po-

1809 1241 1990 1295 tentia:
2015 1238 2436 1312 magnitudinem
2465 1237 2745 1301 indicaret,
2770 1243 2827 1292 et
2851 1252 2958 1307 quo
2987 1245 3144 1306 pacto
3170 1235 3411 1306 ejusdem

1807 1333 1878 1388 sit
1917 1332 2232 1389 substantia:
2267 1339 2427 1401 atque
2461 1313 2625 1385 Pater
2651 1337 2704 1385 et
2733 1327 2902 1384 Filius
2928 1345 2941 1381 :
2973 1327 3200 1398 Spiritus
3227 1327 3370 1382 enim
3394 1369 3411 1392 ,

1807 1424 2013 1492 inquit,
2045 1425 2220 1477 omnia
2259 1430 2542 1486 scrutatur,
2579 1420 2736 1476 etiam
2777 1420 3034 1492 profunda
3071 1418 3166 1474 Dei
3201 1417 3414 1490 (lbid.).

1809 1515 2012 1572 Deinde
2043 1530 2166 1570 cum
2208 1515 2470 1584 exemplis
2505 1513 2756 1568 humanis
2796 1512 3186 1569 accuratiorem
3215 1511 3417 1567 doctri-

1809 1623 1931 1662 nam
1962 1608 2201 1663 inserere
2227 1608 2420 1661 animis
2440 1607 2638 1662 nostris
2658 1607 2839 1674 vellet,
2867 1605 3062 1676 adjecit
3088 1624 3101 1662 :
3133 1596 3262 1672 Quis
3279 1605 3416 1660 enim

1808 1700 2069 1754 hominum
2106 1701 2199 1755 scit
2236 1715 2351 1769 quia
2383 1709 2505 1754 sunt
2544 1699 2797 1766 hominis,
2828 1700 2929 1755 nisi
2957 1700 3168 1772 spiritus
3196 1699 3418 1755 hominis

1806 1794 1894 1864 qui
1918 1794 1971 1847 in
1996 1794 2108 1864 ipso
2134 1795 2248 1848 est?
2275 1794 2363 1848 Sic
2388 1803 2436 1848 et
2455 1809 2569 1858 quas
2592 1791 2688 1847 Dei
2716 1801 2833 1847 sunt
2863 1809 3010 1848 nemo
3036 1793 3287 1863 cognovit,
3317 1793 3418 1847 nisi

1808 1886 2038 1957 Spiritus
2063 1886 2161 1940 Dei
2190 1886 2297 1959 (Ib.
2325 1903 2372 1940 υ.
2407 1884 2516 1960 11).
2550 1885 2708 1940 Vides
2733 1885 2986 1941 eximiam
3012 1884 3416 1957 perfectamque

1807 1978 2108 2033 doctrinam
2129 1977 2152 2031 ?
2173 1977 2659 2047 Quemadmodum,
2685 1977 2876 2047 inquit,
2899 1992 2988 2045 ea,
3011 1992 3131 2048 qua:
3154 1978 3207 2031 in
3236 1986 3417 2032 mente

1807 2079 1933 2126 sunt
1959 2070 2228 2136 hominis,
2260 2071 2373 2125 lieri
2404 2063 2588 2139 nequit
2615 2077 2673 2124 ut
2709 2070 2847 2125 alter
2886 2069 3129 2138 noverit,
3159 2069 3254 2125 sed
3301 2069 3417 2140 ipse

1806 2177 1895 2218 res
1917 2176 2042 2217 suas
2072 2163 2216 2217 novit
2244 2162 2392 2218 solus
2417 2179 2430 2215 :
2460 2162 2538 2217 sic
2561 2170 2615 2216 et
2639 2176 2761 2232 qua:
2787 2161 2880 2217 Dei
2912 2169 3037 2216 sunt
3063 2161 3242 2216 nullus
3269 2162 3417 2215 novit

1805 2255 1910 2310 nisi
1953 2254 2185 2324 Spiritus
2216 2254 2356 2320 .Dei,
2387 2253 2530 2325 qued
2571 2255 2861 2310 maximum
2899 2263 2983 2309 est
3003 2254 3265 2324 valdeque
3295 2253 3415 2308 ido-

1806 2362 1966 2403 neum
1989 2346 2054 2419 ad
2076 2345 2462 2401 ostendendam
2485 2345 2717 2417 Spiritus
2735 2345 3068 2417 dignitatem.
3093 2347 3414 2417 Exemplum

1804 2439 1950 2494 enim
1978 2439 2173 2506 attulit,
2200 2440 2351 2509 quasi
2384 2439 2487 2494 hoc
2517 2440 2758 2495 innueret
2790 2458 2804 2495 :
2832 2440 2972 2495 Fieri
3002 2454 3108 2495 non
3136 2449 3331 2511 potest,
3357 2453 3415 2495 ut.

1806 2531 1927 2601 quis
1953 2529 2232 2584 hominum
2259 2545 2322 2584 ea
2345 2570 2361 2595 ,
2391 2544 2509 2600 qua:
2539 2529 2592 2585 in
2623 2545 2718 2584 sua
2755 2539 2934 2585 mente
2964 2541 3088 2585 sunt
3108 2571 3127 2598 ,
3159 2544 3412 2599 umquam

1807 2621 2035 2691 ignoret.
2065 2619 2138 2676 Ut
2174 2620 2334 2691 igitur
2356 2619 2471 2675 ﬁeri
2503 2621 2604 2676 hoc
2631 2636 2737 2676 non
2767 2629 2949 2690 potest
2971 2664 2985 2685 ,
3014 2622 3093 2677 sic
3119 2632 3173 2678 et
3199 2638 3260 2678 ea
3291 2638 3413 2694 qua:

1808 2713 1901 2768 Dei
1932 2721 2059 2767 sunt
2084 2721 2191 2768 tam
2221 2722 2410 2768 exacte
2450 2713 2681 2784 Spiritus
2720 2725 2938 2769 sanctus
2978 2716 3145 2769 novit.
3176 2714 3283 2770 Sed
3313 2731 3412 2772 ne-

1803 2807 1918 2876 gari
1944 2821 2049 2860 non
2080 2815 2276 2876 potest,
2302 2806 2428 2876 quin
2453 2805 2535 2861 his
2555 2807 2717 2861 etiam
2743 2807 2923 2862 verbis
2950 2808 3139 2863 beatus
3165 2808 3266 2864 iste
3290 2808 3415 2863 illos

1806 2906 1986 2968 tangat
2009 2937 2027 2967 ι
2055 2898 2146 2968 qui
2165 2897 2247 2952 ob
2273 2897 2616 2967 anticipatam
2643 2912 2795 2953 suam
2830 2899 3138 2969 opinionem
3167 2915 3290 2955 cum
3322 2914 3413 2954 sa-

1804 2987 1930 3044 lutis
1954 3003 2066 3043 sua:
2094 2989 2420 3044 detrimento
2445 2997 2649 3043 tantum
2667 2989 2882 3044 bellum
2909 2988 3140 3060 Spiritus
3168 2991 3412 3062 dignitati

1803 3095 1866 3135 se
1895 3079 2150 3135 indixisse
2176 3080 2475 3148 declarant,
2499 3090 2864 3153 quantumque
2890 3084 3052 3138 situm
3073 3083 3127 3138 in
3151 3084 3281 3155 ipsis
3307 3095 3411 3151 est,

1803 3186 1929 3226 cum
1957 3172 2193 3241 supremi
2222 3172 2529 3228 dominatus
2557 3173 2816 3244 dignitate
2857 3176 3068 3245 privant
3091 3217 3106 3243 ,
3145 3184 3305 3247 atque
3345 3178 3412 3231 ad

1804 3273 2170 3320 creaturarum
2219 3266 2478 3336 dejiciunt
2524 3266 2808 3322 vilitatem.
2858 3267 3240 3324 Verumtamen
3285 3270 3412 3326 licet

1804 3357 1879 3411 illi
1917 3357 2276 3412 contentionis
2311 3358 2488 3413 studio
2520 3359 2665 3413 ducti
2706 3357 2997 3430 Scripturte
3036 3376 3205 3416 sacra:
3233 3362 3413 3417 verbis

1802 3451 2140 3507 adversarios
2186 3466 2307 3507 sese
2357 3461 2670 3523 opponant,
2715 3467 2814 3509 nos
2860 3453 3037 3508 divina
3091 3453 3410 3509 documenta

1802 3543 1949 3599 velut
1973 3545 2187 3600 oracula
2214 3544 2282 3600 de
2307 3545 2440 3600 etelo
2467 3545 2631 3604 missa
2659 3547 3035 3617 suscipientes,
3065 3547 3273 3603 debitas
3299 3547 3412 3602 lau-

1802 3635 1899 3691 des
1928 3635 2222 3691 oll'eramus
2243 3679 2257 3702 ,
2283 3645 2340 3692 et
2367 3651 2488 3692 cum
2517 3645 2662 3692 recta
2691 3638 2796 3693 {ide
2825 3639 2987 3694 etiam
3013 3639 3254 3696 veritatis
3280 3656 3412 3696 exa-

1801 3739 1942 3784 ctam
1977 3730 2340 3800 cognitionem
2388 3746 2499 3801 pr:e
2537 3730 2693 3786 nobis
2728 3719 2982 3790 feramus.
3013 3735 3188 3805 Atque
3217 3735 3283 3790 ad
3313 3751 3410 3791 eos

1800 3821 2017 3894 quidem
2041 3823 2394 3878 revincendos
2417 3866 2433 3889 ,
2463 3824 2552 3894 qui
2583 3839 2643 3879 ea
2670 3866 2686 3892 ,
2711 3840 2830 3896 quae
2861 3825 3093 3896 Spiritus
3121 3829 3289 3883 sancti
3318 3845 3410 3884 re-

1801 3915 2015 3985 sponsis
2044 3916 2312 3984 eontraria
2358 3925 2515 3984 sunt,
2551 3915 2747 3972 docere
2794 3931 2904 3972 non
2946 3918 3221 3985 dubitant,
3262 3919 3413 3975 sum-

1800 4008 1945 4062 ciunt
1972 4023 2034 4063 ea
2062 4022 2180 4078 qua:
2222 4009 2362 4063 dicta
2407 4019 2568 4075 sunt;
2605 4025 2796 4065 verum
2823 4013 2964 4067 enim
2996 4029 3125 4069 vero
3151 4014 3302 4084 cujus
3332 4019 3409 4070 rei

1799 4102 1966 4170 gratia
2014 4111 2282 4157 tantorum
2331 4117 2547 4158 causam
2593 4105 2858 4160 bonorum
2903 4121 3009 4161 non
3061 4108 3238 4162 statim
3289 4120 3411 4178 post

1801 4206 1951 4246 suam
1985 4193 2036 4246 in
2065 4194 2227 4247 ctelos
2254 4195 2626 4250 ascensionem
2655 4196 2914 4252 Dominus
2940 4198 3009 4252 sit
3039 4198 3280 4269 largitus,
3313 4200 3409 4255 sed

1802 4301 1997 4354 paucos
2024 4286 2138 4342 dies
2168 4287 2317 4356 prius
2342 4288 2526 4343 siverit
2552 4299 2889 4359 exspectare,
2923 4305 2986 4345 ac
3012 4291 3158 4346 solos
3188 4307 3410 4346 manere

1801 4377 2093 4447 discipulos
2123 4378 2290 4442 domi,
2319 4387 2430 4432 tum
2453 4379 2645 4435 deinde
2664 4381 2893 4449 Spiritus
2922 4385 3148 4451 gratiam
3178 4383 3410 4440 demise-

1801 4469 1900 4531 rit,
1930 4485 2109 4539 operte
2137 4470 2366 4539 pretium
2401 4470 2587 4525 facturi
2625 4473 2905 4540 videmur,
2937 4475 2980 4528 si
3009 4475 3285 4530 dilectioni
3317 4493 3409 4532 ve-

1800 4568 1926 4614 strte
1951 4559 2251 4615 referanms
2283 4580 2295 4614 :
2325 4577 2431 4616 non
2460 4564 2602 4617 enim
2632 4575 2835 4620 temere
2855 4606 2869 4630 ,
2905 4582 3079 4637 neque
3105 4568 3222 4622 sine
3247 4584 3406 4623 causa

1799 4652 1996 4708 factum
2024 4663 2109 4709 est
2136 4655 2285 4709 illud.
2315 4656 2446 4710 Nam
2478 4660 2729 4728 quoniam
2757 4675 2926 4730 genus
2954 4661 3247 4717 humanum
3277 4665 3410 4719 vidit

1799 4762 1907 4800 non
1935 4757 2081 4801 tanto
2108 4749 2159 4802 in
2193 4749 2364 4818 pretio
2389 4752 2587 4806 habere
2609 4768 2727 4823 qum
2750 4764 2873 4808 sunt
2897 4757 2947 4809 in
2974 4759 3216 4812 manibus
3244 4761 3404 4827 bona,

1799 4853 1973 4907 neque
2001 4853 2097 4907 pro
2126 4838 2382 4909 dignitate
2408 4858 2470 4896 ea
2499 4845 2707 4910 colere,
2738 4861 2857 4915 quae
2894 4849 3127 4917 jucunda
3167 4852 3323 4905 simul
3355 4862 3408 4906 et

1797 4929 2337 5001 magna'videantur,
2367 4935 2468 4989 nisi
2509 4937 2670 4991 etiam
2713 4942 3105 4997 contrariorum
3148 4960 3405 5000 occursus

1798 5022 2113 5092 irrepserit;
2145 5027 2379 5096 exempli
2411 5042 2568 5081 causa
2604 5028 2926 5100 (dicendum
2959 5035 3100 5089 enim
3133 5045 3214 5089 est
3249 5052 3405 5106 aper-

1797 5117 1927 5184 tius)
1952 5156 1966 5179 ,
1991 5116 2084 5186 qui
2112 5132 2245 5173 sano
2272 5129 2355 5174 est
2391 5136 2456 5176 ac
2485 5133 2672 5190 vegeto
2699 5140 2926 5196 corpore
2946 5170 2960 5190 ,
2993 5145 3168 5200 neque
3196 5135 3399 5197 sentit,

1795 5233 1971 5288 neque
2017 5224 2155 5275 scire
2198 5228 2376 5288 potest
2417 5229 2601 5276 exacte
2626 5264 2640 5286 ,
2675 5231 2869 5292 quanta
2915 5225 2986 5278 illi
3030 5228 3231 5281 sanitas
3261 5228 3400 5282 bona

1795 5311 2096 5381 largiretur,
2129 5313 2228 5366 nisi
2269 5313 2581 5369 infirmitate
2624 5315 2919 5385 obrepente
2959 5318 3204 5373 morbum
3237 5321 3397 5375 etiam

1792 5402 1954 5458 fuerit
1997 5415 2250 5474 expertus
2283 5425 2295 5460 :
2329 5417 2382 5462 et
2409 5409 2500 5477 qui
2541 5408 2680 5462 diem
2731 5426 2917 5464 rursus
2958 5413 3175 5481 aSpicit,
3217 5414 3397 5469 lumen

1792 5496 1920 5549 tanti
1959 5511 2066 5549 non
2108 5497 2232 5552 facit
2256 5539 2272 5563 ,
2302 5499 2401 5553 nisi
2441 5501 2600 5555 etiam
2635 5503 2806 5556 noctis
2836 5503 3081 5558 tenebras
3111 5519 3397 5571 perscnse-

1790 5591 1877 5642 rit.
1921 5589 2132 5645 Etenim
2182 5594 2574 5648 contrariorum
2623 5597 2950 5665 experientia
2998 5600 3251 5666 magistra
3300 5615 3398 5654 nos

1788 5691 1974 5752 aperte
2002 5683 2182 5750 docet,
2214 5687 2390 5755 qualia
2419 5686 2527 5742 sint
2551 5702 2636 5755 ea,
2662 5689 2854 5758 quibus
2879 5700 3035 5744 antea
3064 5689 3392 5746 fruebantur.

1788 5777 1994 5834 Idcirco
2037 5781 2289 5835 nimirum
2335 5792 2443 5836 tum
2489 5798 2733 5855 quoque,
2773 5785 3204 5856 quandoquidem
3252 5802 3393 5856 prm-

1789 5881 1942 5928 scnte
1988 5873 2078 5927 illo
2123 5877 2392 5931 sexcentis
2435 5877 2591 5933 bonis
2635 5878 2880 5951 diseipuli
2922 5879 3074 5951 potiti
3109 5890 3298 5950 erant,
3336 5890 3391 5934 et
