4070 6430
673 365 784 423 ιω

677 477 820 547 quod
862 492 983 533 cum
1033 477 1123 534 illo
1166 480 1361 537 versati
1408 479 1669 547 fuissent,
1716 479 1833 538 dies
1881 479 2264 552 jucundissime

678 567 1060 640 transigebant.
1084 568 1283 626 Omnes
1303 573 1445 628 enim
1469 571 1657 628 incolae
1679 571 1978 628 Palaestina:
1999 582 2265 642 tamquam

679 658 747 713 ad
777 658 1055 730 luminaria
1083 663 1329 732 quaedam
1353 663 1535 718 oculos
1562 677 1691 718 suos
1715 663 1782 719 ad
1806 678 1992 720 eorum
2012 664 2109 717 ora
2140 677 2271 718 con-

679 749 980 818 vertebant,
1005 754 1218 824 quando
1236 763 1290 809 et
1311 763 1550 810 mortuos
1571 755 1638 811 ad
1659 757 1820 810 vitam
1849 753 2198 820 revocabant,
2217 766 2271 809 et

681 839 923 911 leprosos
950 844 1273 899 mundabant
1293 885 1310 913 ,
1339 845 1610 902 diemones
1649 845 1983 918 expellebant
2004 884 2021 911 ,
2049 831 2268 900 morbos

680 931 973 998 curabant,
1004 935 1209 1005 aliaque
1237 936 1401 991 multa
1432 937 1685 992 miracula
1710 937 1941 994 edebant
1970 954 1982 991 :
2013 937 2264 1007 quoniam

682 1022 845 1092 igitur
863 1026 934 1079 ita
961 1026 1192 1083 illustres
1212 1037 1365 1084 erant
1389 1037 1442 1084 et
1457 1030 1724 1095 celebres,
1751 1038 2026 1100 propterea
2053 1031 2118 1085 ad
2143 1038 2268 1085 tem-

678 1131 780 1184 pus
805 1131 898 1172 eos
941 1106 1181 1188 permisit
1203 1120 1272 1176 ab
1293 1122 1410 1192 ejus
1428 1123 1622 1178 virtute
1645 1122 1873 1193 sejungi,
1897 1122 2048 1193 cujus
2068 1122 2267 1178 auxilio

680 1206 984 1264 nitebantur
1012 1228 1025 1264 :
1053 1221 1110 1265 ut
1146 1226 1268 1267 eum
1303 1226 1368 1268 eo
1399 1214 1620 1268 fuissent
1646 1213 1882 1268 destituti
1907 1253 1923 1280 ,
1953 1223 2067 1268 tum
2096 1228 2266 1283 quan-

681 1305 790 1352 tum
822 1299 926 1356 illis
954 1301 1069 1372 ejus
1096 1302 1345 1360 bonitatis
1374 1305 1656 1376 prresentia
1695 1305 2006 1376 prodesset,
2059 1305 2266 1361 edisce-

681 1400 836 1455 rent,
877 1401 1080 1450 etcum
1117 1399 1509 1466 praeteritorum
1558 1397 1820 1453 bonorum
1847 1397 2267 1467 magnitudinem

683 1485 1112 1552 perspexissent,
1145 1487 1333 1556 majori
1363 1503 1484 1542 cum
1528 1488 1705 1543 studio
1741 1489 1999 1543 Paracleti
2026 1489 2268 1543 donatio-

682 1587 803 1626 nem
833 1574 1159 1646 exciperent.
1209 1577 1420 1632 Etenim
1463 1575 1585 1633 illos
1628 1588 1919 1634 maerentes
1959 1581 2263 1636 consolatus

681 1673 763 1718 est
783 1706 798 1730 ,
827 1676 879 1719 et
903 1676 1124 1736 propter
1150 1669 1390 1739 magistri
1431 1670 1723 1726 discessum
1749 1672 1990 1742 lugentes
2017 1687 2080 1726 ac
2103 1673 2269 1728 tristi-

681 1753 752 1807 tia
773 1756 1006 1825 repletos
1030 1772 1139 1813 sua:
1163 1759 1298 1814 lucis
1317 1759 1478 1815 radiis
1508 1761 1809 1829 illustravit,
1842 1777 2007 1833 prepe
2029 1764 2269 1831 jacentes

681 1846 886 1911 erexit,
934 1849 1179 1903 maeroris
1222 1849 1499 1920 caliginem
1543 1850 1834 1917 discussit,
1866 1860 1920 1906 et
1947 1833 2270 1908 anxietatem

681 1943 905 1990 omnem
941 1937 1164 2006 depulit.
1206 1939 1644 2009 Quandoquidem
1689 1957 1919 2012 namque
1945 1942 2270 1999 dominicum

681 2041 866 2084 Vocem
889 2029 1172 2085 audierant
1195 2071 1210 2096 ,
1244 2031 1436 2087 Euntes
1463 2033 1636 2088 docete
1660 2051 1830 2089 onmes
1848 2046 2020 2107 gentes
2055 2036 2268 2106 (Matth.

681 2118 774 2174 28.
804 2119 893 2189 19)
924 2139 938 2176 :
967 2120 1277 2177 dubitabant
1319 2132 1496 2179 autem
1537 2125 1791 2196 deinceps
1837 2136 1892 2182 et
1934 2128 2269 2197 ignorabant,

687 2224 792 2277 quo
845 2210 1108 2278 proficisci
1157 2229 1428 2284 quemque
1480 2225 1772 2285 oporteret,
1829 2227 1883 2273 et
1935 2218 1988 2273 in
2043 2234 2272 2289 quanam

689 2299 834 2353 orbis
865 2309 1127 2356 terrarum
1173 2305 1394 2374 regione
1435 2307 1658 2361 verbum
1701 2308 1796 2363 Dei
1847 2309 2172 2378 prmdieare;
2221 2313 2272 2364 in

686 2391 867 2457 specie
911 2391 1208 2462 linguarum
1250 2395 1482 2466 Spiritus
1521 2407 1738 2453 sanctus
1763 2398 2017 2466 advenit,
2054 2403 2276 2473 singulis

687 2480 832 2536 orbis
875 2491 1135 2538 terrarum
1192 2487 1445 2556 regiones
1466 2488 1736 2544 docendas
1765 2490 2072 2555 distribuit,
2116 2503 2276 2565 atque

687 2572 970 2641 impertitze
1019 2573 1213 2645 linguae
1258 2590 1419 2646 opera
1462 2587 1728 2648 tamquam
1770 2580 1823 2634 in
1871 2581 2048 2638 tabula
2090 2599 2274 2640 eorum

691 2661 814 2718 lldei
861 2666 1130 2721 commissi
1177 2669 1518 2738 magistratus
1564 2685 1626 2726 ac
1658 2671 1944 2740 magisterii
1994 2675 2139 2746 leges
2181 2676 2276 2732 de-

690 2754 924 2823 scripsit.

765 2845 867 2902 Cur
903 2849 954 2902 in
994 2850 1157 2919 specie
1202 2852 1488 2922 linguarum
1525 2853 1768 2924 Spiritus.
1796 2886 1868 2896 —-
1909 2856 2193 2928 Propterea
2227 2862 2280 2916 in

693 2939 873 3007 specie
921 2939 1216 3010 linguarum
1268 2942 1496 3013 Spiritus
1542 2945 1758 3001 advenit
1799 2965 1811 3000 :
1859 2963 2030 3018 neque
2083 2951 2281 3010 idcirco

697 3036 921 3093 tantum,
955 3031 1048 3085 sed
1080 3039 1136 3085 ut
1163 3033 1361 3088 veteris
1390 3035 1549 3089 etiam
1580 3034 1815 3092 historia:
1847 3042 2156 3096 memoriam
2188 3059 2282 3096 no-

692 3119 780 3173 bis
808 3118 1100 3175 refricaret.
1133 3123 1264 3178 Cum
1291 3124 1433 3178 enim
1462 3125 1588 3180 olim
1617 3125 1861 3184 homines
1891 3131 2134 3201 superbia
2161 3134 2285 3189 elati

702 3211 888 3266 turrim
915 3222 1189 3271 exstruere
1213 3215 1498 3282 voluerint,
1524 3233 1642 3288 qua:
1670 3219 1735 3274 ad
1762 3221 1949 3276 cmlum
1978 3237 2143 3293 usque
2166 3239 2286 3293 per-

702 3303 928 3372 tingerct
947 3347 961 3367 ,
991 3313 1044 3360 et
1075 3307 1278 3362 invecta
1309 3307 1567 3364 divisione
1595 3309 1892 3381 linguarum
1921 3329 2134 3382 pravam
2165 3315 2284 3370 illo-

700 3407 819 3448 rum
848 3395 1132 3452 coitionem
1173 3407 1228 3453 et
1268 3401 1610 3455 concordiam
1655 3401 1923 3473 dissiparit
1963 3404 2102 3459 Deus
2133 3405 2282 3478 (Gen.

705 3488 793 3556 11)
823 3505 836 3542 :
867 3488 1063 3545 idcirco
1088 3507 1227 3546 nunc
1256 3509 1466 3562 quoque
1495 3494 1545 3549 in
1575 3497 1755 3565 specie
1783 3497 2052 3566 ignearum
2083 3497 2286 3560 lingua-

705 3592 822 3630 rum
854 3579 919 3632 ad
959 3595 1056 3635 eos
1099 3583 1309 3639 advolat
1346 3585 1573 3654 Spiritus
1618 3597 1870 3650 sanetus,
1918 3598 1974 3642 ut
2002 3605 2098 3659 per
2139 3591 2286 3646 illum

703 3669 889 3724 orbem
932 3681 1189 3728 terrarum
1233 3676 1460 3731 divisum
1499 3677 1802 3749 conjungat.
1855 3679 1924 3734 Et
1967 3681 2160 3736 accidit
2203 3698 2290 3739 res

705 3775 841 3814 nova
868 3762 1025 3818 simul
1072 3780 1136 3820 ac
1173 3766 1307 3822 mira
1341 3784 1354 3822 :
1388 3779 1443 3822 ut
1467 3769 1610 3823 enim
1644 3777 1754 3824 tum
1783 3772 2072 3842 antiquitus
2098 3772 2291 3844 linguae

707 3860 969 3908 terrarum
997 3857 1535 3924 orbenrdiviserunt,
1565 3870 1620 3916 et
1649 3862 2206 3919 malam'concordiam
2239 3867 2295 3920 in

706 3943 984 4000 dissidium
1014 3959 1391 4005 converterunt
1427 3970 1439 4005 :
1475 3951 1547 4006 ita
1592 3969 1734 4009 nunc
1777 3969 1987 4024 quoque
2029 3964 2291 4012 terrarum

706 4036 890 4091 orbem
924 4038 1116 4109 lingua:
1144 4043 1475 4112 c0pularunt,
1511 4053 1564 4098 et
1589 4060 1708 4115 qua:
1733 4045 2061 4102 dissidebant
2088 4048 2139 4101 in
2166 4062 2295 4103 con-

696 4128 944 4183 cordiam
974 4132 1315 4188 reduxerunt.
1360 4135 1538 4206 Itaque
1567 4136 1621 4190 in
1663 4139 1840 4206 specie
1878 4138 2176 4209 linguarum
2218 4140 2297 4194 id-

707 4219 854 4274 circo
896 4221 1148 4277 advenit:
1181 4234 1447 4295 tamquam
1497 4227 1632 4297 ignis
1673 4237 1850 4283 autem
1889 4229 2084 4300 linguae
2121 4241 2292 4298 erant,

707 4309 852 4379 quod
878 4312 1236 4384 sylvesccntes
1263 4315 1314 4369 in
1343 4317 1498 4372 nobis
1529 4329 1866 4388 peccatorum
1891 4322 2059 4391 spina:
2085 4337 2299 4393 succre-

709 4403 931 4459 vissent.
961 4406 1090 4461 Nam
1120 4410 1567 4478 quemadmodum
1591 4420 1732 4467 terra
1760 4412 1950 4469 fertilis
1977 4430 2039 4469 ac
2065 4415 2291 4487 pinguis,

709 4495 755 4548 si
785 4495 1005 4551 minime
1049 4499 1288 4568 colatur,
1332 4517 1576 4572 magnam
1616 4504 1888 4572 spinarum
1937 4506 2139 4577 sylvam
2171 4522 2296 4577 pro-

710 4587 919 4642 fundit:
947 4590 1023 4644 sic
1048 4601 1102 4646 et
1127 4601 1316 4647 natura
1341 4603 1543 4662 nostra,
1568 4611 1686 4665 quae
1710 4611 1738 4648 a
1759 4595 2012 4652 Creatore
2035 4613 2134 4654 suo
2158 4598 2296 4654 bona

709 4682 789 4734 est
817 4681 1064 4747 condita,
1113 4693 1169 4739 et
1211 4686 1278 4740 ad
1309 4687 1516 4741 virtutis
1565 4687 1743 4759 fruges
1784 4688 2005 4756 idonea,
2055 4705 2122 4746 eo
2156 4691 2298 4761 quod

711 4788 882 4842 neque
920 4776 1132 4846 pictatis
1168 4789 1403 4835 aratrum
1443 4796 1615 4852 neque
1645 4784 1964 4853 cognitionis
1995 4785 2087 4840 Dei
2116 4801 2298 4840 semen

713 4871 1043 4938 excepisset,
1080 4874 1230 4941 quasi
1258 4875 1438 4943 spinas
1478 4875 1738 4946 quasdam
1781 4885 1835 4931 et
1876 4877 2031 4931 aliam
2060 4878 2299 4933 inutilem

710 4963 916 5031 sylvam
951 4963 1272 5032 impietatem
1305 4966 1568 5036 produxit.
1597 4969 1663 5023 Et
1681 4969 2128 5040 quemadmodum
2158 4987 2300 5041 saepe

712 5064 931 5127 propter
956 5056 1228 5126 spinarum
1255 5059 1644 5115 multitudinem
1663 5101 1679 5127 ,
1717 5076 1780 5116 ac
1807 5062 2070 5117 malorum
2106 5065 2302 5133 grami-

714 5164 841 5203 num
873 5158 1030 5204 terrze
1062 5151 1220 5206 facies
1251 5167 1318 5207 ne
1359 5162 1581 5223 apparet
1613 5153 1827 5224 quidem
1859 5173 1872 5209 :
1900 5156 1977 5210 sic
2014 5166 2066 5211 et
2110 5157 2300 5210 animm

714 5251 912 5296 nostra
937 5242 1183 5314 nobilitas
1203 5245 1509 5315 puritasque
1531 5246 1749 5301 minime
1769 5248 2076 5317 apparebat,
2103 5264 2301 5318 quous-

714 5349 821 5402 que
868 5345 1072 5390 naturae
1129 5335 1377 5392 humana:
1423 5337 1655 5407 agricola
1706 5339 1972 5403 venisset,
2028 5350 2082 5395 et
2131 5341 2300 5410 ipsam

719 5426 959 5482 immisso
1003 5427 1232 5498 Spiritus
1281 5430 1402 5500 igne
1447 5439 1859 5501 perpurgassot,
1902 5440 2096 5501 atque,
2143 5444 2199 5486 ut
2231 5433 2299 5488 ad

719 5519 1084 5589 excipiendum
1115 5522 1328 5579 caeleste
1354 5539 1538 5579 semen
1569 5525 1758 5579 idonea
1799 5524 2110 5580 redderetur
2131 5567 2145 5592 ,
2171 5523 2301 5582 etle-

716 5618 898 5662 (Ἄδερι.

788 5702 839 5754 5.
883 5701 1048 5756 Tanta
1096 5715 1259 5771 sunt,
1310 5706 1496 5776 hisque
1542 5707 1711 5762 multo
1751 5708 1896 5777 plura
1924 5750 1938 5774 ,
1987 5725 2104 5779 quze
2151 5711 2304 5767 nobis

715 5794 872 5867 hujus
911 5794 1018 5851 diei
1060 5796 1316 5855 beneﬁcio
1347 5798 1485 5854 bona
1524 5799 1870 5856 obvenerunt.
1918 5800 2046 5868 Qua:
2073 5816 2190 5856 cum
2231 5803 2300 5858 ita

1419 367 1474 425 8.
1516 367 1796 426 JOANNIS
1833 364 2313 425 CHRYSOSTOHI
2351 367 2666 426 ARCHIEP.
2709 369 3246 428 CONSTANTINOP.

3865 371 3976 430 468

2376 478 2514 548 sint,
2542 495 2640 536 oro
2667 482 3011 551 obtestorque
3032 498 3150 548 vos,
3182 495 3281 553 pro
3301 480 3564 554 dignitate
3591 491 3974 554 congestorum

2372 572 2425 626 in
2453 586 2550 630 nos
2578 573 2862 641 bonorum,
2894 572 3086 630 festum
3111 587 3210 629 nos
3233 588 3446 645 quoque
3469 574 3828 641 celebremus,
3860 587 3975 628 non

2365 663 2583 733 januam
2617 665 2633 696 ¹
2676 674 3036 729 coronantes,
3083 662 3180 719 sed
3226 664 3434 720 animas
3492 674 3812 728 cementes;
3862 679 3974 717 non

2371 754 2545 810 forum
2577 756 2840 827 tapetibus
2868 764 3211 821 exornantes,
3244 754 3340 810 sed
3369 755 3602 810 animam
3629 753 3972 824 splendidam

2371 846 2586 902 virtutis
2622 826 3134 902 amictu'reddeutes
3154 888 3169 912 ,
3203 855 3260 900 ut
3285 845 3387 900 hoc
3417 854 3576 915 pacto
3619 847 3892 915 possimus
3916 853 3975 899 et

2375 935 2605 1007 Spiritus
2623 939 2849 1008 gratiam
2871 936 3164 1007 suscipere,
3183 945 3239 992 et
3263 935 3468 992 fructus
3496 935 3622 991 inde
3643 935 3976 1006 pullulantes

2371 1028 2682 1099 decerpere.

2446 1121 2548 1189 Qui
2587 1123 2690 1176 sint
2728 1125 2922 1192 fructus
2952 1120 3178 1191 Spiritus
3214 1120 3396 1174 sancti.
3428 1147 3503 1160 -—
3529 1117 3658 1186 Quis
3688 1131 3850 1189 porro
3881 1116 3990 1172 illo

2371 1209 2575 1266 fructus
2615 1220 2701 1267 est
2735 1209 3007 1281 Spiritus?
3053 1210 3349 1266 Audiamus
3391 1210 3613 1265 Paulum
3658 1209 3971 1264 dicentem:

2372 1300 2596 1356 Fructus
2620 1311 2791 1355 autem
2815 1301 3042 1370 Spiritus
3071 1310 3143 1354 est
3170 1300 3378 1364 caritas,
3401 1299 3667 1370 gaudium,
3694 1315 3797 1367 pan:
3823 1297 3972 1368 (Gal.

2372 1393 2426 1448 5.
2453 1391 2570 1461 22).
2600 1391 2735 1447 Vide
2764 1400 2960 1461 quanta
3003 1390 3073 1444 sit
3115 1389 3387 1444 accuratio
3429 1388 3482 1442 in
3512 1389 3688 1442 verbis
3709 1429 3724 1454 ,
3771 1397 3975 1458 quanta

2373 1485 2426 1539 in
2467 1484 2710 1540 doctrina
2740 1482 3112 1539 convenientia
3145 1497 3159 1534 :
3191 1479 3451 1550 praemisit
3493 1477 3770 1533 caritatem
3795 1518 3809 1543 ,
3859 1485 3978 1531 tum

2373 1576 2627 1647 deinceps
2652 1591 2714 1629 ea
2745 1590 2863 1644 qua:
2887 1579 3291 1642 consequuntur
3318 1569 3757 1624 commemoravit
3786 1586 3799 1622 :
3829 1568 3980 1622 radi-

2374 1682 2492 1724 cem
2519 1667 2657 1731 fixit,
2681 1681 2745 1721 ac
2766 1664 2962 1720 deinde
2991 1663 3219 1718 fructum
3249 1660 3536 1726 indicavit;
3563 1659 3976 1714 fundamentum

2371 1758 2533 1829 jecit,
2578 1771 2642 1812 ac
2667 1755 2861 1811 deinde
2886 1754 3168 1809 aedilicium
3199 1751 3485 1821 imposuit;
3528 1765 3559 1804 a
3585 1750 3730 1804 fonte
3765 1749 3979 1803 initium

2374 1849 2545 1916 duxit,
2576 1858 2631 1904 et
2661 1861 2787 1902 mox
2813 1846 2882 1901 ad
2913 1846 3103 1900 ﬂuvios
3128 1843 3366 1900 devenit.
3397 1842 3515 1896 Non
3555 1842 3697 1897 enim
3730 1841 3843 1895 fieri
3879 1857 3979 1910 po-

2377 1947 2515 2005 test,
2546 1951 2602 1994 ut
2642 1937 2818 2008 gaudii
2865 1936 3089 1991 materia
3135 1948 3234 1989 nos
3262 1940 3633 1997 commoveat,
3666 1932 3977 2001 priusquam

2376 2034 2603 2088 aliorum
2629 2030 3039 2100 prosperitatem
3071 2035 3310 2082 nostram
3339 2025 3600 2081 ducamus
3621 2065 3636 2091 ,
3665 2031 3719 2078 et
3747 2023 3978 2092 proximi

2379 2123 2519 2179 bona
2551 2120 2764 2191 propria
2797 2128 3143 2190 reputemus;
3177 2119 3292 2174 haec
3318 2132 3447 2173 vero
3476 2131 3581 2170 non
3611 2115 3826 2170 aliunde
3856 2131 3982 2184 pro-

2379 2229 2596 2269 manare
2633 2221 2833 2283 queunt
2863 2226 3022 2282 quam
3069 2211 3209 2281 quod
3239 2209 3477 2264 caritatis
3505 2208 3583 2262 vis
3615 2207 3979 2277 prmvaluerit,

2379 2315 2541 2374 atque
2569 2305 2897 2358 dominatus.
2943 2301 3152 2358 Caritas
3182 2300 3334 2355 radix
3365 2309 3447 2355 est
3478 2309 3532 2354 et
3560 2298 3678 2354 fons
3705 2311 3985 2368 materque

2382 2407 2695 2451 cunctorum
2743 2395 3054 2449 bonorum:
3093 2393 3291 2448 etenim
3338 2401 3606 2462 tamquam
3653 2389 3805 2444 radix
3853 2405 3985 2444 sex-

2381 2497 2568 2541 centos
2596 2487 2850 2539 virtutum
2881 2497 3059 2536 ramos
3103 2469 3401 2551 germinat,
3435 2480 3588 2551 quasi
3634 2478 3753 2533 fons
3783 2479 3987 2533 multos

2383 2579 2567 2634 latices
2608 2575 2910 2647 profundit,
2954 2581 3009 2628 et
3037 2582 3097 2628 ut
3125 2581 3298 2627 mater
3321 2574 3527 2642 gremio
3553 2586 3650 2626 suo
3675 2570 3740 2624 ad
3770 2585 3831 2625 se
3854 2585 3988 2625 con-

2383 2668 2645 2739 fugientes
2671 2676 2817 2720 arcte
2843 2665 3242 2734 complectitur.
3273 2661 3427 2729 Quod
3457 2660 3675 2731 quidem
3703 2675 3825 2715 cum
3851 2659 3986 2716 bea-
4062 2677 4063 2680 ‘

2386 2771 2470 2815 tus
2503 2760 2695 2814 Paulus
2723 2757 2888 2828 probe
2913 2763 3115 2821 nosset,
3144 2754 3374 2810 fructum
3400 2753 3627 2823 Spiritus
3651 2766 3770 2806 eam
3799 2752 3990 2822 appel-

2387 2851 2508 2906 lavit
2547 2869 2558 2903 :
2592 2850 2716 2903 alibi
2744 2863 2870 2903 vero
2902 2856 3100 2902 tantam
3127 2845 3320 2900 detulit
3354 2846 3402 2900 ei
3447 2844 3886 2914 praerogativam,
3925 2852 3989 2897 ut

2387 2958 2506 2998 eam
2539 2942 2669 3012 legis
2716 2937 3096 3010 plenitudinem
3142 2936 3468 3007 appellarit:
3499 2933 3778 3000 Plenitudo
3818 2934 3989 2999 enim,

2390 3035 2593 3105 inquit,
2623 3033 2745 3103 legis
2773 3041 2844 3086 est
2875 3032 3060 3083 caritas
3091 3029 3270 3098 (Rom.
3299 3029 3385 3082 15.
3411 3026 3521 3098 10).
3553 3027 3843 3081 Enimvero
3873 3026 3993 3096 ipse

2392 3126 2628 3181 omnium
2659 3123 2913 3178 Dominus
2955 3129 3226 3190 tamquam
3266 3117 3680 3188 descriptionem
3722 3114 3994 3170 sufﬁcien-

2394 3211 2499 3272 tem
2530 3224 2584 3271 et
2613 3214 2718 3269 tide
2747 3212 2968 3282 dignum
3000 3210 3292 3280 Specimen,
3317 3218 3376 3263 ut
3399 3208 3522 3277 quis
3552 3220 3610 3261 se
3639 3207 3806 3276 ipsius
3832 3205 3997 3259 disci-

2392 3311 2572 3380 pulum
2602 3306 2872 3376 probaret,
2895 3318 3000 3359 non
3028 3300 3172 3357 aliud
3202 3315 3359 3371 quam
3389 3299 3530 3370 quod
3556 3313 3586 3352 a
3610 3299 3832 3353 caritate
3856 3300 4000 3368 peti-

2393 3411 2512 3470 tur,
2546 3399 2698 3454 nobis
2741 3395 3050 3466 proposuit,
3084 3409 3204 3448 cum
3239 3391 3412 3446 dixit:
3446 3389 3510 3442 In
3560 3391 3652 3443 hoc
3691 3399 3998 3456 cognoscent

2393 3508 2596 3563 omnes,
2629 3490 2750 3560 quia
2779 3485 3021 3556 discipuli
3061 3487 3158 3539 mei
3200 3485 3316 3539 estis
3335 3524 3350 3549 ,
3383 3486 3428 3538 si
3458 3483 3774 3536 dilectionem
3802 3481 3999 3536 habue-

2393 3588 2506 3639 ritis
2535 3592 2602 3637 αα
2629 3581 2840 3636 invicem
2863 3579 3040 3652 (Joan.
3070 3579 3156 3632 15.
3183 3579 3298 3648 55).
3323 3575 3683 3644 Quamobrem
3703 3573 3770 3629 ad
3799 3577 3996 3645 ipsam,

2395 3690 2614 3748 qumso,
2661 3673 3026 3742 confugiamus
3053 3676 3276 3734 omnes,
3308 3669 3464 3737 eique
3495 3666 3900 3732 adbaareamus,
3944 3677 4001 3720 et

2396 3782 2519 3822 cum
2570 3767 2683 3835 ipsa
2736 3763 3074 3819 festivitatem
3123 3759 3259 3813 hanc
3305 3758 3652 3827 excipiamus.
3700 3756 3800 3811 Ubi
3850 3757 3999 3811 enim

2400 3863 2615 3926 caritas,
2645 3859 2837 3913 animae
2863 3865 3079 3911 cessant
3106 3853 3381 3918 delectus;
3415 3851 3506 3905 ubi
3539 3851 3735 3905 caritas
3754 3851 3806 3913 ’,
3838 3850 4000 3906 alieni

2397 3971 2428 4010 a
2454 3955 2660 4009 ratione
2697 3950 2892 4007 mentis
2918 3948 3144 4004 insultns
3169 3945 3338 4001 sedati
3364 3953 3507 3998 sunt.
3539 3940 3758 4009 Caritas,
3801 3943 3998 4014 inquit,

2402 4064 2502 4102 non
2545 4046 2650 4118 agit
2694 4058 2994 4114 perperam,
3041 4056 3143 4094 non
3178 4038 3430 4109 inﬂatur,
3475 4053 3577 4089 non
3623 4045 3696 4089 est
3731 4036 4004 4090 ambitiosa

2406 4141 2480 4212 (1.
2505 4139 2624 4194 Cor.
2647 4139 2732 4193 15.
2752 4137 2804 4191 4.
2829 4134 2883 4206 5)
2909 4153 2922 4188 :
2949 4135 3144 4189 caritas
3170 4132 3366 4186 malum
3397 4130 3641 4199 proximo
3669 4144 3774 4183 non
3804 4129 4000 4194 infert;

2404 4232 2493 4286 ubi
2523 4230 2717 4284 caritas
2759 4226 3099 4290 dominatur,
3144 4222 3390 4292 nuspiam
3418 4221 3549 4275 Cain
3591 4221 3869 4286 cernitur,
3912 4223 4005 4290 qui

2402 4322 2618 4376 fratrem
2649 4317 2876 4375 occidat.
2923 4317 3074 4372 Tolle
3118 4313 3319 4369 fontem
3347 4312 3560 4368 invidiae
3584 4353 3598 4378 ,
3640 4321 3694 4367 et
3733 4312 4004 4367 malorum

2404 4414 2643 4468 omnium
2674 4410 2871 4464 ﬂumen
2899 4407 3190 4471 sustulisti;
3223 4403 3476 4460 exscinde
3504 4402 3772 4467 radicem,
3802 4412 3858 4457 et
3884 4402 4004 4458 fru-

2404 4489 2546 4559 ctum
2590 4502 2744 4558 simul
2789 4499 3085 4556 exseidisti.
3132 4497 3258 4551 Hanc
3288 4510 3413 4549 vero
3453 4509 3518 4549 eo
3547 4494 3795 4549 dicuntur
3824 4509 3855 4548 a
3893 4483 4006 4562 me,

2404 4594 2545 4667 quod
2571 4595 2639 4648 de
2668 4593 2733 4647 iis
2764 4592 2852 4662 qui
2880 4590 3121 4645 invident
3139 4631 3153 4653 ,
3187 4587 3355 4656 magis
3383 4589 3483 4638 sim
3511 4584 3773 4644 sollicitus
3794 4625 3810 4650 ,
3841 4601 4003 4656 quam

2405 4687 2472 4743 de
2497 4688 2560 4742 iis
2583 4685 2775 4756 quibus
2804 4682 3090 4738 invidetur.
3121 4679 3198 4735 llli
3228 4679 3370 4732 enim
3397 4684 3557 4742 sunt,
3589 4677 3678 4746 qui
3711 4676 4006 4730 maximam

2407 4779 2608 4834 faciunt
2625 4778 2912 4846 jacturam,
2937 4773 3266 4840 multamque
3288 4769 3386 4824 sibi
3408 4768 3698 4838 perniciem
3722 4767 4006 4833 invehunt;

2407 4889 2530 4929 nam
2572 4871 2676 4925 illis
2703 4867 2920 4939 quidem
2951 4865 3142 4936 quibus
3175 4862 3442 4918 invidetur
3463 4902 3478 4926 ,
3518 4859 3645 4915 illud
3670 4901 3684 4924 ,
3714 4859 3760 4913 si
3788 4860 4008 4928 quidem
4056 4919 4057 4924 η

2409 4958 2610 5029 velint,
2662 4963 2938 5019 materiam
2984 4958 3140 5014 aﬂert
3187 4969 3528 5020 coronarum,
3569 4953 3709 5022 quod
3752 4949 4011 5006 imitliatn

2410 5060 2694 5131 patiantur.
2746 5059 2824 5110 Ac
2868 5053 3010 5119 vide,
3052 5064 3256 5122 quzeso,
3304 5063 3410 5117 quo
3455 5057 3610 5115 pacto
3652 5047 3830 5113 justus
3874 5045 4010 5098 Abel

2410 5151 2711 5208 celebretur
2753 5145 2997 5202 laudibus
3023 5184 3038 5211 ,
3069 5151 3122 5196 et
3164 5142 3216 5196 in
3254 5139 3370 5194 dies
3405 5135 3684 5206 prmconiis
3728 5135 4008 5200 clleratur,

2411 5241 2553 5313 quod
2583 5240 2745 5294 cmdis
2773 5251 2931 5293 causa
2961 5232 3187 5289 celebris
3227 5230 3458 5284 nominis
3486 5225 3825 5281 occasionem
3862 5237 4009 5279 attu-

2413 5335 2551 5390 lerit.
2582 5336 2756 5402 Atque
2793 5330 2880 5385 hic
2917 5326 3129 5398 quidem
3161 5333 3282 5396 post
3317 5323 3520 5377 obitum
3560 5318 3719 5374 etiam
3765 5334 3862 5387 per
3889 5335 4012 5372 sm-

2413 5429 2624 5498 guinem
2654 5426 2908 5479 audacter
2952 5420 3186 5490 loquitur
3209 5459 3223 5484 ,
3255 5425 3310 5472 et
3351 5415 3493 5471 clara
3523 5427 3655 5468 voce
3685 5414 4008 5482 parricidam

2414 5529 2630 5577 accusat
2671 5517 2823 5589 (Gen.
2851 5517 2900 5572 4.
2931 5513 3027 5585 10)
3058 5531 3071 5569 :
3105 5512 3197 5568 ille
3239 5520 3414 5566 autem
3445 5517 3717 5578 superstes
3759 5507 4011 5560 videlicet

2479 5685 2494 5715 1

2479 5747 2499 5776 ³
2703 5676 3014 5804 ﬁmi-nas,
3028 5732 3152 5804 inde
3171 5731 3423 5804 expulistis
3447 5729 3675 5780 acerbum
3699 5725 3900 5778 invidia
3916 5721 4010 5786 spi-

2415 5802 2717 5859 culnmft‘bi
2742 5807 2908 5864 regnat
2933 5802 3129 5858 caritas,
3156 5803 3251 5845 etc.
