4070 6424
169 361 277 419 ιω

157 487 390 545 operum
415 455 644 531 fructum
680 485 775 543 per
801 484 1027 543 operum
1068 467 1371 530 mercedem
1414 475 1656 546 recepit,
1682 483 1759 540 et

157 579 392 637 gemens
419 562 763 636 tremensque
787 563 951 618 vitam
995 563 1050 618 in
1083 564 1240 619 terris
1279 563 1533 622 traduxit.
1575 566 1645 619 At
1676 565 1761 620 hic

157 656 483 712 interfectus
509 661 565 710 et
586 653 773 725 iacens
813 655 866 710 in
895 650 1053 721 terra,
1085 666 1206 725 post
1223 656 1428 712 obitum
1455 655 1619 713 etiam
1645 672 1763 712 ma-

155 749 284 816 jore
338 761 464 802 eum
517 731 712 806 ﬁducia
771 747 1021 817 loquendi
1082 746 1388 805 facultatem
1438 749 1765 805 ostentabat.

156 837 236 892 Et
268 837 720 908 quemadmodum
756 838 906 893 illum
949 839 1028 894 sic
1051 837 1319 894 afﬁciebat
1347 847 1621 910 peccatum
1647 880 1661 906 ,
1708 846 1768 895 ut

152 929 467 984 etiamnum
506 925 694 984 vivens
738 928 1003 986 infelicius
1046 928 1272 985 mortuis
1299 931 1460 985 vitam
1503 929 1763 1001 degeret:

153 1019 245 1074 sic
278 1026 336 1074 et
374 1018 538 1074 istum
579 1027 700 1090 post
741 1028 971 1075 mortem
1012 1019 1176 1077 etiam
1216 1020 1387 1076 virtus
1414 1020 1764 1077 illustriorem

154 1110 426 1168 reddidit.
450 1110 712 1180 Quocirca
743 1124 842 1166 nos
865 1125 1080 1183 quoque
1106 1118 1167 1167 ut
1200 1112 1461 1182 majorem
1499 1120 1572 1182 et
1592 1111 1680 1167 hic
1714 1119 1770 1168 et

157 1203 283 1259 illic
303 1194 552 1259 fiduciam
579 1202 733 1258 nobis
758 1203 1128 1272 conciliemus,
1155 1212 1223 1258 ut-
1239 1203 1553 1276 ampliorem
1573 1219 1640 1261 ex
1666 1203 1768 1262 hac

157 1293 465 1350 festivitate
494 1293 733 1350 laetitiam
774 1292 1148 1364 decerpamus,
1180 1295 1360 1351 omnia
1401 1295 1618 1367 quidem
1644 1297 1766 1352 ani-

159 1400 276 1442 ma:
316 1384 534 1462 sordida
582 1387 900 1444 vestimenta
944 1387 1250 1458 rejiciamus
1267 1429 1284 1454 ,
1331 1390 1601 1461 przecipue
1639 1404 1769 1447 vero

160 1493 273 1534 nos
298 1476 513 1534 invidia:
533 1487 682 1536 veste
700 1479 1016 1550 spoliemus.
1041 1478 1192 1536 Licet
1212 1480 1357 1536 enim
1382 1491 1764 1538 sexcentarum

159 1576 321 1623 recte
342 1567 602 1624 factorum
627 1569 876 1625 meritum
899 1570 1202 1626 cumulasse
1220 1570 1516 1639 videamur,
1541 1573 1587 1629 si
1614 1589 1648 1628 n
1667 1573 1770 1630 ibis

162 1655 294 1711 hac
318 1656 514 1713 acerba
543 1666 784 1729 tetraque
807 1658 923 1714 lues
951 1661 1226 1732 negotium
1262 1661 1520 1729 facessat,
1552 1662 1604 1718 in
1627 1663 1768 1720 nbi-

163 1744 288 1801 lum
329 1756 520 1804 cuncta
566 1748 825 1805 recident.
871 1749 1028 1806 Faxit
1052 1751 1194 1807 Deus
1221 1761 1277 1808 ut
1308 1752 1426 1824 ejus
1454 1769 1554 1810 nos
1580 1769 1770 1812 omt‘cs

162 1846 428 1909 expertes
467 1840 658 1908 simus,
699 1848 862 1912 atque
884 1840 963 1898 illi
1007 1842 1240 1900 maxime
1281 1847 1370 1917 qui
1402 1843 1659 1902 hodierna
1683 1843 1771 1902 die

1173 359 1261 415 DE
1292 358 1559 417 SANCTA
1594 360 2071 421 PENTECOSTE.
2101 355 2336 416 HOMIL.
2368 357 2432 414 ιι.

3357 362 3464 420 ιτα

1869 489 1966 546 per
2007 477 2232 548 gratiam
2291 468 2487 534 lavacri
2530 484 2768 534 veterem
2826 486 3170 548 peccatorum
3211 475 3466 541 amictum
3547 503 3553 510 -

1869 568 2198 649 apjeecrunt,
2228 577 2284 624 et
2308 569 2476 640 ipsius
2501 567 2633 634 solis
2653 567 2817 624 radiis
2837 568 3088 623 mmuium
3105 567 3216 639 jam
3243 577 3468 638 possunt

1869 658 2048 714 lumen
2092 657 2387 716 eﬂ'undere.
2434 659 2543 716 Vos
2588 658 2752 730 igitur
2796 657 3023 725 hortor,
3071 657 3161 727 qui
3209 658 3369 714 hodie
3417 660 3467 712 in

1869 748 2212 819 adoptionem
2253 750 2770 821 transcriptiestis,
2817 751 2908 822 qui
2952 749 3293 820 splendidum
3325 749 3468 804 hunc

1870 843 2122 897 amictum
2150 842 2416 909 induistis,
2446 841 2593 896 omni
2625 841 2889 908 custodia,
2931 856 3038 913 quo
3076 843 3220 896 nunc
3259 838 3468 911 prmditi

1869 934 2031 1002 estis,
2061 933 2401 1005 splendorem
2438 944 2790 1003 conscrvate,
2819 943 2981 1006 atque
3018 929 3168 989 omni
3209 947 3276 988 ex
3322 941 3472 1002 parte

1871 1025 2086 1082 diabolo
2129 1025 2333 1082 aditum
2397 1026 2775 1094 intercludite,
2825 1035 2884 1081 ut
2923 1024 3210 1096 copiosiori
3269 1025 3470 1096 Spiritu

1872 1119 2044 1191 gratia
2072 1127 2321 1191 percepta
2351 1111 2678 1175 fructiﬁcare
2708 1110 2925 1189 possitis
2957 1133 3118 1173 unum
3151 1117 3386 1190 triginta,
3418 1125 3474 1172 ct

1872 1228 2036 1270 unum
2081 1215 2389 1285 sexaginta,
2439 1222 2494 1269 et
2537 1228 2701 1268 unum
2747 1221 2960 1269 centum
3003 1229 3018 1266 :
3061 1221 3120 1267 ut
3163 1209 3471 1268 el‘liciamiui

1871 1304 2018 1376 digni
2043 1304 2132 1375 qui
2161 1319 2282 1359 cum
2312 1302 2503 1359 fiducia
2533 1303 2666 1376 Regi
2702 1303 2957 1359 czclorum
2995 1302 3315 1370 oceurratis,
3347 1317 3470 1358 cum

1872 1405 2127 1454 "venturus
2171 1394 2362 1463 fuerit,
2407 1395 2661 1467 omnique
2688 1409 2941 1451 sermone
2979 1393 3290 1450 sublimiora
3333 1393 3470 1449 bona

1871 1486 2253 1544 distributurus
2289 1486 2423 1554 illis,
2454 1486 2543 1558 qui
2573 1496 2891 1558 praesentem
2923 1487 3082 1540 vitam
3121 1501 3243 1541 cum
3280 1485 3476 1541 virtute

1875 1577 2270 1649 transegerint.
2309 1578 2364 1633 in
2413 1577 2640 1651 Christo
2672 1576 2801 1634 Jesu
2848 1577 3076 1633 Domino
3122 1585 3343 1644 nostro,
3388 1576 3471 1630 cui

1872 1669 2041 1742 gloria
2064 1676 2118 1724 et
2142 1676 2384 1740 potestas
2407 1684 2549 1727 nunc
2574 1677 2630 1726 et
2652 1683 2888 1744 semper.
2914 1678 2970 1725 et
3006 1670 3060 1725 in
3086 1669 3279 1725 saecula
3301 1682 3466 1726 sarcu-

1877 1761 2073 1817 lorum.
2102 1761 2294 1817 Amen.
