4070 6422
605 352 704 406 ΠΙ
1297 346 1354 400 S.
1397 341 1678 400 JOA‘NMS
1718 336 2204 398 CHRYSOSTOMI
2245 340 2566 396 AllfllllEP.
2607 339 3148 398 CONSTANTINOP.
3753 343 3862 399 472

619 481 1213 509 mm

2925 478 3207 490 ⁸.-

1675 494 1924 503 _.—_..—__—

3440 493 3813 506 ﬂ

1231 718 1351 804 lN
1429 715 1778 804 PAULI
1858 714 2392 806 ENCOMIA
2473 717 3207 812 ADMONITIO.

674 959 782 1016 llas
805 959 872 1015 de
897 958 1039 1016 beati
1071 958 1221 1014 Pauli
1249 959 1502 1015 laudibus
1523 959 1815 1015 conciones
1850 975 2155 1016 memorare
2203 962 2416 1017 videtur
2445 963 2876 1035 Chrysostomus
2897 980 3062 1035 supra
3092 968 3146 1020 in
3174 965 3397 1020 homilia
3439 965 3518 1020 De
3563 963 3854 1029 Kalendis,

602 1052 694 1108 ubi
716 1051 795 1106 sic
822 1050 984 1106 habet
1004 1049 1107 1106 sub
1137 1050 1352 1105 initium
1377 1050 1442 1105 T.
1493 1050 1536 1115 Ι,
1563 1066 1616 1120 p.
1642 1048 1748 1105 698
1774 1065 1788 1102 :
1817 1049 2016 1121 Πρῴην
2049 1052 2178 1119 γοῦν

2254 1053 2386 1124 ιμῶν
2433 1054 2886 1124 ἐγκωμιαζόντων
2933 1055 3025 1109 τὸν
3083 1056 3347 1127 μακάριον
3399 1055 3629 1120 Παῦλον,
3681 1056 3861 1118 οὕτως

603 1144 984 1213 ὲσκιρτήσατε,
1024 1143 1099 1206 ὡς
1122 1141 1286 1196 αὐτὸν
1314 1141 1546 1212 ὁρῶντες
1573 1141 1884 1212 παρόντα...
1920 1141 2014 1194 καὶ
2051 1142 2352 1214 ἐϐουλόμην
2382 1144 2480 1215 μὲν
2509 1146 2589 1207 εις
2618 1145 2717 1215 τὴν
2742 1146 2912 1216 αὐτὴν
2945 1146 3196 1199 ὑπόθεσιν
3233 1143 3531 1215 καταϐῆναι
3563 1144 3658 1196 καὶ
3685 1146 3864 1214 τήμε-

618 1249 730 1302 ρον,
759 1233 896 1287 ἀλλὰ
929 1232 1065 1304 πρὸς
1105 1233 1270 1303 ῑτερα
1294 1232 1684 1300 κατεπείγοντα
1715 1232 1846 1302 ἡμῖν
1899 1233 1927 1285 ὀ
1965 1231 2120 1300 λόγος
2146 1232 2419 1304 ὥρμηται,
2453 1233 2521 1286 τὰ
2562 1235 2801 1306 σήμερον
2851 1234 2959 1288 ὑπὸ
2983 1236 3082 1306 τῆς
3110 1235 3315 1299 πόλεως
3349 1235 3566 1304 ἁπάσης
3600 1233 3862 1303 ἁμαρτη-

605 1323 787 1379 θέντα.
826 1325 966 1390 Τοὺς
993 1324 1102 1396 γὰρ
1140 1326 1431 1389 ἀκούοντας
1450 1324 1559 1378 τῶν
1593 1323 1883 1394 ἐγκωμίων
1929 1323 2166 1391 Παύλου,
2192 1326 2456 1397 πρότερον
2497 1327 2595 1396 τῆς
2623 1327 2825 1398 ἀρετῆς
2851 1327 2945 1381 τοῦ
2997 1325 3212 1380 Παύλου
3272 1327 3520 1396 ζηλωτὰς
3549 1323 3689 1378 εἶναι
3723 1326 3866 1394 χρὴ.

604 1419 698 1472 καὶ
720 1417 976 1488 τοιαύτης
1001 1418 1317 1489 ἀκροάσεως
1344 1418 1547 1484 ἀξίους.
1586 1416 1643 1471 Id
1683 1425 1787 1481 est,
1824 1417 2010 1486 Nuper
2040 1417 2203 1487 igitur

2256 1433 2354 1470 tum
2384 1417 2593 1472 beatum
2645 1418 2879 1472 Paulum
2928 1419 3178 1473 encomiis
3211 1417 3615 1483 relebruremus,
3658 1419 3736 1470 ita
3763 1432 3863 1469 ex—

605 1511 920 1574 sultnvistis,
949 1512 1102 1580 quasi
1125 1512 1298 1581 ipsum
1324 1522 1632 1582 prwsentent
1678 1513 2010 1566 uidissetis...
2049 1511 2296 1566 Volebam
2325 1522 2500 1566 autem
2529 1513 2583 1566 in
2616 1513 2754 1567 idem
2778 1529 2980 1584 quoque
3021 1521 3389 1583 argumentum
3438 1512 3591 1565 hodie
3635 1512 3862 1564 desceno

606 1603 726 1655 dere
755 1618 774 1655 :
813 1602 904 1654 sed
936 1601 1004 1654 ad
1030 1602 1138 1654 alia
1161 1600 1422 1671 quadam,
1448 1619 1566 1672 qua:
1593 1605 1762 1672 magis
1789 1613 1994 1671 urgent,
2037 1603 2206 1655 oratio
2239 1614 2422 1657 nostra
2467 1605 2790 1674 provehitur,
2821 1607 2876 1659 in
2906 1605 3094 1676 quibus
3123 1622 3157 1659 a
3187 1613 3298 1659 tota
3319 1604 3472 1658 hodie
3500 1607 3712 1658 ciuitate
3741 1619 3867 1671 pec-

606 1701 778 1745 catur.
823 1691 929 1745 an
962 1692 1102 1745 enim
1138 1692 1228 1762 qui
1246 1694 1490 1746 'encomia
1523 1692 1685 1747 Pauli
1711 1695 1898 1748 audire
1944 1695 2181 1762 cupiunt,
2211 1696 2358 1764 prius
2381 1697 2587 1750 virtutis
2619 1694 2781 1749 Pauli
2814 1700 3030 1750 aemulos
3060 1712 3170 1751 esse
3199 1705 3423 1765 oportet,
3461 1706 3510 1750 et
3543 1695 3862 1764 hujusmodi

607 1788 854 1840 concione
879 1789 1083 1859 dignos.
1117 1786 1218 1842 Hic
1247 1788 1396 1843 vides
1422 1788 1713 1843 conciones
1739 1796 1848 1842 tum
1884 1787 1995 1857 jam
2021 1788 2257 1853 habitas,
2287 1800 2398 1843 tum
2430 1799 2549 1858 post
2591 1788 2866 1844 habendas
2890 1790 3203 1857 memorari,
3256 1803 3486 1858 quarum
3519 1789 3779 1852 ὑπάθεσις
3806 1797 3876 1842 et.

609 1890 988 1951 argumentum
1010 1890 1167 1936 erant
1196 1883 1444 1936 encomia
1472 1880 1647 1936 Pauli.
1675 1881 1738 1935 Et
1781 1890 1958 1936 tamen
1986 1881 2337 1939 Hermantius
2370 1885 2623 1953 opinatus
2651 1891 2759 1945 est.
2816 1883 2946 1938 illud
2976 1882 3130 1938 Pauli
3153 1883 3460 1939 encomium
3523 1882 3579 1936 in
3631 1883 3866 1938 homilia

611 1973 686 2028 De
712 1973 967 2030 Kalendis
989 1984 1346 2030 memoratum
1370 1976 1557 2031 haberi
1586 1977 1640 2030 in
1676 1976 1903 2030 homilia
1936 1975 2010 2031 De
2039 1977 2300 2046 petitione
2325 1977 2555 2031 filiorum
2580 1975 2849 2040 Zebedtei,
2877 1992 3026 2030 num.
3061 1975 3114 2041 3,
3151 1976 3243 2030 ubi
3273 1976 3451 2031 obiter
3478 1974 3632 2029 Pauli
3667 1975 3872 2031 laudes

607 2063 1288 2138 attingitChrysostomus.
1323 2065 1705 2122 Tillemontius
1738 2082 1889 2141 vero,
1953 2067 2154 2137 rejecta
2215 2066 2514 2121 Hermantii
2547 2068 2825 2137 Opinione,
2883 2077 3033 2138 putat
3058 2067 3340 2122 honiiliam
3389 2066 3445 2121 in
3472 2067 3739 2122 concione
3786 2064 3872 2122 De

608 2160 866 2216 Kalendis
900 2173 1261 2218 memoratam
1285 2178 1401 2219 eam
1425 2178 1568 2228 esse,
1594 2163 1681 2217 cui
1711 2162 1924 2228 titulus,
1955 2164 2151 2228 Quales
2175 2162 2426 2216 ducenda:
2476 2163 2582 2216 sint
2615 2177 2827 2232 uxores,
2857 2161 2947 2216 ubi
2997 2160 3199 2216 Paulus
3229 2160 3524 2215 identidem
3567 2159 3851 2214 laudatur.
3892 2157 3900 2161 ’

608 2255 832 2321 Verum,
865 2265 924 2310 ut
946 2270 1009 2310 ex
1039 2255 1291 2325 superius
1324 2254 1502 2310 allatis
1531 2255 1712 2310 verbis
1734 2255 2002 2324 liquidum
2025 2263 2128 2318 est,
2161 2269 2269 2308 non
2301 2255 2478 2323 agitur
2497 2254 2576 2334 ibi
2602 2254 2668 2308 de
2697 2253 2952 2308 laudibus
2977 2250 3151 2314 Pauli,
3172 2267 3309 2322 quas
3331 2250 3688 2306 concionibus
3713 2251 3866 2312 suis.

606 2351 899 2420 cujuslibet
929 2350 1149 2405 tandem
1185 2350 1486 2422 argumenti
1517 2350 1646 2416 sint,
1673 2350 1876 2419 passim
1901 2349 2182 2418 obiterque
2208 2349 2478 2403 interserit
2501 2348 2950 2419 Chrysostomus,
2975 2346 3121 2416 quod
3152 2345 3452 2416 saepissime
3483 2360 3615 2400 sane
3645 2344 3870 2398 contin-

608 2447 725 2513 git;
755 2445 847 2500 sed
879 2444 946 2499 de
981 2444 1333 2499 concionibus
1383 2443 1652 2512 plurimis,
1683 2459 1914 2513 quarum
1944 2451 2326 2512 argumentum
2372 2451 2526 2504 erant
2575 2439 3006 2520 encomialPauli
3044 2459 3056 2496 :
3093 2443 3160 2493 ad
3186 2441 3442 2505 eamdem,
3495 2440 3693 2509 inquit,
3733 2455 3872 2493 rur-

607 2553 697 2590 sua
719 2535 1029 2604 hypotltcsin
1057 2532 1365 2587 descendere
1391 2534 1626 2587 volebam
1651 2553 1670 2601 ;
1705 2535 1856 2607 [475]
1890 2537 1991 2590 hoc
2014 2544 2117 2600 est,
2143 2551 2336 2590 rursus
2364 2535 2429 2589 de
2453 2529 2605 2589 Pauli
2630 2535 2882 2589 laudibus
2915 2533 3233 2588 concionari
3268 2535 3514 2589 volebam
3544 2549 3558 2584 :
3593 2547 3703 2602 quo
3723 2532 3869 2605 quid

608 2626 780 2690 aliud,
816 2639 1025 2694 quaeso,
1060 2623 1291 2678 indicari
1322 2625 1516 2694 possit,
1548 2639 1712 2693 quam
1749 2625 1984 2680 ltomiliaa
2007 2625 2073 2679 de
2100 2623 2270 2679 Paulo
2293 2627 2558 2693 apostolo,
2588 2625 2655 2678 de
2677 2625 2876 2693 quibus
2909 2639 3054 2676 nunc
3080 2621 3335 2693 agimus?

681 2715 750 2771 Ut
779 2729 984 2772 certum
1011 2725 1096 2771 est
1127 2717 1223 2769 has
1253 2715 1543 2770 conciones
1571 2717 1874 2772 Antiochiae
1909 2717 2122 2772 habitas
2157 2716 2362 2783 fuisse;
2397 2731 2520 2770 nam
2555 2715 2608 2769 id
2661 2725 2846 2784 aperte
2889 2715 3092 2768 iudicat
3145 2714 3572 2784 Chrysostomus
3623 2707 3858 2764 ltomilia

613 2817 808 2878 quarta
839 2808 905 2863 de
931 2807 1084 2861 Pauli
1113 2807 1382 2873 laudibus,
1407 2807 1498 2863 ubi
1528 2808 1596 2863 de
1629 2790 1828 2879 templo
1851 2796 2115 2880 Apollinis
2139 2809 2193 2864 iu
2222 2810 2485 2886 suburbio
2531 2809 2781 2878 Daphnes
2805 2825 2835 2862 a
2870 2807 3095 2862 fulmine
3125 2816 3267 2862 tacto
3301 2806 3463 2859 verba
3489 2803 3616 2857 facit
3648 2820 3662 2856 :
3689 2803 3763 2856 ita
3788 2799 3864 2857 de

612 2917 780 2968 anno,
808 2915 916 2971 quo
945 2901 1060 2956 haec
1087 2902 1445 2957 coneionatns
1470 2913 1573 2968 est,
1604 2903 1739 2957 nihil
1767 2903 1847 2958 vel
1872 2913 2080 2958 certum
2107 2905 2192 2958 vel
2228 2903 2520 2957 admodum
2554 2902 2832 2972 probabile
2880 2901 3043 2957 statui
3075 2907 3268 2969 potest.
3299 2899 3356 2951 Si
3381 2904 3550 2952 staret
3601 2893 3852 2949 calculus

611 2992 964 3058 Tillentoutii,
993 3009 1104 3063 quo
1135 2994 1416 3048 homiliam
1443 2994 1510 3047 de
1542 2992 1800 3049 Kalendis
1831 2993 1996 3048 refert
2017 2994 2070 3047 in
2109 3009 2310 3048 annum
2339 2995 2464 3058 387,
2512 2994 2639 3048 biuc
2667 3002 2852 3048 notam
2885 2992 3010 3045 anni
3035 3005 3227 3045 eruere
3280 2989 3487 3043 liceret.
3522 2984 3758 3049 Etenim,
3796 2988 3865 3038 ut

613 3095 739 3141 ante
764 3086 1024 3150 diximus,
1057 3085 1280 3139 bomilia
1306 3085 1394 3140 illa
1431 3084 1506 3140 De
1538 3084 1795 3140 Kalendis
1833 3095 1955 3154 post
2001 3088 2235 3156 aliquam
2261 3101 2329 3140 ex
2353 3084 2437 3137 his
2460 3098 2664 3152 septem
2696 3083 2762 3138 de
2816 3082 2984 3136 Paulo
3042 3080 3401 3136 concionibus
3451 3078 3633 3133 habita
3683 3075 3860 3132 fuisse

615 3179 850 3242 videtur,
881 3193 1110 3248 eamque
1133 3191 1341 3233 caetera:
1367 3187 1552 3248 postea
1582 3179 1648 3232 de
1679 3177 1847 3231 Paulo
1877 3179 2110 3233 homilitc
2157 3180 2463 3235 subsecuta:
2502 3185 2630 3230 sunt
2689 3173 2892 3229 Verum
2925 3175 3015 3228 illa
3047 3171 3376 3227 Tillemontii
3403 3167 3730 3238 computatio
3761 3164 3852 3222 vel

615 3271 914 3336 levissimo,
942 3270 1025 3324 vel
1053 3270 1232 3339 potius
1268 3271 1418 3322 nullo
1451 3270 1642 3323 nititur
1670 3281 2011 3338 argumento,
2047 3278 2107 3323 ut
2143 3274 2198 3324 in
2231 3269 2434 3324 Monito
2464 3269 2528 3322 ad
2552 3282 2672 3320 eam
2701 3265 2776 3320 De
2831 3264 3085 3319 Kalendis
3114 3262 3392 3317 homiliam
3422 3261 3708 3328 probatam
3739 3263 3852 3313 est.

617 3364 728 3418 Hoc
761 3378 928 3416 unum
962 3362 1233 3430 expiscari
1266 3378 1576 3432 possumus,
1612 3378 1733 3416 cum
1761 3363 1983 3417 homilia
2012 3364 2100 3416 illa
2133 3362 2391 3417 Kalendis
2429 3360 2676 3416 Januarii
2703 3360 2887 3412 habita
2913 3358 3093 3417 fuerit,
3125 3372 3190 3410 ex
3214 3353 3573 3409 concionibus
3624 3350 3680 3404 iu
3709 3348 3863 3404 Pau-

615 3454 729 3509 lum
766 3469 879 3516 eas,
905 3468 1026 3524 quae
1055 3453 1334 3507 homilinin
1368 3453 1432 3507 de
1455 3452 1708 3507 Kalendis
1736 3469 2081 3523 prteccssere,
2108 3465 2231 3508 ante
2260 3451 2578 3508 Januatiutn
2603 3467 2617 3517 ;
2652 3465 2746 3504 eas
2769 3463 2895 3504 vero
2937 3462 3057 3516 qua:
3087 3447 3392 3502 subsecuta:
3427 3450 3577 3509 sunt,
3608 3451 3730 3512 post
3757 3438 3874 3496 Ka-

618 3543 808 3600 lendas
837 3542 1081 3598 Januarii
1107 3541 1279 3598 dictas
1309 3541 1498 3598 fuisse.

691 3634 880 3690 Restat
909 3643 969 3688 ut
995 3634 1062 3689 de
1088 3633 1321 3696 Aniano,
1354 3635 1467 3688 sive
1493 3633 1760 3697 Anniane,
1800 3635 1890 3703 qni
1934 3634 2184 3689 homilias
2215 3636 2378 3690 hasce
2419 3633 2608 3688 Latine
2640 3633 3030 3701 interpretatus
3071 3637 3175 3691 est,
3207 3641 3378 3698 pauca
3401 3625 3670 3680 dicamus.
3697 3620 3866 3678 Hune

620 3741 740 3780 esse
772 3724 1123 3779 Celedensem
1157 3724 1307 3776 illum
1331 3725 1620 3779 diaconum
1645 3723 2018 3792 Pelagiauum,
2052 3725 2144 3794 qui
2173 3725 2556 3794 Diospoiitauze
2581 3723 2790 3793 synodo
2834 3719 3100 3784 interfuit,
3127 3718 3406 3784 librosque
3428 3729 3526 3783 pro
3557 3712 3860 3767 asserenda

620 3816 906 3882 Pelagiana
925 3814 1120 3884 haeresi
1147 3815 1390 3883 scripsit,
1420 3815 1643 3868 minime
1683 3814 2019 3877 dubitamus,
2052 3816 2196 3883 quod
2249 3815 2551 3868 luculenter
2579 3811 2827 3882 probavit
2864 3808 3104 3863 Joannes
3146 3805 3466 3867 Garnerius,
3521 3802 3744 3856 Dissert.
3810 3803 3868 3866 1.

622 3917 743 3975 post
765 3905 992 3959 Marium
1023 3905 1397 3976 Mercatorcml,
1425 3921 1546 3974 cap.
1570 3906 1624 3959 7.
1659 3905 1763 3959 Pro
1795 3907 1893 3959 hac
1918 3907 2118 3975 quippe
2142 3906 2398 3975 opinione
2429 3914 2672 3976 pugnant
2695 3888 3022 3957 documenta
3051 3900 3234 3954 omnia
3269 3916 3284 3953 :
3320 3897 3573 3950 nimirum
3603 3893 3863 3964 epistola,

621 4012 787 4065 quant
817 3997 1160 4065 subiicimus,
1193 3997 1262 4051 ad
1295 3996 1624 4066 Evangelum
1655 3997 1828 4059 illum,
1865 3997 2166 4065 Pelagiana:
2191 4006 2350 4052 sectae
2383 3997 2795 4066 presbyterum;
2832 3995 2996 4046 altera
3030 3992 3157 4045 item
3181 3989 3417 4059 epistola
3443 3987 3562 4057 ejus
3593 3985 3659 4040 ad
3687 3985 3875 4040 Oron-

621 4090 758 4144 tium
783 4091 1122 4160 episcopum,
1153 4090 1439 4159 Pelagiano
1463 4091 1635 4144 errori
1661 4092 1958 4154 addictum,
1985 4096 2157 4158 eaque
2186 4091 2253 4143 de
2284 4105 2447 4142 causa
2478 4097 2532 4142 et
2562 4088 2693 4142 sede
2718 4087 2956 4155 pulsum,
2989 4099 3110 4153 quae
3133 4083 3358 4151 epistola
3389 4080 3529 4134 infra
3565 4076 3871 4132 Commen-

622 4181 764 4234 tario
800 4179 856 4234 S.
889 4178 1115 4235 Joannis
1141 4179 1522 4250 Chrysostomi
1584 4183 1635 4234 in
1670 4180 1979 4234 Matthteum
2011 4180 2327 4249 pra'ligitur,
2363 4180 2488 4248 quia
2517 4185 2640 4232 octo
2673 4176 2880 4245 priores
2910 4175 3154 4243 ejusdem
3206 4171 3597 4227 Commentarii
3625 4167 3876 4224 bouiilitn

624 4272 694 4325 ab
723 4272 839 4340 ipso
871 4273 1088 4326 Aniano
1123 4270 1312 4325 Latine
1341 4287 1620 4326 conversae
1653 4283 1800 4336 sunt,
1829 4281 1887 4326 ut
1917 4272 1969 4324 in
2001 4273 2188 4325 eadem
2221 4270 2463 4338 Epistula
2516 4269 2728 4322 dicitur.
2769 4266 2905 4320 Hinc
2942 4267 3131 4320 odiosa
3178 4263 3602 4316 Manichaeorum
3651 4258 3875 4313 Tradu-

624 4364 1016 4432 cianorumque
1042 4361 1282 4427 nomina,
1316 4365 1513 4434 quibus
1549 4363 1608 4418 S.
1639 4364 2025 4433 Augustinum,
2089 4361 2189 4416 etsi
2231 4378 2338 4416 nou
2373 4361 2637 4422 nominet,
2675 4372 2727 4413 et
2757 4358 3066 4413 Catholicos
3101 4357 3290 4427 gratia:
3317 4353 3520 4408 Christi
3550 4349 3877 4406 defensores

625 4451 880 4518 appellat.
912 4451 1153 4520 Denique
1176 4467 1240 4505 ex
1275 4451 1408 4520 ipsis
1435 4453 1670 4506 Anniani
1696 4453 1900 4515 verbis,
1930 4467 2054 4505 eum
2101 4451 2202 4506 has
2231 4451 2520 4504 conciones
2550 4448 2741 4502 Latine
2774 4448 2893 4501 ideo
2925 4446 3267 4500 transtulisse
3291 4444 3556 4512 arguitur,
3581 4440 3726 4510 quod
3760 4454 3872 4508 pu-

626 4549 769 4595 tar’et
795 4539 1087 4610 Pelagiauo
1123 4542 1322 4594 tuendo
1345 4541 1518 4595 errori
1555 4550 1909 4612 opportunas.
1944 4560 1961 4593 ι
1989 4539 2145 4606 Quod
2181 4540 2401 4610 quidem
2462 4554 2620 4608 Opus,
2651 4537 2848 4606 inquit,
2880 4551 2946 4590 eo
2972 4551 3092 4590 esse
3117 4537 3257 4604 apud
3282 4544 3331 4587 te
3367 4532 3654 4586 amabilius
3707 4530 3880 4586 debet

624 4644 678 4688 et
707 4632 937 4702 gratius,
968 4631 1112 4699 quod
1141 4631 1207 4684 de
1237 4640 1548 4684 sanctarum
1579 4631 1984 4700 Scripturarum
2017 4633 2137 4686 luce
2171 4633 2419 4696 rutilans,
2454 4630 2747 4685 clarissimi
2783 4629 2979 4684 sideris
3011 4628 3126 4681 vice
3161 4635 3373 4680 uectem
3397 4622 3678 4677 Manichzei
3706 4639 3872 4678 erro-

626 4728 702 4782 ris
738 4728 994 4796 exagitat.
1029 4725 1302 4790 Quautum
1331 4740 1459 4778 vero
1490 4724 1649 4779 nobis
1679 4726 2068 4780 consolationis
2097 4726 2360 4791 exoritur,
2385 4741 2506 4779 cum
2532 4725 2806 4778 cernimus
2841 4731 2946 4773 tam
2966 4720 3179 4774 erudito
3204 4728 3422 4785 tamque
3451 4716 3646 4770 illustri
3673 4713 3878 4768 Orion.

623 4820 696 4873 tis
732 4819 989 4886 magistro
1011 4833 1150 4880 eam,
1187 4832 1350 4884 quam
1378 4816 1431 4869 in
1462 4816 1617 4870 nobis
1647 4816 2018 4871 Traducianus
2049 4826 2343 4886 oppugnat,
2369 4815 2539 4870 astrui
2571 4816 2873 4875 veritatem,
2901 4826 3062 4881 quam
3086 4818 3232 4863 certe
3250 4809 3440 4862 beatus
3455 4805 3713 4868 Joannes,
3743 4807 3879 4861 utin

627 4911 882 4967 omnibus
906 4912 1058 4965 libris
1074 4909 1418 4970 suis,ita‘hic
1445 4925 1660 4979 quoque
1696 4911 1762 4963 ab
1790 4911 1938 4964 onmi
1971 4910 2234 4964 munitam
2269 4911 2432 4963 latere
2456 4909 2712 4973 custodit,
2738 4915 2936 4972 armat,
2963 4903 3237 4966 accendit,
3269 4912 3326 4955 ut
3351 4904 3598 4955 rideatur
3622 4918 3727 4954 non
3761 4913 3876 4956 tam

624 5014 923 5076 praesentes
951 5005 1273 5057 informasse
1298 5002 1611 5070 discipulos,
1631 5016 1792 5072 quam
1828 4987 1984 5056 tfobis
2009 5011 2199 5055 contra
2221 4996 2358 5056 vera:
2385 5003 2503 5054 fidei
2536 5000 2988 5069 oppugnationem
3016 4996 3215 5050 auxilia
3247 5007 3596 5063 praeparasse.
3623 4991 3879 5056 Quantus

627 5099 773 5153 enim
801 5099 892 5153 ille
925 5098 1183 5151 adversus
1210 5095 1616 5160 necessitatem,
1641 5106 1878 5164 quantus
1900 5111 1996 5164 pro
2038 5095 2208 5152 libero
2251 5096 2420 5162 surgit
2456 5095 2714 5158 arbitrio;
2748 5106 2910 5162 quam
2968 5101 3282 5144 nostrorum
3314 5087 3465 5140 lilii-is
3498 5086 3699 5153 ubique
3731 5100 3868 5137 con-

629 5192 838 5254 cinens,
863 5188 1158 5241 voluntatis
1183 5186 1306 5254 jure
1340 5196 1555 5243 servato
1599 5185 1796 5238 divinae
1828 5185 2014 5254 gratiae
2050 5183 2299 5252 praesidia
2349 5183 2758 5237 commendat...
2818 5179 3001 5233 Primo
3048 5180 3267 5233 beatum
3319 5173 3547 5229 Paulum
3584 5175 3764 5228 libello
3812 5187 3873 5231 et

634 5283 884 5339 omnibus
908 5280 1240 5350 praeferendo
1268 5279 1491 5341 sanctis,
1521 5289 1569 5332 et
1607 5278 1809 5346 angelis
1859 5277 2213 5332 conferendo.
2250 5275 2519 5341 Secundo,
2550 5292 2613 5330 ex
2644 5275 2938 5347 virtu’tibus
2980 5274 3098 5340 ejus
3147 5286 3309 5342 atque
3341 5271 3624 5325 sententiis
3657 5269 3862 5323 bonum

636 5372 921 5428 asserendo
951 5380 1176 5432 naturaz,
1211 5378 1312 5423 etc.
1349 5389 1368 5422 ›
1409 5367 1539 5434 Quae
1561 5382 1692 5420 sane
1725 5366 1903 5429 verba,
1950 5367 2052 5419 etsi
2085 5365 2432 5434 Pelagianum
2472 5367 2615 5420 circa
2643 5366 2956 5419 interiorem
2984 5363 3184 5417 Christi
3220 5363 3448 5433 gratiam
3473 5375 3718 5413 errorem
3755 5377 3870 5414 non

638 5473 816 5532 aperte
840 5477 948 5532 prae
979 5477 1036 5516 se
1065 5460 1240 5515 ferant
1268 5459 1534 5526 (solebant
1564 5458 1761 5526 quippe
1790 5455 2061 5526 Pelagiani
2114 5457 2306 5510 callide
2348 5454 2652 5525 fucatisque
2712 5455 2891 5510 verbis
2926 5455 3075 5508 virus
3114 5454 3339 5507 haeresis
3397 5467 3509 5507 suae
3555 5450 3855 5520 obtegere),

635 5563 865 5606 attamen
895 5553 1034 5623 quod
1062 5551 1135 5604 illi
1169 5558 1354 5602 centra
1388 5546 1750 5617 Augustinum
1781 5554 1833 5598 et
1859 5544 2168 5600 Catholicos
2201 5555 2459 5612 perpetuo
2489 5541 2804 5599 occinebaht
2832 5559 3054 5612 :uempc
3085 5544 3207 5599 illos
3238 5544 3614 5598 necessitatem
3671 5541 3879 5600 inferre
