4070 6422
199 394 328 451 471⁸
1250 380 1340 436 DE
1374 373 1722 434 LAUDIBUS
1754 374 1812 431 S.
1853 370 2060 430 PAULI
2096 369 2454 428 APOSTOLI.
3345 362 3469 420 472°

203 507 496 570 voluntati,
530 513 586 561 et
619 503 846 559 liberum
878 497 1164 553 arbitrium
1192 495 1401 558 tollere,
1435 491 1524 547 hic
1553 503 1878 559 expressum
1916 487 2207 553 videmus;
2255 486 2331 540 ita
2388 493 2446 540 ut
2478 482 2613 539 nihil
2645 480 2821 537 subsit
2844 479 3016 543 dubii,
3075 477 3205 549 quin
3237 477 3326 534 hic
3355 480 3472 550 ipse

198 603 270 657 sit
297 602 550 655 Anianus
577 598 801 668 quipro
827 593 1116 662 Pelagiana
1147 588 1342 643 haeresi
1378 587 1519 640 inter
1539 583 1909 654 primipilares
1940 580 2253 635 dimicabat.

278 667 657 762 lnterpretatio
677 690 797 760 ejus
825 686 1039 748 Latina,
1065 698 1231 752 quam
1261 670 1496 744 edimus,
1522 694 1623 733 nec
1650 677 1928 746 inelegans
1949 683 2054 740 est,
2090 690 2191 729 nec
2219 672 2570 733 accuratlone
2591 668 3103 762 carettfateorque
3135 683 3223 762 me
3245 667 3298 721 in
3333 681 3472 736 pau-

196 803 298 842 cos
325 759 522 855 priscae
547 782 693 836 illius
722 777 1012 835 vetustatis
1045 777 1369 844 interpretes
1397 770 1658 825 incidisse
1690 767 1785 837 qui
1812 766 2131 834 diligentius
2151 772 2447 820 verterent.
2473 762 2532 817 In
2566 761 2845 817 nonnullis
2869 769 3050 815 tamen
3079 759 3218 814 locis
3246 773 3472 813 sensum

195 893 309 932 non
346 885 432 930 est
459 882 745 930 assecutus
777 872 1056 937 Anianus;
1093 870 1237 940 quod
1298 869 1388 924 ubi
1420 868 1636 930 accidit,
1689 866 1742 919 in
1777 864 2041 934 margine,
2089 878 2215 917 vera
2252 860 2552 917 substituta
2583 858 3055 928 interpretatione,
3083 870 3307 912 monere
3361 867 3472 906 non

195 967 439 1036 neglexi.
472 964 658 1036 Neque
686 965 898 1035 uspiam
927 961 1261 1035 deprehendi
1296 962 1473 1029 illum,
1499 970 1558 1015 ut
1583 958 1892 1029 Pelagiana:
1951 955 2160 1011 faveret
2182 953 2399 1021 haeresi,
2436 965 2662 1008 sensum
2705 950 2815 1004 alio
2843 947 3166 1003 detersisse.
3199 944 3329 1016 Ejus
3359 944 3475 1013 epi-

193 1066 398 1120 stolam
433 1064 524 1120 hic
552 1061 955 1133 subjungimus.

979 1527 1270 1590 DOMINO
1325 1524 1612 1586 SANCTO
1659 1518 2130 1591 EVANGELIO,
2171 1513 2697 1588 PRESBYTERO,

1529 1640 1806 1688 ANIANUS
1846 1639 2130 1685 SALUTEM
2139 1667 2153 1682 .

267 1782 497 1841 Recenti
520 1784 893 1855 experimento
914 1780 1102 1849 didici,
1139 1794 1303 1850 quam
1339 1778 1449 1834 sint
1476 1777 1632 1830 utilia
1678 1772 2107 1843 obsequentibus
2145 1767 2375 1839 imperia
2405 1767 2701 1830 bonorum,
2739 1765 2831 1837 qui
2865 1763 3100 1820 rectiore
3124 1761 3364 1833 quadam
3391 1762 3480 1817 in-

193 1882 506 1951 gredientes
527 1881 881 1950 benignitatis
907 1880 1016 1943 via,
1048 1878 1312 1932 beneﬁcia
1336 1873 1593 1929 deferunt
1639 1871 1744 1928 sub
1771 1868 1954 1940 specie
1977 1867 2269 1936 jnssionis.
2306 1864 2446 1931 Quid
2472 1865 2618 1918 enim
2651 1862 2782 1916 mihi
2811 1860 3136 1947 jucundius,
3175 1859 3305 1930 quid
3354 1858 3483 1912 fru-

195 1974 451 2028 ctuosius
486 1974 754 2043 imperare
784 1971 1032 2041 potuisti,
1058 1985 1223 2039 quam
1253 1976 1315 2045 _ut
1347 1983 1410 2022 ex
1438 1967 1580 2022 beati
1602 1965 1708 2019 viri
1748 1964 1924 2019 sancti
1951 1959 2180 2015 Joannis
2205 1959 2462 2030 operibus
2489 1958 2542 2011 in
2569 1965 2813 2011 nostram
2843 1955 3083 2025 linguam
3121 1951 3274 2045 [47$]
3298 1953 3480 2045 aliqua

195 2063 582 2128 transferrem,
625 2064 680 2118 id
715 2073 818 2128 est,
856 2055 948 2116 VII
978 2062 1223 2131 ejusdem
1251 2043 1488 2124 libellos,
1547 2057 1752 2126 quibus
1805 2069 1969 2122 super
2016 2051 2172 2105 Pauli
2225 2049 2461 2120 apostoli
2498 2048 2754 2102 laudibus
2783 2047 2838 2100 in
2882 2045 3126 2099 Ecclesia
3183 2043 3482 2113 aliquando

193 2156 500 2212 disseruit?
538 2155 596 2209 In
626 2171 735 2225 quo
765 2155 919 2218 mihi,
950 2157 1054 2208 etsi
1079 2155 1133 2208 in
1168 2166 1424 2209 sermone
1455 2148 1744 2220 peregrino
1794 2146 2088 2200 admodum
2130 2143 2278 2207 rudi,
2315 2143 2436 2211 plus
2471 2142 2654 2196 evenit
2703 2149 2888 2193 tamen
2912 2137 3210 2207 voluptatis
3239 2142 3293 2190 et
3324 2150 3482 2189 com-

199 2245 378 2308 modi,
405 2261 572 2314 quam
607 2245 833 2301 laboris.
867 2246 1125 2301 Secutum
1149 2253 1234 2299 est
1263 2243 1410 2297 enim
1436 2248 1498 2295 ut
1529 2253 1680 2304 cum,
1723 2237 1855 2291 dum
1887 2237 1987 2290 tibi
2024 2243 2236 2290 vertere
2265 2242 2439 2288 conor
2468 2248 2498 2286 e
2527 2230 2739 2294 Graeco,
2766 2228 3012 2300 pressius
3053 2228 3170 2296 ipse
3195 2226 3477 2282 combibe-

199 2353 344 2404 rem,
376 2334 840 2408 pleniusque‘tam
870 2337 1104 2407 insignis
1126 2335 1652 2405 doctrinmveritate
1679 2331 2017 2403 perfruerer,
2045 2330 2290 2384 maxime
2311 2342 2438 2383 cum
2465 2326 2666 2394 ubique
2681 2325 2836 2377 dives
2854 2322 3133 2392 ingenium
3169 2323 3223 2374 in
3246 2321 3480 2376 materia

197 2411 563 2500 lorupletiore
621 2440 892 2486 versetur.
920 2430 1123 2486 Beatus
1142 2431 1288 2486 enim
1327 2409 1424 2484 hic]
1449 2428 1651 2483 Paulus
1701 2426 2050 2496 exprimitur,
2083 2438 2191 2478 non
2226 2421 2423 2476 fucata:
2454 2419 2690 2488 alicujus
2723 2418 2901 2473 laudis
2931 2416 3294 2471 adumbratus
3331 2416 3484 2469 colo-

197 2525 381 2587 ribus,
422 2525 518 2579 sed
554 2525 854 2580 inviolabili
882 2527 1143 2580 virtutum
1172 2539 1402 2580 suarum
1433 2523 1661 2578 veritate
1683 2521 1972 2581 formatus,
2005 2535 2169 2589 quem
2205 2527 2313 2572 tam
2354 2517 2561 2586 integre
2597 2515 2820 2584 ubique,
2852 2522 2964 2567 tam
3008 2512 3201 2578 solide,
3228 2525 3378 2566 nunc
3407 2525 3475 2564 ex

198 2616 580 2684 magnitudine
616 2631 866 2686 operum,
891 2633 1039 2671 nunc
1064 2632 1131 2673 ex
1155 2614 1591 2684 gilluminationc
1620 2614 1918 2678 dictorum,
1953 2611 2120 2666 modo
2147 2625 2210 2665 ex
2249 2608 2483 2664 consilio
2506 2607 2684 2671 vario,
2722 2606 2886 2660 modo
2907 2619 2973 2658 ex
3006 2603 3482 2673 dispensationum

197 2705 503 2775 profundo,
537 2715 652 2761 tum
695 2723 761 2762 ex
796 2709 1086 2762 tolerantia
1110 2708 1455 2778 passionum,
1487 2715 1602 2760 tum
1627 2721 1696 2762 ex
1717 2705 1967 2760 claritate
1987 2704 2271 2773 signorum
2298 2701 2534 2756 eximius
2561 2698 2814 2753 laudator
2842 2697 3100 2760 asseruit,
3130 2705 3188 2750 ut
3213 2711 3338 2749 eum
3370 2709 3481 2748 non

196 2795 524 2865 depinxisse
552 2800 748 2863 solum,
785 2814 976 2853 verum
1013 2801 1172 2869 quasi
1212 2799 1281 2854 ad
1318 2799 1674 2868 praabendum
1724 2811 1919 2851 rursus
1947 2794 2298 2866 perfectionis
2317 2793 2630 2862 exemplum
2667 2790 3029 2846 resuscitasse
3060 2789 3473 2871 quodammodo

195 2889 469 2945 videatur.
503 2889 640 2945 Nam
670 2908 793 2947 cum
818 2893 888 2948 ab
923 2894 1046 2948 aliis
1077 2900 1398 2948 cmterorum
1431 2892 1626 2946 merita
1654 2891 1966 2964 laudantur,
2013 2889 2277 2942 usitatum
2329 2872 2588 2957 quiddam
2623 2884 2763 2938 solet
2795 2891 2956 2952 atque
2987 2881 3126 2936 exile
3183 2895 3472 2945 resonare,

196 2989 254 3035 et
285 2981 439 3035 velut
469 2983 526 3036 in
551 2984 840 3053 superﬁcie
871 2985 1319 3054 circumvagante
1351 2998 1630 3048 sermone,
1662 2982 1894 3036 virtutes
1926 2980 2057 3050 ipsae
2085 2979 2405 3034 nominibus
2433 2977 2607 3047 magis
2637 2975 2754 3030 suis
2785 2975 2851 3028 ad
2891 2974 3480 3029 commemorationem

193 3074 458 3128 videntur
491 3075 699 3140 venire,
734 3092 898 3145 quam
931 3077 1114 3130 rebus.
1136 3071 1345 3130 Beatus
1375 3089 1504 3128 vero
1532 3071 1776 3129 Joannes
1805 3071 2045 3126 Paulum
2085 3070 2254 3124 altius
2280 3069 2566 3133 intuendo,
2604 3065 2954 3134 dilucidcquc
2983 3066 3037 3118 in
3070 3065 3312 3118 medium
3345 3080 3474 3132 pro-

197 3159 452 3230 ferendo,
489 3165 638 3234 ipsas
660 3166 795 3220 mihi
823 3166 1038 3220 videtur
1072 3164 1383 3236 inspexisSe
1416 3179 1582 3220 venas
1615 3180 1682 3220 ac
1729 3163 1997 3219 medullas
2032 3161 2372 3230 expressisse
2402 3159 2687 3212 virtutum.
2742 3154 2875 3221 Qua:
2906 3155 2979 3208 ita
3038 3168 3231 3208 omnes
3289 3153 3342 3206 in
3376 3151 3481 3207 ista

196 3251 519 3309 laudatione
542 3255 750 3321 vivunt,
782 3265 836 3310 et
866 3257 940 3309 ita
977 3255 1208 3311 ﬂoribus
1239 3255 1354 3311 suis
1381 3255 1713 3308 decorentur
1745 3260 1799 3307 et
1827 3251 2120 3316 fructibus,
2147 3259 2206 3303 ut
2239 3264 2334 3304 eas
2365 3262 2534 3318 prope
2564 3263 2674 3301 non
2707 3249 2896 3300 minus
2928 3245 2997 3298 ab
3039 3244 3142 3298 hoc
3169 3243 3483 3298 sublimiter

194 3349 519 3417 explicatas,
547 3365 711 3419 quant
737 3352 806 3405 ab
833 3351 1088 3420 apostolo
1111 3350 1352 3405 fortasse
1372 3352 1658 3404 miremur.
1695 3347 1854 3414 Quod
1909 3345 2129 3416 quidem
2157 3360 2295 3415 opus
2329 3359 2396 3400 eo
2423 3359 2548 3398 esse
2598 3344 2740 3412 apud
2789 3350 2842 3396 te
2874 3341 3166 3398 amabilius
3223 3340 3386 3395 debet
3423 3349 3482 3394 et

195 3441 434 3511 gratius,
469 3444 617 3510 quod
648 3444 714 3496 de
748 3451 1064 3496 sanctarum
1088 3441 1498 3512 Scripturarutn
1526 3442 1646 3495 lucc
1675 3440 1930 3501 rutilans,
1969 3437 2261 3492 clarissimi
2294 3436 2494 3492 sideris
2527 3436 2664 3501 vice,
2697 3446 2914 3488 noctem
2949 3433 3233 3488 Manichzei
3267 3434 3481 3490 erroris

201 3533 464 3602 exagitat.
491 3532 769 3599 Quantum
793 3549 924 3589 vero
957 3535 1115 3597 nobis
1144 3535 1541 3590 consolationis
1562 3533 1829 3596 exoritur,
1865 3545 1991 3587 cum
2021 3530 2321 3595 cernimus,
2356 3537 2466 3583 tam
2503 3529 2721 3584 erudito
2756 3537 2980 3598 tamque
3005 3527 3206 3582 illustri
3239 3527 3481 3583 Orientis

203 3625 495 3695 magistro,
533 3639 676 3690 eam,
713 3640 878 3695 quam
903 3621 958 3679 in
985 3625 1560 3697 nobis_Traducianus
1600 3633 1900 3696 oppugnat,
1954 3623 2130 3679 astrui
2173 3622 2486 3686 veritatem,
2515 3636 2682 3691 quam
2710 3631 2858 3675 certe
2891 3621 3086 3675 beatus
3117 3618 3380 3688 Joannes,
3418 3635 3478 3680 ut

203 3717 263 3772 in
299 3716 560 3772 omnibus
596 3716 752 3771 libris
783 3716 918 3781 suis,
965 3717 1036 3771 ita
1072 3717 1160 3772 hic
1192 3733 1410 3788 quoque
1431 3719 1498 3773 ab
1531 3718 1684 3773 omni
1720 3717 1990 3771 munitam
2048 3716 2218 3769 latere
2242 3711 2501 3778 custodit,
2552 3722 2751 3779 armat,
2801 3714 3074 3782 accendit,
3111 3723 3171 3768 ut
3225 3716 3480 3772 videatur

195 3825 311 3863 non
353 3816 462 3861 tam
495 3816 793 3878 praesentes
827 3807 1158 3866 informasse
1190 3810 1512 3879 discipulus,
1556 3825 1722 3879 Quam
1753 3809 1916 3862 nobis
1947 3815 2139 3862 contra
2182 3820 2326 3860 verae
2355 3805 2482 3859 ﬁdei
2515 3805 2980 3874 oppugnationem
3016 3806 3221 3860 auxilia
3266 3823 3479 3877 praepa-

193 3913 375 3957 rasse.
411 3897 663 3965 Quantus
694 3902 840 3953 enim
870 3900 959 3954 ille
982 3901 1247 3957 adversus
1282 3901 1687 3971 necessitatem,
1713 3887 1954 3970 quantus
1986 3914 2085 3968 pro
2106 3898 2280 3954 libero
2313 3897 2491 3968 surgit
2513 3897 2765 3965 arbitrio,
2794 3913 2959 3968 quam
2981 3907 3294 3954 nostrorum
3324 3901 3492 3981 libris.

199 3993 408 4063 ubique
435 3993 756 4058 concinens,
791 3993 1090 4050 voluntatis
1117 3995 1243 4064 jure
1270 4004 1484 4050 servato
1506 3994 1706 4048 divina:
1726 3994 1916 4063 gratiae
1941 3992 2198 4063 prasidia
2224 3979 2593 4056 commendat,
2625 4008 2789 4063 quam
2827 4002 3017 4047 contra
3047 3995 3290 4048 omnium
3316 3993 3478 4047 vitio-

197 4101 325 4144 rum
365 4086 638 4151 tenebras,
672 4102 834 4157 quam
861 4104 960 4158 pro
987 4093 1577 4161 cunctarum'speculo
1627 4091 1896 4144 virtutum
1951 4087 2461 4159 splendidissimum
2512 4102 2609 4144 vas
2639 4080 2924 4143 electionis
2972 4069 3230 4158 oppbnit!
3292 4088 3480 4142 Primo

197 4175 418 4230 beatum
443 4177 676 4232 Paulum
709 4180 892 4236 libello
931 4189 986 4238 et
1019 4184 1276 4238 omnibus
1305 4185 1647 4254 praeferendo
1671 4182 1902 4249 sanctis,
1932 4189 1989 4237 et
2016 4182 2225 4252 angelis
2248 4178 2607 4237 conferendo.
2638 4181 2914 4246 Secundo,
2942 4197 3009 4235 ex
3044 4182 3333 4236 virtutibus
3355 4183 3479 4251 ejus

196 4274 366 4334 atque
401 4268 689 4323 sententiis
719 4270 922 4324 bonum
952 4273 1250 4328 asserendo
1273 4282 1501 4328 naturae.
1528 4272 1752 4345 \Tertio,
1799 4274 2122 4328 charitatem
2149 4273 2271 4343 ejus
2300 4287 2400 4342 pro
2427 4282 2753 4327 cunctorum
2811 4274 2990 4327 salute
3012 4271 3475 4328 ferventissimam

198 4360 638 4429 eomprobando.
675 4361 885 4427 Quarto
914 4366 980 4419 de
1009 4367 1296 4437 vocatione
1323 4369 1444 4436 ejus
1466 4375 1521 4421 et
1573 4367 1893 4422 confirmata
1926 4368 2130 4438 ubique
2156 4367 2226 4422 ab
2257 4367 2378 4436 ipso
2402 4365 2680 4437 Evangelii
2710 4367 2938 4423 veritate
2965 4368 3216 4423 dicendo.
3249 4367 3474 4433 Quinto,

196 4451 267 4506 de
292 4451 644 4520 passionibus
675 4455 792 4524 ejus
817 4465 872 4510 et
898 4457 1370 4526 dispensationum
1401 4459 1758 4514 varietatibus
1803 4459 2144 4514 disserendo.
2195 4457 2382 4525 Sexto,
2413 4459 2680 4514 solvendo
2711 4474 2904 4514 omnes
2961 4459 3082 4514 illas
3116 4460 3474 4530 quaestiones,

196 4546 403 4616 quibus
434 4546 814 4607 Traducianus
837 4552 1098 4618 innitens,
1127 4553 1348 4609 beatum
1373 4554 1604 4608 Paulum
1635 4555 1893 4609 vitiorum
1919 4554 2307 4611 obfuscatione
2329 4554 2810 4622 commaculet-unt
2837 4555 3050 4611 scilicet
3078 4556 3331 4613 ﬁdelibus
3358 4557 3476 4612 suis

200 4639 504 4708 apostolico
530 4641 782 4710 exemplo
833 4639 1054 4711 peccata
1083 4646 1358 4700 conciliet.
1399 4644 1667 4716 Septimo,
1707 4646 1889 4717 ignem
1919 4647 2026 4702 zeli
2055 4648 2175 4718 ejus
2208 4647 2263 4701 in
2293 4645 2517 4703 Christo
2546 4654 2599 4701 et
2622 4628 2750 4701 ante
2779 4647 3042 4702 honorem
3072 4663 3293 4721 quoque
3340 4664 3473 4717 apo—

198 4733 439 4814 stolatus
470 4730 745 4786 fervorem
774 4733 1008 4788 docendi
1041 4751 1209 4805 supra
1257 4747 1485 4792 caeteros
1520 4738 1817 4811 eﬁ‘erendu,
1850 4747 1912 4794 ut
1942 4741 2078 4803 satis
2139 4740 2350 4808 liquido
2405 4739 2612 4794 clareat
2661 4741 2988 4795 exstinctam
3048 4755 3169 4795 esse
3204 4744 3468 4811 peccandi

204 4823 612 4888 necessitatem,
641 4839 807 4894 quam
839 4825 1107 4884 adveisus
1136 4828 1468 4884 Manichaees
1511 4841 1566 4885 et
1623 4832 1875 4887 doctrina
1916 4833 2152 4902 apostoli
2181 4833 2530 4902 depraaliatur
2579 4841 2633 4886 et
2653 4832 2785 4889 vita.
2839 4830 3043 4886 Verum
3107 4847 3209 4888 nos
3257 4834 3312 4888 in
3359 4845 3471 4889 tam

195 4917 400 4986 egregii
429 4918 880 4989 interpretatione
905 4924 1107 4991 operis,
1137 4925 1238 4979 etsi
1269 4925 1407 4979 nihil
1444 4934 1503 4979 ut
1538 4937 1675 4996 puto
1706 4928 1775 4982 de
1805 4944 2068 4983 sensuum
2101 4931 2348 4994 veritate,
2378 4944 2486 4984 non
2520 4936 2700 4984 tamen
2732 4943 2927 4998 parum
2960 4928 3027 4983 de
3060 4914 3264 4998 eloquii
3298 4947 3472 4986 venu-

197 5019 341 5063 state
365 5009 725 5088 perdidimus,
763 5014 1108 5082 splendorem
1152 5026 1260 5072 tam
1296 5019 1500 5074 nobilis
1527 5019 1652 5090 styli
1704 5029 1758 5074 et
1789 5020 2165 5076 elocutionum
2191 5021 2423 5090 gratiam
2460 5021 2766 5091 exprimere
2800 5037 2911 5076 non
2953 5021 3194 5077 valentes
3231 5041 3243 5074 :
3276 5024 3369 5078 sed
3402 5040 3471 5079 ne

195 5101 279 5154 sic
304 5101 527 5169 quidem
559 5113 611 5157 te
641 5104 787 5159 istud
808 5105 1123 5191 imperasse
1149 5110 1432 5178 pceniteat.
1469 5108 1656 5179 Neque
1684 5112 1832 5165 enim
1862 5114 2160 5168 verendum
2195 5113 2288 5168 tibi
2337 5121 2421 5167 est
2461 5128 2532 5167 ne
2577 5112 2719 5168 forte
2766 5113 3061 5183 asperitate
3093 5115 3471 5170 translationis

202 5191 470 5256 offensus,
521 5194 774 5253 lectionis
809 5198 974 5270 hujus
1007 5215 1198 5255 careas
1251 5202 1550 5271 voluptate,
1606 5217 1733 5257 eum
1767 5203 2034 5274 quidquid
2081 5206 2239 5259 nobis
2287 5221 2355 5260 ex
2386 5205 2536 5260 cultu
2575 5204 2750 5259 defuit
2781 5215 3089 5274 ornatuque
3146 5207 3462 5274 verborum,

186 5288 256 5363 id
317 5296 495 5344 totum
560 5291 732 5357 illius,
768 5308 930 5363 quem
967 5296 1370 5361 transtulimus,
1436 5298 1725 5367 magniﬁca
1764 5299 1984 5354 inventa
2036 5310 2415 5371 compensent.
2471 5300 2569 5357 Est
2599 5302 2745 5356 enim
2787 5310 3014 5356 sanctus
3062 5299 3302 5359 Joannes
3358 5313 3467 5358 tam

193 5385 379 5439 clarus
405 5390 556 5439 totus
590 5402 654 5442 ac
683 5385 945 5458 fulgidus,
982 5397 1042 5444 ut
1073 5387 1233 5446 facile
1265 5391 1442 5460 possit
1471 5392 1869 5446 sententiarum
1896 5408 2128 5448 suarum
2161 5394 2368 5450 lumine
2396 5394 2561 5450 etiam
2595 5395 2738 5450 inter
2772 5395 2947 5452 nostri
2980 5396 3256 5452 sermonis
3280 5398 3468 5454 nubila

193 5493 508 5545 coruscare.

1670 5625 1988 5638 m
