4070 6426
554 343 660 402 I73

1241 358 1300 413 S.
1338 353 1622 415 JOANNIS
1659 355 2122 415 CIIRYSOSTOM

2224 354 2508 411 ιιιωιιιιῐι.
2547 358 3083 422 (ΞΟΝδΤΑΝΤΙΝΟΡ

3708 350 3816 407 Πέ

567 574 3796 646 W

1593 915 1703 970 ΕΙΣ
1737 915 1877 971 ΤΟΝ
1921 917 2130 973 APION
2166 921 2583 979 ΔΠΟΣΤυΛυΝ
2610 926 2920 984 ΠΔΥΛΟΝ.

1179 1484 1412 1557 Ὄμιλια
1445 1492 1517 1542 α’.

616 1605 734 1660 Ούκ
763 1603 833 1659 ἄν
861 1621 946 1669 τις
969 1602 1207 1676 ἁμάρτοι
1227 1603 1472 1676 λειμῶνα
1504 1603 1716 1676 ἀρετῶν
1750 1604 1844 1658 καὶ
1865 1603 2124 1676 παράδει-

544 1713 638 1753 σον
674 1696 1047 1768 πνευματικὸν
1089 1696 1326 1760 καλέσας
1361 1695 1461 1769 τὴν
1484 1695 1698 1750 Παύλου
1743 1695 1952 1766 ψυχήν·
1981 1693 2124 1747 οὕτω

544 1787 698 1861 [ιη]
726 1787 862 1843 πολὺ
887 1789 987 1861 μὲν
1015 1787 1168 1860 ἧνθει
1201 1791 1270 1861 τῇ
1291 1789 1494 1861 χάριτι,
1512 1788 1670 1854 ἀξίαν
1693 1787 1750 1842 δέ
1775 1789 1883 1865 τῆς
1901 1787 2124 1859 χάριτος

543 1879 891 1955 ἐπεδείκνυτο
916 1879 1018 1951 τῆς
1034 1879 1214 1950 ψυχῆς
1238 1877 1340 1951 τὴν
1376 1878 1716 1950 φιλοσοφίαν.
1766 1878 1985 1950 Ἐπειδὴ
2013 1878 2124 1956 γάρ

543 1961 739 2037 σκὶῦος
765 1970 997 2044 ἐκλογῆς
1017 1971 1232 2042 γέγονε,
1257 1971 1353 2026 καὶ
1380 1970 1561 2036 καλῶς
1587 1969 1779 2027 έαυτὸν
1799 1970 2122 2043 ἐξεκάθηρε,

542 2055 772 2136 δαψιλὴς
797 2066 834 2136 ἡ
868 2064 964 2119 τοῦ
997 2063 1315 2135 Πνεύματος
1346 2062 1577 2135 ἐξεχύθη
1614 2065 1695 2130 είς
1728 2061 1892 2131 αὑτὸν
1922 2061 2119 2135 δωρεά.

544 2155 711 2211 Ὅθεν
737 2157 874 2227 ἡμῖν
897 2155 1144 2218 καὶτοὺς
1171 2155 1524 2228 θαυμαστοὺς
1548 2155 1703 2209 ἔτεκε
1733 2154 2034 2225 ποταμοὺς,
2058 2154 2124 2208 ού

533 2247 684 2304 κατά
725 2246 826 2320 τὴν
861 2246 960 2302 τοῦ
1018 2247 1344 2321 παραδείσου
1382 2246 1569 2320 πηγὴν
1595 2246 1870 2318 τέσσαρας
1903 2245 2122 2316 μόνους,

541 2338 679 2395 ἀλλά
711 2335 894 2411 πολλῷ
922 2338 1143 2404 πλείους
1171 2339 1296 2394 καθ’
1330 2339 1569 2410 ἑκάστην
1608 2337 1832 2408 ῥέοντας
1859 2336 1963 2408 τὴν
1988 2337 2126 2409 ἠμέ-

542 2446 668 2503 ραν,
697 2431 761 2485 ού
792 2429 893 2503 τὴν
911 2430 1018 2501 γῆν
1045 2428 1330 2504 άρδοντας,
1362 2428 1500 2484 ἀλλά
1538 2428 1641 2492 τάς
1668 2425 1775 2482 τῶν
1820 2426 2124 2498 ἀνθρώπιον

541 2519 720 2592 ψυχάς
741 2521 824 2586 είς
842 2519 1216 2594 καρπογονίαν
1233 2520 1440 2593 ἀρετῆς
1469 2517 1855 2590 διεγείροντας.
1885 2517 1985 2582 Τίς
2026 2513 2124 2572 οὖν

541 2611 766 2683 ἀρκέσει
818 2611 978 2680 λόγος
1025 2612 1139 2676 τοϊς
1178 2610 1386 2666 τούτου»
1430 2609 1894 2683 κατορθώμασιν;
1924 2608 1959 2682 ἢ
1993 2608 2124 2663 ποία

542 2701 829 2773 δυνήσεται
855 2700 1078 2772 γλῶσσα
1106 2700 1394 2773 ἐφικέσθαι
1419 2699 1530 2755 τῶν
1561 2698 1857 2770 ἐγκωμίων
1879 2698 2117 2767 έκείνους

545 2794 717 2850 Ὅταν
739 2795 850 2867 γάρ
869 2795 1084 2850 ἅπαντα
1104 2793 1176 2849 τά
1205 2795 1264 2849 ἐν
1286 2786 1596 2865 ἀνθρώποις
1622 2791 1764 2847 καλά
1784 2788 2126 2847 συλλαϐοῦσα

543 2885 640 2957 Im
661 2885 809 2958 ψυχὴ
845 2886 962 2958 μία,
1001 2885 1098 2941 καὶ
1129 2885 1317 2942 ,πάντα
1345 2883 1464 2957 μεθ’
1497 2883 1838 2956 ὑπερϐολῆς,
1871 2883 1932 2938 ού
1963 2883 2124 2954 μόνον

541 2976 602 3032 δι
622 2975 693 3030 τά
726 2975 834 3032 τῶν
855 2974 1182 3048 ἀνθρώπων,
1207 2974 1344 3031 ἀλλά
1372 2974 1468 3030 καὶ
1489 2974 1560 3030 τά
1584 2976 1696 3030 τῶν
1717 2972 1986 3043 ἀγγέλων,
2006 2971 2124 3037 πῶς

542 3066 917 3139 περιεσόμεθα
945 3067 1044 3122 τοῦ
1094 3066 1360 3140 μεγέθους
1390 3066 1500 3120 τῶν
1539 3066 1864 3137 ἐγκωμίωνς
1903 3065 1978 3119 Οὐ
2018 3063 2126 3136 μὴν

544 3158 632 3213 διά
649 3157 811 3222 τοῦτο
844 3158 1166 3231 σιγήσομεν,
1195 3157 1336 3214 ἀλλά
1357 3157 1426 3211 δι’
1447 3157 1602 3226 αὐτὸ,
1634 3158 1728 3212 καὶ
1757 3158 1824 3212 δι’
1862 3158 1996 3213 αὐτὸ
2025 3156 2126 3229 μὲν

541 3241 638 3302 οὖν
655 3246 815 3301 τοῦτο
841 3246 1078 3318 μάλιστα
1101 3246 1357 3319 ἐροῦμεν.
1387 3246 1502 3302 Καὶ
1523 3246 1743 3320 γὰρκαὶ
1760 3246 1921 3301 τοῦτο
1951 3247 2127 3316 ἐγκω-

545 3339 672 3411 μίου
709 3336 968 3410 μέγιστον
994 3334 1158 3403 εῐδος,
1186 3339 1249 3393 τὺ
1273 3339 1433 3410 νικᾷν
1455 3337 1566 3391 τῶν
1603 3339 2044 3410 κατορθωμάτων
2063 3338 2125 3393 τὸ

545 3429 778 3502 μέγεθος
801 3432 946 3501 μετά
974 3430 1156 3502 πάσης
1181 3429 1501 3502 περιουσίας
1521 3428 1619 3484 τοῦ
1645 3429 1804 3500 λόγου
1844 3430 1944 3502 τὴν
1972 3431 2126 3485 εὐκο-

543 3521 687 3589 λίαν,
714 3521 809 3575 καὶ
831 3523 867 3593 η
894 3517 1038 3592 ἧττα
1067 3522 1277 3594 μυρίων
1313 3521 1593 3594 τροπαίων
1643 3521 1795 3576 ἐστὶν
1819 3523 1952 3593 ἡμίν
1984 3522 2126 3595 λαμ-

544 3612 810 3685 προτέρα.
854 3612 1028 3666 Πόθεν
1054 3606 1149 3666 οῦν
1181 3609 1438 3682 εὔκαιρον
1483 3611 1567 3682 εῐη
1615 3610 1683 3665 ἀν
1727 3609 1969 3682 ἀψασθαι
2015 3613 2127 3668 τῶν

542 3703 870 3775 Emptum;
905 3701 1078 3757 Πόθεν
1100 3701 1343 3769 ἄλλοθεν,
1369 3703 1403 3776 η
1429 3704 1525 3759 ἀπ’
1543 3703 1712 3758 αὐτοῦ
1743 3704 1935 3759 τούτου
1969 3704 2124 3778 πρώ-

540 3811 637 3850 του
657 3833 674 3860 ,
706 3791 804 3848 τοῦ
823 3793 996 3860 δεῖξαι
1023 3794 1094 3848 τά
1119 3793 1375 3850 ἀπάντων
1410 3793 1608 3867 ἔχοντα
1629 3795 1843 3865 ἀγαθάς
1870 3797 1995 3851 Εῐτε
2015 3798 2126 3869 γάρ

540 3881 822 3955 προφῆται
851 3881 1198 3949 ἐπεδείξαντό
1233 3898 1288 3935 τι
1307 3884 1573 3951 γενναίαν,
1625 3874 1738 3935 ἱίτε
1764 3884 2121 3956 πατριάρχαι,

541 3975 656 4030 εἴτε
707 3975 930 4043 δίκαιοι,
981 3973 1092 4028 εἴτε
1123 3973 1436 4040 ἀπόστολοι,
1469 3971 1580 4027 εῐτε
1612 3974 1910 4046 μάρτυρες,
1942 3974 2121 4030 πάντα

540 4068 716 4125 ταῦτα
739 4066 877 4139 ὁμοῦ
900 4065 1179 4120 συλλαϐὼν
1203 4067 1340 4138 ἔχεο
1354 4067 1495 4137 μετά
1513 4067 1785 4138 τοσαύτης
1815 4069 2122 4139 ὑπερϐολῆς

543 4158 667 4231 μεθ’
695 4160 828 4232 δσης
857 4157 1032 4223 οὐδεὶς
1076 4157 1322 4222 ἐκείνων,
1350 4157 1490 4230 ὅπερ
1515 4157 1746 4221 ἕκαστος
1786 4154 1902 4230 εἶχε
1936 4159 2121 4223 καλὸν,

542 4249 829 4319 ἐκέκτητο.
858 4248 1059 4303 Σκόπει
1081 4248 1168 4302 δέ’
1201 4249 1586 4320 Προσήνεγκεν
1609 4247 1777 4302 ’Δϐελ
1798 4247 2008 4315 θυσίαν,
2031 4251 2124 4304 καὶ

543 4340 796 4397 ἐντεῦθεν
826 4341 1288 4413 ἀνακηρύττεται·
1318 4339 1435 4396 ἀλλ’
1451 4340 1549 4394 έάν
1569 4339 1670 4412 τὴν
1693 4340 1908 4396 Παύλου
1930 4340 2125 4396 θυσίαν

545 4433 627 4498 είς
652 4433 815 4504 μέσον
853 4433 1089 4506 ἀγάγῃς,
1133 4431 1391 4486 τοσοῦτον
1415 4431 1694 4487 δείκνυται
1732 4431 1957 4503 βελτίων
1979 4433 2126 4487 ἐκεί-

547 4527 667 4595 νης,
699 4524 826 4577 δσον
855 4523 953 4594 τῆς
1009 4523 1117 4594 γῆς
1150 4524 1181 4577 δ
1203 4523 1451 4595 οὐρανός.
1498 4524 1672 4580 Ποίαν
1718 4519 1815 4580 οῦν
1865 4525 2124 4597 βούλεσθε

545 4613 727 4682 dm;
755 4613 879 4668 οὐδὲ
902 4613 1012 4686 γὰρ
1037 4613 1137 4686 μία
1161 4613 1323 4687 μόνον
1340 4615 1481 4671 ἐστί.
1510 4617 1624 4672 Καὶ
1650 4617 1761 4689 γάρ
1779 4618 1973 4673 ἐαυτὸν
1997 4617 2124 4674 καθ’

546 4706 785 4778 εκάστην
810 4704 1072 4761 κατέθυεν
1092 4707 1330 4779 ἡμέραν,
1359 4707 1458 4761 καὶ
1485 4707 1688 4779 ταύτην
1720 4710 1883 4764 πάλιν
1927 4711 2124 4784 διπλῆν

546 4797 722 4852 ἐποίει
749 4797 852 4869 τὴν
869 4797 1189 4870 προσφοράν
1211 4815 1228 4830 ο
1256 4797 1419 4852 τοῦτο
1444 4799 1544 4870 μὶν
1576 4799 1699 4854 καθ’
1725 4800 1963 4873 ἐκάστην
1989 4801 2124 4873 ὴμέ-

550 4904 654 4963 ραν
681 4887 1060 4960 ἀποθνήσκων,
1090 4888 1250 4944 τοῦτο
1274 4891 1332 4944 δέ
1366 4891 1465 4962 τὴν
1499 4891 1769 4963 νέκρωσιν
1794 4893 1855 4946 ἐν
1902 4893 1984 4964 τῷ
2017 4893 2124 4947 σώ-

549 4997 681 5052 ματι
701 4979 868 5034 αὐτοῦ
888 4980 1219 5053 περιφέρων.
1242 4979 1349 5037 Καὶ
1369 4983 1478 5055 γάρ
1498 4982 1635 5054 πρὸς
1655 4983 1934 5049 κινδύνους
1953 4984 2124 5056 διηνε-

548 5071 661 5136 κῶς
682 5072 1067 5144 παρετάττετο,
1099 5073 1194 5127 καὶ
1239 5073 1539 5144 ἐσφάττετο
1564 5078 1634 5147 τῇ
1661 5079 2004 5148 προαιρέσει,
2030 5078 2123 5132 καὶ

548 5163 647 5232 τῆς
674 5160 876 5232 σαρκὸς
899 5161 1002 5234 τὴν
1027 5161 1190 5231 φύσιν
1212 5161 1386 5226 οὕτως
1409 5163 1730 5234 ἐνέκρωσεν,
1853 5165 1964 5219 τῶν
1988 5181 2126 5234 σφα-

549 5254 891 5325 γιβζομένων
917 5254 1134 5329 ἱερείων
1168 5255 1334 5327 μηδὲν
1363 5255 1585 5310 ἔλαττον
1616 5257 1945 5325 διακεῖσθαι,
1985 5259 2124 5315 ἀλλά

549 5347 645 5400 καὶ
681 5344 861 5415 πολλῷ
885 5346 1066 5399 πλέον.
1089 5346 1224 5400 Οὐδὲ
1256 5346 1366 5417 γάρ
1395 5346 1524 5418 βοῦς
1555 5349 1650 5400 καὶ
1679 5347 1929 5419 πρόϐατα
1963 5364 2125 5418 προσ-

549 5435 762 5509 έφερεν,
793 5435 907 5490 ἀλλ’
954 5437 1143 5490 ἐαυτὸν
1175 5437 1334 5508 διπλῇ
1395 5436 1517 5491 καθ’
1558 5437 1795 5509 ἑκάστην
1824 5437 2123 5506 ἐσφαγίαζε

549 5525 646 5597 τὴν
696 5525 928 5597 ἡμέραν.
962 5525 1055 5580 Διό
1087 5529 1182 5580 καὶ
1227 5528 1538 5600 ἐθάρρησεν
1586 5530 1778 5593 εἰπεῖν,
1827 5529 1975 5598 Ἐγὼ
2011 5530 2123 5599 γὰρ

549 5614 668 5685 ἢδη
699 5615 1053 5687 σπένδομαι,
1079 5618 1309 5689 σπονδὴν
1336 5619 1531 5673 ἑαυτοῦ
1567 5619 1629 5672 τὸ
1651 5616 1791 5690 αἷμα
1827 5622 2081 5684 καλέσας.

621 5705 695 5760 υύ
733 5707 839 5776 μὴν
870 5707 1110 5778 ἠρκέσθη
1133 5713 1251 5774 ταῖς
1282 5709 1492 5774 θυσίαις
1508 5711 1752 5778 ταύταις,
1786 5712 1903 5769 ἀλλ’
1933 5715 2120 5770 ἐπειδῇ

2230 1485 2411 1586 καλῶς
2433 1490 2627 1586 ἐαυτὸν
2651 1495 2980 1569 καθιέρωσε,
3025 1501 3121 1557 καὶ
3143 1504 3245 1577 τὴν
3279 1507 3606 1586 οίκουμένην
3636 1531 3815 1586 προσ-

2226 1579 2450 1676 ηνεγκε,
2469 1581 2566 1676 καὶ
2585 1585 2691 1676 γῆν
2725 1588 2820 1641 καὶ
2838 1587 3131 1657 θάλατταν,
3161 1595 3258 1649 καὶ
3295 1579 3521 1664 Ἑλλάδα
3550 1579 3648 1656 καὶ
3682 1579 3818 1676 βάρ-

2229 1663 2416 1765 ϐαρον,
2450 1669 2548 1723 καὶ
2579 1673 2762 1765 πάσαν
2793 1675 3133 1743 ἁπαξαπλῶς
3163 1681 3300 1765 ϐσην
3317 1663 3470 1756 ἥλιος
3490 1663 3814 1765 ἐφορᾷ

2223 1754 2450 1850 ταύτην,
2501 1759 2752 1850 καθάπερ
2786 1763 3092 1844 ὐπόπτερός
3123 1753 3208 1835 τίς
3247 1753 3562 1845 γενόμενος,
3595 1753 3817 1850 ’ἐπ-ἦλθε

2225 1844 2441 1912 πᾶσαν,
2490 1848 2588 1920 οὐχ
2642 1850 2832 1917 ἁπλῶς
2884 1854 3203 1928 ὁδοιπορῶν,
3263 1844 3404 1916 ἀλλά
3433 1862 3534 1928 τάς
3565 1844 3816 1929 ἀκάνθας

2224 1930 2332 2021 τῶν
2356 1932 2773 2007 ἁμαρτημάτων
2796 1940 3077 2011 ἀνασπῶν,
3110 1945 3207 1999 καὶ
3233 1947 3327 2001 τὸν
3355 1947 3513 2019 λόγον
3543 1951 3644 2021 τῆς
3665 1952 3818 2005 εὐσε-

2225 2016 2377 2110 ϐείας
2397 2025 2806 2110 κατασπείρων,
2835 2029 2937 2102 τὴν
2966 2030 3177 2104 πλάνην
3192 2016 3535 2103 ἀπελαύνων,
3560 2016 3662 2109 την
3686 2037 3819 2110 ἀλήο

2225 2103 2376 2196 θειαν
2405 2109 2717 2179 ἐπανάγων,
2742 2112 2803 2179 ἐξ
2829 2115 2927 2168 ἀνθ
2924 2103 3140 2189 ρώπων
3158 2120 3426 2190 ἀγγέλους
3463 2103 3657 2190 ποιῶν,
3685 2103 3820 2196 μᾶλα

2224 2192 2315 2247 λον
2331 2194 2386 2248 δὲ
2403 2196 2511 2249 ἀπὸ
2532 2196 2802 2271 δαιμόνων
2817 2203 3086 2272 ἀγγέλους
3097 2209 3226 2272 τοὺς
3247 2209 3591 2282 ἀνθρώπους.
3607 2192 3702 2267 Διδ
3714 2214 3818 2282 καὶ

2228 2282 2437 2352 μέλλων
2455 2287 2673 2343 ἀπιέναι
2697 2290 2836 2360 μετά
2863 2293 2991 2357 τοὺς
3018 2295 3246 2361 πολλοὺς
3267 2297 3498 2369 ἱδρῶτας
3514 2300 3610 2355 καὶ
3631 2299 3703 2354 τά
3719 2319 3819 2356 πυ-

2225 2370 2329 2425 κνά
2358 2374 2533 2430 ταῦτα
2561 2378 2820 2449 τρόπαια,
2851 2382 3349 2453 παραμυθούμενος
3378 2389 3506 2451 τοὺς
3535 2389 3815 2459 μαθητὰς.

2225 2460 2375 2535 [478]
2413 2463 2598 2533 ἐλεγεν
2620 2481 2636 2497 ·
2664 2468 2737 2522 El
2759 2468 2860 2522 καὶ
2887 2468 3226 2540 σπένδομαι
3253 2472 3352 2527 ἐπὶ
3387 2472 3464 2543 τῇ
3490 2475 3676 2543 θυσίᾳ
3711 2477 3816 2530 και

2221 2551 2564 2622 λειτουργίᾳ
2589 2552 2701 2623 τῆς
2748 2555 3009 2622 πίστεως
3039 2557 3208 2628 ὑμῶν
3228 2601 3244 2628 ,
3293 2560 3479 2630 χαίρω
3524 2561 3624 2616 καὶ
3662 2579 3819 2633 συτ-

2225 2639 2410 2708 χαίρω
2443 2639 2635 2696 πᾶσιν
2688 2642 2836 2714 ὑμῖν
2867 2660 2883 2674 ·
2925 2643 3021 2698 διὸ
3067 2645 3169 2702 καί
3205 2645 3378 2716 ὑμεῖς
3418 2648 3656 2716 χαίρετε
3711 2652 3816 2705 καί

2227 2727 2588 2797 συγχαίρετέ
2621 2746 2743 2798 μοι.
2803 2729 2871 2784 Τί
2922 2731 3103 2784 τοίνυν
3133 2731 3332 2801 γένοιτ’
3363 2733 3430 2788 ἀν
3463 2736 3570 2805 τῆς
3621 2735 3818 2801 θυσίας

2224 2813 2430 2887 ταύτης
2461 2816 2575 2872 ίσον
2594 2856 2609 2882 ,
2641 2818 2710 2888 ἢν
2737 2817 2839 2890 τὴν
2871 2818 3146 2891 μάχαιραν
3191 2820 3287 2873 τοῦ
3318 2822 3636 2895 Πνεύματος
3675 2841 3822 2878 σπαι

2227 2905 2462 2976 σάμενος
2487 2904 2708 2972 έθυσεν,
2740 2905 2809 2978 ἣν
2861 2907 2920 2960 ἐν
2955 2907 3036 2978 τῷ
3086 2907 3454 2982 θυσιαστηρίῳ
3491 2915 3820 2983 προσήγαγε

2225 2996 2305 3068 τῷ
2331 2998 2588 3070 ὑπεράνω
2618 2996 2726 3051 τῶν
2751 2996 3034 3068 οὐρανῶν;
3075 2996 3218 3052 Ἀλλ’
3256 2999 3499 3072 ἀνῃρέθη
3537 3000 3821 3073 δολοφονηο

2227 3083 2344 3151 θεὶς
2369 3085 2476 3140 ὑπὸ
2503 3084 2599 3140 τοῦ
2627 3084 2763 3139 Κάῖν
2797 3087 2827 3138 ό
2853 3085 3053 3149 Ἅϐελ,
3084 3087 3180 3139 καὶ
3215 3087 3390 3160 ταύτῃ
3439 3087 3820 3161 λαμπρότερος

2228 3178 2483 3249 γέγονενς
2523 3175 2664 3229 Ἀλλ’
2695 3174 2808 3244 ἐγώ
2844 3191 2928 3229 σοι
2963 3176 3191 3247 μυρίους
3217 3176 3500 3249 ἠρίθμησα
3529 3177 3818 3244 θανάτους,

2226 3267 2322 3320 καὶ
2348 3263 2667 3330 τοσούτους,
2699 3262 2834 3326 δσας
2863 3262 3078 3335 ἡμέρας
3102 3263 3388 3335 κηρύττων
3426 3263 3620 3336 ἔζησεν
3645 3265 3676 3318 δ
3709 3284 3822 3337 μα-

2224 3354 2414 3427 κάριος
2438 3346 2613 3415 οὗτος.
2656 3351 2718 3404 El
2749 3349 2816 3404 δὲ
2839 3349 2936 3404 καὶ
2959 3351 3060 3422 τὴν
3087 3350 3250 3421 μέχρι
3280 3351 3383 3422 τῆς
3409 3351 3605 3423 πείρας
3640 3353 3821 3424 αὐτῆς

2225 3440 2592 3513 προελθοῦσαν
2617 3437 2805 3509 ¹βούλει
2831 3437 3024 3508 μαθεῖν
3047 3436 3265 3510 σφαγὴν
3283 3480 3298 3505 ,
3340 3439 3546 3503 ἐκεῖνος
3577 3439 3679 3510 μὲν
3709 3441 3823 3497 ὑπὸ

2221 3529 2320 3586 τοῦ
2341 3526 2573 3599 ἀδελφοῦ
2616 3527 2754 3598 μήτε
2779 3524 3128 3595 ἀδικηθέντος
3146 3562 3163 3590 ,
3198 3526 3334 3595 μήτε
3364 3526 3822 3596 εὐεργετηθέντας

2225 3619 2559 3676 κατέπεσενο
2593 3607 2749 3678 οὗτος
2775 3612 2832 3666 δὲ
2857 3611 2964 3667 ὑπὸ
2988 3609 3196 3665 τούτων
3227 3610 3485 3684 ἀνῃρεῖτο
3501 3651 3518 3676 ,
3549 3611 3644 3677 οὓς
3665 3613 3825 3685 ἐξαρ-

2224 3709 2398 3764 πάσαι
2418 3702 2529 3758 τῶν
2553 3699 2763 3772 μυρίων
2791 3697 3046 3768 ἐπείγετο
3066 3696 3276 3762 κακῶν,
3305 3697 3401 3751 καὶ
3423 3698 3492 3752 δι’
3513 3697 3612 3764 οὓς
3634 3701 3823 3755 πάντα

2224 3797 2500 3864 ἔπασχεν,
2535 3790 2681 3859 άπερ
2717 3784 2940 3840 ἐπαθεν.
2986 3784 3149 3839 Ἀλλά
3175 3782 3301 3838 Νῶε
3335 3784 3577 3852 δίκαιος,
3608 3786 3822 3853 τέλειος

2224 3887 2283 3938 ἐν
2317 3883 2386 3952 τῇ
2410 3877 2575 3948 γενεᾷ
2602 3871 2800 3940 αὐτοῦ,
2831 3871 2929 3927 καὶ
2961 3872 3124 3944 μόνος
3159 3871 3220 3924 ἐν
3238 3870 3413 3926 ἀπασι
3443 3873 3684 3938 τοιοῦτος
3703 3870 3776 3945 ἦν
3802 3894 3821 3941 ;

2237 3969 2399 4024 *Αλλά
2448 3965 2542 4019 και
2569 3960 2779 4024 Παῦλος
2830 3958 2990 4029 μόνος
3014 3969 3042 4000 ι
3086 3959 3147 4013 ἐν
3193 3957 3366 4013 ἅπασι
3403 3958 3664 4024 τοιοῦτος.
3706 3962 3824 4016 Καὶ

2227 4057 2435 4116 ἐκεῖνος
2465 4052 2563 4123 μὲν
2603 4046 2795 4101 ἐαυτὸν
2822 4045 2963 4115 μετά
2988 4043 3098 4099 τῶν
3127 4044 3332 4099 παίδων
3353 4045 3580 4099 διέσωσε
3612 4047 3776 4118 μόνον
3801 4066 3820 4081 -

2227 4135 2383 4204 οὗτος
2413 4139 2471 4192 δέ
2489 4177 2504 4203 ,
2545 4135 2680 4190 πολὺ
2721 4133 3103 4205 χαλεπωτέρου
3146 4131 3248 4203 τὴν
3293 4133 3617 4205 οίκουμένην
3648 4151 3823 4190 κατα-

2223 4224 2467 4299 κλυσμοῦ
2500 4219 2896 4284 καταλαϐόντος
2915 4258 2931 4284 ,
2970 4219 3033 4273 οὐ
3085 4218 3307 4282 σανίδας
3352 4219 3665 4290 πηξάμενος
3720 4220 3851 4277 καί

2223 4313 2455 4372 κιϐωτὸν
2493 4311 2726 4382 ποιήσας
2744 4347 2762 4374 ,
2809 4307 2926 4363 ἀλλ’
2971 4307 3096 4362 ἀντὶ
3136 4306 3367 4361 σανίδων
3394 4308 3494 4373 τάς
3527 4309 3823 4375 ἐπιστολάς

2225 4401 2471 4467 συνθεὶς,
2502 4398 2566 4454 οὐ
2592 4398 2685 4452 δύο
2712 4395 2806 4450 καὶ
2835 4395 2986 4465 τρεῖς
3009 4393 3104 4448 καὶ
3134 4395 3298 4450 πέντε
3329 4398 3646 4464 συγγενεῖς,
3677 4396 3824 4451 ἀλλά

2221 4493 2322 4564 τὴν
2348 4487 2674 4560 οἰκουμένην
2703 4484 2945 4551 ἃπασαν,
2974 4482 3466 4548 καταποντίζεσθαι
3491 4483 3819 4554 μέλλουσαν,

2222 4581 2290 4632 ἐκ
2329 4576 2507 4650 μέσων
2531 4575 2751 4646 ἥρπασε
2792 4571 2902 4626 τῶν
2934 4569 3218 4641 κυμάτων.
3260 4570 3399 4625 υύδέ
3443 4570 3555 4643 γὰρ
3587 4572 3821 4645 τοιαύτη

2221 4665 2291 4740 ἧν
2321 4669 2355 4739 ή
2386 4663 2646 4729 κιϐωτὸς,
2685 4663 2761 4724 ὡς
2804 4662 2864 4715 ἐν
2911 4659 2993 4714 ἐνὶ
3029 4659 3428 4731 περιφέρεσθαι
3465 4660 3650 4732 τόπῳ,
3677 4661 3820 4717 ἀλλὰ

2221 4755 2293 4810 τά
2318 4755 2572 4825 τέρματα
2597 4750 2697 4821 τῆς
2723 4745 3049 4819 οἰκουμένης
3069 4745 3362 4813 κατέλαϐε,
3387 4748 3485 4802 καὶ
3513 4747 3574 4814 ἐξ
3599 4748 3818 4804 ἐκείνου

2223 4844 2433 4905 πάντας
2465 4839 2676 4907 εἰσάγει
2704 4836 2866 4908 μέχρι
2905 4833 3000 4888 τοῦ
3026 4834 3124 4889 νῦν
3161 4837 3243 4898 εις
3275 4835 3375 4906 τὴν
3402 4835 3650 4907 λάρνακα
3679 4837 3821 4892 ταύ-

2220 4949 2340 5004 την.
2372 4930 2695 5001 Σύμμετρον
2719 4924 2831 4996 γάρ
2860 4922 2940 4994 τῷ
2983 4923 3181 4996 πλήθει
3213 4922 3322 4976 τῶν
3350 4922 3675 4994 σωζομένων
3712 4925 3818 4979 αὺ-

2221 5020 2323 5091 τὴν
2351 5013 2775 5101 κατασκευάσας
2792 5052 2809 5077 ,
2842 5010 3131 5081 δεχόμενος
3159 5010 3371 5078 ἀλόγων
3399 5010 3817 5082 ἀνοητοτέρους,

2221 5111 2338 5173 ταῖς
2358 5098 2478 5162 άνω
2495 5103 2788 5173 δυνάμεσιν
2813 5099 3147 5170 ἐφαμίλλους
3175 5098 3494 5170 ἐργάζεται,
3527 5099 3820 5171 καὶταύτῃ

2222 5196 2388 5251 νικῶν
2418 5195 2519 5268 τὴν
2542 5191 2772 5247 κιϐωτὸν
2797 5189 3030 5262 ἐκείνην.
3078 5189 3292 5260 Ἐκείνη
3325 5189 3426 5260 μέν
3456 5188 3567 5259 γὰρ
3604 5189 3822 5260 κόρακα

2223 5283 2464 5338 λαϐοῦσα
2488 5320 2505 5348 ,
2546 5281 2758 5354 κόρακα
2785 5278 2950 5332 πάλιν
2991 5273 3268 5349 ἐξέπεμψε
3293 5318 3309 5342 ,
3359 5276 3457 5331 καὶ
3493 5275 3664 5330 λύκον
3685 5277 3822 5330 ὑπο.

2225 5371 2490 5442 δεξαμένη
2510 5411 2524 5433 ,
2553 5368 2655 5437 τὴν
2684 5365 2977 5436 θηριωδίαν
3003 5363 3066 5417 ού
3096 5362 3425 5435 μετέϐαλενο
3453 5355 3608 5426 οὗτος
3633 5362 3693 5415 δέ
3715 5363 3821 5434 οὐχ

2225 5460 2397 5522 οὕτως
2418 5499 2434 5524 ,
2460 5455 2598 5513 ἀλλά
2625 5455 2806 5509 λαϐὼν
2827 5453 3024 5518 λύκους
3052 5493 3068 5520 ,
3099 5452 3352 5524 πρόϐατα
3372 5453 3689 5523 είργάσστο,
3721 5453 3823 5507 καὶ

2224 5546 2404 5602 λαϐὼν
2433 5545 2655 5617 ἱέρακας
2681 5542 2774 5594 καὶ
2797 5542 3063 5609 κολοιοὺς,
3100 5538 3428 5610 περιστερὰς
3468 5538 3687 5601 τούτους
3711 5538 3821 5591 ἁπ-

2291 5729 2318 5760 ⁸
2344 5726 2398 5777 In
2422 5725 2544 5782 Rea.
2567 5721 2710 5772 deest
2729 5717 2880 5782 μόνος.
