4070 6422
337 371 446 432 ιη

1163 375 1253 432 DE
1287 375 1637 436 LAUDIBUS
1677 375 1739 435 S.
1775 375 1989 438 PAULI
2025 377 2394 438 APOSTOLI‘.
2440 379 2678 439 HOMIL.
2716 381 2759 438 l.

3486 380 3602 438 474

357 621 3599 664 mw

1220 881 1365 954 DE
1414 875 1934 954 LAUDIBUS
1985 875 2369 954 SANCTI
2419 877 2741 952 PAULI

1821 1042 2125 1089 Λνοετου
2133 1071 2150 1088 .

937 1320 1157 1363 EOIILM
1181 1323 1198 1362 ι
1221 1308 1323 1386 (α).

403 1393 547 1456 Nihil
568 1411 788 1469 prorsus
825 1398 1105 1465 erraverit,
1138 1397 1228 1468 qui
1259 1406 1470 1467 pratum
1498 1396 1771 1469 quoddam
1800 1397 1931 1453 insi-

329 1503 438 1562 gne
460 1490 737 1561 virtutum,
758 1498 815 1546 et
839 1489 1141 1561 paradisum
1163 1491 1494 1560 spiritualem
1518 1490 1667 1546 Pauli
1688 1490 1930 1545 animum

332 1583 722 1653 nuncupaverit
765 1601 780 1638 :
813 1593 920 1638 tam
962 1583 1128 1638 multa
1155 1585 1299 1639 enim
1326 1585 1497 1654 gratia
1550 1583 1754 1652 ﬂoruit,
1797 1593 1929 1638 tam-

330 1687 440 1743 que
463 1673 588 1729 huic
613 1675 801 1744 gratiae
824 1683 1156 1744 congruente
1175 1674 1300 1728 vitze
1327 1673 1668 1745 perfectione
1689 1675 1931 1743 resplen-

331 1756 480 1820 duit:
532 1764 784 1835 quoniam
823 1764 966 1821 enim
1018 1779 1114 1819 vas
1162 1765 1444 1820 electionis
1473 1765 1698 1820 effectus
1724 1773 1826 1830 est,
1875 1773 1932 1820 et

329 1854 470 1911 beae
483 1855 832 1925 semetipsum
853 1854 1143 1910 emendare
1158 1854 1387 1920 curavit,
1405 1855 1704 1925 largissime
1727 1855 1778 1909 in
1805 1869 1928 1909 eum

329 1947 504 2002 sancti
527 1946 761 2016 Spiritus
783 1960 980 2002 munus
1006 1946 1234 2002 effusum
1259 1955 1362 2002 est.
1397 1945 1549 2002 Unde
1577 1955 1632 2002 et
1658 1945 1929 2001 mirabiles

330 2039 490 2096 nobis
531 2038 722 2095 fluvios
761 2040 966 2111 genuit,
991 2054 1097 2095 non
1147 2039 1441 2096 secundum
1472 2037 1705 2109 paradisi
1754 2037 1929 2094 fontes

331 2139 561 2201 quatuor
591 2139 792 2185 tantum
817 2171 833 2196 ,
856 2129 952 2186 sed
982 2130 1158 2185 multo
1210 2130 1372 2186 etiam
1404 2130 1584 2199 plures
1616 2137 1670 2184 et
1690 2128 1930 2198 quotidie

331 2219 601 2276 ﬂuentes:
631 2234 737 2275 nou
781 2228 982 2275 terram
1003 2221 1258 2290 rigantes,
1289 2218 1386 2274 sed
1415 2219 1625 2273 animas
1649 2217 1929 2272 hominum

333 2313 406 2370 ad
449 2308 797 2384 pro'ducenda
832 2312 1096 2368 virtutum
1139 2312 1380 2384 germina
1422 2314 1764 2367 suscitantes.
1799 2311 1930 2378 Quis

331 2419 464 2476 ergo
485 2405 653 2474 ipsius
681 2405 886 2460 meritis
913 2403 1379 2460 sufilcietsermo?
1402 2418 1522 2474 qua:
1548 2411 1727 2458 autem
1748 2403 1930 2471 lingua

332 2495 582 2552 laudibus
613 2493 732 2564 ejus
774 2493 1076 2549 invenietur
1103 2493 1345 2564 aequalis,
1391 2508 1513 2548 cum
1565 2492 1746 2548 omnia
1797 2507 1921 2563 quze

331 2596 459 2643 sunt
487 2589 543 2643 in
572 2586 878 2643 hominibus
907 2587 1047 2643 bona
1071 2627 1087 2653 ,
1119 2602 1223 2641 una
1251 2586 1430 2640 anima
1460 2585 1752 2656 possideat,
1783 2595 1837 2641 et
1864 2601 1929 2642 ea

330 2687 525 2736 cuncta
582 2679 741 2750 plene
787 2683 951 2749 atque
984 2678 1252 2735 cumulate
1281 2719 1298 2746 ,
1329 2692 1448 2748 quae
1477 2693 1585 2733 non
1616 2677 1790 2733 solum
1822 2676 1926 2733 ho-

332 2772 538 2826 minum
567 2779 711 2836 sunt,
755 2758 852 2827 sed
889 2771 1074 2838 etiam,
1124 2769 1270 2841 quod
1313 2779 1398 2825 est
1419 2769 1676 2840 amplius,
1719 2770 1930 2840 angelo-

331 2861 488 2917 rum?
508 2860 851 2932 Nequaquam
876 2875 1006 2932 ergo
1035 2874 1320 2932 possumus
1347 2860 1463 2930 ejus
1491 2858 1764 2929 explicare
1791 2875 1931 2932 pm-

333 2952 490 3009 couia
529 2967 674 3009 :nec
709 2961 890 3008 tamen
933 2951 1133 3007 idcirco
1171 2951 1536 3017 reticebimus,
1575 2950 1700 3021 quin
1755 2950 1932 3020 potius

332 3052 622 3115 propterea
656 3040 918 3098 dicemus.
969 3042 1067 3096 Est
1093 3041 1238 3097 enim
1269 3041 1373 3096 hoc
1415 3040 1709 3096 maximum
1756 3041 1932 3096 laudis

330 3149 521 3206 genus,
538 3149 660 3190 cum
673 3135 931 3190 orationis
944 3133 1152 3205 copiam
1167 3135 1334 3188 virtus
1352 3141 1657 3203 exsuperat,
1671 3141 1723 3188 et
1736 3147 1933 3204 magm-

335 3227 465 3284 tudo
484 3227 683 3282 laudati
708 3243 723 3281 :
754 3226 940 3297 sicque
966 3226 1109 3281 vinci
1137 3225 1295 3281 nobis
1313 3233 1398 3280 est
1426 3225 1595 3279 multo
1619 3225 1925 3296 gloriosius,

333 3333 496 3390 quam
522 3332 668 3388 saepe
695 3317 911 3373 vicisse.
944 3314 1100 3372 Unde
1129 3315 1293 3386 igitur
1311 3315 1669 3385 opportunius
1712 3313 1928 3370 laudum

333 3410 452 3482 ejus
492 3424 771 3466 sumemus
796 3408 1076 3465 exordium
1097 3408 1121 3463 ἲ
1143 3407 1315 3475 Unde,
1344 3408 1581 3478 inquam,
1613 3407 1932 3478 incipiemus

333 3501 575 3568 aliunde,
598 3499 702 3555 nisi
728 3499 797 3555 ab
817 3501 922 3555 hoc
942 3500 1061 3570 ipso
1075 3498 1336 3570 primum,
1366 3508 1425 3554 ut
1447 3499 1795 3554 ostendamus
1806 3513 1930 3553 eum

333 3594 476 3650 bona
497 3593 736 3648 omnium
763 3591 1128 3661 possidentem
1155 3590 1179 3645 ἲ
1205 3590 1332 3646 Sive
1360 3590 1505 3646 enim
1531 3591 1807 3660 prophetae
1826 3606 1928 3662 po—

337 3685 538 3740 tentius
563 3683 618 3738 in
645 3687 705 3738 Se
728 3681 930 3753 aliquid
961 3681 1334 3747 ostenderunt,
1364 3683 1639 3752 magisque
1659 3681 1928 3750 mirabile,

335 3778 449 3833 sive
467 3775 803 3847 patriarcha,
834 3776 950 3831 sive
969 3775 1124 3846 justi,
1157 3769 1271 3831 sive
1295 3775 1546 3844 apostoli,
1583 3775 1697 3830 sive
1720 3782 1931 3846 marty-

335 3887 448 3939 res,
470 3871 588 3926 ha‘c
609 3871 790 3926 omnia
818 3869 980 3925 simul
1009 3869 1267 3940 colligens
1292 3868 1489 3923 Paulus
1515 3883 1640 3924 cum
1667 3876 1817 3923 tanto
1839 3867 1928 3922 ha-

335 3962 428 4020 bet
453 3964 692 4029 cumulo,
723 3978 845 4018 cum
889 3971 1094 4033 quanto
1133 3962 1312 4017 nullus
1335 3976 1523 4017 eorum
1573 3962 1795 4028 bonum,
1823 3977 1931 4031 quo

333 4054 668 4121 excellebat,
716 4053 974 4122 implevit.
1010 4052 1122 4107 Hoc
1147 4053 1326 4123 itaque
1366 4051 1672 4123 diligentius
1698 4053 1926 4109 intuere.

335 4144 471 4201 Abel
518 4143 709 4199 obtulit
751 4141 1073 4198 sacrificium
1097 4183 1112 4207 ,
1144 4151 1202 4197 et
1249 4141 1374 4198 inde
1404 4141 1650 4197 laudatur
1691 4140 1844 4213 (Gen.
1871 4143 1926 4197 ι.

335 4235 430 4306 4);
473 4234 582 4291 sed
633 4234 680 4290 si
721 4233 871 4290 Pauli
911 4233 1140 4290 hostiam
1191 4233 1520 4288 adducamus
1562 4233 1616 4287 in
1671 4233 1928 4297 medium,

336 4333 596 4396 quantum
619 4323 807 4379 caelum
839 4332 1000 4389 terra,
1027 4321 1273 4393 superior
1289 4323 1584 4392 apparebit.
1616 4322 1786 4391 Quam
1803 4338 1932 4393 ergo

337 4416 499 4472 vultis
539 4425 600 4471 ut
624 4415 960 4472 memorem?
1003 4429 1110 4470 non
1155 4415 1302 4470 enim
1333 4429 1436 4468 una
1465 4424 1668 4470 tantum
1695 4423 1779 4470 cst
1810 4432 1824 4468 :
1853 4415 1931 4469 si-

334 4508 554 4580 quidem
601 4507 950 4577 semetipsum
992 4522 1088 4577 per
1128 4506 1245 4563 dies
1296 4507 1536 4577 singulos
1581 4507 1928 4563 immolabat:

336 4615 496 4672 quam
529 4608 709 4656 tamen
736 4615 923 4655 rursus
946 4599 1172 4655 hostiam
1201 4599 1485 4669 dupliciter
1505 4601 1784 4667 offerebat,
1807 4614 1930 4655 cum

336 4695 576 4764 quotidie
617 4695 856 4750 moriens
893 4692 969 4763 (ι.
1001 4692 1122 4749 Cor.
1165 4694 1253 4750 15.
1287 4692 1403 4765 51),
1437 4702 1548 4748 tum
1601 4693 1655 4748 in
1703 4708 1932 4763 corpore

337 4800 436 4840 suo
472 4785 938 4862 mortificationem
981 4785 1100 4842 sine
1123 4783 1520 4840 intermissione
1547 4785 1931 4842 circumferens

336 4875 395 4945 (ἓ
417 4876 538 4932 Cor.
564 4877 620 4931 ι.
649 4876 764 4946 {0).
808 4877 940 4933 Nam
978 4885 1034 4932 et
1054 4875 1122 4931 ad
1149 4874 1386 4947 pericula
1417 4875 1617 4947 jugiter
1642 4876 1930 4948 parabatur

335 4981 721 5023 consummans
746 4969 1019 5024 voluntate
1042 4968 1358 5039 martyrium
1379 5007 1394 5033 ,
1425 4975 1482 5022 et
1515 4977 1758 5024 naturam
1789 4969 1842 5024 in
1869 4982 1930 5024 se

337 5057 714 5114 mortificando
738 5060 936 5133 carnis,
967 5058 1096 5114 nihil
1126 5059 1306 5114 minus
1318 5074 1479 5130 quam
1506 5058 1798 5115 immolata:
1817 5060 1931 5117 Deo

340 5150 529 5205 hostia:
574 5164 772 5206 munus
819 5151 1096 5220 implebat,
1124 5151 1235 5205 imo
1263 5151 1426 5206 etiam
1469 5150 1640 5206 multo
1677 5151 1908 5222 amplius

336 5238 456 5296 Non
485 5241 632 5297 enim
663 5255 794 5296 oves
819 5240 1098 5305 offerebat,
1119 5249 1214 5296 aut
1237 5241 1402 5298 boves
1421 5285 1437 5310 ,
1459 5242 1555 5299 sed
1585 5244 1932 5313 semetipsum

341 5348 438 5403 per
457 5333 574 5389 dies
598 5333 838 5403 singulos
862 5333 1169 5414 dupliciter,
1203 5343 1262 5390 ut
1294 5335 1548 5402 diximus,
1576 5336 1886 5393 immolabat
1915 5356 1930 5394 :

341 5432 560 5495 propter
586 5424 728 5492 quod
770 5424 1044 5481 conlidens
1071 5425 1205 5481 dixit
1260 5445 1275 5482 :
1305 5425 1418 5499 Ego
1442 5428 1575 5482 enim
1590 5430 1706 5499 jam
1747 5429 1932 5485 immo-

344 5513 425 5570 lor
460 5514 537 5585 (2.
567 5513 703 5569 Tim.
737 5515 788 5570 ι.
813 5516 895 5588 6),
941 5517 1256 5589 sanguinem
1289 5520 1470 5592 utique
1499 5535 1656 5577 suum
1686 5521 1932 5579 immola-

342 5605 540 5665 tionem
569 5619 788 5661 vocans.
1169 5627 1171 5634 ι

1933 1176 2028 1215 ME

2111 1310 2242 1376 Qua:
2289 1309 2542 1380 sacriﬁcia
2575 1306 2780 1365 Paulus
2824 1309 3051 1386 offerret.
3079 1341 3156 1355 —
3184 1310 3373 1384 Neque
3400 1327 3530 1370 vero
3552 1313 3641 1371 his

2033 1400 2406 1456 tantummodo
2429 1400 2706 1457 sacrificiis
2731 1390 3138 1460 contentusfuit
3165 1420 3180 1460 :
3208 1405 3304 1462 sed
3331 1407 3456 1478 quia
3499 1407 3638 1464 bene

2032 1505 2095 1548 se
2124 1492 2296 1562 ipsum
2319 1502 2730 1549 consecraverat
2753 1494 2865 1550 Deo
2884 1535 2902 1561 ,
2928 1495 3090 1551 etiam
3111 1496 3301 1553 orbem
3325 1497 3636 1554 universum

2034 1583 2238 1639 studuit
2254 1583 2448 1640 otl‘errc
2467 1602 2481 1640 :
2501 1587 2590 1656 qui
2613 1595 2810 1643 terram
2831 1585 3078 1642 videlicet
3093 1602 3159 1643 ac
3174 1601 3346 1654 mare,
3369 1587 3634 1646 Gmiam

2033 1675 2206 1730 simul
2218 1691 2281 1730 ac
2307 1675 2650 1745 Barbariem,
2683 1691 3006 1747 omnemque
3031 1692 3252 1748 prorsus
3272 1719 3289 1746 ,
3324 1687 3525 1752 quanta
3549 1689 3636 1738 est

2032 1767 2134 1824 sub
2151 1768 2310 1832 caalo,
2346 1769 2619 1839 regionem
2635 1808 2652 1834 ,
2684 1770 2837 1839 quasi
2859 1769 3092 1825 volitans
3113 1810 3131 1837 ,
3160 1769 3463 1826 circumivit
3479 1811 3498 1839 ,
3524 1785 3635 1826 non

2032 1860 2264 1930 simplici
2283 1859 2498 1926 labore,
2521 1859 2694 1917 veluti
2721 1861 2777 1916 in
2803 1874 3030 1916 vacuum
3051 1860 3243 1916 itinera
3272 1875 3632 1932 percurrens;

2033 1950 2134 2005 sed
2191 1958 2531 2020 peccatorum
2577 1950 2761 2020 spinas
2788 1940 2987 2021 pariter
3010 1949 3285 2018 evellens,
3315 1957 3372 2008 et
3411 1948 3636 2006 verbum

2033 2043 2306 2098 seminans
2334 2042 2528 2113 ubique
2555 2040 2800 2112 pietatis,
2851 2040 3042 2112 fugans
3067 2054 3284 2098 errores
3305 2080 3324 2109 ,
3354 2041 3632 2097 veritatem

2035 2133 2336 2197 reducens,
2384 2147 2452 2187 ex
2498 2131 2806 2188 hominibus
2845 2131 3068 2204 angelos
3096 2129 3298 2187 faciens
3312 2147 3342 2215 ⁹ε
3370 2131 3498 2202 quin
3522 2127 3635 2185 imo

2035 2227 2181 2296 ipsos
2208 2224 2453 2283 homines
2481 2225 2634 2296 quasi
2660 2239 2728 2281 ex
2747 2224 3084 2281 dazmonibus
3112 2223 3165 2280 in
3190 2222 3414 2294 angelos
3441 2235 3636 2293 prove-

2035 2317 2192 2373 hens.
2234 2314 2462 2386 Propter
2503 2316 2645 2387 quod
2668 2315 2780 2386 jam
2811 2315 2939 2372 hinc
2966 2324 3090 2386 post
3121 2313 3349 2374 sudores
3373 2313 3634 2382 plurimos

2035 2423 2100 2464 ac
2128 2416 2328 2478 tropaea
2354 2405 2761 2463 innumerabilia
2801 2405 3153 2471 transiturus,
3197 2418 3297 2475 pro
3337 2401 3633 2473 discipulo-

2033 2514 2152 2554 rum
2172 2497 2540 2554 consolatione
2560 2495 2772 2553 dicebat
2797 2513 2813 2552 :
2839 2494 2949 2552 Sed
2975 2507 3021 2552 et
3044 2495 3091 2551 si
3113 2493 3350 2550 immolor
3373 2509 3527 2564 super
3543 2509 3636 2548 sa-

2035 2590 2284 2660 criﬁcium
2303 2598 2353 2646 et
2372 2589 2663 2658 obsequium
2681 2587 2804 2656 fidei
2824 2596 3022 2653 vestris,
3051 2585 3268 2658 gaudeo,
3291 2593 3341 2640 et
3364 2591 3638 2656 congratu-

2034 2682 2115 2736 ιον
2135 2681 2367 2736 omnibus
2386 2680 2524 2735 vobis
2545 2693 2567 2735 :
2595 2688 2802 2749 prepter
2819 2678 2956 2750 quod
2979 2688 3026 2734 et
3053 2691 3141 2733 vos
3165 2677 3380 2748 gaudete
3399 2715 3414 2741 ,
3433 2683 3482 2729 et
3505 2688 3633 2728 con-

2027 2774 2365 2846 gratulamini
2387 2773 2515 2829 mihi
2541 2773 2804 2846 (Philipp.
2825 2771 2882 2828 2.
2916 2770 3006 2826 17.
3039 2768 3151 2838 18).
3181 2765 3446 2836 Quidnam
3476 2765 3637 2836 igitur

2035 2863 2164 2920 huic
2211 2863 2400 2920 hostire
2441 2864 2742 2935 reperietur
2763 2861 3000 2932 mquale,
3024 2872 3184 2932 quam
3209 2856 3410 2914 Paulus
3447 2855 3638 2912 stricto

2033 2958 2203 3011 sancti
2232 2955 2463 3025 Spiritus
2481 2955 2662 3028 gladio
2683 2949 3015 3020 immolavit,
3047 2967 3316 3024 quamque
3349 2951 3404 3006 in
3431 2949 3526 3005 illo
3552 2948 3636 3004 al-

2035 3048 2137 3102 tari
2162 3047 2376 3113 obtulit,
2409 3047 2552 3118 quod
2577 3063 2739 3118 supra
2767 3048 2932 3105 caelos
2959 3047 3190 3104 locatum
3219 3044 3341 3102 est?
3363 3043 3470 3101 Sed
3498 3042 3636 3099 Abel

2034 3140 2160 3194 dolo
2209 3140 2448 3209 germani
2501 3153 2787 3210 percussus
2841 3139 3089 3196 occubuit
3122 3137 3280 3211 (Gen.
3308 3137 3345 3207 ᾖ
3376 3135 3397 3208 )
3430 3152 3445 3189 :
3473 3143 3637 3206 atque

2037 3229 2162 3284 hinc
2182 3229 2404 3286 etl‘ectus
2431 3238 2515 3286 est
2533 3228 2748 3286 clarior.
2770 3229 2841 3284 At
2867 3242 2969 3298 ego
2994 3229 3306 3284 innumeras
3331 3226 3427 3283 tibi
3451 3233 3636 3281 osten-

2035 3320 2158 3375 dam
2188 3330 2406 3384 mortes,
2436 3328 2514 3376 tot
2532 3320 2737 3390 utique,
2762 3326 2894 3390 quot
2916 3317 3081 3374 etiam
3104 3316 3222 3373 dies
3242 3316 3428 3373 beatus
3456 3315 3558 3372 iste
3577 3315 3634 3370 in

2030 3409 2417 3479 praedicatione
2443 3409 2592 3464 vixit.
2609 3407 2666 3465 Si
2687 3423 2816 3465 vero
2837 3423 2956 3464 eam
2982 3422 3197 3478 quoque
3213 3405 3293 3462 vis
3313 3419 3474 3461 nosse
3488 3418 3638 3459 mon-

2035 3513 2142 3558 tem
2167 3544 2183 3569 ,
2214 3517 2334 3574 qua:
2374 3501 2666 3558 novissime
2707 3500 2870 3557 etiam
2911 3499 3076 3556 rebus
3105 3498 3324 3568 impleta
3349 3505 3470 3552 est:
3499 3495 3633 3553 Abel

2035 3593 2254 3666 quidem
2279 3607 2311 3648 a
2337 3593 2501 3648 fratre
2519 3634 2536 3658 ,
2566 3602 2626 3648 ut
2655 3591 2786 3646 nihil
2809 3607 2841 3646 a
2869 3605 2930 3648 se
2958 3590 3118 3656 laeso,
3149 3591 3222 3645 ita
3251 3589 3414 3645 nullis
3439 3587 3635 3644 affecto

2036 3686 2314 3742 beneficiis
2333 3686 2686 3754 interemptus
2703 3691 2819 3750 est;
2843 3681 3042 3738 Paulus
3067 3694 3196 3737 vero
3222 3679 3292 3736 ab
3319 3679 3385 3735 iis
3413 3677 3636 3734 interie-

2028 3784 2154 3833 ctus
2201 3786 2318 3842 est,
2361 3789 2498 3846 quos
2530 3773 2827 3829 innumeris
2855 3772 3013 3827 malis
3036 3769 3285 3841 cupiebat
3302 3769 3548 3838 eripere,
3579 3777 3637 3823 ct

2035 3876 2258 3937 propter
2276 3880 2412 3936 quos
2456 3863 2708 3920 sustinuit
2733 3862 2993 3918 'universa
3029 3875 3150 3932 qua
3178 3872 3368 3930 passus
3392 3866 3494 3915 est.
3523 3858 3634 3913 Sed

2035 3958 2150 4015 Noe
2165 3957 2341 4028 justus
2358 3957 2410 4011 in
2430 3955 2776 4028 generatione
2798 3968 2919 4021 sua,
2948 3960 3110 4022 atque
3129 3948 3400 4023 perfectus
3419 3990 3435 4016 ,
3459 3959 3514 4004 ct
3538 3963 3634 4005 so-

2036 4049 2120 4104 lus
2147 4056 2264 4103 erat
2293 4047 2414 4103 talis
2438 4047 2489 4103 in
2517 4046 2723 4102 cunctis
2742 4042 2895 4117 (Gen.
2923 4043 2978 4098 6.
3000 4042 3039 4098 9
3067 4044 3108 4109 ):
3131 4040 3229 4098 sed
3244 4047 3301 4098 et
3321 4039 3524 4096 Paulus
3546 4052 3636 4093 so-

2037 4140 2123 4194 lus
2151 4141 2292 4195 inter
2319 4153 2510 4194 omnes
2536 4138 2680 4193 talis.
2710 4136 2783 4192 Et
2805 4136 2897 4193 ille
2924 4127 3144 4206 quidem
3171 4147 3233 4190 se
3257 4130 3634 4207 tan-tummodo

2035 4232 2229 4303 legitur
2245 4244 2492 4287 servasse
2515 4244 2637 4285 cum
2657 4228 2874 4293 liberis;
2896 4226 2988 4282 hic
3012 4234 3192 4282 autem
3214 4225 3386 4301 multo
3410 4224 3638 4279 saeviore

2036 4323 2294 4380 mundum
2323 4322 2631 4378 ‘inundante
2681 4320 2883 4377 diluvio
2906 4359 2925 4388 ,
2975 4333 3085 4375 non
3125 4332 3308 4373 arcam
3333 4316 3637 4387 coaptando

2035 4416 2442 4487 compaginibus
2469 4413 2769 4471 tabularum
2793 4452 2812 4479 ,
2840 4411 2939 4469 sed
2975 4409 3232 4482 epistolas
3258 4408 3638 4480 componendo

2036 4523 2136 4580 pro
2166 4508 2362 4565 tabulis
2379 4548 2396 4575 ,
2418 4522 2524 4564 non
2549 4505 2686 4562 duos
2705 4503 2792 4562 vel
2819 4514 2930 4561 tres
2957 4511 3049 4559 aut
3077 4502 3312 4574 quinque
3338 4509 3632 4571 cognatos,

2035 4602 2132 4658 sed
2151 4601 2459 4656 universum
2485 4613 2705 4670 prorsus
2733 4597 2917 4654 orbem
2947 4595 3116 4667 mergi
3147 4594 3538 4666 periclitantem
3569 4609 3637 4649 ex

2037 4693 2228 4749 mediis
2249 4691 2500 4748 ﬂuctibus
2514 4690 2782 4746 liberavit.
2806 4687 2918 4744 Nec
2931 4702 3061 4743 vero
3076 4694 3194 4744 erat
3213 4686 3330 4742 haec
3349 4685 3471 4742 talis
3487 4699 3637 4753 arca,

2036 4793 2097 4839 ut
2116 4796 2224 4838 uno
2242 4782 2681 4838 circumferretur
2699 4779 2836 4846 loco,
2860 4793 2980 4851 quae
2996 4777 3180 4848 utique
3206 4772 3352 4833 orbis
3368 4785 3637 4832 terrarum

2037 4875 2298 4933 terminos
2322 4873 2745 4945 comprehendit.
2775 4871 2908 4929 Nam
2945 4883 3115 4941 usque
3157 4883 3302 4926 nunc
3341 4883 3534 4926 omnes
3583 4869 3638 4924 in

2038 4968 2180 5024 hanc
2203 4981 2384 5024 arcam
2404 4967 2602 5023 Paulus
2622 4964 2860 5034 inducit,
2886 4977 3049 5035 quam
3073 4971 3222 5020 certe
3247 4973 3504 5034 capacem
3533 4962 3654 5018 sal-

2037 5059 2228 5116 vandaa
2257 5057 2612 5114 multitudinis
2646 5056 2996 5128 praparavit,’
3017 5069 3138 5126 quas
3165 5055 3468 5126 suscipiens
3501 5053 3638 5110 irra-

2039 5143 2386 5208 tionabilibus
2413 5164 2550 5221 pene
2574 5148 2893 5204 animalibus
2911 5148 3205 5214 stultiores,
3234 5146 3534 5203 imitatores
3558 5145 3642 5202 ef-

2040 5243 2150 5299 lleit
2174 5242 2512 5314 angelorum.
2554 5241 2622 5297 Et
2647 5239 2774 5297 hinc
2799 5255 3012 5313 quoque
3055 5240 3200 5295 illam
3227 5240 3392 5296 vincit
3418 5255 3630 5307 arcam,

2038 5335 2162 5407 quia
2187 5335 2276 5390 illa
2318 5333 2537 5404 quidem
2577 5344 2810 5390 corvum
2849 5332 3150 5403 recipiens,
3191 5346 3412 5388 corvum
3442 5346 3638 5387 rursus

2037 5426 2218 5482 emisit
2248 5424 2402 5500 (Gen.
2429 5425 2464 5482 8
2488 5424 2532 5494 ),
2563 5435 2620 5481 et
2644 5424 2926 5480 includens
2949 5425 3135 5494 lupum
3162 5465 3178 5488 ,
3223 5422 3489 5479 feritatem
3517 5420 3638 5491 ejus

2038 5527 2250 5574 mutare
2293 5532 2400 5574 non
2429 5516 2603 5588 potuit
2634 5535 2648 5572 :
2677 5516 2794 5572 haec
2831 5533 2960 5573 vero
2985 5530 3092 5572 non
3119 5515 3190 5570 ita
3210 5556 3227 5582 ,
3263 5513 3359 5570 sed
3389 5521 3639 5582 acceptos

2038 5609 2195 5683 lupos
2219 5626 2350 5670 oves
2392 5608 2652 5681 reddidit,
2683 5608 2970 5671 accipitres
3010 5608 3310 5680 milvosque
3335 5605 3636 5676 suscipiens

532 5725 608 5792 (α)
627 5722 972 5777 Ctzl.cuntcod.
998 5733 1113 5790 Reg.
1139 5729 1274 5791 t956,
1299 5730 1348 5779 in
1365 5743 1460 5793 quo
1483 5730 1637 5795 prima
1661 5731 1816 5785 solum
1834 5733 2058 5787 habetur.
