4070 6420
462 325 564 386 475

458 437 580 494 fecit
606 442 881 503 columbas
903 445 1083 519 (a),.et
1109 454 1398 514 excludens
1426 475 1638 521 omnem
1656 467 2030 529 irrationabili-

459 537 624 627 tatem
653 542 808 627 atque
834 535 1187 611 ferocitatem,
1214 554 1672 611 mansuetudinem
1700 557 1927 627 Spiritus
1948 562 2028 616 iu-

457 619 735 718 traduxit“:
767 635 1052 718 manetque
1079 631 1236 691 hodie
1261 637 1377 694 haec
1404 655 1598 698 arcana
1620 619 1901 718 navigans,
1932 666 2030 707 nec

455 715 631 809 tamen
657 712 940 809 aliquando
965 719 1311 794 dissolvitur,
1341 745 1441 786 nec
1484 734 1625 789 valet
1665 712 1869 793 tabulas
1888 712 1897 718 ’
1916 743 2031 809 ejus

455 795 560 850 ulla
590 800 806 895 malitiae
841 804 1022 864 laxare
1046 818 1366 882 tempestas:
1399 820 1524 889 quin
1548 824 1722 891 potius
1755 825 1865 895 ipsa
1894 795 2030 886 tein-

455 893 676 957 pestatis
702 905 875 952 motus
895 904 1187 972 navigando
1212 915 1557 980 compescuit,
1585 917 1724 986 quod
1744 893 1872 974 satis
1899 936 2028 976 con-

454 991 739 1081 sequenter
766 987 1008 1081 eiiectum
1035 1005 1134 1050 est.
1166 998 1283 1054 Non
1312 1003 1455 1056 enim
1480 1004 1739 1063 bitumine
1760 1020 1850 1064 aut
1876 1013 2024 1081 pice,

451 1071 547 1166 sed
591 1086 777 1166 sancto
807 1079 1008 1150 Spiritu
1058 1089 1175 1157 ejus
1206 1091 1396 1148 tabulas
1441 1106 1559 1150 sunt
1592 1071 1890 1166 perunctae:

453 1161 726 1252 Abraham
755 1169 1018 1228 mirantur
1044 1192 1251 1245 omnes,
1282 1184 1401 1252 quia
1422 1199 1542 1239 cum
1571 1161 1840 1245 audisset:
1862 1192 2026 1246 Abra-

453 1251 594 1354 ham,
617 1258 699 1310 exi
719 1259 781 1310 de
806 1269 1063 1354 terraitua,
1091 1278 1138 1323 et
1163 1270 1226 1324 de
1249 1251 1543 1345 cognatione
1555 1287 1642 1332 tua
1662 1279 1813 1350 (Geni
1836 1282 1922 1336 12.
1946 1284 2024 1354 1);

451 1348 508 1442 et
529 1341 746 1442 domum
767 1350 982 1420 reliquit
1005 1364 1058 1410 et
1086 1341 1333 1429 patriam,
1355 1371 1408 1418 et
1431 1366 1631 1422 amicos
1651 1341 1809 1439 atque
1830 1341 2026 1442 cogna-

452 1436 557 1496 tos,
571 1433 809 1500 ’qnorum
835 1442 1071 1532 omnium
1093 1446 1355 1514 jacturam
1401 1453 1516 1508 solo
1558 1433 1740 1513 diviui-
1771 1433 2026 1532 prmEepti

450 1531 635 1575 amore
652 1529 1032 1618 compensabat
1058 1550 1074 1587 :
1113 1551 1233 1591 nam
1264 1548 1318 1594 et
1343 1557 1443 1596 nos
1467 1558 1590 1598 eum
1615 1529 1890 1618 propterea
1928 1529 2026 1606 mi-

449 1621 648 1705 ramur.
677 1610 779 1668 Sed
803 1617 932 1685 quid
957 1619 1122 1690 Paulo
1143 1628 1311 1694 possit
1346 1634 1549 1701 aequari
1573 1610 1836 1705 iqui'non
1865 1641 2026 1696 modo

450 1702 711 1800 patriam,
721 1722 996 1780 cognatos,
1010 1729 1072 1770 ac
1090 1717 1336 1789 .domum,
1351 1724 1444 1778 sed
1464 1702 1855 1800 ipsum—quoque
1872 1747 2025 1786 mun-

449 1790 575 1886 dum
615 1797 867 1878 reliquit:
909 1803 1017 1858 imo
1043 1808 1202 1862 etiam
1224 1812 1445 1880 cadum,
1479 1790 1534 1869 et
1569 1790 1898 1874 caelum'cteli
1920 1831 2025 1886 ,.et

447 1878 565 1935 haec
583 1886 762 1979 omnia
778 1887 1044 1979 Christum
1069 1897 1408 1965 suSpiciendo
1433 1878 1712 1972 despexit:
1741 1923 1903 1961 unum
1920 1878 2023 1979 pro

446 1973 653 2070 cunctis
676 1984 730 2030 et
751 1976 922 2035 solum
942 2023 957 2050 ,
978 1983 1031 2038 id
1060 1995 1174 2052 est,
1202 1987 1394 2045 Christi
1418 1997 1691 2051 caritatem
1722 1973 2017 2070 require-ns,

451 2059 633 2129 Neque
659 2073 955 2139 praesentia,
989 2075 1188 2146 inquit,
1211 2097 1366 2150 neque
1392 2088 1584 2154 futura,
1607 2105 1761 2159 neque
1784 2059 2019 2162 altitudo,

445 2169 604 2224 neque
629 2163 957 2253 profundum,
987 2183 1146 2236 neque
1173 2171 1278 2224 alia
1304 2184 1534 2229 creatura
1555 2180 1735 2246 poterit
1765 2197 1855 2235 nos
1875 2199 2022 2253 sepa-

443 2259 559 2297 rare
575 2261 608 2298 a
630 2249 835 2303 caritate
857 2250 970 2319 Dei,
992 2272 1102 2323 qua
1126 2267 1198 2312 est
1230 2261 1282 2314 in
1307 2261 1503 2318 Christo
1530 2264 1655 2319 Iesu
1685 2267 1900 2322 Domino
1924 2249 2020 2325 ito-

439 2344 550 2431 stro
571 2335 590 2406 (
613 2335 765 2392 Rom.
793 2340 846 2396 8.
873 2344 961 2400 58.
981 2347 1093 2416 39).
1120 2348 1222 2406 Sed
1247 2352 1513 2409 Abraham
1541 2358 1773 2427 seipsum
1805 2361 1856 2415 in
1885 2364 2022 2431 peri-

443 2426 620 2520 eulum
662 2431 906 2500 tradens,
961 2434 1202 2495 hostibus
1249 2442 1412 2498 ﬁlium
1465 2426 1644 2503 fratris
1695 2426 1916 2520 eripuit;
1961 2461 2019 2508 at

442 2513 638 2608 _Paulus
662 2534 765 2608 non
786 2521 962 2579 fratris
988 2525 1150 2582 tilium
1169 2571 1184 2596 ,
1214 2547 1386 2602 neque
1419 2543 1526 2590 tres
1553 2548 1640 2591 aut
1666 2513 2016 2608 quinque'ur-

441 2603 567 2670 bes,
615 2607 710 2662 sed
753 2611 938 2666 orbem
985 2617 1287 2674 universum
1342 2621 1411 2678 de
1465 2624 1578 2693 ipsa
1631 2603 2015 2684 damioniorum

440 2697 662 2789 extorsit
684 2714 873 2789 manu,
901 2704 1310 2765 innumerabilia
1347 2727 1440 2782 per
1458 2714 1576 2769 dies
1607 2717 1841 2786 singulos
1869 2723 2013 2789 peri-

441 2783 557 2837 cula
583 2788 893 2844 sustinendo
915 2832 932 2859 ,
966 2798 1300 2867 propriisque
1325 2803 1583 2858 mortibus
1611 2783 1892 2860 maximam
1923 2824 2012 2863 se-

439 2874 714 2966 curitatem
743 2878 860 2934 aliis
886 2887 1458 2958 comparando..Caput
1503 2893 1763 2949 bonorum
1793 2898 2013 2966 ejusque

437 2961 645 3018 culmen
676 2967 1020 3040 philosophia:
1042 2984 1141 3041 est,
1170 2977 1335 3033 filium
1360 2981 1775 3052 saerificavisse;
1803 2961 1897 3042 sed
1925 2961 2012 3045 hic

437 3063 647 3144 quoque
676 3058 1001 3116 inveniemus
1031 3064 1252 3128 Paulum
1276 3071 1475 3140 primas
1502 3085 1677 3141 partes
1707 3083 2010 3144 tenentem,

436 3141 525 3207 qui
551 3159 655 3198 non
682 3146 867 3216 ﬁlium,
890 3152 985 3206 sed
1014 3159 1378 3226 semetipsum,
1409 3170 1465 3214 ut
1496 3162 1638 3230 dixi,
1685 3166 1878 3221 millies
1902 3141 2005 3232 im;

440 3234 674 3326 molavit.
698 3238 756 3292 in
772 3239 922 3297 isaac
936 3245 1147 3312 quidem
1171 3248 1358 3318 aliquis
1378 3252 1683 3320 admiratur,
1710 3267 1758 3311 et
1780 3257 1881 3311 alia
1898 3259 2013 3326 qui-

437 3320 560 3378 dem
581 3327 826 3419 plurima,
856 3334 948 3387 sed
974 3339 1238 3406 pra-cipue
1270 3342 1569 3409 patientiam
1600 3362 1614 3398 :
1639 3348 1886 3417 quoniam
1907 3320 2010 3419 pu-

570 3417 795 3509 fodiens,
812 3431 867 3476 et
883 3427 1108 3494 propriis
1129 3431 1416 3498 exagitatus
1439 3434 1704 3490 laboribus
1743 3438 1817 3509 (b)
1853 3417 2006 3507 (Cen.

438 3501 552 3574 26),
580 3507 801 3594 minime
836 3513 1146 3570 resistebat:
1169 3518 1263 3572 sed
1311 3522 1475 3576 factos
1507 3538 1534 3575 a
1556 3539 1614 3578 se
1642 3501 1829 3594 puteos
1855 3501 2008 3584 obrui

436 3593 750 3682 patiebatur,
776 3608 934 3669 atque
977 3603 1042 3656 ad
1083 3605 1244 3659 alium
1292 3623 1502 3678 semper
1528 3593 1784 3682 migrabat
1809 3616 2004 3670 locum.

437 3681 617 3774 Neque
643 3687 859 3741 collecta
886 3705 1101 3746 suorum
1122 3710 1280 3750 manu
1311 3698 1362 3751 in
1387 3681 1718 3769 adversarios
1745 3705 2000 3774 irruebat,

556 3775 762 3841 propria
787 3781 1120 3864 possessione
1152 3785 1342 3856 ubique
1383 3789 1634 3856 cedebat,
1664 3770 2006 3864 quoadusque

435 3861 819 3932 iniquissimam
846 3861 1052 3926 illorum
1079 3877 1315 3943 expleret
1336 3881 1692 3950 cupiditatem.
1721 3887 1790 3939 At
1813 3861 2005 3942 Paulus

439 3969 544 4008 non
587 3967 773 4025 puteos
797 3976 1021 4018 cernens
1064 3967 1318 4035 lapidibus
1343 3971 1559 4027 obrutos
1577 4014 1592 4041 ,
1616 3977 1710 4028 sed
1736 3979 2004 4046 proprium

435 4059 625 4114 corpus
643 4090 658 4114 ,
684 4067 786 4105 non
811 4054 980 4108 solum
1007 4057 1142 4109 sicut
1168 4058 1255 4112 ille
1275 4061 1515 4132 cedebat,
1545 4063 1636 4116 sed
1659 4066 1816 4119 etiam
1843 4083 1937 4122 eos
1974 4084 2004 4121 a

435 4137 626 4204 quibus
673 4135 1034 4209 lapidabatur,
1090 4146 1143 4200 in
1198 4149 1384 4203 cmlum
1445 4152 1690 4207 studebat
1757 4156 2002 4212 evehere.

434 4225 643 4291 Quanto
687 4232 826 4284 enim
875 4234 1100 4302 amplius
1144 4237 1464 4294 obruebatur
1511 4241 1628 4297 fons
1675 4245 1808 4312 iste,
1857 4257 2004 4305 tanto

433 4318 740 4385 erumpebat
768 4322 951 4391 magis,
973 4338 1034 4377 ac
1055 4325 1233 4392 plures
1252 4343 1315 4383 ex
1345 4343 1403 4385 se
1431 4329 1617 4388 fluvios
1648 4334 1966 4394 effundendo
1984 4381 2000 4407 ,

437 4407 700 4495 manabat.
733 4408 808 4462 De
833 4410 1228 4481 longanimitate
1267 4433 1328 4472 ac
1372 4421 1621 4488 patientia
1655 4426 1808 4495 hujus
1836 4422 2004 4485 tilium.

437 4494 599 4549 lacob
644 4497 933 4554 admiratur
973 4501 1264 4573 Scriptura.
1309 4508 1374 4564 Et
1399 4526 1639 4579 quaenam
1670 4494 1756 4569 illa
1783 4527 1866 4572 est
1894 4527 1999 4574 tam

435 4585 770 4677 adamantina
793 4603 1007 4658 prorsus
1027 4595 1220 4663 anima,
1240 4612 1356 4669 qua:
1383 4599 1524 4654 Pauli
1544 4604 1846 4671 patientiam
1874 4624 2000 4677 pos-

434 4674 500 4728 sit
527 4675 718 4732 imitari
742 4679 766 4733 l
793 4679 973 4750 Neque
994 4683 1134 4737 enim
1160 4686 1240 4739 bis
1260 4695 1460 4755 septem
1487 4691 1766 4761 (auorum,
1797 4674 1890 4751 sed
1916 4707 1998 4753 to-

434 4765 538 4818 tius
585 4767 705 4823 vitaa
753 4773 1021 4827 servitium
1051 4790 1146 4843 pro
1172 4791 1364 4847 sponsa
1390 4784 1604 4849 pertulit
1632 4785 1862 4853 Christi,
1892 4807 1998 4847 non

431 4855 649 4910 adustus
672 4859 838 4914 solum
861 4871 995 4916 testu
1017 4863 1117 4918 diei
1134 4876 1185 4920 et
1210 4869 1379 4925 noctis
1398 4861 1536 4940 gelu,
1567 4875 1659 4928 sed
1683 4879 1998 4934 tentationes

435 4945 578 4998 mille
624 4951 925 5016 perpetiens
956 4970 968 5004 :
1001 4961 1054 5008 et
1077 4971 1216 5012 nunc
1233 4960 1443 5027 quidem
1473 4963 1778 5020 verberibus
1798 5006 1813 5033 ,
1860 4983 1999 5024 nunc

435 5052 560 5090 vero
590 5039 848 5108 lapidibus
873 5046 1066 5101 scissus
1091 5059 1246 5118 atque
1271 5053 1507 5119 collisus,
1540 5065 1594 5110 et
1619 5059 1758 5112 nunc
1783 5061 1996 5128 quidem

431 5142 550 5180 cum
596 5129 812 5197 bestiis,
863 5135 1022 5188 modo
1059 5147 1234 5192 autem
1261 5141 1506 5198 ﬂuctibus
1533 5161 1765 5216 pugnans
1796 5167 1809 5202 :
1841 5152 1998 5206 modo

433 5219 594 5306 etiam
636 5221 808 5276 nimiae
834 5233 991 5293 atque
1041 5230 1304 5285 continua:
1348 5234 1611 5290 reluctans
1658 5237 1780 5293 fami
1809 5239 1997 5297 diebus

430 5317 586 5376 atque
611 5313 849 5367 noctibus
871 5357 886 5381 ,
918 5326 971 5371 et
1009 5317 1147 5375 inter
1177 5325 1463 5379 certamina
1490 5326 1682 5396 ubique
1719 5331 1996 5399 prosiliens

432 5399 504 5468 (2.
536 5399 652 5456 Cor.
683 5403 814 5475 Η),
837 5420 1016 5476 capias
1039 5427 1165 5468 oves
1190 5429 1254 5468 ex
1279 5415 1470 5471 diaboli
1497 5418 1729 5477 faucibus
1751 5427 1998 5482 extrahe-

491 5490 972 5577 (igbliijlﬁllzentur
993 5502 1042 5577 in
1063 5504 1221 5577 aliqua
1254 5505 1557 5557 Homiiiarum
1597 5511 1660 5560 de
1692 5517 1992 5577 Pceniteutia,

426 5563 539 5630 qua:
552 5551 675 5630 oliui
696 5560 834 5630 tertia
859 5551 1226 5627 numerabatur;
1252 5551 1561 5619 51166561831
1584 5551 1661 5622 est

429 5615 592 5672 quin":
620 5615 680 5662 de
705 5624 885 5668 Lamo,
1212 5615 1226 5627 -
1337 5615 1371 5616 η
1402 5615 1561 5619 ί
1683 5615 1860 5636 mm.

490 5671 563 5733 (ω
597 5681 751 5725 (.racca
773 5685 932 5735 versio
956 5684 1117 5745 habet,
1144 5690 1336 5752 proprie
1354 5697 1551 5742 exactus
1585 5691 1777 5756 ﬁnibus.

1218 343 1276 401 Β.
1317 346 1592 409 JOANNIS
1621 355 2087 420 CHRYSUSTUII
2125 365 2444 428 ARCillEP.
2486 375 3022 438 CONSTANTINOP.

3616 387 3716 443 876

2139 480 2248 537 bat.
2293 484 2397 542 Sed
2439 499 2492 545 et
2537 491 2733 562 .loseph
2785 494 3048 562 pudicitia:
3077 498 3268 552 virtute
3309 496 3592 565 decoratus
3633 512 3709 557 est

2139 574 2291 644 (Gen.
2320 577 2410 655 5'9)
2443 596 2458 644 ;
2490 591 2543 633 at
2565 597 2664 650 ego
2698 599 2888 638 vereor
2917 601 2983 640 ne
3003 586 3114 656 jam
3157 588 3434 643 ridiculum
3484 591 3553 643 sit
3590 594 3716 647 hinc

2134 667 2358 725 Paulum
2386 673 2520 728 velle
2549 674 2784 743 laudare,
2808 677 2896 747 qui
2921 690 3090 734 semet
3117 680 3287 750 ipsum
3311 681 3510 736 mundo
3534 682 3712 736 cruci-

2135 756 2300 829 ﬁgens
2339 761 2534 833 (Galat.
2568 767 2667 834 6),
2701 784 2806 824 non
2850 771 3023 825 solum
3053 773 3402 829 humanorum
3429 789 3711 844 corporum

2136 852 2555 920 pulchritudines
2574 859 2709 920 {sed
2734 861 2909 915 omnia
2939 861 3008 915 ita
3038 863 3317 930 cernebat,
3362 864 3712 934 quemadmo-

2132 943 2258 997 dum
2286 961 2383 1001 nos
2427 947 2658 1005 favillam
2685 952 3025 1022 cineremque
3054 954 3378 1024 despicimus
3400 997 3415 1024 ,
3443 956 3532 1026 qui
3558 957 3711 1025 quasi

2130 1047 2372 1092 mortuus
2393 1055 2610 1108 prorsus
2635 1044 2700 1097 ad
2724 1055 2990 1100 mortuum
3029 1046 3315 1102 immobilis
3344 1048 3708 1118 permanebat.

2133 1125 2313 1196 itaque
2339 1143 2458 1182 cum
2485 1140 2624 1185 tanta
2650 1135 2810 1187 animi
2849 1150 2977 1190 cura
3022 1119 3399 1207 comprimeret
3447 1139 3708 1192 incentiva

2130 1215 2377 1272 vitiorum
2404 1231 2459 1274 et
2501 1229 2740 1289 naturre,
2787 1225 2917 1280 nihil
2963 1226 3253 1283 humanum
3281 1227 3350 1283 ab
3391 1228 3570 1298 aliquo
3613 1228 3711 1284 ali-

2129 1308 2342 1377 quando
2368 1325 2650 1379 perpessns
2671 1324 2770 1369 est.

2199 1398 2398 1455 Paulus
2439 1417 2553 1456 cum
2601 1402 2702 1460 Job
2740 1409 3111 1477 confertur.—-
3153 1408 3380 1479 Stupent
3417 1416 3564 1464 certe
3606 1406 3711 1464 Job

2129 1505 2315 1547 omnes
2363 1495 2635 1560 homines,
2664 1503 2718 1551 et
2739 1498 2912 1560 _valde
2959 1500 3140 1569 utique
3189 1501 3586 1556 convenienter.
3617 1500 3712 1555 Est

2129 1584 2270 1636 enim
2301 1584 2388 1639 ille
2414 1585 2612 1641 athleta
2645 1587 2901 1650 mirabilis
2927 1607 2941 1643 :
2966 1598 3014 1645 et
3039 1591 3128 1659 qui
3150 1589 3368 1645 Paulum
3401 1591 3571 1660 ipsum
3600 1590 3712 1645 vel-

2128 1682 2186 1727 ut
2213 1689 2277 1728 ex
2323 1675 2549 1731 adverso
2585 1679 2752 1745 possit
2792 1680 3033 1747 aspicere
3074 1681 3144 1734 ob
3167 1681 3472 1750 patientiam
3503 1680 3709 1749 purita-

2128 1773 2342 1832 temque
2371 1760 2523 1832 vitm,
2547 1765 2617 1820 ob
2645 1767 3004 1823 testimonium
3031 1770 3148 1836 Dei,
3181 1777 3395 1840 propter
3416 1771 3556 1824 illam
3584 1786 3708 1824 cum

2125 1853 2340 1908 diabolo
2377 1855 2720 1910 fortissimam
2760 1872 3010 1928 pugnam,
3042 1869 3260 1929 propter
3286 1861 3559 1914 victoriam
3586 1875 3710 1930 quas

2127 1959 2354 2012 pugnam
2382 1955 2601 2014 sequuta
2629 1957 2744 2012 est;
2772 1948 3034 2003 atPaulus
3057 1965 3162 2004 non
3193 1950 3461 2004 mensibus
3477 1959 3705 2012 tantum,

2125 2034 2218 2089 sed
2247 2035 2400 2087 annis
2429 2035 2669 2104 plurimis
2715 2037 2768 2090 in
2827 2052 2995 2105 agone
3021 2037 3315 2107 perdurans
3333 2079 3350 2103 ,
3395 2047 3501 2092 tam
3528 2037 3708 2092 clarus

2124 2126 2359 2192 emicuit,
2391 2141 2501 2181 non
2525 2136 2679 2181 terra:
2710 2127 2863 2196 gleba
2883 2129 3086 2181 saniem
3109 2128 3288 2181 carnis
3313 2127 3539 2182 eradens
3562 2167 3578 2192 ,
3608 2127 3706 2181 sed

2125 2217 2177 2270 in
2208 2204 2373 2291 ipsius
2403 2216 2746 2286 intelligibilis
2769 2231 2830 2272 os
2859 2217 3030 2271 leonis
3066 2217 3370 2287 frequenter
3401 2214 3704 2281 incurrens,

2123 2315 2176 2360 et
2225 2321 2463 2376 pugnans
2513 2306 2770 2362 adversus
2815 2308 3134 2363 tentationes
3182 2307 3526 2374 innumeras,
3554 2309 3703 2361 omni

2124 2407 2240 2452 erat
2274 2397 2447 2465 lapide
2478 2395 2804 2467 tolerantior,
2825 2382 2923 2466 qui
2957 2412 3060 2451 non
3105 2411 3134 2450 a
3164 2397 3332 2452 tribus
3359 2406 3449 2450 aut
3465 2407 3706 2466 'quatuor

2120 2487 2328 2552 amicis,
2357 2487 2452 2542 sed
2477 2502 2506 2540 a
2529 2488 2734 2543 cunctis
2762 2487 3085 2552 infidelibus,
3116 2503 3146 2541 a
3168 2488 3313 2542 falsis
3332 2490 3490 2542 etiam
3520 2487 3704 2542 fratri-

2119 2580 2219 2634 bus
2243 2579 2528 2649 opprohria
2565 2565 2858 2634 sustinebat
2881 2621 2897 2646 ,
2928 2588 3275 2650 conSputatus
3320 2580 3389 2633 ab
3413 2581 3658 2635 omnibus
3679 2621 3696 2645 ,

2118 2681 2276 2740 atque
2307 2670 2636 2725 maledictus.
2661 2671 2764 2726 Sed
2792 2671 2930 2726 illius
2969 2679 3086 2725 erat
3113 2685 3300 2741 magna
3328 2670 3654 2739 hospitalitas
3679 2711 3696 2735 ,

2122 2769 2176 2817 et
2203 2777 2329 2816 cura
2353 2776 2641 2831 pauperum
2666 2776 2686 2814 :-
2723 2777 2821 2816 nec
2847 2777 2944 2823 nos
2977 2763 3190 2830 quidem
3236 2761 3376 2817 istud
3405 2775 3694 2831 negamus;

2114 2854 2209 2908 sed
2233 2837 2378 2907 Pauli
2402 2867 2518 2907 eam
2549 2851 2859 2907 liberalitate
2881 2852 3184 2907 inferiorem
3204 2851 3477 2917 docemus,
3500 2859 3554 2905 et
3573 2836 3698 2904 tan-

2117 2953 2169 2999 to
2196 2944 2519 3008 inferiorem,
2539 2952 2733 3012 quanto
2749 2945 2922 2996 anima
2951 2951 3032 2996 est
3055 2957 3250 3012 corpus
3266 2943 3501 2997 inferius.
3523 2942 3694 3009 Quam

2113 3037 2254 3091 enim
2282 3035 2371 3088 ille
2396 3050 2575 3088 curam
2598 3033 2938 3102 impendebat
2963 3049 3123 3088 carne
3147 3031 3577 3090 debilibus.banc
3594 3033 3695 3087 iste

2115 3127 2288 3180 anima
2309 3126 2563 3180 morbidis
2582 3126 2885 3188 exhibebat,
2907 3141 3049 3181 nunc
3070 3127 3266 3180 mentis
3280 3125 3526 3180 sensibus
3545 3123 3693 3179 clau-

2114 3217 2352 3276 dicantes
2380 3214 2657 3285 dirigendo
2694 3215 2748 3270 in
2781 3218 2909 3290 recti
2958 3215 3164 3270 itineris
3212 3215 3476 3269 incessum
3507 3256 3522 3281 ,
3552 3229 3692 3269 nunc

2113 3305 2351 3360 nuditate
2410 3306 2678 3360 deformes
2741 3305 2876 3360 stola
2925 3306 3156 3360 caelestis
3199 3303 3548 3374 philosophia:
3597 3318 3693 3358 ve-

2112 3396 2341 3450 stiendo.
2376 3394 2433 3450 ln
2466 3396 2834 3464 corporalibus
2879 3409 3090 3464 quoque
3114 3395 3386 3450 beneficiis
3414 3405 3559 3449 tanto
3599 3395 3691 3450 ille

2111 3484 2415 3553 superabat,
2437 3494 2637 3555 quanto
2665 3495 2748 3539 est
2772 3484 2997 3554 amplius
3026 3485 3076 3538 in
3103 3479 3240 3539 fame
3269 3492 3324 3537 et
3346 3492 3579 3554 egestate
3603 3486 3687 3540 v1-

2110 3587 2321 3632 ventem
2348 3577 2700 3647 indigentibus
2722 3577 2858 3631 ferre
2889 3576 3211 3646 praesidium,
3240 3593 3397 3646 quam
3430 3573 3485 3631 id
3513 3577 3687 3647 ipsum

2110 3663 2174 3721 de
2201 3667 2497 3721 divitiarum
2524 3666 2790 3721 afﬂuentia
2814 3667 3133 3721 ministrare.
3155 3666 3285 3720 Nam
3313 3666 3453 3721 illius
3472 3666 3686 3735 quidem

2109 3759 2254 3813 omni
2284 3758 2582 3812 advenienti
2621 3757 2953 3826 aperiebatur
2973 3756 3195 3824 domus,
3225 3741 3382 3825 hujus
3419 3771 3548 3810 vero
3571 3755 3687 3810 ani-

2113 3865 2198 3904 ma
2222 3851 2470 3904 universo
2497 3849 2709 3919 patebat
2731 3849 2848 3902 orbi
2873 3888 2888 3915 ,
2921 3863 2983 3902 ac
3013 3847 3246 3902 fidelium
3279 3848 3502 3917 populos
3531 3846 3684 3901 beni-

2108 3957 2223 4010 gnaa
2263 3941 2456 3996 mentis
2484 3942 2774 4010 recipiebat
2800 3940 3065 4008 hospitio,
3089 3939 3274 3994 dicens
3306 3957 3319 3991 :
3361 3939 3483 3992 Non
3521 3955 3686 4010 angu-

2108 4033 2331 4085 stiamini
2355 4033 2408 4084 in
2436 4032 2576 4085 nobis
2599 4071 2614 4094 ,
2656 4031 3014 4101 angustiamini
3039 4041 3206 4083 autem
3235 4031 3287 4083 in
3313 4030 3580 4084 uisceribus
3604 4046 3687 4084 ve-

2108 4123 2246 4194 stris(
2269 4121 2324 4174 2.
2357 4119 2476 4174 Cor.
2509 4121 2560 4175 6.
2593 4120 2702 4190 η).
2739 4121 2807 4174 Et
2833 4119 2922 4174 ille
2959 4119 3173 4189 quidem
3199 4135 3320 4173 cum
3349 4134 3478 4173 oves
3502 4127 3558 4174 et
3582 4119 3682 4173 bo-

2108 4228 2200 4267 ves
2255 4213 2472 4266 haberet
2513 4211 2848 4276 innumeras,
2879 4219 2993 4264 crat
3038 4210 3092 4264 in
3126 4224 3384 4280 pauperes
3425 4209 3679 4274 liberalis;

2107 4304 2193 4358 hic
2220 4316 2347 4357 vero
2369 4302 2498 4355 nihil
2527 4302 2754 4371 amplius
2780 4305 3005 4370 corpore
3033 4316 3132 4355 suo
3159 4301 3457 4370 possidens,
3488 4299 3555 4353 de
3579 4299 3684 4354 hoc

2104 4396 2220 4464 ipso
2245 4393 2570 4448 sufficienter
2612 4376 3340 4461 indigentibus'ministrabat
3370 4409 3384 4444 :
3415 4391 3556 4460 quod
3581 4391 3682 4444 ali-

2103 4486 2224 4538 cubi
2252 4485 2364 4553 ipse
2389 4483 2832 4547 commemorans,
2862 4482 3273 4548 Necessitatibus,
3306 4482 3496 4552 inquit,
3535 4485 3678 4550 meis,

2102 4586 2146 4629 et
2174 4577 2249 4629 his
2274 4577 2359 4645 qui
2381 4565 2570 4629 mecum
2597 4585 2736 4628 erant
2775 4576 3177 4628 ministraverunt
3200 4591 3378 4629 manus
3406 4577 3515 4628 ista:
3543 4575 3680 4645 (Act.

2103 4669 2190 4723 20.
2223 4670 2290 4723 ’54
2317 4670 2356 4740 ).
2389 4669 2642 4737 Corporis
2667 4669 2809 4723 enim
2836 4669 2918 4723 sui
2947 4684 3163 4737 operam
3189 4669 3336 4722 velut
3361 4685 3425 4723 ex
3452 4669 3682 4737 quadam

2104 4764 2439 4831 possessione
2465 4761 2665 4816 fructus
2692 4763 3049 4817 esurientibus
3071 4762 3379 4830 deputabat.
3427 4759 3530 4815 Sed
3561 4775 3677 4814 ver-

2101 4867 2214 4908 mes
2237 4852 2495 4918 videlicet,
2514 4865 2670 4923 atque
2697 4857 2933 4917 vulnera,
2957 4868 3127 4907 saevos
3148 4851 3684 4922 atqueintolerabiles

2104 4951 2290 4997 sancto
2319 4943 2418 4997 Job
2444 4943 2741 4999 inferebant
2766 4945 2978 5000 dolores
3009 4954 3025 4996 ε’
3053 4952 3108 4999 et
3145 4961 3243 5015 ego
3271 4946 3477 5009 fateor;
3514 4944 3609 4998 sed
3636 4945 3679 4998 si

2103 5048 2196 5101 per
2237 5043 2342 5087 tam
2392 5034 2588 5088 multos
2633 5050 2800 5091 annos
2839 5036 2985 5091 Pauli
3015 5039 3236 5092 verbera
3263 5077 3279 5102 ,
3322 5045 3376 5092 et
3422 5051 3540 5091 cum
3567 5034 3678 5104 jngi

2101 5123 2241 5184 fame
2275 5127 2435 5179 etiam
2480 5127 2790 5192 nuditatem,
2818 5138 3051 5194 catenas,
3079 5145 3351 5185 carcerem
3372 5172 3388 5196 ,
3421 5129 3638 5184 insidias
3665 5169 3681 5194 ,

2103 5217 2444 5286 periculaque
2469 5218 2796 5285 consideres,
2825 5234 2941 5288 quae
2967 5235 2996 5272 a
3026 5220 3332 5274 domesticis
3349 5261 3364 5286 ,
3405 5220 3472 5275 ab
3495 5230 3680 5275 extra-

2101 5307 2234 5371 neis,
2270 5322 2298 5360 a
2328 5308 2602 5377 tyrannis,
2629 5323 2661 5363 a
2710 5316 2821 5362 toto
2852 5319 3119 5377 postremo
3166 5310 3462 5378 patiebatur
3508 5310 3679 5363 orbe:

2101 5397 2264 5452 addas
2317 5399 2420 5451 huc
2463 5398 2623 5452 etiam
2652 5398 2735 5451 his
2785 5396 3023 5466 profecto
3065 5401 3346 5464 amariora,
3376 5399 3424 5452 id
3452 5409 3553 5465 est,
3582 5415 3680 5469 pro

2102 5490 2180 5544 eis
2208 5491 2299 5560 qui
2347 5491 2694 5556 labebantur,
2739 5491 2950 5546 dolores
2973 5533 2989 5558 ,
3027 5491 3434 5546 sollicitudinem
3467 5534 3480 5558 ,
3523 5507 3680 5560 quam

2104 5595 2200 5648 pro
2229 5581 2478 5635 Ecclesiis
2509 5582 2772 5644 omnibus,
2805 5584 3092 5646 ustionem,
3128 5598 3286 5650 quam
3332 5598 3426 5651 pro
3455 5583 3679 5636 scanda-

2102 5673 2272 5729 lizatis
2302 5674 2520 5744 singulis
2547 5674 2862 5744 perferebat,
2888 5675 3089 5730 videbis
3107 5676 3225 5745 quia
3249 5676 3389 5730 omni
3411 5683 3523 5730 erat
3553 5689 3682 5732 saxo
