4070 6424
343 386 456 443 "5

341 502 556 562 “(hac
576 545 593 572 ,
628 507 723 561 καὶ
768 503 952 558 πᾶσαν
986 499 1211 571 ἀλογίαν
1246 498 1343 555 καὶ
1370 496 1664 570 θηριωδίαν
1692 494 1794 566 τῆς
1828 490 1939 546 τῶν

341 594 649 681 ἀνθρώπων
702 601 922 674 φύσεως
974 600 1222 657 ἐκϐαλὼν
1246 639 1264 666 ,
1312 597 1415 669 τὴν
1470 594 1567 651 τοῦ
1619 593 1943 665 Πνεύματος

340 706 710 777 ἐπεισήγαγεν
730 696 1187 773 ήμερότητα,.καὶ
1215 695 1378 766 μέχρι
1405 690 1500 747 νῦν
1525 692 1677 764 μένει
1701 690 1943 746 πλέουσα

334 804 373 875 ή
410 798 645 861 κιϐωτὸς
673 797 849 868 αὕτη,
888 795 1066 851 καὶοὺ
1090 794 1389 850 διαλύεται.
1416 792 1553 847 Οὑδέ
1576 790 1689 862 γὰρ
1721 784 1943 860 ίσχυᾶεν

337 899 511 970 αὐτῆς
536 898 636 962 τάς
667 897 890 962 σανίδας
936 895 1218 976 χαυνῶσαι
1269 893 1373 965 τῆς
1397 895 1601 958 κακίας
1648 894 1678 947 ό
1710 891 1937 963 χειμὼν,

337 995 456 1050 ἀλλ’
483 994 871 1067 ὑπερπλέουσα
901 994 1106 1073 μᾶλλον
1136 993 1238 1049 τοῦ
1277 992 1550 1065 χειμῶνος
1570 1034 1586 1061 ,
1617 994 1719 1066 τὴν
1770 992 1941 1065 ζάλην

337 1094 606 1149 κατέλυσε
626 1110 643 1126 ο
685 1087 781 1149 καὶ
810 1092 959 1167 μάλα
984 1093 1215 1158 εἰκότως
1237 1105 1253 1123 ⁸
1304 1092 1366 1148 οὑ
1409 1092 1519 1164 γάρ
1556 1091 1819 1163 ἀσφάλτῳ
1845 1091 1941 1145 καὶ

338 1190 509 1263 πίσσῃ
530 1231 544 1255 ,
570 1190 709 1246 ἀλλά
737 1188 1018 1263 Πνεύματι
1045 1190 1188 1263 ἁγίῳ
1230 1189 1592 1262 κεχρισμέναι
1621 1188 1679 1242 αἱ
1729 1187 1943 1253 σανίδες
1974 1224 1981 1227 -

336 1281 503 1343 αὗταί
535 1290 694 1344 εἰσιν.
742 1288 907 1344 Ἆλλά
935 1287 1028 1344 τὸν
1066 1287 1323 1360 Ἀϐραὰμ
1356 1286 1733 1360 θαυμάζουσιν
1764 1284 1944 1341 ἀπαν-

286 1442 299 1451 κ
336 1402 429 1458 τες
452 1424 469 1453 ,
501 1386 585 1439 ὅτι
608 1383 883 1450 ἀκούσας,
914 1383 1163 1450 Ἔξελθε
1187 1385 1259 1439 ἐκ
1297 1383 1412 1453 τῆς
1448 1383 1563 1455 τῆς
1592 1400 1712 1440 σου
1745 1382 1847 1438 καὶ
1871 1382 1942 1437 ἐκ

336 1480 452 1551 τῆς
478 1482 838 1552 συγγενείας
886 1497 1005 1537 σου
1030 1523 1046 1549 ,
1088 1484 1272 1556 ἀφῆκε
1313 1460 1584 1555 πατρίδα,
1612 1482 1709 1536 καὶ
1740 1481 1940 1547 οἰκίαν,

340 1580 436 1634 καὶ
471 1579 662 1649 φίλους
695 1579 790 1634 καὶ
808 1646 811 1649 _
831 1584 1120 1650 συγγενεῖς
1141 1620 1160 1649 ,
1191 1582 1288 1636 καὶ
1342 1580 1524 1636 πάντα
1566 1576 1636 1652 ἦν
1681 1580 1832 1653 αὑτῷ
1881 1559 1943 1634 τό

338 1678 624 1750 ἐπίταγμα
656 1677 751 1733 τοῦ
795 1677 969 1745 Θεοῦ;
1000 1679 1115 1734 Kal
1142 1678 1253 1753 γάρ
1299 1680 1395 1734 καὶ
1418 1681 1584 1752 ἡμεῖς
1612 1677 1774 1733 τοῦτο
1807 1678 1942 1732 θαυ-

342 1773 613 1848 μάζομεν.
655 1774 820 1853 Ἀλλά
863 1774 918 1831 τί
969 1775 1188 1831 Παύλου
1227 1775 1426 1846 γένοιτ’
1456 1775 1525 1831 ἂν
1560 1775 1705 1839 τσονς
1748 1776 1846 1840 Ὃς
1875 1776 1939 1829 οὑ

340 1872 581 1946 πατρίδα
602 1873 697 1928 καὶ
723 1872 903 1928 οἰκίαν
934 1873 1033 1929 καὶ
1067 1876 1353 1944 συγγενεῖς
1376 1874 1615 1946 ἀφῆκεν,
1643 1874 1759 1929 ἀλλ’
1780 1872 1943 1929 αὑτὸν

337 1968 433 2029 τὸν
460 1971 666 2042 κόσμον
698 1968 789 2025 διά
809 1970 905 2026 τὸν
936 1969 1149 2043 Ἰησοῦν
1168 2012 1182 2033 ,
1218 1970 1422 2043 μᾶλλον
1454 1971 1513 2024 δὲ
1541 1970 1706 2025 αὑτὸν
1737 1971 1828 2025 τὸν
1854 1970 1947 2024 οὑ-

344 2066 526 2138 ρανὺν,
558 2067 654 2121 καὶ
672 2066 764 2121 τὸν
797 2067 1026 2140 οὐρανὸν
1058 2066 1155 2122 τοῦ
1182 2067 1416 2145 ούρανοῦ
1449 2067 1726 2141 ὑπερεῖδε,
1762 2068 1856 2123 καὶ
1886 2067 1947 2123 ἓν

345 2164 509 2236 μόνον
537 2165 747 2238 ἐζήτει,
769 2164 865 2218 τοῦ
897 2162 1076 2237 Ἰησοῦ
1108 2166 1211 2239 τὴν
1234 2166 1478 2236 ἀγάπην.
1515 2166 1628 2220 Καὶ
1655 2166 1819 2220 ἄκουε
1850 2166 1963 2229 αὐτ

340 2260 437 2314 τοῦ
466 2262 626 2315 τοῦτο
659 2260 951 2332 δηλοῦντος
987 2262 1082 2317 καὶ
1116 2262 1368 2333 λέγοντος
1392 2279 1407 2293 ·
1439 2263 1590 2318 Οὔτε
1620 2260 1945 2329 ἐνεστῶτα,

341 2360 482 2415 οὔτε
519 2360 1039 2435 μέλλοντα-,[Πθ]
1074 2361 1215 2418 οὔτε
1256 2361 1533 2434 ὕψωμα,
1567 2362 1709 2418 οὔτε
1752 2361 1949 2429 ,βάθος

341 2458 677 2528 δυνήσεται
731 2457 893 2529 ἡμᾶς
920 2459 1177 2530 χωρίσαι
1230 2459 1351 2515 ἀπὸ
1404 2458 1515 2529 τῆς
1559 2459 1802 2529 ἀγάπης
1838 2458 1947 2513 τοῦ

345 2556 515 2633 Θεοῦ.
560 2555 697 2610 Ἀλλ’
729 2557 939 2620 ἐκεῖνος
960 2558 1042 2621 εἰς
1063 2555 1342 2621 κινδύνους
1366 2556 1575 2628 ῥίπτων
1603 2558 1821 2624 ἐαυτὸν,
1855 2556 1948 2611 τὸν

342 2650 973 2724 ἀδελφιὼῦνιέξήρπασε
996 2652 1106 2707 τῶν
1140 2652 1470 2726 βαρϐάρων;
1514 2654 1654 2708 Ἀλλ’
1684 2649 1841 2718 οὗτος
1884 2656 1945 2707 οὐ

342 2751 437 2804 τὸν
467 2749 822 2821 ἀδελφιδοῦν,
856 2750 979 2804 οὑδέ
1006 2752 1157 2824 τρεῖς
1205 2750 1302 2806 καὶ
1340 2751 1505 2806 πέντε
1552 2751 1740 2814 πόλεις
1760 2792 1775 2815 ,
1809 2752 1949 2806 ἀλλά

343 2847 444 2919 τὴν
473 2847 804 2920 οἰκουμένην
833 2848 1037 2916 πᾶσαν,
1078 2848 1179 2902 οὑκ
1212 2847 1324 2903 ἀπὸ
1356 2847 1670 2922 βαρϐάρων,
1707 2848 1823 2902 ἀλλ’
1850 2849 1946 2902 ἀπ’

346 2946 516 3017 αὑτῆς
555 2946 656 3017 τῆς
708 2945 817 2999 τῶν
849 2946 1122 3017 δαιμόνων
1158 2946 1440 3019 ἐξήρπασε
1470 2947 1654 3019 χειρὸς
1675 2988 1690 3013 ,
1720 2948 1948 3019 μυρίους

346 3042 469 3098 καθ’
498 3044 740 3115 ἐκάστην
769 3044 1059 3116 ὑπομένων
1087 3043 1402 3109 κινδύνους,
1435 3045 1531 3098 καὶ
1570 3045 1684 3108 τοῖς
1728 3044 1950 3108 οἰκείοις

347 3139 601 3204 θανάτοις
640 3140 849 3219 ἐτέροις
887 3140 1091 3213 πολλὴν
1122 3141 1426 3212 ἀσφάλειαν
1464 3140 1765 3212 κτώμενος.
1807 3140 1951 3195 Ἀλλ’

348 3233 467 3285 ἐκεῖ
495 3231 558 3285 τὸ
586 3232 884 3301 κεφάλαιον
920 3231 1032 3286 τῶν
1071 3232 1296 3302 ἀγαθῶν
1331 3233 1450 3286 ἐστι
1490 3231 1586 3286 καὶ
1637 3234 1671 3302 ή
1720 3232 1952 3304 κορωνὶς

346 3325 447 3396 τῆς
486 3325 841 3394 φιλοσοφίας,
872 3323 935 3378 τδ
972 3324 1066 3379 τὸν
1114 3325 1229 3378 υἱὸν
1272 3324 1616 3391 καταθῦσαις
1659 3324 1824 3379 Ἀλλὰ
1856 3325 1953 3378 καὶ

348 3415 585 3470 ἐνταῦθα
634 3416 704 3469 τά
736 3419 983 3488 πρωτεῖα
1013 3415 1168 3485 παρά
1199 3417 1279 3489 τῷ
1306 3417 1509 3487 Παύλῳ
1551 3417 1682 3471 ὄντα
1723 3418 1954 3490 εὑρήσο-

352 3523 482 3580 μεν·
513 3508 574 3562 οὑ
606 3507 717 3579 γὰρ
749 3510 895 3572 υἰὺν,
935 3508 1051 3563 ἀλλ’
1094 3509 1287 3563 ἑαυτὸν
1326 3510 1585 3584 μυριάκις
1625 3512 1950 3579 κατέθυσεν,

348 3602 489 3674 ὅπερ
514 3601 687 3673 ἔφθην
725 3602 917 3658 είπών.
950 3603 1018 3657 Τί
1057 3604 1125 3659 ἀν
1154 3622 1241 3669 τις
1274 3605 1576 3678 θαυμάσειε
1601 3608 1697 3663 τοῦ
1742 3611 1952 3676 Ἰσαάκ;

348 3693 531 3747 Πολλά
572 3694 671 3765 μὲν
704 3694 799 3749 καὶ
836 3695 1015 3761 άλλαζ
1055 3696 1291 3769 μάλιστα
1342 3698 1399 3752 δέ
1447 3699 1547 3771 τὴν
1574 3700 1950 3771 ἀνεξικακίαν,

349 3782 435 3837 ὅτι
473 3784 686 3856 φρέατα
738 3786 1019 3858 ὀρύττων,
1060 3786 1296 3842 καὶτῶν
1323 3790 1541 3846 οἰκείων
1593 3792 1954 3865 ἐλαυνόμενος

350 3878 529 3949 ὅτων,
570 3878 671 3933 οὑκ
703 3879 924 3952 ἐπεξῄει
949 3920 963 3946 ,
997 3881 1135 3936 ἀλλά
1176 3885 1272 3938 καὶ
1313 3886 1780 3959 καταχωννύμενα
1809 3888 1952 3961 ὁρῶν

352 3971 604 4042 ἠνείχετο
622 4013 638 4039 ,
670 3970 941 4045 καλή-πρὸς
968 3974 1155 4046 ἐτερον
1188 3976 1277 4030 ἀεὶ
1308 3977 1601 4047 μεθίστατο
1625 3980 1792 4035 τόπον
1810 4022 1826 4047 ,
1857 3982 1958 4054 οὑχ

351 4062 519 4133 ὁμόσε
539 4063 674 4136 [ἀεὶ]
702 4067 817 4129 τοῖς
840 4064 1073 4120 λυποῦσι
1097 4067 1313 4141 χωρῶν,
1338 4070 1453 4124 ἀλλ’
1474 4069 1829 4144 ἐξιστάμενος
1860 4075 1955 4129 καὶ

355 4157 705 4229 παραχωρῶν
759 4158 1039 4229 πανταχοῦ
1081 4159 1193 4214 τῶν
1243 4153 1459 4217 οἰκείων
1493 4164 1821 4235 κτημάτων,
1850 4166 1956 4232 ἕως

355 4249 534 4303 αὐτῶν
578 4249 678 4321 τὴν
715 4251 900 4306 ἄδικον
932 4253 1189 4325 ἐκόρεσεν
1221 4255 1539 4327 ἐπιθυμίαν.
1580 4257 1719 4311 Ἀλλ’
1750 4259 1780 4311 ὁ
1807 4259 1958 4313 Παῦ-

355 4341 447 4405 λος
470 4342 533 4396 οὑ
564 4342 776 4415 φρέατα
800 4343 971 4408 λίθοις
1011 4346 1476 4419 καταχωννύμενα
1510 4349 1653 4421 ὁρῶν
1676 4392 1692 4410 ,
1733 4350 1869 4405 ἀλλά
1895 4351 1960 4405 τὸ

357 4433 555 4487 ἐαυτοῦ
586 4433 778 4506 σῶμα,
831 4437 892 4489 οὑ
924 4439 1278 4511 παρεχώρει,
1313 4440 1567 4513 καθάπερ
1590 4443 1800 4509 ἐκεῖνος
1822 4486 1838 4511 ,
1871 4446 1961 4517 μό-

357 4545 469 4592 νον,
503 4527 619 4582 ἀλλ*
659 4528 843 4584 εἰσιὼν
874 4532 1000 4595 τοὺς
1034 4532 1202 4598 λίθοις
1239 4533 1534 4604 βάλλοντας
1576 4538 1740 4591 αὑτὸν
1767 4540 1846 4602 εἰς
1867 4540 1960 4594 τὸν

358 4621 586 4693 οὑρανὸν
615 4624 838 4693 ἀνάγειν
853 4624 1176 4693 ἐφιλονείκει
1206 4643 1219 4657 ⁸
1246 4628 1356 4699 ὅσῳ
1380 4628 1490 4701 γὰρ
1522 4630 1900 4702 κατεχώννυτο
1924 4634 1959 4704 ή

359 4712 534 4785 πηγὴ,
563 4715 805 4787 τοσούτῳ
839 4716 1041 4788 μᾶλλον
1091 4718 1477 4791 ἐξεῤῥήγνυτο,
1507 4723 1601 4775 καὶ
1632 4723 1849 4788 πλείους
1875 4722 1961 4791 ἐξ·

360 4807 481 4877 έχεε
512 4808 794 4878 ποταμοὺς
818 4810 899 4873 εἰς
928 4811 1230 4887 ὑπομονήν.
1250 4813 1409 4868 Ἀλλά
1433 4815 1526 4868 τὸν
1543 4816 1708 4869 παῖδα
1730 4816 1821 4870 τὸν
1839 4816 1963 4870 τού-

358 4916 454 4953 του
489 4900 761 4970 θαυμάζει
812 4902 915 4972 τῆς
948 4906 1248 4977 καρτερίας
1292 4909 1326 4977 ἡ
1376 4908 1610 4980 Γραφή;
1666 4909 1779 4963 Kal
1828 4910 1960 4964 ποία

358 4992 697 5065 ἀδαμαντίνη
722 4994 866 5067 ψυχὴ
894 4989 994 5068 τὴν
1019 4998 1232 5052 Παύλου
1254 4997 1460 5053 δύναιτ’
1485 5002 1551 5054 ἂν
1585 5002 1958 5069 ἐπιδείξασθαι

360 5086 675 5158 ὑπομονήν;
713 5088 987 5162 υὺδέγάρ
1018 5092 1099 5155 δὶς
1134 5094 1275 5147 ἐπτά
1314 5093 1408 5165 ἐτη
1449 5096 1795 5163 ἐδούλευσεν,
1823 5098 1961 5152 ἀλλά

357 5178 451 5233 τὸν
479 5178 659 5234 πάντα
694 5179 808 5250 βίον
842 5174 985 5253 ὑπὲρ
1021 5185 1121 5254 τῆς
1157 5185 1252 5239 τοῦ
1306 5187 1543 5258 Χριστοῦ
1591 5188 1813 5261 νύμφης
1836 5231 1852 5255 ,
1897 5192 1959 5245 οὑ

364 5273 761 5344 συγκαιόμενος
798 5275 959 5345 μόνον
995 5277 1074 5347 τῷ
1108 5278 1349 5349 καύματι
1402 5282 1504 5352 τῆς
1560 5283 1816 5357 ἡμέρας,
1866 5287 1963 5340 καὶ

361 5358 439 5432 τῷ
467 5363 691 5434 παγετῷ
716 5365 814 5436 τῆς
846 5367 1070 5431 νυκτὸς,
1103 5368 1241 5424 ἀλλὰ
1274 5373 1478 5444 μυρίας
1501 5376 1732 5444 νιφάδας
1764 5395 1962 5450 πειρα-

363 5453 519 5523 σμῶν
566 5456 889 5527 ὑπομένων,
939 5458 1035 5513 νῦν
1077 5463 1176 5533 μὲν
1214 5464 1485 5535 μάστιγας
1515 5467 1831 5541 λαμϐάνων,
1866 5473 1962 5527 νῦν

360 5543 420 5600 δέ
452 5546 624 5638 λίθοις
653 5550 714 5603 τὸ
764 5550 923 5622 σῶμα
956 5552 1282 5627 βαλλόμενος
1303 5600 1317 5624 ,
1369 5561 1464 5614 καὶ
1492 5560 1589 5616 νῦν
1622 5562 1721 5634 μὲν
1751 5563 1963 5638 θηρίοις

367 5636 696 5711 μαχόμενος,
712 5641 807 5697 νῦν
832 5643 888 5697 δὲ
911 5644 1139 5716 πελάγει
1168 5651 1475 5720 πυκτεύων,
1494 5656 1589 5707 καὶ
1617 5655 1761 5727 λιμῷ
1785 5636 1963 5728 διηνε-

364 5732 454 5784 κεῐ
484 5732 701 5804 ἡμέρας
746 5736 840 5789 καὶ
870 5739 1064 5803 νυκτὸς
1084 5780 1099 5804 ,
1130 5742 1227 5796 καὶ
1256 5744 1485 5817 κρυμῷ,
1534 5749 1628 5801 καί
1679 5747 1961 5822 πανταχοῦ

363 5824 500 5896 ὑπὲρ
553 5826 622 5882 τὰ
676 5832 978 5907 σκάμματα
1018 5836 1239 5909 πηδῶν,
1291 5842 1385 5897 καὶ
1439 5842 1507 5895 τὰ
1548 5842 1795 5917 πρόϐατα
1851 5843 1961 5899 ἀπὸ

1164 363 1257 424 DE
1302 361 1651 423 LAUDIBUS
1690 360 1749 419 S.
1791 359 2003 420 PAULI
2040 362 2410 424 APOS'I'OLI.
2454 364 2690 429 HOMIL.
2731 370 2803 427 ll.

3538 374 3646 433 Πϐ

2044 494 2147 565 τῆς
2193 497 2289 553 τοῦ
2333 499 2579 556 διαϐόλου
2634 501 2919 572 φάρυγγος
2950 496 3314 572 ἀφαρπάζων.
3342 499 3506 567 Ἀλλά
3538 504 3647 555 σώο

2046 612 2199 668 φρων
2221 595 2250 649 ό
2287 594 2526 667 ἰωσήφ;
2560 593 2723 648 Ἀλλά
2746 594 2962 649 δέδοικα
2997 594 3072 665 μὴ
3098 594 3279 663 ’γέλως
3379 596 3473 648 τὸν
3496 596 3647 651 Παῦ-

2042 688 2135 744 λον
2174 686 2427 743 ἐντεῦθεν
2457 688 2850 759 ἐγκωμιάζειν,
2882 687 2942 751 ὃς
2972 687 3323 758 ἐσταύρωσεν
3352 686 3547 743 ἐαυτὸν
3572 687 3651 760 τῷ

2042 782 2274 854 κόσμῳ,
2302 782 2401 837 καὶ
2447 780 2510 835 οὑ
2542 780 2614 835 τά
2653 779 2885 853 λαμπρά
2937 782 3016 835 ἐν’
3039 785 3152 847 τοῖς
3206 778 3422 851 σώμασι
3461 780 3646 851 μόνον,

2044 876 2182 931 ἀλλά
2220 876 2399 930 πάντα
2428 875 2501 929 τά
2531 874 2838 948 πράγματα
2864 874 3038 938 οὑτως
3065 873 3236 947 ἐώρα,
3260 873 3336 937 ὡς
3368 875 3526 945 ἡμεῖς
3550 874 3649 945 τὴν

2044 969 2193 1023 κόνιν
2219 970 2314 1023 καὶ
2339 968 2440 1039 τὴν
2470 968 2682 1040 τέφραν
2705 1010 2721 1035 ,
2744 967 2841 1023 καὶ
2870 968 2948 1032 ώς
2971 967 3039 1022 ἂν
3066 966 3260 1039 νεκρὸς
3284 967 3423 1039 πρὸς
3455 967 3651 1039 νεκρὸν

2044 1061 2303 1133 ἀκίνητος
2330 1060 2563 1130 γένοιτο.
2596 1059 2754 1115 Οὑτω
2794 1059 2935 1132 μετά
2965 1060 3255 1133 ἀκριϐείας
3279 1062 3380 1133 τῆς
3431 1061 3650 1130 φύσεως

2045 1154 2115 1210 τὰ
2144 1154 2495 1228 σκιρτήματα
2527 1154 2895 1219 κατευνάζων,
2922 1154 3079 1210 οὐδὲν
3109 1154 3370 1208 οὐδέποτε
3397 1154 3534 1227 πρὸς
3555 1155 3649 1207 οὑο

2045 1247 2136 1301 δέν
2164 1243 2505 1315 ἀνθρώπινον
2534 1244 2708 1311 πάθος
2729 1246 2951 1323 ἔπαθεν.
3404 1236 3409 1241 ’

2102 1327 2561 1413 ”Εκπλήττονται
2602 1338 2694 1393 τὸν
2738 1337 2862 1393 Ἰὼϐ
2901 1338 3148 1402 ἅπαντες
3181 1336 3495 1409 άνθρωποι;
3542 1338 3653 1391 Kal

2049 1433 2198 1506 μάλα
2220 1433 2449 1497 εἰκότως
2464 1442 2490 1463 °‘
2508 1433 2606 1506 καὶ
2629 1432 2740 1504 γὰρ
2766 1431 2941 1503 μέγας
2967 1430 3209 1503 ἀθλητὴς
3228 1470 3243 1496 ,
3271 1431 3367 1485 καὶ
3393 1430 3527 1512 πρὸς
3553 1440 3653 1484 αὑ-

2045 1528 2137 1582 τὸν
2166 1527 2258 1582 τὸν
2281 1524 2499 1601 Παῦλον
2526 1525 2894 1597 παρισοῦσθαι
2926 1524 3257 1597 δυνάμενος,
3284 1523 3376 1579 διὰ
3401 1525 3501 1594 τὴν
3528 1525 3654 1579 ὑπο-

2050 1620 2239 1693 μονὴν.
2269 1619 2358 1675 διὰ
2380 1621 2482 1692 τὴν
2503 1619 2598 1693 τοῦ
2623 1619 2738 1691 βίον
2762 1619 3137 1693 καθαρότητα,
3165 1618 3255 1674 διὰ
3275 1618 3375 1690 τὴν
3399 1619 3492 1673 τοῦ
3513 1619 3654 1673 Sabo

2050 1712 2396 1784 μαρτυρίαν,
2429 1711 2519 1766 διὰ
2566 1710 2664 1783 τὴν
2719 1711 2996 1785 καρτερὰν
3048 1712 3232 1784 μάχην
3270 1711 3486 1782 ἐκείνην
3511 1751 3526 1771 ,
3562 1710 3653 1765 διὰ

2046 1806 2148 1877 τὴν
2185 1804 2512 1877 θαυμαστὴν
2556 1804 2715 1876 νίκην
2753 1804 2853 1875 τὴν
2904 1806 3045 1876 μετά
3087 1803 3192 1882 τὴν
3237 1805 3439 1877 μάχην.
3491 1802 3655 1858 Ἀλλά

2048 1900 2261 1964 Παῦλος
2288 1900 2409 1969 οὑχὶ
2441 1898 2619 1970 μῆνας
2647 1898 2881 1963 πολλοὺς
2932 1899 3338 1969 ἀγωνιζόμενος
3375 1898 3519 1953 οὑτω
3570 1899 3652 1953 δι-

2048 1992 2185 2062 ἦγεν
2212 2029 2228 2054 ,
2260 1990 2376 2045 ἀλλ’
2415 1989 2510 2062 ἐτη
2542 1989 2734 2055 πολλὰ,
2755 1990 2876 2061 οὑχί
2904 1991 3097 2060 τήκωνι
3120 1989 3373 2061 βώλακας
3412 1991 3518 2062 γῆς
3544 1990 3655 2045 ἀπὸ

2053 2082 2251 2155 ίχῶρος
2288 2083 2384 2137 καὶ
2408 2109 2412 2119 ι
2433 2081 2528 2136 ἐπὶ
2575 2080 2813 2152 κοπρίας
2844 2082 3190 2154 καθήμενος,
3223 2083 3370 2164 cm"
3390 2083 3473 2146 εἰς
3520 2082 3655 2137 αὑτὸ

2048 2173 2145 2229 τοῦ
2170 2175 2388 2238 λέοντος
2417 2172 2479 2227 τὸ
2512 2172 2703 2246 νοητὸν
2735 2173 2911 2245 στόμα
2937 2172 3178 2244 συνεχῶς
3204 2173 3529 2246 ἐμπίπτων,
3561 2176 3656 2229 καὶ

2054 2266 2269 2338 μυρίοις
2326 2263 2574 2322 παλαίων
2612 2266 2975 2336 πειρασμοῖς,
3029 2263 3181 2338 [480]
3230 2268 3412 2338 πάσης
3446 2268 3655 2339 πέτρας

2052 2358 2408 2429 στερρότερος
2443 2352 2511 2428 ἦν
2536 2372 2548 2387 ’
2590 2358 2710 2428 οὑχὶ
2760 2358 2912 2429 παρά
2948 2358 3119 2429 τριῶν
3159 2358 3362 2428 φίλων,
3394 2359 3427 2431 ἦ
3456 2363 3656 2413 τεσσά-

2055 2467 2187 2521 ρων,
2215 2449 2352 2504 ἀλλά
2376 2449 2528 2522 παρὰ
2553 2451 2773 2505 πάντων
2800 2448 3195 2522 ὀνειδιζόμενος
3221 2451 3330 2505 τῶν
3362 2451 3657 2505 ἀπιστούν-

2049 2562 2159 2599 των
2179 2544 2589 2616 ψευδαδέλφων,
2621 2544 3001 2615 ἐμπτυόμενος
3016 2583 3031 2609 ,
3059 2543 3492 2615 λοιδορούμενος.
3512 2544 3656 2609 Ἀλλ’

2050 2642 2085 2711 ή
2127 2639 2403 2707 φιλοξενία
2429 2639 2527 2694 τοῦ
2567 2632 2689 2693 Ἰὤϐ
2741 2638 2995 2710 μεγάλης.
3019 2639 3114 2693 καὶ
3143 2639 3177 2708 ή
3204 2638 3342 2709 πρὸς
3381 2640 3510 2702 τοὺς
3540 2639 3658 2693 δεο-

2055 2733 2250 2803 μένους
2271 2733 2604 2804 κηδεμονία;
2632 2731 2769 2786 Οὑδέ
2794 2734 2960 2801 ἡμεῖς
2984 2731 3320 2805 ἀντεροῦμεν
3339 2749 3353 2762 ο
3391 2732 3533 2785 ἀλλά
3558 2735 3658 2802 τῆς

2052 2822 2268 2877 Παύλου
2293 2822 2548 2877 τοσοῦτον
2571 2822 3006 2894 καταδεεστέραν
3034 2823 3345 2894 εὑρήσομεν
3366 2866 3380 2887 ,
3404 2823 3530 2877 ὅσον
3553 2824 3658 2895 qu-

2052 2916 2152 2985 χῆς
2188 2915 2348 2984 σῶμα
2375 2914 2705 2985 ἀφέστηκεν.
2744 2914 2813 2967 Ἀ
2851 2913 2963 2985 γάρ
2989 2915 3200 2975 ἐκεῖνος
3233 2915 3364 2987 περί
3401 2915 3530 2980 τοὺς
3556 2917 3660 2987 τὴν

2054 3006 2236 3077 σάρκα
2265 3006 2702 3076 πεπηρωμένους
2728 3005 3078 3087 ἐπεδείκνυτο
3100 3045 3113 3069 ,
3144 3006 3317 3060 ταῦτα
3341 3002 3497 3072 οὗτος
3526 3027 3595 3062 πε
3605 3013 3660 3081 pl

2051 3096 2179 3159 τοὺς
2210 3094 2514 3177 τὴνψυχήν
2554 3094 2972 3167 λελωϐημένους
3002 3094 3259 3167 ἔπραττε,
3294 3099 3506 3164 πάντας
3530 3101 3661 3165 τοὺς

2054 3188 2263 3259 χωλοὺς
2297 3188 2393 3243 καὶ
2418 3189 2739 3260 ἀναπήρους
2791 3189 2884 3243 τὸν
2930 3188 3191 3262 λογισμὸν
3235 3186 3657 3265 διορθούμενος,

2055 3278 2150 3332 καὶ
2182 3280 2310 3342 τοὺς
2332 3278 2575 3350 γυμνοὺς
2609 3280 2705 3332 καὶ
2734 3278 3185 3351 ἀσχημονοῦντας
3209 3281 3554 3353 περιϐάλλων
3591 3287 3660 3357 τῇ

2053 3369 2154 3441 τῆς
2175 3369 2495 3440 φιλοσοφίας
2522 3370 2683 3443 στολῇ
2710 3388 2725 3405 ο
2765 3371 2859 3426 καὶ
2880 3374 2940 3425 ἐν
2978 3362 3093 3437 τοῖς
3122 3380 3458 3447 σωματικοῖς
3481 3379 3539 3434 δέ
3573 3397 3665 3435 το-

2057 3460 2249 3517 σοῦτον
2287 3462 2455 3519 αὑτοῦ
2487 3464 2715 3536 περιῆν,
2746 3464 2857 3536 ὅσῳ
2900 3465 3080 3537 πολλῷ
3123 3467 3311 3538 μεῖζον
3356 3470 3449 3525 τὸν
3499 3474 3663 3545 πενία

2059 3555 2309 3620 συζῶντα
2338 3568 2365 3597 ι
2412 3555 2527 3610 καὶ·
2548 3555 2694 3627 λιμῷ
2725 3556 2941 3630 βοηθεῖν
2987 3563 3099 3623 τοῖς
3128 3561 3405 3633 δεομένοις
3426 3604 3444 3631 ,
3472 3566 3568 3619 τοῦ
3598 3570 3665 3623 ἐκ

2059 3648 2381 3720 περιουσίας
2412 3647 2574 3703 τοῦτο
2601 3652 2778 3703 ποιεῖν
2802 3668 2816 3681 ·
2847 3651 2944 3706 καὶ
2969 3650 3066 3705 τοῦ
3104 3652 3204 3723 μὲν
3252 3655 3286 3727 ή
3323 3656 3471 3717 οἰκία
3499 3660 3667 3714 παντὶ

2058 3741 2269 3795 ἐλθόντι
2304 3741 2569 3814 ἀνέῳκτο,
2604 3740 2702 3795 τοῦ
2729 3741 2788 3796 δέ
2821 3744 2855 3814 ή
2876 3742 3027 3817 ψυχὴ
3058 3744 3213 3820 πάσῃ
3266 3750 3336 3820 τῇ
3368 3750 3664 3823 οἰκουμένῃ

2056 3832 2312 3903 ἥπλωτο,
2346 3834 2444 3887 καὶ
2486 3832 2819 3905 ὁλοκλήρους
2866 3834 3074 3907 δήμους
3100 3838 3413 3911 ὑπεδέχετο.
3451 3842 3543 3896 Διὸ
3571 3846 3666 3900 καὶ

2059 3926 2245 3996 ἐλεγεν
2264 3941 2280 3956 ·
2325 3926 2409 3980 Οὐ
2432 3926 2908 3997 στενοχωρεῖσθε
2952 3929 3022 3983 ἐν
3049 3930 3195 4001 ἡμῖν
3215 3972 3231 3996 ,
3271 3932 3666 4006 στενοχωρεῖ-

2058 4023 2171 4075 σθε
2190 4019 2261 4074 δὲ
2291 4019 2363 4075 ὲν
2388 4018 2514 4087 τοῖς
2535 4019 2921 4091 σπλάγχνοις
2946 4022 3134 4092 ὑμῶν.
3170 4026 3281 4080 Kal
3307 4028 3336 4081 ὁ
3370 4024 3489 4098 μὲν,
3526 4048 3667 4103 προ-

2060 4111 2242 4167 ϐάτων
2272 4110 2423 4183 αὑτῷ
2452 4112 2547 4165 καὶ
2568 4110 2710 4182 βοῶν
2739 4112 2909 4167 ὄντων
2936 4113 3201 4186 ἀπείρων,
3228 4117 3511 4190 φιλότιμος
3535 4122 3667 4193 περὶ

2058 4206 2187 4270 τοὺς
2224 4206 2512 4276 δεομένους
2556 4200 2655 4279 ἦν·
2685 4200 2840 4273 οὗτος
2882 4208 2968 4275 δέ,
2999 4209 3152 4264 οὐδὲν
3203 4210 3367 4269 πλέον
3393 4216 3667 4285 κεκτημέ-

2060 4314 2151 4361 νος
2181 4294 2278 4351 τοῦ
2322 4295 2576 4377 σώματος
2598 4338 2613 4364 ,
2660 4298 2757 4352 ἀπ’
2801 4297 2971 4353 αὑτοῦ
3014 4298 3207 4373 τούτου
3234 4304 3347 4367 τοῖς
3390 4302 3668 4375 δεομένοις

2060 4390 2327 4463 ἐπήρκει,
2358 4390 2455 4475 καὶ
2483 4390 2583 4464 βοᾷ
2605 4391 2814 4461 λέγων·
2849 4391 2986 4460 Ταῖς
3006 4394 3237 4462 χρείαις
3259 4412 3380 4465 μου
3406 4398 3506 4451 καὶ
3541 4399 3669 4465 τοῖς

2061 4483 2203 4538 οὖσι
2235 4484 2363 4555 μετ’
2393 4484 2541 4554 ἐμοῦ
2576 4483 2980 4555 ὑπηρέτησαν
3007 4488 3067 4541 αἱ
3096 4486 3294 4557 χεῖρες
3321 4485 3500 4547 αὗται
3520 4533 3535 4558 ,
3569 4492 3668 4561 τὴν

2061 4578 2170 4632 ἀπὸ
2196 4579 2291 4633 τοῦ
2324 4577 2578 4651 σώματος
2598 4579 2863 4652 ἐργασίαν
2885 4581 3149 4652 πρόσοδον
3173 4584 3287 4648 τοῖς
3322 4586 3551 4640 πεινῶσι
3574 4589 3670 4641 καὶ

2062 4670 2394 4742 λιμώττουσι
2428 4672 2793 4744 κεκτημένος.
2850 4673 3013 4729 Ἀλλά
3061 4678 3111 4730 οἰ
3154 4676 3438 4750 σκώληκες
3471 4681 3668 4736 καὶτὰ

2064 4763 2357 4835 τραύματα
2386 4763 2631 4834 χαλεπὰς
2685 4765 2781 4820 καὶ
2822 4765 3238 4840 ἀκαρτερήτους
3289 4774 3552 4845 παρεῖχον
3588 4774 3669 4845 τῷ

2077 4856 2199 4909 Ἰὼϐ
2223 4855 2322 4921 τὰς
2362 4855 2594 4923 ὀδύναςς
2632 4857 2913 4928 ὐμολογῶ
2962 4862 3120 4929 κάγώ
3145 4879 3159 4893 “
3198 4862 3314 4918 ἀλλ’
3353 4865 3450 4918 ἐὰν
3483 4869 3583 4930 τὰς
3610 4870 3669 4923 ἐν

2062 4949 2342 5013 τοσούτοις
2365 4948 2511 5004 ἔτεσι
2531 4948 2628 5003 τοῦ
2658 4950 2875 5005 Παύλου
2908 4953 3213 5024 μάστιγας,
3247 4958 3342 5011 καὶ
3380 4958 3472 5012 τὸν
3508 4960 3670 5031 λιμὸ)

2064 5040 2155 5095 τὸν
2183 5040 2409 5111 διηνεκῆ
2431 5082 2447 5106 ,
2479 5041 2575 5095 καὶ
2613 5040 2713 5113 τὴν
2758 5044 3107 5114 γυμνότητα,
3154 5047 3253 5101 καὶ
3283 5047 3384 5112 τὰς
3423 5050 3667 5117 ἁλύσεις,

2064 5134 2161 5186 καὶ
2205 5132 2269 5186 τὸ
2302 5133 2711 5204 δεσμωτήριον,
2746 5134 2841 5187 καὶ
2891 5137 3020 5199 τοὺς
3068 5137 3351 5204 κινδύνους
3376 5180 3392 5205 ,
3439 5143 3531 5196 καὶ
3569 5150 3670 5208 τὰς

2064 5224 2395 5291 ἐπιϐουλὰς,
2449 5225 2550 5290 τὰς
2599 5227 2748 5299 παρά
2780 5228 2891 5309 τῶν
2942 5230 3194 5296 οἰκείων,
3226 5234 3328 5309 τάης
3358 5235 3512 5307 παρὰ
3563 5237 3669 5296 τῶν

2063 5318 2382 5391 ἀλλοτρίων,
2413 5318 2512 5383 τὰς
2540 5319 2692 5391 παρά
2727 5320 2837 5375 τῶν
2870 5324 3154 5393 τυράννων
3179 5366 3195 5389 ,
3246 5324 3346 5391 τὰς
3386 5327 3539 5400 παρά
3568 5331 3670 5401 τῆς

2062 5410 2393 5483 οἰκουμένης
2440 5412 2663 5483 ἀπάσης
2712 5413 2977 5485 ἀντιθῇς,
3016 5417 3125 5471 καῖ
3170 5418 3310 5489 μετά
3362 5419 3569 5475 τούτων
3600 5422 3669 5476 τὰ

2062 5500 2269 5555 τούτων
2297 5501 2621 5571 πικρότερα,
2653 5501 2798 5571 λέγω
2830 5504 2894 5577 δή
2926 5508 3027 5569 τὰς
3050 5507 3191 5579 ὑπὲρ
3213 5509 3323 5564 τῶν
3357 5510 3670 5566 πιπτόντων

2062 5592 2291 5660 ὀδύνας,
2320 5594 2420 5664 τὴν
2469 5587 2729 5666 φροντίδα
2759 5597 2869 5650 τῶν
2930 5599 3269 5671 Ἑκκλησιῶν
3315 5599 3534 5667 πασῶν,
3569 5604 3669 5672 τὴν

2065 5685 2352 5757 πύρωσιν,
2386 5686 2454 5761 ἣν
2502 5686 2644 5757 ὑπὲρ
2699 5688 2932 5743 ἑκάστου
2990 5692 3099 5749 τῶν
3161 5684 3667 5766 σκανδαλιζομένων

2128 5853 2144 5878 ⁸
2174 5854 2297 5919 Reg.
2322 5854 2391 5921 τῷ
2412 5853 2547 5915 πενία
2566 5856 2783 5912 συζῶντι.
