4070 6434
435 361 544 418 επ
1162 369 1220 422 8.
1258 362 1544 422 JOANNIS
1575 363 2074 422 CHRYSOSTOMI
2108 364 2432 424 ARCHIEP.
2478 365 3035 425 CONSTANTINOP.

435 469 730 544 ῢπέμενεν,
762 471 883 542 ὕψει
911 471 1030 547 ταῦς
1061 473 1269 545 πέτρας
1307 464 1639 547 στερροτέρα
1661 466 1730 542 ἦν
1766 472 1800 540 ή
1849 468 2023 524 ταῦτα

441 555 678 627 φέρουσα
711 553 859 626 ψυχὴ
884 595 899 620 ,
939 546 1037 610 καὶ
1087 556 1306 627 σίδηρον
1359 559 1453 609 καὶ
1501 546 1784 625 ἀδάμαντα
1843 553 2018 607 ἐνίκα.

437 638 632 709 ’Δπερ-
672 634 766 692 οῦν
817 640 1026 702 ἐκεῖνος
1064 637 1300 709 ἔπασχεν
1356 639 1415 692 ἐν
1458 637 1536 708 τῷ
1569 637 1822 709 σώματι,
1848 637 2023 691 ταῦτα

433 715 586 785 οῦτος
617 722 674 775 ἐν
698 723 764 793 τῇ
789 722 957 794 ψυχῇ,
985 724 1080 777 καὶ
1111 721 1392 792 σκώληκος
1421 720 1620 787 παντὸς
1641 721 2024 794 χαλεπώτερον

429 805 464 872 ἡ
497 802 620 857 καθ’
649 804 880 859 ἕκαστον
907 806 1018 860 τῶν
1047 804 1548 876 σκανδαλιζομένων
1571 805 1779 876 ἀθυμία
1803 805 2024 876 διέτρω-

429 903 526 955 γεν
552 886 718 940 αὐτοῦ
742 887 840 959 τὴν
862 888 1059 959 ψυχήν.
1085 888 1248 942 Ὅθεν
1271 889 1364 960 καὶ
1388 887 1571 959 πηγὰς
1594 888 1846 960 δακρύων
1871 887 2022 958 ήφίει

428 968 739 1038 διηνεκεῖς,
790 971 853 1023 οὐ
910 971 1009 1035 τὰς
1073 971 1289 1042 ἡμέρας
1343 971 1542 1042 μόνον,
1594 971 1730 1026 ἀλλά
1779 971 1874 1026 καὶ
1920 967 2022 1034 τὰς

428 1053 632 1114 νύκτας
655 1093 670 1116 ,
703 1052 796 1105 καὶ
849 1052 1030 1122 πάσης
1075 1054 1334 1123 γυναικὸς
1365 1053 1662 1125 ώδινούσης
1699 1053 2021 1126 δριμύτερον

425 1134 689 1191 διεσπᾶτο
740 1128 858 1188 καῖ’
889 1136 1010 1191 καθ’
1059 1137 1292 1190 ἕκαστον
1325 1138 1524 1191 αὐτῶν.
1555 1137 1646 1191 Διὸ
1696 1137 1791 1191 καὶ
1841 1135 2016 1203 ἐλεγε-

435 1219 644 1271 Τεκνία
663 1235 806 1286 μου,
837 1219 946 1285 οὓς
974 1219 1164 1274 πάλιν
1202 1219 1410 1275 ὠδίνω.
1451 1219 1586 1274 Τίνα
1632 1220 1698 1272 ἀν
1751 1236 1836 1283 τις
1881 1217 2022 1288 μετά

424 1299 517 1352 τὸν
558 1299 678 1353 Ἰὼϐ
728 1303 1072 1374 ἐκπλαγείης
1113 1303 1218 1356 Τὸν
1248 1303 1503 1358 ,Μωῦσέα
1560 1305 1798 1367 πάντως.
1861 1302 2022 1356 Ἀλλὰ

425 1383 522 1436 καὶ
548 1383 740 1437 τοῦτον
786 1387 851 1439 ἐκ
880 1386 1075 1442 πολλοῦ
1131 1387 1222 1440 τοῦ
1264 1388 1545 1459 περιόντος
1575 1385 1972 1460 ὑπερηκόντισε
2002 1404 2016 1418 ο

427 1465 640 1534 μεγάλα
670 1467 768 1537 μέν
789 1468 900 1540 γάρ
928 1469 1092 1523 αὐτοῦ
1121 1471 1216 1524 καὶ
1244 1469 1314 1525 τά
1345 1471 1503 1531 ἀλλα.
1536 1471 1598 1524 τὸ
1617 1471 1696 1544 ,δέ
1724 1470 2020 1539 κεφάλαιον

427 1548 520 1601 καὶ
577 1551 608 1619 ὴ
650 1552 879 1622 κορωνὶς
929 1552 1032 1623 τῆς
1063 1553 1227 1622 άγίας
1266 1554 1448 1625 ψυχῆς
1495 1555 1753 1626 ἐκείνης,
1794 1556 1880 1609 ὅτι
1932 1554 2022 1622 ἐξ·

425 1631 748 1704 αλειφθῆναι
769 1637 944 1689 εἵλετο
966 1637 1064 1708 τῆς
1075 1636 1170 1690 τοῦ
1194 1636 1330 1691 Θεοῦ
1361 1652 1385 1678 ι
1409 1637 1592 1708 βίϐλου
1622 1639 1761 1711 ὑπὲρ
1782 1640 1882 1712 τῆς
1910 1656 2019 1693 σω-

424 1715 620 1786 τηρίας
659 1717 765 1772 τῶν
808 1715 1095 1774 Ἰουδαίων.
1133 1720 1276 1774 Ἀλλ’
1301 1717 1456 1786 οὗτος
1497 1722 1596 1793 μὲν
1626 1721 2020 1776 συναπολέσθαι

424 1799 631 1870 ἐτέροις
660 1803 847 1871 ᾑρεῖτο
871 1818 885 1832 ·
934 1804 963 1856 6
1011 1803 1068 1856 δέ
1096 1803 1308 1867 Παῦλος
1335 1805 1397 1858 οὐ
1429 1805 1845 1868 συναπολέσθαι,
1880 1803 2016 1868 ἀλλ’,

425 1884 630 1954 ἐτέρων
676 1885 1040 1956 σωζομένων,
1086 1887 1249 1950 αὐτὸς
1293 1890 1547 1941 ἐκπεσεῖν
1579 1889 1679 1958 τῆς
1723 1886 1882 1958 δόξης
1917 1887 2018 1959 τῆς

422 1966 755 2038 ἀπεράντου.
789 1971 897 2022 Καὶ
929 1972 958 2022 6
1006 1971 1104 2040 μέν
1136 1970 1215 2041 τῷ
1247 1970 1449 2042 Φαραὼ
1476 2012 1492 2037 ,
1519 1973 1548 2024 6
1592 1971 1648 2025 δέ
1678 1971 1758 2043 τῷ
1789 1969 2019 2042 διαϐόλῳ

422 2049 547 2103 καθ’
578 2051 796 2122 ἡμέραν
828 2050 981 2124 [481]
1021 2052 1287 2108 ἐπύκτευε
1311 2072 1325 2086 ’
1363 2056 1456 2108 καὶ
1494 2058 1530 2109 6
1558 2055 1656 2125 μὲν
1710 2047 1860 2126 ὺπέρκ
1901 2056 2017 2118 ἐνὸς

423 2133 612 2197 ἔθνους
634 2175 650 2198 ,
681 2136 711 2188 6
748 2135 806 2188 δέ
851 2136 994 2207 ὑπὲρ
1031 2138 1130 2208 τῆς
1176 2139 1504 2210 οἰκουμένης
1540 2140 1760 2210 ἀπάσης
1788 2140 2015 2210 ἔκαμεν,

421 2216 524 2286 οὐχ
549 2216 733 2286 ἱδρῶτι
758 2243 782 2278 ,κ
802 2217 941 2272 ἀλλὰ
971 2221 1064 2273 καὶ
1093 2221 1284 2292 αἵματι
1313 2223 1436 2276 ἀντὶ
1485 2222 1707 2293 ἱδρῶτος
1754 2223 2018 2277 πάντοθεν

423 2300 885 2380 περιρρεόμενος,
918 2303 1040 2374 οὐχὶ
1065 2304 1163 2374 τὴν
1189 2304 1514 2375 οἰκουμένην
1552 2304 1730 2374 μόνον,
1760 2305 1896 2359 ἀλλά
1923 2308 2017 2360 καὶ

421 2384 521 2452 τὴν
552 2383 807 2454 ἀοίκητον
835 2385 1217 2459 διορθούμενος
1238 2427 1253 2454 ,
1285 2389 1408 2460 οὐχὶ
1440 2391 1539 2460 τὴν
1580 2389 1806 2443 Ἐλλάδα
1833 2391 2012 2462 μόνον,

420 2465 558 2521 ἀλλά
588 2467 682 2522 καὶ
714 2468 812 2540 τήν
837 2468 1134 2541 βάρϐαρον.

505 2548 666 2618 Ἐνῆν
693 2551 791 2603 καὶ
829 2551 922 2606 τὸν
959 2552 1170 2623 Ἰησοῦν
1202 2553 1284 2618 είς
1315 2554 1481 2624 μέσον
1510 2557 1886 2625 παραγαγεῖν,
1919 2556 2015 2610 καὶ

420 2629 514 2684 τὸν
550 2630 806 2705 Σαμουὴλ
828 2634 923 2687 καὶ
947 2635 1076 2698 τοὺς
1100 2635 1294 2698 ἀλλους
1314 2638 1600 2708 προφήτας
1623 2654 1637 2669 ·
1667 2638 1783 2691 ἀλλ’
1819 2640 1904 2692 ἵνα
1936 2638 2011 2710 μὴ

423 2715 765 2786 μακρότερον
794 2715 1039 2788 ποιῶμεν
1059 2717 1152 2771 τὸν
1174 2718 1352 2786 λόγον,
1386 2719 1480 2773 ἐπὶ
1520 2720 1649 2783 τοὺς
1682 2720 2012 2792 κορυφαίους

418 2797 601 2850 αὐτῶν
631 2797 937 2872 βαδίσωμεν
963 2817 976 2831 ⁸
1013 2803 1145 2857 ὅταν
1175 2802 1286 2874 γάρ
1316 2801 1521 2857 τούτων
1550 2807 1692 2876 φανῇ
1722 2806 2008 2876 κρείττων,

418 2880 646 2950 οὐδεμία
677 2884 806 2954 περὶ
843 2884 952 2940 τῶν
984 2884 1158 2940 ἄλλων
1182 2885 1594 2958 ἀμφισϐήτησις
1623 2887 1886 2941 λείπεται.
1912 2888 2011 2942 Τί-

419 2981 510 3027 νες
537 2962 633 3020 οῦν
659 2967 708 3021 οἰ
735 2971 1021 3040 κορυφαῖοι
1047 2987 1062 3036 ;

490 3049 648 3115 Τίνες
692 3050 751 3104 δὲ
782 3051 931 3106 ἀλλοι
985 3053 1124 3123 μετά
1157 3051 1414 3118 τούτους,
1464 3054 1498 3126 ἢ
1546 3055 1576 3108 6
1622 3054 1821 3124 Δαυῖδ,
1856 3057 1949 3111 καὶ
1983 3059 2011 3113 6

432 3129 652 3196 Ἠλίας,
686 3133 781 3187 καὶ
810 3135 840 3188 6
885 3136 1174 3208 Ἰωάννης;
1205 3133 1282 3192 ὧν
1307 3138 1338 3190 6
1368 3137 1468 3205 μὲν
1489 3137 1589 3208 τῆς
1633 3139 1939 3211 προτέρας,
1983 3141 2013 3193 6

417 3213 479 3268 δέ
506 3213 609 3285 τῆς
641 3215 904 3290 δευτέρας
939 3220 1248 3292 πρόδρομος
1299 3219 1396 3274 τοῦ
1425 3223 1634 3293 Κυρίου
1669 3224 1974 3295 παρουσίας
1995 3241 2010 3258 ο

416 3296 499 3379 διὸ
523 3298 618 3354 καὶ
665 3300 770 3371 τῆς
815 3305 1187 3378 προσηγορίας
1225 3305 1474 3376 ἀλλήλοις
1530 3305 1915 3379 ἐκοινώνησαν.
1947 3310 2012 3362 Τί

416 3376 512 3434 οῦν
540 3382 604 3435 :6
623 3384 901 3455 ἐξαίρετον
926 3387 1020 3441 τοῦ
1053 3376 1216 3442 Δαυϊδ
1253 3405 1268 3455 ;
1310 3390 1375 3442 Ἦ
1407 3376 1879 3462 ταπεινοφροσύνη
1919 3393 2014 3446 καὶ

415 3465 452 3545 6
477 3465 612 3538 πρὸς
641 3467 776 3521 Θεὸν
801 3467 963 3539 ἐρως.
997 3471 1106 3524 Καὶ
1133 3472 1220 3536 τίς
1265 3471 1364 3544 μέν
1410 3471 1613 3542 μᾶλλον
1633 3511 1648 3536 ,
1681 3473 1766 3536 τίς
1811 3474 1867 3526 δὲ
1914 3476 2013 3545 οὐχ

415 3542 582 3621 ἦττον
612 3550 712 3620 τῆς
742 3551 957 3605 Παύλου
1001 3551 1182 3625 ψυχῆς
1221 3542 1514 3625 ἀμφότερα
1568 3555 1742 3610 ταῦτα
1797 3542 2015 3629 κατώρξ

419 3631 592 3698 θωσε;
623 3633 689 3686 Τί
714 3633 772 3687 δέ
801 3635 862 3688 :6
892 3635 1208 3708 θαυμαστὸν
1234 3637 1330 3692 τοῦ
1379 3637 1594 3705 Ἠλίου;
1629 3635 1776 3709 Ἆρα
1818 3640 1898 3693 ὅτι
1922 3640 2014 3694 τὸν

415 3715 648 3787 οὐρανὸν
687 3716 921 3785 ἔκλεισε,
953 3721 1047 3773 καὶ
1085 3721 1240 3792 λιμὸν
1276 3721 1521 3793 ἐπήγαγε
1551 3762 1567 3784 ,
1605 3721 1836 3794 καὶπῦρ
1883 3741 2015 3778 κατ-

418 3801 666 3871 ήγαγεν;
702 3801 819 3854 Οὐκ
853 3801 1030 3872 ἔγωγε
1057 3800 1211 3876 οἶμαι
1236 3822 1250 3835 °
1287 3806 1404 3859 ἀλλ’
1439 3807 1520 3859 ὅτι
1566 3804 1846 3878 ἐζήλωσεν
1873 3807 2014 3878 ὑπὲρ

417 3881 515 3936 τοῦ
553 3884 868 3952 Δεσπότου,
907 3889 1003 3941 καὶ
1031 3890 1203 3961 πυρὸς
1242 3890 1597 3962 σφοδρότερος
1641 3887 1730 3964 ἦν.
1778 3892 1914 3945 Ἀλλ’
1964 3895 2013 3947 εί

417 3967 512 4021 τὸν
544 3968 758 4022 Παύλου
805 3970 968 4042 ζῆλον
1000 3973 1164 4040 ἴδοις,
1220 3975 1474 4028 τοσοῦτον
1507 3975 1628 4042 δψει
1683 3977 2011 4045 κρατοῦντα,

420 4051 546 4103 ὅσον
593 4053 800 4117 ἐκεῖνος
853 4055 962 4107 τῶν
1006 4056 1181 4110 ἄλλων
1219 4057 1517 4129 προφητῶν
1559 4058 1778 4130 περιῆν.
1812 4060 1877 4112 Τί
1905 4060 2015 4132 γάρ

419 4134 485 4188 ἂν
517 4136 725 4204 γένοιτο
743 4138 851 4191 τῶν
885 4140 1148 4209 ῥημάτων
1173 4140 1398 4195 ἐκείνων
1425 4142 1557 4207 τσον,
1588 4141 1735 4213 άπερ
1757 4143 1897 4212 ὑπὲρ
1918 4144 2016 4214 τῆς

418 4218 517 4271 τοῦ
568 4221 838 4275 Δεσπότου
877 4221 1034 4293 δόξης
1083 4222 1263 4292 ζηλῶν
1312 4222 1532 4292 ἔλεγεν,
1584 4224 1666 4278 ὅτι
1721 4226 2012 4295 Ηύχόμην

417 4300 686 4371 ἀνάθεμα
711 4300 864 4360 εῖναι
897 4306 1050 4374 ὑπὲρ
1080 4305 1200 4359 τῶν
1232 4305 1512 4376 ἀδελφῶν
1532 4325 1673 4376 μου,
1704 4306 1824 4362 τῶν
1860 4324 2010 4378 συγ-

418 4385 609 4454 γενῶν
636 4405 754 4456 μου
797 4389 946 4444 κατὰ
997 4388 1236 4460 σάρκα;
1282 4389 1381 4443 Διά
1413 4389 1574 4444 τοῦτο
1624 4391 1732 4445 τῶν
1763 4391 2010 4464 οὐρανῶν

417 4469 570 4538 αῦτῷ
621 4473 998 4542 προκειμένων
1024 4512 1038 4535 ,
1099 4474 1195 4528 καὶ
1246 4474 1355 4527 τῶν
1412 4475 1692 4544 στεφάνων
1747 4476 1842 4529 καὶ
1899 4475 2009 4529 τῶν

420 4553 690 4616 ἐπάθλων,
723 4554 914 4626 ἐμελλε
953 4556 1048 4608 καὶ
1077 4555 1339 4628 ἐϐράδυνε
1371 4556 1565 4624 λέγων’
1613 4557 1682 4610 Τὸ
1713 4556 2009 4628 ἐπιμεῖναι

418 4633 494 4703 τῇ
541 4639 718 4705 σαρκὶ
759 4639 1225 4710 ἀναγκαιότερον
1250 4639 1327 4694 δι’
1369 4639 1526 4710 ὑμᾶς
1555 4657 1569 4671 ο
1592 4640 1680 4694 διά
1707 4641 1864 4696 τοῦτο
1886 4642 2008 4697 οὐδέ

480 4823 510 4852 ⁸
531 4817 582 4867 In
604 4815 729 4878 Reg.
756 4817 901 4866 deest
916 4816 1002 4866 :06
1025 4815 1167 4867 Θεοῦ.

3599 355 3712 412 478

2122 467 2226 538 τὴν
2253 468 2430 522 κτίσιν
2457 468 2662 538 ταύτην
2691 467 2793 539 τὴν
2824 464 3133 537 ὁρωμένην,
3163 462 3278 518 ἀλλ’
3305 463 3430 533 οὐδὲ
3459 466 3560 540 τήν
3589 485 3724 543 νοη-

2123 549 2221 622 τὴν
2259 550 2513 622 ἐνόμισεν
2541 551 2733 620 ἀρκεῖν
2770 550 2851 612 εἰς
2878 549 3225 619 παράστασιν
3245 547 3348 618 τῆς
3377 548 3600 619 ἀγάπης
3625 551 3725 608 καὶ

2121 632 2214 687 τοῦ
2252 633 2416 706 ζήλου
2440 672 2455 697 ,
2484 632 2622 687 ἀλλὰ
2651 633 2745 686 καὶ
2768 625 2961 702 ἐτέραν
2990 630 3094 684 οὐκ
3123 625 3290 684 οὖσαν
3324 627 3509 701 ἐζήτει
3527 668 3545 696 ,
3576 631 3724 687 ὥστε

2123 715 2463 783 ἐνδείξασθαι
2492 716 2630 787 ὅπερ
2659 715 2819 787 ήθελε
2852 713 2949 768 καὶ
2977 712 3263 784 ἐπεθύμει.
3300 712 3442 766 Ἀλλ’
3462 713 3495 768 6
3539 713 3726 768 Ἰωάν-

2122 817 2221 871 νης
2251 799 2481 870 ἀκρίδας
2511 798 2669 870 ήσθιε
2715 799 2811 852 καὶ
2861 796 2984 868 μέλι
3026 797 3255 868 άγριον;
3303 789 3630 868 ’Δλλ⁹οῦτος
3663 797 3726 850 ἐν

2125 882 2267 953 μέσῃ
2299 884 2369 954 τῇ
2413 881 2744 955 οἰκουμένῃ,
2777 881 3032 950 καθάπερ
3060 880 3270 943 ἐκεῖνος
3300 880 3358 933 ἐν
3401 882 3470 951 τῇ
3505 882 3724 951 ἐρήμῳ.

2120 965 2696 1050 διέτριϐεν-,χάκρίδας
2728 965 2829 1036 μὲν
2858 964 2954 1050 καὶ
2993 962 3129 1050 μέλι
3155 961 3348 1034 άγριον
3378 964 3448 1016 οὐ
3471 963 3729 1050 σιτούμε-

2122 1067 2212 1116 νος
2238 1091 2253 1116 ,
2295 1047 2543 1105 πολὺδέ
2595 1048 2985 1120 εὐτελεστέραν
3031 1047 3237 1118 ταύτης
3288 1047 3728 1120 παρατιθέμενος

2120 1134 2403 1206 τράπεζαν
2423 1175 2441 1198 ,
2473 1135 2569 1189 καὶ
2600 1134 2727 1208 οὐδέ
2769 1133 2868 1202 τῆς
2897 1129 3203 1200 ἀναγκαίας
3231 1129 3485 1200 εὐπορῶν
3513 1131 3727 1204 τροφῆς

2119 1217 2210 1272 διὰ
2251 1218 2349 1290 τὴν
2389 1219 2533 1288 ὑπὲρ
2564 1215 2661 1271 τοῦ
2691 1214 3050 1287 κηρύγματος
3085 1211 3344 1283 σπουδήν.
3386 1212 3548 1272 Ἀλλὰ
3592 1215 3728 1268 πολ-

2120 1300 2220 1373 λὴν
2247 1299 2384 1372 πρὸς
2412 1301 2504 1355 τὸν
2536 1299 2784 1372 Ἡρώδην
2823 1291 2981 1362 οῦτος
3024 1297 3340 1370 παρρησίαν
3366 1297 3727 1365 ἐπεδείξατος

2134 1385 2272 1440 ’Δλλ’
2299 1379 2455 1449 οὗτος
2483 1386 2582 1454 οὐχ
2619 1383 2716 1438 ἐνα
2742 1381 2836 1436 καὶ
2865 1381 2960 1435 δύο
2990 1382 3087 1434 καὶ⁸
3105 1383 3256 1452 τρεῖς
3278 1420 3294 1446 ,
3324 1379 3469 1434 ἀλλά
3493 1381 3729 1451 μυρίους

2121 1467 2241 1522 κατ’
2263 1466 2472 1522 ἐκεῖνον
2509 1467 2860 1536 ἐπεστόμισε,
2895 1462 3096 1534 μᾶλλον
3121 1463 3180 1517 δέ
3217 1463 3312 1516 καὶ
3341 1461 3525 1535 πολλῷ
3561 1463 3728 1535 χαλε-

2123 1551 2404 1622 πωτέρους
2433 1549 2645 1606 ἐκείνου
2669 1547 2765 1601 τοῦ
2796 1546 3087 1619 τυράννου.
3116 1547 3381 1600 Λείπεται
3425 1546 3564 1618 πρὸς
3592 1548 3726 1611 τοὺς

2121 1635 2388 1705 ἀγγέλους
2410 1635 2573 1690 αὐτὸν
2608 1633 2861 1700 ἐξετάσαι
2894 1631 3112 1711 λοιπύνο
3150 1631 3339 1703 διόπερ
3366 1633 3598 1702 ἀφέντες
3621 1633 3724 1703 τὴν

2122 1720 2226 1790 γῆν
2247 1759 2263 1786 ,
2296 1720 2433 1790 πρὸς
2479 1719 2577 1782 τὰς
2611 1717 2720 1771 τῶν
2758 1717 3004 1788 οὐρανῶν
3045 1714 3453 1787 άναϐησώμεθα
3479 1717 3678 1787 ἁψῖδας
3706 1731 3721 1745 ·

2121 1803 2258 1858 ἀλλά
2290 1803 2479 1875 μηδεὶς
2527 1802 2736 1872 τόλμαν
2785 1799 3250 1870 καταγινωσκέτω
3286 1800 3383 1854 τοῦ
3421 1801 3606 1870 λόγου.
3658 1799 3725 1854 Εἰ

2119 1887 2230 1959 γάρ
2282 1877 2376 1940 καί
2424 1887 2518 1940 τὸν
2564 1886 2819 1956 Ἰωάννην
2850 1885 3082 1953 ἄγγελον
3118 1876 3380 1939 ἐκάλεσεν
3425 1886 3460 1956 ή
3503 1885 3722 1957 Γραφὴ,

2120 1971 2214 2022 καὶ
2261 1970 2385 2033 τοὺς
2442 1969 2664 2040 ίερέας,
2706 1969 2759 2022 τί
2814 1968 3164 2040 θαυμαστὸν,
3217 1969 3268 2022 εῖ
3323 1968 3418 2024 τὸν
3461 1969 3726 2023 ἀπάντων

2119 2047 2329 2123 ἀμείνω
2355 2055 2472 2116 ταῖς
2497 2053 2762 2122 δυνάμεσι
2792 2051 3215 2123 παραϐάλλομεν
3235 2051 3508 2117 ἐκείναις;
3531 2052 3598 2104 Τί
3626 2047 3725 2106 οῦν

2118 2137 2270 2189 ἐστιν
2304 2135 2530 2189 ἐκείνων
2568 2136 2630 2188 :6
2663 2135 2838 2206 μέγα;
2875 2137 2998 2189 Ὅτι
3028 2135 3174 2206 μετά
3219 2137 3396 2208 πάσης
3432 2136 3724 2207 ἀκριϐείας

2121 2219 2455 2272 ὑπακούουσι
2485 2217 2563 2289 τῷ
2591 2218 2711 2290 Θεῷ
2734 2237 2748 2250 ·
2779 2219 2918 2290 ὅπερ
2949 2219 3043 2273 καὶ
3077 2219 3106 2271 6
3131 2218 3301 2278 Δαυῖδ
3339 2219 3724 2290 ἐκπληττόμε-

2117 2320 2206 2365 νος
2238 2302 2427 2371 ἐλεγεο
2471 2301 2726 2359 Δυνατοὶ
2754 2303 2955 2370 ἰσχύϊ,
3013 2303 3334 2368 ποιοῦντες
3383 2302 3491 2356 τὸν
3532 2304 3724 2371 λόγον

2117 2386 2325 2440 αὐτοῦ.
2351 2383 2556 2438 Τούτου
2604 2383 2714 2454 γὰρ
2761 2387 2876 2440 ἴσον
2915 2384 3070 2438 οὐδὲν
3095 2425 3110 2449 ,
3138 2383 3241 2438 κᾶν
3274 2386 3538 2456 μυριάκις
3584 2378 3721 2437 ὦσιν

2115 2468 2396 2538 ἀσώματοι
2421 2484 2433 2497 ·
2478 2467 2538 2520 τὸ
2580 2469 2690 2539 γάρ
2740 2466 2977 2536 μάλιστα
3025 2458 3486 2531 ποιοῦντούτους
3536 2463 3723 2538 9.03:1-

2116 2551 2299 2622 ρίους,
2350 2549 2509 2604 τοῦτό
2558 2552 2727 2614 ἐστιν,
2767 2551 2848 2603 ὅτι
2880 2548 3032 2622 [682]
3071 2549 3348 2604 πείθονται
3404 2553 3518 2614 τοῖς
3553 2568 3722 2621 προσ-

2112 2633 2546 2705 τάγμασιν,,ὃτι
2584 2633 2824 2704 οὐδαμοῦ
2886 2633 3288 2705 παρακούουσι.
3326 2633 3502 2687 Τοῦτο
3537 2635 3718 2688 τοίνυν

2113 2716 2207 2770 καὶ
2235 2717 2341 2770 ὑπὸ
2371 2715 2467 2769 τοῦ
2505 2715 2722 2770 Παύλου
2756 2716 2897 2786 μετά
2944 2715 3235 2787 ἀκριϐείας
3265 2716 3414 2771 ἔστιν
3463 2717 3592 2770 [δεῖν
3615 2735 3719 2788 φυ-

2112 2800 2440 2870 λαττόμενον
2465 2816 2478 2830 ⁸
2503 2800 2566 2852 06
2611 2799 2722 2870 γάρ
2745 2799 2810 2872 δὴ
2847 2799 2940 2853 τὸν
2971 2799 3132 2869 λόγον
3170 2801 3335 2854 αὐτοῦ
3356 2801 3580 2873 ἐποίησε
3615 2803 3718 2873 p.6-

2111 2904 2234 2955 νον,
2266 2887 2400 2940 ἀλλά
2427 2887 2519 2941 καὶ
2542 2886 2611 2941 τά
2638 2887 3068 2958 προστάγματα,
3105 2888 3200 2942 καὶ
3249 2888 3390 2961 ὑπὲρ
3433 2889 3504 2943 τά
3543 2906 3731 2960 προσ-ι

2111 2971 2402 3043 τάγματα,
2447 2972 2544 3024 καὶ
2589 2970 2750 3025 τοῦτο
2795 2971 2973 3040 δηλῶν
3023 2971 3180 3040 ἔλεγε
3233 2989 3246 3002 ·
3309 2973 3408 3039 Τίς
3455 2967 3572 3028 οὖν
3611 2973 3727 3042 μοι.

2112 3055 2282 3110 ἐστιν
2312 3059 2345 3110 ὁ
2385 3055 2602 3126 μισθὸς
2631 3096 2645 3121 ,
2689 3056 2791 3108 Ira
2817 3054 3345 3125 εὐαγγελιζόμενος
3401 3057 3722 3112 ἀδάπανον

2114 3139 2282 3209 θήσω
2315 3141 2379 3192 τὸ
2414 3137 2791 3209 [εὐαγγέλιον
2823 3139 2931 3193 τοῦ
2945 3139 3241 3206 Χριστοῦς
3276 3141 3341 3194 Τί
3363 3140 3550 3212 ἕτερον
3579 3142 3719 3195 θαυ-

2108 3223 2306 3293 ,μάζων
2349 3223 2547 3284 αὐτοὺς
2597 3225 2625 3276 6
2657 3221 2947 3292 προφήτης
2992 3221 3210 3290 ἔλεγεν·
3257 3223 3311 3276 '0
3355 3223 3546 3279 ποιῶν
3572 3225 3724 3292 τοὺς.

2113 3305 2409 3376 ἀγγέλους
2446 3305 2634 3359 αὐτοῦ
2673 3306 3022 3374 πνεύματα,
3066 3305 3236 3377 φησὶ,
3276 3306 3378 3360 καί
3412 3306 3557 3374 τοὺς
3591 3312 3720 3363 λει-

2115 3393 2406 3464 τουργοὺς
2436 3394 2624 3448 αὑτοῦ
2665 3393 2786 3461 πῦρ
2817 3393 3086 3463 φλέγον;
3127 3386 3292 3449 ’Ᾱλλά
3315 3396 3592 3450 καὶτοῦτο
3621 3397 3718 3451 ἐπὶ

2115 3487 2330 3540 Παύλου
2364 3486 2514 3540 ἐστιν
2544 3487 2703 3539 ἰδεῖνο
2751 3485 3004 3557 καθάπερ
3057 3486 3165 3558 γὰρ
3204 3485 3423 3558 πνεῦμα
3450 3488 3544 3541 καὶ
3577 3488 3714 3560 πῦρ,

2114 3577 2258 3632 οῦτω
2304 3562 2403 3649 τήν
2452 3577 2780 3650 οἰκουμένην
2832 3578 3124 3650 διέδραμεν
3172 3579 3436 3645 ἃπασαν,
3471 3581 3567 3635 καὶ
3613 3580 3716 3653 τὴν

2114 3671 2219 3740 γῆν
2257 3669 2608 3740 ἐξεκάθηρεν.
2658 3671 2796 3724 Ἀλλ’
2840 3670 2993 3723 οὔπω
3020 3672 3112 3724 τὸν
3146 3670 3376 3742 οὐρανὸν
3405 3671 3603 3742 ἔλαχες
3637 3673 3715 3728 T6

2114 3756 2225 3826 γὰρ
2253 3753 2566 3823 θαυμαστὸν
2592 3753 2772 3821 τοῦτο,
2798 3754 2880 3808 ὅτι
2922 3755 2981 3806 ἐν
3005 3757 3072 3825 τῇ
3102 3757 3172 3826 γῇ
3210 3754 3451 3819 τοιοῦτος
3487 3752 3577 3828 ἦν,
3617 3758 3714 3810 καὶ

2117 3845 2277 3916 σῶμα
2329 3844 2522 3925 θνητὸν
2561 3845 2982 3917 περικείμενος,
3039 3846 3180 3918 πρὸς
3227 3845 3326 3912 τάς
3380 3850 3714 3919 ἀσωμάτους

2115 3939 2380 4010 ήμιλλᾶτο
2413 3937 2693 4008 δυνάμεις.
2724 3938 2907 4010 Πόσης
2940 3934 3036 3993 οῦν
3087 3941 3188 3993 οὐκ
3219 3939 3286 3993 ἂν
3314 3939 3507 4012 εἴημεν
3538 3959 3714 3996 κατα-

2115 4029 2369 4098 γνώσεως
2392 4029 2554 4093 ἀξιοι,
2583 4029 2710 4082 ὅταν
2747 4030 2868 4093 ἐνὸς
2905 4031 3196 4103 ἀνθρώπου
3238 4031 3417 4086 πάντα
3468 4033 3714 4104 συνειλη-

2115 4123 2270 4191 χότος
2301 4121 2478 4192 ἐαυτῷ
2512 4121 2583 4175 τὰ
2605 4122 2766 4188 καλά,
2793 4124 2956 4194 ἡμεῖς
2989 4124 3111 4200 οὐδέ
3133 4125 3196 4178 :6
3221 4126 3509 4181 πολλοστὸν
3544 4127 3711 4199 μέρος

2120 4216 2462 4288 μιμήσασθαι
2511 4216 2674 4270 αὐτὸν
2718 4219 3155 4291 σπουδάζωμενς
3192 4220 3359 4274 Ταῦτ’
3386 4220 3480 4300 οῦν
3525 4225 3712 4296 ἐννοή-

2119 4325 2339 4374 σαντες,
2389 4309 2485 4362 καὶ
2525 4310 2623 4380 τῆς
2659 4311 2996 4381 κατηγορίας
3029 4313 3256 4376 ἑαυτοὺς
3282 4301 3707 4386 ἀπαλλάξωμεν,

2117 4401 2212 4454 καὶ
2247 4401 2799 4473 σπουδάσωμενκπρὸς
2820 4403 2912 4456 τὸν
2950 4405 3162 4458 ἐκείνου
3198 4403 3358 4476 ζῆλον
3385 4405 3560 4459 ἐλθεῖν
3580 4447 3594 4468 ,
3623 4408 3712 4461 ἵνα

2116 4492 2436 4562 δυνηθῶμεν
2467 4492 2693 4547 καὶτῶν
2723 4493 2902 4547 αὐτῶν
2923 4494 3148 4563 ἀγαθῶν
3183 4497 3464 4568 ἐπιτυχεῖν
3482 4539 3496 4560 ,
3527 4499 3709 4571 χάριτι

2117 4585 2213 4639 καὶ
2238 4585 2618 4658 φιλανθρωπίᾳ
2665 4587 2761 4639 τοῦ
2799 4587 3008 4657 Κυρίου
3050 4588 3209 4658 ήμῶν
3247 4589 3421 4661 Ἰησοῦ
3445 4591 3706 4664 Χριστοῦ,

2115 4669 2160 4743 ᾧ
2193 4677 2225 4746 ή
2256 4675 2383 4742 δόξα
2425 4676 2517 4729 καὶ
2552 4677 2612 4730 :6
2642 4679 2880 4749 κράτος,
2904 4677 3001 4732 νῦν
3046 4681 3141 4734 καὶ
3171 4681 3292 4749 ἀεὶ,
3332 4684 3426 4736 καὶ
3466 4685 3548 4748 εἰς
3581 4686 3709 4749 τοὺς

2117 4768 2320 4832 αἰῶνας
2356 4769 2465 4822 τῶν
2490 4768 2726 4824 αἰώνων.
2772 4770 2972 4842 Ἀμήν.

1398 5281 1506 5338 ΕΙΣ
1544 5282 1684 5338 TON
1723 5282 1930 5339 ΑΙΊΟΝ
1968 5283 2384 5340 ΑΠΟΣΤΟΛΟΝ
2404 5287 2718 5344 ΠΑΥΛΟΝ.

1043 5705 1269 5775 Ὀμιλία
1300 5704 1382 5770 β’.

482 5798 545 5852 Τί
581 5795 700 5851 ποτέ
743 5800 888 5849 ἐστιν
914 5792 1219 5860 ἄνθρωπος,
1252 5795 1346 5849 καὶ
1375 5797 1474 5864 ὅση
1513 5794 1611 5864 τῆς
1659 5793 1876 5866 φύσεως
1900 5798 2000 5864 τῆς

2017 5583 2091 5600 -ς

2109 5710 2386 5780 ἡμετέρας
2413 5711 2446 5780 ὴ
2487 5709 2759 5780 εὐγένεια,
2791 5708 2885 5763 καὶ
2916 5709 3045 5778 ὅσης
3071 5710 3189 5762 ἐστὶ
3222 5710 3469 5765 δεκτ.κὸν
3499 5709 3702 5784 ἀρετῆς

2109 5801 2259 5854 τουτὶ
2296 5800 2357 5854 :6
2386 5801 2542 5865 ζῶον,
2590 5801 2754 5865 ἔδειξε
2793 5801 3029 5861 μάλιστα
3073 5803 3292 5858 πάντων
3336 5803 3642 5876 ἀνθρώπων
3670 5803 3702 5858 6
