4070 6426
250 394 355 449 ,τι

253 508 441 564 durior
460 504 639 561 anima
676 500 780 558 ista
817 497 1156 571 perpetiens,
1185 503 1242 551 et
1283 493 1484 550 ferrum
1522 500 1686 561 atque
1714 488 1842 542 ada-

251 607 489 655 mantem
513 593 816 665 superabat.
843 591 973 658 Qua:
987 589 1130 645 enim
1150 585 1254 642 Job
1281 599 1531 655 corpore,
1553 584 1670 638 tunc
1709 579 1845 636 Pau-

249 692 339 746 lus
366 696 547 744 mente
565 684 838 750 sustinuit,
865 696 1024 753 quem
1063 679 1210 735 omni
1237 679 1422 732 verme
1472 674 1754 730 molestior
1776 672 1845 727 de

249 782 474 853 singulis
501 780 806 850 quibusque
843 774 1146 831 labentibus
1192 771 1446 827 maestitia
1473 767 1842 825 consumebat.

220 871 408 930 ~Unde
436 881 490 927 et
515 875 668 943 juges
695 871 1050 941 lacrymarum
1075 883 1143 923 ex
1177 881 1244 921 eo
1290 864 1466 919 fontes
1501 877 1607 916 non
1655 860 1844 915 diebus

248 967 458 1033 solum,
485 964 579 1019 sed
606 964 766 1019 etiam
813 963 1057 1017 noctibus
1086 959 1376 1016 eflluebant
1398 996 1415 1022 ,
1443 954 1694 1021 omnique
1722 967 1842 1006 mn-

249 1057 386 1111 liere
407 1054 737 1126 parturiente
764 1052 1134 1108 vehementius
1157 1047 1492 1118 affligebatur
1515 1045 1568 1100 in
1597 1042 1843 1112 singulis,

250 1155 473 1214 propter
497 1143 640 1214 quod
665 1144 826 1198 etiam
857 1141 1069 1204 dicebat
1101 1157 1114 1193 :
1143 1139 1321 1193 Filioti
1347 1137 1444 1190 mei
1469 1177 1482 1200 ,
1511 1152 1636 1204 quos
1661 1136 1844 1188 iterum

249 1239 485 1306 partui-io
514 1235 672 1305 (Gal.
697 1234 752 1290 4.
785 1234 853 1289 l9
877 1235 919 1304 ).
950 1228 1118 1300 Quem
1152 1246 1278 1286 vero
1299 1225 1409 1300 jam
1435 1230 1696 1299 quispiam
1724 1236 1845 1296 post

247 1329 358 1383 Job
384 1336 531 1398 putet
578 1341 700 1382 esse
747 1325 1094 1380 mirabilem?
1125 1325 1344 1394 Moysen
1393 1321 1635 1392 profecto
1676 1337 1689 1373 :
1747 1319 1842 1374 sed

250 1419 395 1472 hunc
413 1419 574 1473 etiam
601 1414 801 1471 Paulus
831 1416 962 1470 satis
990 1414 1244 1470 eminenti
1270 1417 1465 1468 virtute
1492 1411 1839 1467 transcendit.

247 1508 415 1575 Cujus
443 1507 658 1577 quidem
702 1507 864 1561 multa
892 1515 1016 1561 sunt
1043 1505 1146 1558 alia
1197 1503 1494 1574 prxeclara:
1538 1501 1634 1557 sed
1681 1509 1843 1568 caput

248 1606 450 1652 sancta:
481 1598 622 1651 illius
645 1596 838 1650 anima:
861 1605 1018 1664 atque
1041 1593 1308 1664 fastigium
1339 1601 1442 1657 est,
1469 1593 1717 1660 quoniam
1746 1605 1842 1660 pro

249 1687 559 1743 Judaeorum
619 1687 792 1741 salute
842 1685 1013 1741 deleri
1067 1685 1226 1754 elegit
1274 1698 1339 1738 ex
1385 1684 1520 1737 libro
1549 1685 1713 1736 vitae:
1745 1682 1842 1736 sed

249 1781 462 1850 Moyses
489 1795 613 1833 cum
659 1777 868 1848 caeteris
897 1776 1102 1845 optavit
1129 1776 1306 1845 perire
1334 1815 1349 1838 ,
1395 1773 1589 1828 Paulus
1613 1787 1710 1842 pro
1732 1787 1840 1826 ca:-

253 1871 420 1924 tcris:
451 1885 558 1924 non
607 1868 750 1923 enim
782 1882 902 1922 cum
929 1867 1278 1935 pereuntibus
1310 1866 1484 1935 perire
1513 1864 1719 1928 voluit,
1747 1863 1841 1916 sed

254 1972 313 2014 ut
335 1961 668 2014 salvarentur
689 1959 800 2026 alii,
815 1959 928 2027 ipse
951 1958 1018 2013 de
1041 1957 1224 2028 gloriae
1245 1956 1545 2011 aeternitate
1569 1954 1838 2010 decidere.

255 2052 322 2105 Et
344 2051 433 2106 ille
460 2050 671 2120 quidem
702 2049 981 2112 Pharaoni,
1012 2049 1098 2103 hic
1141 2057 1319 2102 autem
1356 2046 1570 2101 diabolo
1607 2045 1843 2115 quotidie

253 2142 623 2216 repugnabat;
671 2151 724 2195 et
752 2141 842 2195 ille
870 2155 970 2212 pro
995 2155 1099 2194 una
1129 2149 1334 2194 tantum
1362 2147 1518 2209 gente
1541 2179 1556 2203 ,
1589 2138 1688 2193 iste
1714 2152 1843 2191 vero

253 2249 352 2301 pro
388 2235 636 2299 universo
661 2232 793 2286 orbe
817 2231 1059 2294 certavit,
1090 2246 1197 2284 non
1223 2230 1440 2294 sudore,
1463 2229 1556 2283 sed
1584 2230 1843 2297 sanguine

255 2326 370 2379 vice
389 2323 600 2380 sudoris
632 2323 864 2392 undique
898 2321 1196 2391 proﬂuente
1227 2339 1240 2375 :
1265 2336 1385 2376 cum
1417 2336 1522 2374 non
1549 2321 1721 2374 solum
1748 2319 1843 2373 ha-

253 2414 502 2470 bitabiles
554 2414 737 2468 mundi
767 2421 966 2484 partes,
997 2429 1183 2468 verum
1205 2413 1365 2468 etiam
1404 2413 1615 2467 deserta
1642 2411 1710 2466 ad
1733 2413 1844 2466 cul-

254 2519 366 2560 tum
396 2506 672 2577 religionis
699 2507 990 2561 adduceret
1016 2547 1033 2572 ,
1068 2520 1168 2561 nec
1211 2506 1388 2573 solum
1413 2506 1720 2562 Gmwrum
1748 2519 1842 2575 po-

252 2597 430 2666 pulos,
460 2612 643 2651 verum
673 2598 833 2652 etiam
862 2596 1233 2652 barbarorum.

323 2688 594 2757 Confertur
612 2704 726 2740 cum
754 2688 869 2741 aliis
889 2688 1075 2741 sanctis
1104 2687 1236 2742 viris.
1264 2716 1335 2729 -—
1354 2686 1600 2742 Poteram
1627 2685 1840 2758 quidem

250 2792 305 2837 et
333 2781 516 2837 Jesum
545 2780 709 2848 Nave,
739 2790 793 2836 et
830 2781 1133 2837 Samuelem
1161 2823 1176 2845 ,
1210 2791 1264 2837 et
1292 2781 1428 2836 alios
1473 2782 1762 2850 prephetas
1788 2782 1840 2834 in

250 2875 711 2943 comparationem
764 2889 990 2940 vocare;
1046 2875 1138 2929 sed
1176 2889 1245 2929 ne
1301 2889 1604 2930 sermonem
1653 2875 1840 2930 faciam

251 2965 569 3034 longiorem,
596 2965 662 3020 ad
710 2966 822 3034 ipsa
875 2981 1060 3021 eorum
1097 2968 1270 3036 capita
1299 2967 1676 3022 conscendam.
1709 2966 1840 3022 Cum

249 3057 396 3111 enim
437 3055 554 3110 istis
592 3057 939 3111 excellentior
979 3058 1327 3126 apparuerit,
1359 3058 1502 3112 nulla
1530 3072 1746 3127 prorsus
1774 3057 1842 3112 de

249 3146 367 3200 aliis
393 3146 708 3215 ambiguitas
735 3147 1081 3218 relinquetur.
1115 3146 1344 3214 Quinam
1373 3162 1500 3218 ergo
1527 3147 1846 3202 eminentio—

251 3251 344 3292 res
373 3235 617 3291 videntur
649 3235 673 3290 ?
973 3257 979 3263 ·

319 3327 451 3393 Quis
514 3335 636 3398 post
707 3327 805 3382 hos
865 3327 1042 3393 alius,
1097 3328 1204 3383 nisi
1253 3328 1457 3395 David,
1512 3340 1565 3384 et
1621 3329 1838 3396 Helias,

248 3429 305 3474 et
366 3418 633 3485 Joannes,
685 3434 915 3489 quorum
965 3435 1102 3474 unus
1154 3420 1385 3489 prioris,
1437 3422 1572 3475 alter
1623 3423 1841 3477 secundi

249 3519 332 3564 est
411 3524 712 3580 praecursor
784 3510 1086 3566 adventus?
1161 3521 1378 3580 propter
1451 3512 1593 3582 quod
1679 3513 1840 3567 etiam

249 3602 482 3656 nominis
528 3602 904 3658 communione
952 3602 1223 3671 conjuncti
1280 3611 1422 3662 sunt.
1484 3604 1623 3672 Quid
1684 3605 1843 3673 igitur

246 3695 301 3748 in
353 3694 521 3748 David
574 3681 897 3764 prmcipuum
958 3696 1266 3764 reperitur?
1329 3695 1456 3750 Sine
1514 3697 1679 3752 dubio
1737 3698 1842 3753 hu-

249 3783 482 3849 utilitas,
543 3793 704 3854 atque
746 3799 870 3853 erga
911 3784 1076 3839 Deum
1124 3785 1334 3841 fervens
1379 3801 1549 3840 amor.
1607 3788 1675 3842 Et
1722 3779 1841 3859 quis

248 3875 514 3943 amplius,
585 3861 878 3944 imo-quis
925 3874 1042 3940 ita,
1114 3885 1171 3930 ut
1235 3877 1412 3931 anima
1466 3877 1651 3943 Pauli,
1727 3879 1843 3935 bznc

249 3976 474 4037 utraque
502 3967 835 4038 complevit?
864 3967 1250 4023 Admirandum
1277 3978 1456 4024 autem
1486 3971 1536 4025 in
1569 3970 1718 4026 Helia
1741 3987 1841 4042 ego

248 4058 468 4112 minimc
509 4072 670 4120 reor,
696 4058 820 4129 quia
860 4059 1048 4113 caelum
1086 4061 1312 4126 clausit,
1351 4063 1473 4131 quia
1512 4061 1718 4124 induxit
1758 4063 1836 4118 fa-

249 4162 390 4202 mem
412 4189 429 4213 ,
469 4148 592 4217 quia
634 4149 808 4218 ignem
848 4148 917 4204 de
949 4151 1082 4204 caelo
1119 4165 1368 4207 sermone
1405 4154 1699 4222 compluit;
1747 4155 1839 4209 sed

248 4237 369 4306 quia
405 4238 596 4292 zelavit
633 4252 732 4307 pro
771 4225 882 4294 Deo
905 4281 921 4304 ,
965 4247 1083 4294 erat
1118 4241 1171 4294 in
1219 4241 1321 4296 hoc
1363 4245 1558 4298 mentis
1602 4243 1795 4300 affectu
1820 4286 1838 4311 ,

249 4328 365 4396 ipso
397 4328 520 4397 igne
545 4328 928 4385 vehementior.
957 4331 1064 4387 Sed
1090 4332 1135 4387 si
1161 4332 1310 4388 Pauli
1347 4334 1520 4389 zelum
1559 4335 1842 4407 diligenter

250 4419 537 4490 inspicias“,
569 4430 717 4476 tanto
741 4437 862 4476 eum
889 4422 1129 4480 invenies
1159 4426 1438 4480 eelsiorem
1463 4469 1479 4494 ,
1518 4440 1717 4498 quanto
1753 4430 1841 4485 ille

248 4510 523 4579 prophetis
561 4511 772 4566 caeteris
815 4512 1104 4568 eminebat.
1149 4515 1287 4583 Quid
1331 4518 1474 4571 enim
1515 4519 1692 4574 verbis
1736 4520 1841 4576 illis

249 4600 544 4669 reperiatur
570 4602 776 4671 aquale
796 4643 813 4670 ,
842 4617 938 4673 per
959 4619 1079 4675 quae
1103 4606 1325 4676 gloriam
1365 4608 1575 4664 Domini
1618 4613 1842 4667 zelando

246 4689 460 4744 dicebat
484 4706 498 4743 :
535 4690 786 4756 Quoniam
806 4695 1043 4760 optabam
1067 4712 1158 4767 ego
1179 4699 1449 4752 anathema
1478 4717 1582 4754 esse
1609 4719 1700 4771 pro
1727 4705 1833 4773 fra-

250 4782 408 4835 tribus
454 4783 576 4836 meis
600 4824 615 4848 ,
663 4786 747 4854 qui
789 4795 905 4839 sunt
945 4789 1146 4857 cognati
1188 4791 1285 4844 mei
1322 4793 1598 4846 secundum
1637 4811 1840 4850 carnem

249 4870 450 4943 (Rom.
495 4872 550 4928 9.
588 4873 693 4944 3)?
733 4875 1019 4945 Propterea
1047 4918 1062 4942 ,
1107 4879 1252 4934 eielis
1307 4882 1405 4935 sibi
1449 4885 1735 4953 pr0positis
1778 4903 1840 4939 ac

252 4963 489 5030 przemiis
542 4974 596 5020 et
643 4967 890 5033 coronis,
939 4968 1168 5023 tardavit
1211 4985 1275 5025 ac
1319 4971 1560 5041 distulit,
1609 4975 1836 5031 dicens:

257 5054 560 5110 Permanere
603 5068 771 5111 autem
813 5060 868 5113 in
907 5077 1060 5116 carne
1087 5103 1102 5129 ,
1146 5069 1481 5119 necessarium
1524 5079 1596 5122 est
1634 5080 1840 5138 prapter

249 5163 333 5201 vos
384 5147 662 5220 (Philipp.
707 5151 758 5206 Ι.
983 5153 1271 5224 Propterea
1317 5173 1422 5211 non
1469 5161 1639 5214 solum
1682 5162 1835 5215 istaut

250 5262 2727 5288 mw

1107 377 1198 435 DE
1236 373 1576 433 LAUDIBUS
1609 373 1669 431 S.
1710 369 1912 427 PAULI
1952 367 2306 427 APOSTOLJ.
2348 365 2579 424 HOMIL.
2623 364 2685 419 ΙΙ.

3425 357 3533 414 -Πϐ

1950 502 2071 557 quze
2124 488 2401 552 cernitur,
2446 485 2542 540 sed
2596 484 2740 538 illam
2793 497 3005 557 quoque
3058 499 3179 559 quae
3227 487 3546 563 intelligitur

1949 590 2284 645 creaturam,
2342 594 2678 648 nequaquam
2732 579 2982 636 sufficere
3039 580 3141 637 sibi
3197 584 3426 640 credidit
3469 587 3539 642 ad

1949 670 2340 727 ostendendum
2382 671 2556 725 zelum
2600 680 2656 725 ct
2700 671 3015 738 caritatem,
3063 687 3168 742 qua
3215 675 3438 732 ardebat
3487 676 3540 732 in

1949 761 2218 822 Christum
2244 778 2261 827 ;
2292 761 2387 816 sed
2415 762 2576 816 etiam
2607 762 2767 816 aliam
2792 803 2806 826 ,
2835 777 2956 834 quae
2992 779 3099 818 non
3137 772 3221 820 est
3242 804 3258 833 ,
3291 779 3544 822 sermone

1949 854 2238 920 formavit,
2270 864 2327 910 ut
2350 856 2491 925 quod
2523 863 2632 908 tota
2670 855 2944 911 voluntate
2979 856 3228 927 cupiebat
3268 858 3541 930 exprime-

1950 957 2053 1002 ret.
2082 946 2187 1002 Sed
2212 946 2445 1002 Joannes
2472 946 2525 1000 in
2553 945 2730 1000 cibum
2763 946 2996 1004 locltstas
3032 956 3088 1002 et
3128 948 3234 1004 mel
3279 950 3544 1021 sylvestre

1949 1036 2198 1092 sumebat
2225 1035 2458 1110 (Matth.
2483 1037 2517 1092 5
2537 1035 2580 1108 ),
2602 1046 2658 1091 at
2678 1036 2874 1092 Paulus
2901 1038 2972 1092 ita
2998 1039 3052 1093 in
3077 1039 3262 1096 mundi
3291 1042 3542 1112 strepitu,

1948 1132 2396 1202 quemadmodum
2425 1132 2515 1188 ille
2535 1133 2588 1189 in
2612 1133 2781 1189 eremi
2808 1135 2988 1203 quiete
3010 1145 3254 1192 versatus
3277 1146 3360 1193 est
3386 1155 3400 1190 :
3433 1152 3542 1193 non

1949 1223 2162 1292 quidem
2191 1231 2376 1292 pastus
2399 1224 2619 1280 locustis
2647 1233 2704 1280 et
2729 1226 2888 1282 melle
2915 1226 3164 1297 sylvestri
3187 1271 3203 1294 ,
3246 1230 3342 1286 sed
3372 1230 3546 1287 multo

1949 1312 2035 1369 his
2059 1316 2202 1368 victu
2232 1315 2423 1370 viliore
2450 1325 2735 1373 contentus
2760 1356 2777 1382 ,
2811 1332 2874 1372 ac
2900 1333 2969 1373 ne
2996 1320 3300 1375 necessario
3325 1321 3542 1390 quidem

1949 1404 2228 1475 indulgens
2268 1406 2425 1472 cibo,
2466 1421 2577 1476 prae
2617 1406 2830 1462 fervore
2876 1416 2931 1463 et
2972 1408 3151 1465 studio
3193 1410 3542 1480 prredicandi.

1946 1495 2145 1550 Verum
2178 1496 2320 1551 illius
2347 1497 2610 1552 adversus
2630 1497 2895 1553 Herodem
2917 1500 3164 1568 apparuit
3187 1515 3377 1570 magna
3405 1516 3541 1556 con-

1947 1587 2145 1643 stantia
2173 1587 2193 1660 (
2221 1586 2410 1642 Matth.
2441 1589 2510 1644 M
2535 1588 2576 1659 );
2608 1597 2664 1643 at
2705 1588 2807 1644 iste
2849 1604 2955 1645 non
2993 1607 3154 1646 unum
3179 1634 3196 1660 ,
3237 1601 3338 1647 aut-
3366 1593 3541 1661 duos,

1947 1689 2039 1734 aut
2059 1689 2208 1747 tres,
2237 1679 2332 1736 sed
2376 1680 2684 1737 innumeros
2727 1682 2779 1737 in
2825 1684 2984 1738 simili
3031 1687 3234 1754 positos
3275 1699 3544 1757 putestate

1949 1770 2240 1840 corripuit,
2271 1771 2379 1826 imo
2422 1772 2578 1842 longe
2618 1773 2710 1826 illo
2747 1773 3000 1830 saeviores
3041 1785 3315 1846 tyrannos.
3354 1779 3545 1843 Restat

1949 1869 2005 1916 ut
2035 1861 2254 1916 Paulum
2281 1862 2392 1930 jam
2421 1863 2624 1934 angelis
2650 1878 3024 1935 comparemus
3052 1884 3067 1922 :
3111 1867 3336 1940 ideoque
3375 1871 3544 1928 relin-

1947 1964 2173 2024 quentes
2216 1964 2454 2021 terram,
2504 1957 2569 2011 ad
2618 1958 2872 2029 caelorum
2925 1958 3133 2030 fastigia
3184 1970 3539 2023 transeamus.

1950 2047 2056 2103 Sed
2083 2049 2259 2103 nullus
2283 2051 2545 2105 sermonis
2566 2051 2732 2105 nostri
2753 2061 2969 2106 accuset
2993 2053 3293 2111 audaciam.
3319 2058 3376 2113 Si
3395 2061 3541 2116 enim

1949 2140 2208 2196 Joannem
2235 2149 2286 2196 et
2309 2141 2617 2197 sacerdotes
2642 2142 2733 2196 Dei
2761 2142 3035 2212 Scriptura
3056 2147 3273 2216 angelos
3298 2152 3542 2206 nomina-

1947 2233 2022 2286 vit
2054 2249 2068 2285 :
2099 2231 2224 2302 quid
2257 2233 2449 2286 mirum
2475 2274 2490 2297 ,
2523 2233 2566 2287 si
2598 2235 3021 2302 przestantiorem
3044 2237 3294 2294 omnibus
3319 2239 3542 2298 Paulum

1949 2322 2052 2378 illis
2081 2312 2362 2382 virtutibus
2388 2325 2772 2380 conferamus?
2795 2326 2933 2392 Quid
2958 2342 3087 2398 ergo
3112 2343 3234 2386 esse
3257 2331 3312 2386 in
3335 2336 3543 2405 angelis

1948 2415 2286 2485 magnificum
2308 2415 2649 2485 judicamus?
2677 2416 2924 2472 Profecto
2943 2418 3064 2488 quia
3088 2435 3212 2477 cum
3239 2424 3385 2478 omni
3414 2440 3544 2489 cura

1947 2507 2204 2562 obediunt
2235 2508 2344 2562 Deo
2374 2527 2388 2562 :
2420 2507 2561 2578 quod
2593 2509 2759 2564 David
2803 2525 3015 2583 quoque
3052 2513 3366 2572 admirando
3393 2517 3543 2574 dice-

1947 2597 2039 2652 hat
2068 2615 2083 2651 :
2119 2597 2356 2653 Potentes
2393 2600 2606 2665 virtute,
2649 2601 2891 2669 facientes
2928 2605 3132 2659 verbum
3175 2607 3316 2662 illius
3345 2609 3365 2679 (
3393 2610 3542 2665 Psal.

1949 2690 2072 2746 l02.
2101 2689 2172 2746 20
2200 2691 2239 2762 ).
2272 2691 2407 2747 Huic
2431 2693 2573 2747 enim
2599 2694 2742 2749 bono
2775 2694 2907 2750 nihil
2938 2712 3158 2766 prorsus
3185 2702 3391 2771 aequale
3419 2715 3501 2759 est
3525 2747 3541 2768 ,

1947 2788 2108 2840 etiam
2134 2787 2178 2840 si
2207 2787 2315 2841 sint
2342 2787 2534 2842 millies
2571 2788 2910 2857 incorporei:
2953 2790 3055 2846 hoc
3093 2802 3176 2848 est
3220 2794 3365 2850 enim
3397 2798 3544 2866 quod

1949 2878 2181 2932 maxime
2207 2886 2426 2947 praeth
2453 2893 2547 2933 eos
2575 2878 2759 2934 beatos
2783 2921 2798 2946 ,
2830 2881 2951 2951 quia
2981 2882 3236 2938 obediunt
3260 2890 3545 2957 praeceptis

1951 2969 2044 3024 Dei
2071 3010 2086 3034 ,
2118 2971 2239 3039 quia
2271 2985 2394 3023 eum
2426 2970 2478 3023 in
2511 2969 2656 3024 nullo
2699 2971 2988 3040 aliquando
3030 2982 3401 3030 contemnunt.
3432 2975 3545 3034 Hoc

1951 3062 2111 3131 igitur
2139 3071 2190 3116 et
2222 3063 2274 3116 in
2306 3062 2472 3116 Paulo
2493 3062 2648 3132 plene
2670 3064 3018 3120 animadverti
3048 3074 3222 3136 potest
3245 3083 3369 3123 cum
3395 3071 3542 3125 omni

1945 3152 2217 3222 diligentia
2260 3161 2315 3208 et
2355 3153 2603 3208 cautione
2646 3163 2941 3210 servatum.
2989 3155 3107 3212 Non
3147 3167 3324 3213 autem
3369 3162 3542 3217 solum

1946 3259 2253 3299 sermonem
2305 3243 2422 3313 ejus
2467 3243 2743 3314 implevit,
2794 3260 2980 3302 verum
3023 3247 3184 3303 etiam
3237 3260 3542 3322 praecepta,

1947 3351 2214 3406 supraque
2258 3344 2524 3406 praecepta
2577 3355 2591 3390 :
2641 3336 2745 3393 hoc
2789 3352 3002 3409 quoque
3052 3338 3378 3406 declarans,
3425 3341 3542 3396 ait:

1951 3427 2078 3493 Quae
2105 3436 2176 3480 est
2203 3443 2321 3499 ergo
2350 3443 2537 3482 merces
2577 3443 2721 3493 mea,
2766 3438 2823 3482 ut
2865 3431 3176 3499 evangelium
3216 3434 3500 3502 prwdicans
3525 3475 3542 3501 ,

1945 3519 2056 3573 sine
2093 3528 2299 3588 sumptu
2339 3534 2529 3587 ponant
2570 3519 2887 3589 evangelium
2928 3518 3027 3573 Dei
3073 3519 3150 3593 (Ι.
3185 3523 3303 3578 Cor.
3339 3524 3392 3580 9.
3425 3526 3541 3595 l8).

1946 3609 2085 3678 Quid
2131 3626 2260 3666 vero
2297 3610 2438 3665 aliud
2486 3611 2539 3666 in
2577 3610 2782 3681 angelis
2830 3613 3092 3681 prepheta
3132 3614 3399 3671 miratur?
3444 3618 3544 3684 Qui

1948 3703 2104 3772 facit,
2134 3701 2344 3772 inquit,
2376 3701 2582 3772 angelos
2607 3718 2728 3755 suos
2753 3701 2994 3771 spiritus,
3037 3712 3083 3757 et
3122 3705 3380 3761 ministros
3425 3724 3546 3762 suos

1945 3794 2111 3861 ignem
2155 3802 2382 3846 urentem
2428 3791 2619 3861 (Psal.
2669 3791 2794 3847 103.
2844 3793 2877 3846 4
2905 3790 2946 3862 ).
2989 3792 3094 3848 Sed
3136 3793 3238 3849 hoc
3277 3796 3438 3850 etiam
3490 3799 3543 3853 in

1947 3883 2111 3938 Paulo
2141 3899 2424 3953 possumus
2452 3883 2689 3938 invenire
2710 3925 2727 3948 ,
2759 3883 2848 3954 qui
2877 3884 3021 3938 velut
3065 3885 3202 3954 ignis
3226 3901 3290 3940 ac
3317 3887 3542 3958 spiritus

1946 3986 2115 4033 totum
2171 3987 2436 4032 terrarum
2484 3976 2749 4046 percurrit
2799 3976 3020 4042 orbem,
3069 3979 3541 4049 percurrendoque

1947 4070 2208 4139 purgavit.
2237 4067 2342 4122 Sed
2367 4067 2590 4122 necdum
2614 4067 2802 4122 ccelum
2832 4068 2932 4122 iste
2960 4069 3181 4123 sortitus
3202 4081 3285 4124 est
3305 4071 3328 4123 ?
3349 4070 3417 4126 Et
3442 4071 3544 4128 hoc

1947 4159 2169 4214 omnino
2213 4158 2457 4214 mirabile
2489 4176 2501 4212 :
2528 4157 2650 4229 quia
2679 4157 2801 4212 talis
2824 4158 3142 4214 versabatur
3169 4161 3221 4214 in
3256 4162 3413 4216 terris
3436 4204 3451 4228 ,
3491 4174 3545 4219 et

1946 4253 2159 4309 mortali
2201 4252 2377 4307 adhuc
2413 4267 2575 4308 carne
2617 4252 3020 4319 circumdatus,
3059 4269 3182 4310 cum
3228 4256 3544 4327 incorpora-

1948 4345 2075 4399 littm
2105 4352 2425 4414 potestatum
2457 4343 2653 4398 virtute
2680 4345 2938 4399 certabat.
2962 4343 3171 4410 Quanta
3201 4361 3332 4417 ergo
3358 4363 3544 4403 sumus

1945 4434 2392 4491 eondemnatione
2419 4432 2562 4504 digni
2591 4473 2608 4500 ,
2641 4447 2762 4487 cum
2791 4450 2897 4488 uno
2937 4434 3156 4490 homine
3194 4437 3335 4492 bona
3365 4441 3544 4494 omnia

1945 4526 2000 4581 in
2026 4541 2085 4582 se
2113 4534 2469 4596 congregante
2495 4568 2511 4593 ,
2547 4541 2613 4581 ne
2644 4526 2918 4581 minimam
2947 4527 3163 4598 quidem
3193 4544 3381 4585 eorum
3413 4546 3543 4601 par-

1949 4629 2056 4674 tem
2083 4617 2364 4672 studemus
2385 4618 2580 4672 imitari
2604 4618 2627 4670 ?
2654 4617 2779 4674 llaec
2801 4618 3016 4675 assidue
3036 4629 3217 4678 mente
3238 4622 3540 4690 volventes,

1945 4721 1998 4766 et
2045 4725 2140 4764 nos
2187 4710 2334 4779 ipsos
2383 4709 2730 4779 inculpabiles
2779 4709 3153 4780 praebeamus,
3199 4724 3253 4769 et
3287 4714 3354 4769 ad
3402 4715 3544 4770 illius

1944 4803 2114 4856 zelum
2143 4801 2453 4856 studeamus
2481 4801 2738 4856 accedere
2761 4844 2778 4868 ,
2810 4812 2867 4856 ut
2901 4802 2967 4857 ad
3006 4804 3196 4861 eadem
3230 4805 3369 4861 bona
3414 4821 3543 4875 per-

1945 4895 2126 4948 venire
2179 4908 2523 4960 mereamur,
2582 4894 2748 4964 gratia
2798 4902 2854 4949 et
2909 4895 3274 4952 misericordia
3326 4898 3539 4952 Domini

1945 4986 2111 5039 nostri
2152 4984 2278 5039 Jesu
2323 4984 2561 5048 Christi,
2607 4985 2688 5037 cui
2733 4993 2816 5040 est
2847 4984 3016 5056 gloria
3061 4995 3118 5042 et
3161 4987 3442 5057 imperiqu
3489 4989 3544 5045 in

1946 5077 2142 5131 srecula
2171 5076 2510 5130 surculorum.
2541 5078 2731 5130 Amen.

1123 5335 1263 5407 DE
1309 5338 1831 5415 LAUDIBUS
1877 5345 2252 5416 SANCTI
2305 5345 2622 5415 PAULI

1729 5491 2048 5536 APOSTOLI.

1642 5639 1860 5652 —-——~

883 5765 1098 5807 BOIILIA
1137 5767 1194 5806 11.

319 5838 454 5904 Quid
491 5839 561 5923 sit
593 5839 774 5909 homo,
803 5853 854 5898 et
887 5859 1078 5909 quanta
1107 5857 1310 5904 natum
1339 5858 1532 5903 nostra:
1560 5849 1838 5911 nobilitas,

1861 5618 1970 5672 EE

1975 5641 2183 5651 ———.—-—

1946 5761 2262 5825 quantaeque
2285 5767 2452 5822 capax
2488 5754 2699 5806 virtutis
2723 5753 2824 5808 hoc
2840 5756 2907 5807 sit
2928 5755 3146 5821 animal,
3170 5758 3252 5813 vel
3277 5761 3545 5829 praecipue

1950 5868 2012 5906 cx
2042 5850 2288 5906 omnibus
2320 5849 2512 5902 Paulus
2536 5843 2793 5913 ostendit,
2822 5846 2913 5918 qui
2945 5862 3086 5906 nunc
3113 5852 3259 5908 stetit
3288 5854 3547 5911 adversus
