4070 6426
600 359 705 416 479

593 472 988 531 criminationes
1032 473 1278 528 humanae
1308 478 1584 531 creaturae,
1612 466 1902 521 clarissima
1931 476 2028 532 pro
2052 461 2160 514 Do-

595 567 740 619 mino
782 579 911 617 voce
937 558 1283 631 rcSpor‘nlens.
1315 560 1601 614 cohortans
1630 557 1694 610 ad
1734 555 1904 609 studia
1933 553 2161 622 virtutis,

595 664 649 707 et
674 652 1126 722 impudentissima
1157 650 1629 718 blasphemantium
1661 663 1750 702 ora
1793 644 2116 699 concludens
2149 660 2163 694 :

593 744 792 796 docens
817 756 1026 811 quoque
1051 741 1194 810 quod
1245 741 1383 794 inter
1427 739 1643 808 angelos
1671 736 2017 803 hominesque
2058 748 2164 787 non

592 832 792 899 grande
819 833 890 885 sit
915 830 1161 894 medium,
1190 830 1234 882 si
1266 838 1439 883 tamen
1457 843 1553 883 nos
1581 828 1723 896 ipsos
1743 824 2042 895 diligentius
2068 839 2164 877 cx-

593 922 852 979 colamus.
883 923 999 977 Non
1024 923 1165 976 enim
1209 922 1366 974 aliam
1409 921 1496 976 ille
1519 928 1598 975 est
1634 919 1850 972 sortitus
1896 928 2158 982 naturam,

596 1028 694 1067 nec
722 1013 1029 1068 dissimilem
1060 1020 1246 1065 nactus
1292 1012 1540 1074 animam,
1586 1023 1756 1077 neque
1793 1009 2016 1060 alterum
2065 1006 2160 1059 ha-

595 1103 768 1158 bitans
807 1102 1082 1164 mundum,
1128 1100 1220 1155 sed
1249 1103 1299 1153 in
1327 1099 1517 1155 eadem
1561 1105 1718 1163 terra,
1749 1096 2040 1166 eademque
2080 1111 2164 1150 re-

595 1195 772 1264 gione,
802 1193 901 1247 sub
928 1192 1127 1246 eisdem
1157 1192 1314 1245 etiam
1342 1189 1541 1259 legibus
1571 1189 1796 1241 nutritus
1825 1197 1880 1241 et
1905 1186 2159 1251 moribus,

594 1295 812 1338 cunctos
837 1284 922 1352 qui
951 1284 1029 1336 vel
1055 1297 1195 1336 nunc
1220 1289 1342 1334 sunt
1363 1279 1620 1343 homines,
1639 1278 1718 1332 vel
1751 1276 1979 1340 fuerunt,
2005 1276 2164 1329 altius

595 1376 789 1429 virtute
816 1374 1158 1428 transcendit.
1191 1373 1290 1428 Ubi
1312 1372 1467 1442 igitur
1495 1371 1571 1424 illi
1605 1385 1744 1424 nunc
1771 1378 1892 1423 sunt
1921 1369 2010 1437 qui
2036 1367 2160 1420 vitia

596 1468 647 1519 in
674 1467 918 1535 proclivi,
949 1467 1193 1518 virtutem
1226 1466 1275 1517 in
1317 1463 1480 1516 arduo
1505 1460 1874 1516 collocarunt?
1899 1459 1996 1513 Hic
2019 1459 2160 1513 enim

598 1557 767 1625 palam
795 1557 898 1609 iliis
925 1563 1202 1624 repugnat,
1232 1553 1413 1607 dicens
1443 1569 1455 1606 :
1488 1551 1636 1617 Quod
1673 1553 1804 1618 enim
1835 1551 1887 1605 in
1931 1550 2162 1619 praesenti

597 1655 997 1699 momentaneum
1036 1654 1105 1697 est
1151 1659 1210 1696 ac
1257 1642 1360 1696 leve
1400 1642 1730 1696 tribulationis
1761 1650 1958 1705 nostra,
2009 1655 2163 1709 supra

595 1737 798 1787 modum
822 1734 875 1788 in
914 1735 1216 1788 sublimitate
1239 1743 1484 1786 a'ternum
1511 1733 1563 1786 in
1606 1732 1746 1785 nobis
1774 1731 1947 1800 gloria
1966 1729 2163 1799 pondus

595 1836 832 1896 speratur
875 1825 945 1896 (2
994 1824 1110 1878 Cor.
1135 1826 1187 1879 ι.
1214 1823 1280 1878 l7
1306 1825 1345 1894 ).
1372 1823 1428 1879 Si
1455 1834 1630 1878 autem
1673 1820 2162 1890 hujusmoditribu-

535 1921 540 1927 '
595 1917 816 1970 lationes
845 1917 1182 1970 inveniuntur
1209 1915 1372 1978 leves,
1396 1923 1590 1984 quanto
1617 1911 1784 1981 magis
1806 1910 1885 1965 hae
1900 1925 2019 1981 qua:
2041 1917 2165 1965 sunt

595 2007 646 2059 in
676 2007 828 2061 nobis
849 2007 1146 2075 voluptates
1168 2005 1193 2058 ἱ)

663 2095 852 2166 Ingens
878 2094 1032 2148 Pauli
1063 2095 1498 2165 {ervom—Neque
1517 2109 1644 2148 vero
1672 2093 1774 2148 hoc
1802 2093 1970 2148 solum
1995 2093 2043 2145 in
2073 2091 2163 2144 illo

597 2186 834 2240 mirabile
880 2195 982 2250 est,
1028 2185 1168 2254 quod
1220 2200 1328 2254 prae
1357 2184 1676 2238 abundantia
1707 2181 2002 2236 devotionis
2031 2194 2162 2249 quo-

595 2277 875 2330 dammodo
915 2292 1020 2331 non
1051 2276 1217 2330 scnsit
1245 2275 1457 2329 dolores
1481 2289 1577 2343 pro
1621 2274 1812 2326 virtute
1851 2282 2160 2340 susceptos;

595 2365 689 2422 sed
710 2366 868 2421 etiam
896 2366 1034 2435 quod
1053 2367 1300 2420 virtutem
1331 2366 1496 2436 ipsam
1526 2379 1624 2434 pro
1652 2364 1896 2418 mercede
1919 2379 2022 2416 non
2047 2377 2162 2416 sus-

595 2458 753 2525 cepit.
803 2457 934 2510 Nam
961 2472 1057 2510 nos
1073 2457 1283 2526 quidem
1310 2472 1402 2524 pro
1428 2471 1489 2509 ea
1512 2469 1609 2509 nec
1628 2455 1890 2524 preposita
1920 2453 2164 2507 mercede

595 2557 876 2613 certamus,
907 2563 1062 2617 quam
1109 2547 1198 2600 ille
1224 2547 1579 2614 complectens
1599 2545 1755 2599 etiam
1799 2545 1915 2599 sine
1945 2544 2166 2613 praemio

595 2638 862 2706 diligebat,
889 2646 1075 2691 cuncta
1107 2638 1194 2691 illa
1215 2653 1334 2706 quae
1358 2636 1641 2705 asperitate
1670 2636 1749 2689 sui
1798 2635 2043 2688 videntur
2066 2635 2164 2688 im-

596 2729 776 2798 pedire
797 2730 1059 2792 virtutem,
1076 2742 1194 2781 cum
1216 2725 1798 2794 omnimagnanimitate
1825 2724 2124 2793 perpetiens
2146 2740 2159 2776 :

595 2821 684 2888 qui
709 2835 876 2887 neque
903 2817 1259 2871 infirmitatem
1286 2816 1546 2884 corporis,
1580 2830 1748 2885 neque
1774 2813 2161 2868 multitudinem

595 2910 1044 2963 circumstantium
1090 2907 1322 2977 undique
1352 2907 1703 2976 negotiorum,
1733 2920 1902 2973 neque
1929 2905 2165 2976 tyranni-

595 3000 717 3055 dem
749 3009 972 3065 naturaa,
1000 3015 1170 3069 neque
1191 2998 1476 3069 quidquam
1507 2995 1648 3051 aliud
1677 2999 1892 3049 omnino
1921 3006 2165 3050 causatus

596 3101 715 3146 est:
745 3106 863 3146 cum
895 3091 1076 3160 utique
1116 3091 1288 3159 major
1318 3089 1414 3152 illi,
1444 3103 1600 3160 quam
1649 3088 1853 3141 cunctis
1883 3097 1935 3140 et
1963 3086 2165 3141 militiae

595 3181 920 3250 principibus
973 3189 1029 3235 et
1063 3180 1275 3250 regibus
1327 3188 1484 3233 terra:
1517 3184 1659 3232 esset
1689 3192 1810 3231 cura
1857 3177 2163 3231 commissa.

596 3275 701 3330 Sed
723 3276 957 3345 quotidie
976 3275 1187 3338 celsior,
1207 3271 1441 3343 quotidie
1466 3270 1773 3340 assurgebat
1795 3268 2082 3334 ardentior,
2112 3277 2167 3323 ct

597 3368 813 3420 intentis
835 3366 933 3419 sibi
953 3366 1198 3435 periculis
1215 3380 1348 3418 nova
1363 3378 1573 3432 semper
1589 3363 1860 3416 alacritate
1879 3361 2160 3431 pugnabat,

596 3457 752 3527 idque
776 3457 1076 3526 significans
1099 3455 1308 3510 dicebat
1328 3475 1340 3510 :
1362 3453 1554 3508 Eorum
1572 3468 1683 3524 qua:
1708 3462 1839 3506 retro
1856 3453 2161 3518 Oblivisceris,

597 3549 651 3600 in
695 3565 754 3600 ea
791 3564 924 3613 vero,
960 3563 1074 3616 qua:
1093 3547 1265 3615 priora
1288 3557 1402 3599 sunt
1428 3545 1695 3598 extendens
1720 3560 1799 3596 me
1817 3542 2075 3614 (Philipp.
2110 3545 2162 3597 5.

597 3639 666 3692 15
705 3639 749 3707 ),
772 3639 858 3706 qui
886 3653 1006 3691 cum
1025 3637 1122 3690 sibi
1148 3638 1255 3705 jam
1294 3645 1519 3690 mortem
1544 3635 1908 3689 imminentem
1937 3635 2161 3700 videret,

595 3728 662 3781 ad
688 3728 1112 3782 communionem
1135 3726 1644 3794 delectationemque
1671 3725 1850 3795 gaudii
1874 3725 2005 3779 alios
2034 3740 2162 3793 pro-

596 3819 836 3884 vocabat,
863 3819 1048 3873 dicens
1071 3836 1084 3870 :
1112 3817 1352 3883 Gaudete,
1376 3827 1421 3870 et
1443 3816 1860 3886 congratulamini
1876 3816 1994 3867 mihi
2015 3813 2166 3886 (Phi-

597 3913 722 3980 lipp.
741 3911 792 3964 2.
817 3913 876 3965 l8
915 3909 934 3979 )
964 3925 1058 3963 :ac
1077 3909 1342 3978 periculis,
1368 3907 1590 3976 injuriis,
1616 3907 2017 3975 opprobriisque
2045 3921 2166 3975 pro-

599 4002 808 4071 positis,
850 4015 1033 4054 rursus
1083 3999 1329 4061 exsultat,
1362 4007 1412 4051 et
1439 3995 1726 4051 Corinthiis
1759 3998 2014 4060 scribens,
2046 3997 2119 4050 ait
2149 4014 2162 4050 :

597 4091 781 4144 Placeo
807 4091 930 4143 mihi
967 4091 1019 4142 in
1045 4089 1440 4154 inﬁrmitatibus,
1487 4089 1540 4141 in
1567 4088 1897 4152 contumeliis,
1926 4089 1978 4140 in
2001 4104 2167 4157 perse-

597 4178 1028 4250 quutiom’bus(2.
1084 4178 1200 4232 Cor.
1232 4179 1317 4232 12.
1354 4178 1451 4246 10)
1480 4195 1494 4252 ς
1534 4193 1652 4232 cum
1682 4179 1862 4247 utique
1898 4177 2012 4232 hanc
2054 4178 2168 4247 ipsa

598 4282 716 4324 esse
738 4269 938 4324 diceret
961 4258 1103 4321 arma
1131 4268 1370 4336 justitiaa,
1408 4268 1694 4322 ostendens
1743 4268 1868 4324 hinc
1907 4269 2004 4323 sibi
2057 4268 2168 4323 fru-

597 4371 740 4415 etum
766 4361 1052 4414 maximum
1094 4360 1393 4429 provenire.
1427 4359 1604 4430 Itaque
1633 4375 1751 4414 cum
1790 4361 1927 4415 inter
1965 4361 2168 4416 medias

601 4451 932 4506 inimicorum
996 4459 1297 4504 versaretur
1348 4451 1604 4517 insidias,
1653 4466 1818 4506 ovans
1869 4463 2047 4506 tamen
2100 4452 2167 4507 de

600 4543 744 4596 omni
797 4557 981 4596 eorum
1032 4540 1296 4594 referebat
1336 4541 1731 4610 impugnatione
1780 4545 2062 4611 victorias,
2113 4553 2168 4598 ct

601 4631 796 4702 ubique
829 4645 1001 4685 cmsus
1025 4631 1352 4695 verberibus,
1380 4630 1600 4684 affectus
1629 4631 1839 4701 injuriis
1865 4643 2022 4703 atque
2047 4648 2164 4687 ma-

598 4723 822 4785 ledictis,
876 4722 1022 4791 quasi
1071 4721 1416 4790 triumphales
1460 4735 1677 4791 pompas
1723 4733 1934 4792 ageret,
1980 4724 2165 4779 crebra

598 4825 795 4884 trOpaaa
816 4815 1063 4873 strueret,
1085 4813 1425 4882 gloriabatur,
1440 4813 1739 4882 gratiasque
1757 4813 2019 4867 referebat
2034 4815 2160 4879 Deo,

598 4905 820 4959 dicens:
852 4903 956 4956 Deo
984 4914 1146 4957 autem
1172 4903 1382 4974 gratias,
1421 4904 1506 4973 qui
1543 4919 1743 4972 semper
1776 4905 2048 4974 triumphat
2073 4922 2164 4959 nos

601 4997 691 5065 (2.
721 4995 837 5049 Cor.
864 4993 917 5046 2.
952 4994 1079 5064 η).

677 5085 812 5149 Quid
844 5085 1114 5136 timendum
1158 5084 1241 5150 sit,
1273 5084 1392 5154 quid
1420 5084 1691 5154 aptandum
1715 5100 1735 5148 ;
1763 5084 1953 5140 Caritas
1978 5087 2164 5141 Christi

595 5176 754 5227 instar
780 5176 1003 5226 animum
1035 5174 1293 5227 bonorum.
1324 5203 1395 5213 —-
1415 5174 1594 5242 Itaque
1625 5174 1690 5228 ad
1719 5171 2080 5231 confusionem
2109 5187 2162 5232 et

596 5267 834 5334 injurias,
859 5280 988 5335 quas
1003 5265 1072 5320 ob
1088 5265 1403 5334 praedicandi
1419 5266 1648 5319 studium
1663 5268 1970 5333 sustinebat,
1994 5271 2161 5339 magis

597 5372 751 5425 quam
807 5371 903 5410 nos
955 5357 1021 5410 ad
1072 5356 1330 5410 honorum
1379 5357 1765 5412 oblectamenta
1805 5363 2157 5430 preperabat,

596 5438 835 5501 mortem
858 5447 1052 5515 potius,
1081 5463 1235 5515 quam
1283 5463 1380 5502 nos
1403 5449 1564 5501 vitam
1607 5459 1860 5518 appetens
1892 5470 1903 5504 :
1935 5467 2160 5524 pauper-

596 5547 776 5601 tatem,
794 5553 949 5606 quam
975 5538 1295 5607 opulentiam
1321 5555 1338 5593 :
1369 5549 1422 5593 et
1447 5539 1614 5594 multo
1642 5542 1868 5610 amplius
1919 5543 2158 5600 laborem

598 5629 925 5698 desiderans,
953 5647 1106 5702 quam
1134 5633 1220 5687 alii
1243 5634 1472 5702 requiem
1500 5645 1620 5704 post
1633 5636 1874 5711 laborem
1902 5655 1915 5690 :
1944 5653 2006 5693 ac
2035 5653 2160 5696 mae-

597 5738 768 5794 rorem
793 5726 955 5800 magis
973 5725 1189 5798 eligens,
1209 5741 1364 5798 quam
1388 5727 1472 5782 alii
1491 5729 1806 5800 voluptatem
1833 5750 1844 5784 :
1870 5732 2155 5788 studiosius

1330 356 1389 414 S.
1418 353 1695 412 JOANNIS
1732 343 2207 408 CHRYSOSTOMI
2243 344 2564 407 ARCHIEP.
2602 350 3135 409 CONSTANTINOP.

3743 356 3850 415 480

2273 474 2370 528 pro
2401 461 2628 518 inimicis
2649 479 2822 530 orans,
2852 480 3009 535 quam
3029 465 3116 520 alii
3143 464 3397 520 adversus
3412 464 3676 524 inimicos.
3707 469 3854 524 Con-

2272 554 2502 607 verterat
2530 554 2671 608 enim
2723 555 2964 610 ordinem
3012 571 3190 610 rerum
3226 574 3239 610 :
3269 555 3378 609 imo
3423 571 3525 612 nos
3553 572 3674 612 eum
3723 574 3855 613 vere

2271 645 2643 710 pervertimus.
2676 645 2754 698 Ab
2777 645 2868 698 illo
2896 656 3072 700 autem
3099 648 3175 700 sic
3203 647 3499 702 custoditus
3528 658 3632 714 est,
3661 663 3854 718 quem-

2270 732 2554 787 admodum
2583 749 2612 788 a
2657 733 2768 788 Deo
2801 734 2973 790 fuerat
3009 736 3304 791 institutus.
3353 737 3447 791 Illa
3488 739 3628 792 enim
3669 738 3851 792 omnia

2270 837 2388 890 quae
2425 823 2811 892 appetebantur
2853 841 2883 878 a
2951 825 3134 889 Paulo,
3169 835 3374 880 natura:
3417 842 3683 897 congrua;
3737 827 3852 880 b:cc

2271 928 2418 978 vero,
2444 927 2563 980 quas
2593 914 2732 968 idem
2774 915 2863 968 ille
2906 913 3158 984 fugiebat,
3207 919 3476 969 contraria
3516 917 3844 985 judicantur.

2271 1003 2424 1060 Unde
2462 1004 2600 1058 istud
2632 1006 2843 1075 probari
2902 1015 3078 1075 potest
3100 1007 3131 1060 ?~
3153 1008 3323 1060 Homo
3349 1007 3492 1060 enim
3537 1021 3661 1060 cum
3706 1015 3851 1060 esset

2268 1093 2482 1158 Paulus,
2535 1095 2602 1149 ad
2641 1097 2727 1150 illa
2756 1107 2931 1151 tamen
2976 1097 3161 1166 magis,
3193 1111 3349 1166 quam
3379 1095 3443 1148 ad
3463 1097 3561 1150 ista
3579 1095 3846 1150 currebat.

2270 1183 2442 1238 Unum
2472 1186 2611 1239 enim
2643 1186 2717 1240 illi
2748 1185 3138 1241 formidandum
3165 1197 3451 1256 eratatque
3477 1187 3846 1253 metuendum,

2267 1275 2471 1329 offensa
2516 1277 2765 1330 nimirum
2800 1278 2914 1343 Dei,
2949 1292 3049 1351 nec
3091 1278 3378 1347 quidquam
3425 1277 3568 1331 aliud
3600 1278 3823 1331 omnino

2269 1367 2410 1437 Ergo
2467 1383 2566 1422 nec
2614 1368 2966 1423 desiderabile
3010 1369 3085 1424 illi
3141 1369 3280 1422 aliud
3321 1380 3456 1434 erat,
3504 1370 3604 1425 nisi
3636 1370 3850 1439 placere

2268 1471 2482 1525 semper
2511 1458 2644 1512 Deo.
2675 1456 2791 1512 Non
2821 1457 2942 1512 dico
2960 1459 3078 1526 quia
3109 1459 3237 1512 nihil
3268 1459 3606 1526 praesentium
3636 1459 3850 1513 deside-

2269 1547 2442 1611 rabat,
2474 1547 2570 1601 sed
2600 1562 2698 1601 nec
2724 1548 2959 1615 ipsorum
2989 1548 3185 1618 aliquid
3212 1547 3528 1601 futurorum.
3559 1546 3676 1601 Non
3703 1548 3848 1601 enim

2267 1639 2398 1693 mihi
2445 1639 2592 1694 dicas
2624 1639 2784 1693 urbes
2825 1650 2878 1692 et
2909 1651 3130 1708 gentes,
3170 1640 3458 1702 exercitus,
3503 1639 3846 1707 provincias,

2269 1731 2540 1799 pecunias,
2572 1740 2862 1799 potestates
2892 1748 2904 1783 :
2936 1730 3048 1785 hmc
3074 1732 3214 1784 enim
3255 1731 3342 1784 ille
3386 1745 3705 1783 aranearum
3757 1728 3850 1784 fila

2267 1823 2570 1891 reputavit:
2620 1821 2713 1876 sed
2754 1837 2815 1876 ea
2867 1822 2979 1891 ipsa
3028 1836 3186 1891 pone,
3217 1836 3333 1890 qua:
3379 1820 3760 1888 promittuntur
3796 1819 3850 1873 in

2267 1914 2432 1978 crclis,
2478 1921 2532 1967 et
2558 1922 2683 1966 tunc
2723 1913 2839 1982 ejus
2883 1914 3155 1967 ardentem
3185 1913 3236 1965 in
3264 1912 3473 1965 Christo
3497 1925 3735 1964 amorem
3763 1910 3851 1963 vi-

2267 2005 2434 2060 debis.
2467 2005 2564 2059 llic
2591 2005 2853 2076 siquidem
2881 2021 2988 2075 pra:
3019 2006 3160 2058 illius
3203 2003 3502 2068 dulcedine,
3547 2018 3653 2056 non
3681 2017 3850 2072 angeo

2266 2097 2456 2166 lorum,
2485 2113 2592 2152 non
2617 2099 3050 2167 archangelorum
3081 2097 3370 2150 admiratus
3395 2106 3478 2151 est
3503 2095 3846 2166 dignitatem,

2268 2202 2366 2241 nec
2416 2188 2698 2264 quidquam
2745 2187 2932 2241 borum
2960 2187 3132 2241 simile
3160 2186 3477 2252 concupivit.
3522 2186 3676 2252 Quod
3700 2186 3848 2240 enim

2266 2288 2382 2332 erat
2421 2280 2592 2349 majus
2631 2280 2898 2344 omnibus,
2927 2279 3128 2333 Christi
3165 2293 3346 2332 amore
3389 2277 3691 2340 fruebatur;
3723 2293 3848 2332 cum

2268 2367 2370 2422 hoc
2410 2369 2702 2425 beatiorem
2755 2384 2813 2424 se
2839 2371 3045 2424 cunctis
3074 2370 3331 2438 putabat;
3367 2368 3483 2422 sine
3511 2368 3613 2422 hoc
3666 2377 3847 2422 autent

2268 2473 2438 2527 neque
2463 2459 2845 2523 dominatuum,
2900 2475 3070 2528 neque
3107 2461 3492 2528 principatuum
3521 2460 3699 2513 socius
3725 2473 3850 2515 esse

2267 2548 2510 2619 cupiebat
2529 2566 2540 2602 :
2561 2549 2650 2602 scd
2675 2565 2794 2603 cum
2824 2550 2924 2604 hac
2945 2550 3223 2603 dilectione
3245 2550 3408 2618 magis
3432 2564 3548 2604 esse
3569 2560 3850 2606 extremus

2268 2641 2501 2708 Optabat,
2530 2640 2634 2693 imo
2665 2640 2822 2694 etiam
2847 2655 2911 2694 ex
2939 2655 3158 2694 numero
3187 2641 3512 2708 punitorum,
3542 2655 3702 2710 quam
3731 2641 3851 2695 sine

2270 2728 2368 2784 hac
2406 2729 2542 2783 inter
2561 2744 2795 2783 summos
2821 2740 2871 2784 et
2888 2729 3091 2785 honore
3119 2731 3391 2784 sublimes.
3422 2730 3534 2784 Hoc
3556 2731 3701 2798 enjm
3730 2741 3851 2785 erat

2266 2821 2337 2874 illi
2369 2822 2656 2875 maximum
2682 2830 2736 2877 et
2757 2822 3022 2891 singulare
3041 2831 3382 2888 tormentum,
3406 2823 3470 2876 ab
3498 2823 3597 2876 hac
3622 2823 3850 2878 caritate

2266 2910 2540 2966 discedere
2561 2930 2572 2964 :
2593 2912 2626 2965 h
2645 2927 2706 2966 cc
2733 2911 2807 2966 illi
2831 2921 2946 2966 erat
2969 2912 3229 2982 gehenna,
3258 2912 3371 2967 hrec
3393 2912 3500 2966 sola
3519 2927 3698 2981 poena,
3728 2912 3850 2968 hzcc

2267 3003 2470 3058 infinita
2501 3013 2556 3058 et
2596 3003 2926 3059 intoleranda
2974 3004 3247 3074 supplicia.
3276 3004 3424 3058 Sicut
3447 3005 3603 3058 etiam
3636 3006 3846 3074 perfrui

2265 3094 2483 3147 caritate
2505 3092 2721 3156 Christi,
2742 3095 2841 3147 hoc
2858 3095 2930 3148 illi
2949 3096 3072 3160 vita,
3088 3093 3190 3148 hoc
3205 3094 3452 3162 mundus,
3482 3094 3581 3149 hoc
3599 3095 3847 3164 angelus,

2270 3183 2371 3238 hoc
2397 3185 2698 3254 prtf'scntia,
2730 3183 2830 3238 hoc
2856 3183 3050 3249 futura,
3081 3183 3182 3238 hoc
3209 3200 3453 3254 regnum,
3483 3186 3583 3241 hoc
3613 3187 3850 3254 promis-

2269 3273 2370 3338 sio,
2404 3273 2504 3327 hoc
2526 3274 2662 3327 bona
2691 3273 2968 3329 videbatur
3010 3273 3286 3329 innumera
3315 3292 3328 3329 :
3352 3287 3546 3344 praeter
3587 3276 3690 3330 hoc
3718 3291 3850 3332 vero

2267 3365 2397 3418 nihil
2440 3365 2492 3418 in
2519 3365 2747 3419 tristium
2775 3365 2863 3419 vel
2888 3365 3242 3434 jucundorum
3272 3375 3421 3436 parte
3457 3368 3708 3436 ponebat.
3739 3369 3852 3422 Ho-

2267 3471 2386 3510 rum
2431 3457 2574 3510 enim
2615 3471 2732 3526 qua:
2761 3455 2848 3510 hic
2885 3456 3166 3524 habentur,
3207 3457 3337 3512 nihil
3392 3474 3660 3529 asperum,
3714 3461 3850 3516 nihil

2267 3547 2425 3600 etiam
2453 3561 2622 3600 suave
2657 3546 2954 3614 reputabat.
2982 3546 3070 3602 Sic
3093 3547 3423 3617 despiciebat
3451 3550 3695 3605 universa
3725 3567 3850 3619 quae

2267 3636 2550 3699 cernimus,
2569 3644 2627 3690 ut
2651 3636 2783 3690 solet
2814 3637 2970 3691 herba
2988 3636 3094 3705 jam
3118 3636 3405 3705 putrefacta
3427 3640 3712 3693 contemni.
3741 3639 3852 3712 Ty-

2267 3741 2463 3780 rannos
2475 3742 2603 3779 vero
2624 3729 2788 3795 ipsos,
2817 3741 2878 3780 ac
2899 3727 3122 3796 populos
3142 3727 3404 3796 spirantes
3422 3726 3677 3796 furorem,
3701 3731 3852 3785 velut

2267 3815 2522 3886 quosdam
2552 3831 2671 3869 esse
2697 3816 2896 3870 culices
2939 3816 3293 3870 existimabat.
3345 3816 3565 3871 Mortem
3615 3833 3748 3874 vero
3791 3830 3852 3875 ct

2268 3909 2532 3963 cruciatus
2554 3917 2607 3962 ct
2637 3908 2779 3962 mille
2808 3909 3082 3977 supplicia,
3112 3909 3259 3977 quasi
3283 3908 3461 3962 ludum
3482 3910 3699 3978 putabat
3724 3925 3850 3967 esse

2268 4016 2574 4070 puerorum,
2607 3999 2891 4054 dummodo
2921 4011 3136 4069 propter
3162 3999 3429 4053 Christum
3481 4000 3680 4069 aliquid
3720 4017 3843 4056 sus-

2271 4091 2481 4144 tineret.
2514 4090 2662 4144 Tunc
2709 4090 2848 4143 enim
2895 4091 3005 4159 ipsa
3057 4090 3480 4158 amplectebatur.
3511 4091 3758 4160 libenter,
3789 4104 3850 4149 et

2270 4184 2618 4238 decorabatur
2645 4183 2852 4237 vinctus
2878 4195 3064 4237 catena
3093 4184 3277 4253 magis,
3302 4197 3458 4251 quam
3487 4182 3628 4239 Nero
3656 4185 3848 4241 diade-

2271 4286 2410 4331 mate
2439 4284 2742 4332 coronatus.
2772 4276 2985 4331 Etenim
3014 4285 3309 4330 coarctatus
3330 4291 3545 4331 carcere
3575 4276 3849 4334 habitabat

2270 4369 2475 4431 caelum,
2526 4382 2588 4420 ac
2633 4367 2880 4420 libentius
2921 4366 3139 4421 verbera
3185 4367 3483 4435 excipiebat
3524 4375 3577 4422 et
3601 4367 3843 4434 vulnera,

2271 4474 2426 4528 quam
2466 4459 2553 4512 alii
2595 4457 2774 4520 br'avia
2811 4457 3106 4526 diripiunt:
3135 4466 3187 4511 et
3233 4457 3444 4511 dolores
3493 4472 3596 4510 non
3647 4459 3847 4526 minus,

2271 4564 2426 4618 quam
2453 4550 2668 4618 prmmia
2687 4548 2956 4616 diligebat,
2983 4563 3102 4602 cum
3125 4549 3266 4616 ipsos
3291 4548 3471 4617 utique
3493 4548 3705 4603 dolores
3724 4548 3847 4605 loco

2271 4641 2488 4695 duceret
2508 4641 2841 4708 praemiorum
2867 4658 2878 4692 :
2908 4650 3187 4710 propterea
3214 4640 3356 4693 enim
3396 4640 3514 4695 illos
3541 4651 3593 4695 et
3618 4642 3844 4710 gratiam

2271 4733 2596 4787 nominabat.
2626 4733 2790 4799 Quem
2842 4745 3055 4785 sensum
3085 4729 3367 4802 diligenter
3391 4733 3650 4800 expende.
3695 4733 3844 4787 Prae-

2269 4823 2434 4884 mium
2463 4835 2609 4878 certe
2630 4831 2743 4877 erat
2769 4822 3003 4884 dissolvi,
3037 4803 3229 4875 etesse
3265 4836 3385 4874 cum
3420 4820 3632 4876 Christo
3664 4824 3682 4892 (
3717 4824 3845 4880 Phi-

2270 4916 2397 4985 lipp.
2434 4917 2481 4969 1.
2505 4915 2593 4969 23.
2622 4916 2690 4969 24
2714 4915 2731 4984 )
2757 4933 2768 4966 :
2803 4928 3122 4984 permanere
3150 4921 3328 4966 autem
3364 4914 3417 4967 in
3445 4929 3625 4980 carne,
3668 4927 3846 4970 certa-

2267 5022 2387 5061 men
2413 5023 2427 5070 ;
2455 5006 2548 5061 sed
2571 5015 2743 5060 tamen
2786 5015 3001 5074 prapter
3033 5001 3231 5058 Christi
3257 5004 3577 5058 desiderium
3622 5009 3841 5074 praemia

2269 5097 2542 5152 differebat
2562 5097 2848 5166 cupiditate
2865 5096 3189 5161 certaminis,
3220 5094 3376 5164 idque
3405 5096 3572 5164 magis
3591 5111 3844 5151 necessa-

2267 5190 2400 5241 rium
2423 5203 2538 5241 esse
2559 5187 2803 5241 ducebat.
2835 5183 2879 5238 E
2903 5185 3116 5253 regione
3132 5200 3257 5238 vero
3274 5185 3551 5238 anathema
3579 5199 3608 5238 a
3631 5185 3844 5240 Christo

2267 5278 2378 5331 ficri
2408 5287 2674 5332 certamen
2726 5286 2840 5330 erat
2885 5284 2938 5329 et
2972 5277 3141 5338 dolor,
3175 5276 3339 5344 magis
3378 5283 3646 5329 autem'et
3680 5290 3842 5345 supra

2265 5379 2555 5433 certamen,
2604 5384 2867 5437 supraque
2917 5382 3129 5421 omnem
3159 5368 3420 5421 dolorem.
3454 5368 3523 5421 At
3543 5383 3673 5422 vero
3720 5385 3841 5425 esse

2265 5477 2385 5516 cum
2417 5459 2631 5515 ChriSto
2659 5471 2773 5516 erat
2797 5461 3071 5530 prmmium
3111 5460 3409 5528 singnlare;
3442 5461 3632 5513 Paulus
3663 5471 3839 5517 tamen

2266 5560 2481 5614 propter
2500 5551 2766 5605 Christum
2797 5550 2921 5603 illud
2950 5550 3301 5619 maluitquam
3326 5549 3459 5603 istud
3486 5549 3702 5618 eligere.
3732 5551 3840 5606 Sed

2263 5644 2501 5713 profecto
2519 5641 2657 5697 dicat
2685 5643 2769 5694 hic
2788 5641 2994 5710 aliquis,
3015 5641 3260 5708 quoniam
3287 5639 3401 5692 hzec
3426 5639 3601 5691 omnia
3627 5650 3840 5709 propter

2267 5735 2531 5791 Christum
2565 5732 2744 5789 suavia
2784 5747 2902 5789 esse
2945 5731 3171 5788 diccbat.
3208 5730 3319 5784 Hoc
3351 5729 3501 5794 plane
3529 5730 3687 5785 etiam
3725 5732 3838 5801 ipse
