4070 6424
199 362 306 418 479

190 481 424 547 Παῦλος·
445 478 539 533 καὶ
562 474 656 532 νῦν
726 474 979 542 ἐστηκξν,
1018 469 1077 536 ἐξ
1106 461 1173 523 οὗ
1201 466 1416 536 γέγονε,
1447 465 1679 538 λαμπρᾷ
1714 463 1782 534 τῇ

191 580 350 649 φωνῇ
392 578 545 648 πρὸς-
578 578 830 640 ἆπαντας
888 575 1017 637 τοὺς
1076 569 1447 642 ἐγκαλοῦντας
1503 566 1663 641 ἡμῶν
1712 570 1781 645 τῇ

188 678 512 747 κατασκευῇ
541 660 982 745 ἀπολογούμενος
1019 671 1162 744 ὑπὲρ
1216 671 1312 725 τοῦ
1343 671 1642 734 Δεσπότου,
1668 666 1785 722 ’καὶ

186 776 522 851 προτρέπων
550 774 638 829 ἐπ’
663 775 857 847 ἀρετῇ,
889 772 986 828 καὶ⁵
1014 771 1085 827 τά
1112 771 1451 843 ἀναίσχυντα
1494 770 1605 825 τῶν
1657 767 1784 841 βλα-

187 882 432 952 σφήμων
476 877 809 951 ἐμφράττων
854 875 1122 947 στόματα,
1163 875 1260 929 καὶ
1290 873 1507 936 δεικνὺς
1551 871 1635 926 ὅτι
1678 871 1785 941 ἀγ-

183 979 369 1049 γέλων
397 977 494 1033 καὶ
524 976 829 1050 ἀνθρώπων
855 975 919 1029 οὐ
954 975 1091 1030 πολὺ
1132 975 1197 1028 rb
1242 972 1426 1046 μέσον,
1454 971 1550 1059 ἐὰν
1583 970 1785 1025 ἐθέλω-

185 1099 297 1152 μεν
325 1081 614 1155 προσέχειν
653 1080 891 1143 ἐαυτοῖς.
919 1077 995 1132 Οὐ
1030 1077 1140 1150 γάρ
1174 1075 1341 1148 ἀλλην
1371 1075 1535 1146 φύσιν
1575 1073 1780 1146 λαχὼν,

182 1183 316 1237 οὐδὲ
350 1182 542 1253 ἐτέρας
580 1180 921 1251 κοινωνήσας
956 1176 1158 1249 ψυχῆς,
1200 1176 1324 1230 οὐδὲ
1364 1163 1525 1231 ἀλλον
1552 1176 1784 1245 οίκὴσας

183 1283 420 1355 κόσμον,
442 1282 555 1335 ἀλλ’
580 1281 640 1334 ἐν
663 1280 733 1351 τῇ
761 1279 901 1351 αὐτῇ
929 1280 1000 1349 γῇ
1032 1277 1127 1331 καὶ
1158 1276 1313 1349 χώρα
1347 1275 1443 1329 καὶ
1468 1274 1658 1347 νόμοις
1687 1276 1784 1329 καὶ

181 1381 340 1436 ἐθεσι
367 1381 618 1454 τραφεὶς,
645 1378 856 1443 πάντας
883 1374 1206 1449 ἀνθρώπους
1229 1374 1627 1446 ὑπερηκόντισε
1653 1378 1784 1439 τοὺς

182 1481 249 1546 ἐξ
277 1474 343 1536 οὗ
386 1480 677 1551 γεγόνασιν
703 1478 950 1552 άθρωποι
988 1474 1336 1548 γενομένους.
1361 1458 1493 1529 Ποῦ
1525 1475 1708 1529 τοίνυν
1733 1478 1782 1530 οί

182 1580 461 1650 λέγοντες,
482 1580 565 1634 ὃτι
591 1555 850 1634 δύσκολον
875 1578 911 1650 ἡ
936 1576 1128 1650 ἀρετὴ,
1156 1576 1249 1631 καὶ
1276 1573 1499 1630 εὔκολον
1520 1578 1554 1649 ἡ
1582 1575 1780 1640 κακία;

182 1676 361 1745 Οὗτος
391 1680 503 1752 γάρ
551 1679 977 1751 ἀντιφθέγγεται
1010 1675 1244 1743 τούτοις,
1273 1676 1483 1746 λέγων·
1518 1676 1595 1731 Τὸ
1629 1692 1781 1747 παρ-

180 1782 409 1837 αυτίκα
453 1780 720 1850 ἐλαφρὸν
767 1777 878 1847 τῆς
921 1779 1215 1848 θλίψεως,
1263 1781 1393 1834 καθ’
1435 1780 1783 1849 ὑπερϐολὴν

181 1884 279 1948 εις
325 1881 674 1950 ὑπερϐολὴν
721 1879 967 1935 αἰώνιον
1010 1880 1206 1950 ,βάρος
1255 1878 1444 1947 δόξης
1493 1878 1780 1949 κατεργά-

182 1984 366 2045 ζεται.
394 1983 458 2037 EE
486 1982 544 2036 δὲ
567 1981 816 2036 τοιαῦται
845 1981 1054 2053 θλίψεις
1081 1981 1339 2054 ἐλαφραὶ,
1368 1980 1550 2053 πολλῷ
1579 1983 1781 2052 μᾶλλον

182 2085 246 2137 αἱ
278 2083 493 2137 οῐκοθεν
526 2080 734 2154 ἡδοναί.

261 2211 375 2264 Καὶ
410 2210 470 2263 ού
517 2209 678 2267 τοῦτο
722 2208 885 2280 μόνον
934 2207 1103 2266 ἐστὶν.
1120 2206 1286 2262 αὐτοῦ
1334 2207 1397 2261 rb
1441 2208 1778 2280 θαυμαστὸν,

181 2310 271 2363 ὅτι
325 2309 625 2381 περιουσίᾳ.
663 2309 765 2380 τῆς
818 2308 1130 2380 προθυμίας
1174 2308 1299 2363 οὐδὲ
1357 2309 1625 2381 ᾐσθάνετο
1671 2310 1783 2366 τῶν

182 2410 373 2465 πόνων
395 2410 503 2464 τῶν
531 2410 672 2480 ὑπὲρ
695 2410 796 2481 τῆς
821 2409 1045 2482 ἀρετῆς,
1074 2408 1191 2463 ἀλλ’
1218 2410 1300 2463 ὅτι
1326 2409 1449 2464 ούδέ
1480 2411 1575 2464 ἐπὶ¹
1604 2410 1784 2483 μισθῷ

179 2515 397 2585 ταύτην
444 2514 654 2585 μετῄει.
696 2513 895 2584 Ἡμεῖς
937 2512 1035 2583 μὲν
1077 2512 1187 2585 γὰρ
1227 2512 1349 2565 οὑδέ
1398 2513 1607 2584 μισθῶν
1647 2531 1783 2586 προ-

184 2615 460 2686 κειμένων
488 2612 797 2685 ἀνεχόμεθα
822 2612 932 2667 τῶν
962 2613 1101 2686 ὑπὲρ
1133 2614 1303 2685 αὐτῆς
1334 2614 1610 2687 ἱδρὼτων;
1640 2617 1785 2668 ἐκεῖ·

167 2716 279 2780 ’νος
324 2712 472 2788 [4851
515 2715 573 2769 δέ
602 2714 698 2767 καὶ
740 2715 909 2785 χωρὶς
949 2714 1061 2769 τῶν
1106 2713 1358 2768 ἐπάθλων
1392 2714 1562 2788 αὐτὴν
1604 2717 1785 2788 ἠσπά-

181 2815 315 2880 ζετο
343 2815 439 2869 καὶ
467 2814 661 2885 ἐφίλει,
692 2814 787 2868 καὶ⁵
825 2812 895 2867 τά
921 2812 1184 2868 δοκοῦντα
1217 2814 1393 2886 αὐτῆς
1432 2812 1573 2869 εἶναι
1602 2816 1783 2871 κωλύ-

184 2935 341 2990 ματα
370 2915 511 2988 μετά
540 2917 721 2989 πάσης
756 2916 1068 2988 ὑπερήλατο
1093 2917 1193 2989 τῆς
1223 2917 1507 2982 εὐκολίας·
1536 2919 1633 2973 καὶ
1657 2918 1782 2973 οὔτε

183 3018 445 3089 σώματος
480 3016 787 3082 ἀσθένειαν,
824 3018 886 3071 οὐ
934 3016 1281 3089 πραγμάτων
1329 3017 1675 3088 περίστασιν,
1719 3018 1789 3074 ob‘

182 3119 407 3190 φύσεως
451 3119 765 3191 τυραννίδα,
794 3119 896 3172 οὐκ
928 3117 1058 3172 ἄλλο
1086 3118 1239 3171 οὐδὲν
1266 3115 1532 3190 ᾐτιάσατο
1555 3136 1569 3151 ·
1604 3121 1782 3175 καίτοι

182 3221 283 3275 καὶ
328 3220 651 3291 στρατηγῶν
704 3219 800 3274 καὶ
849 3218 1117 3291 βασιλέων
1167 3219 1424 3273 ἀπάντων
1456 3221 1566 3275 τῶν
1611 3223 1801 3279 ὄντων

182 3320 282 3373 ἐπὶ⁵
327 3320 433 3392 γῆς
483 3317 706 3391 μείζονα
744 3319 1002 3391 φροντίδα
1045 3320 1445 3392 ἐγχειρισθεὶς,
1487 3322 1603 3375 ἀλλ’
1632 3324 1782 3394 ὅμως

181 3420 311 3495 καθ’
345 3419 584 3491 ἑκάστην
632 3419 852 3492 ήκμαξε
884 3420 988 3491 τὴν
1016 3418 1259 3492 ἡμέραν,
1304 3420 1402 3474 καλ⁵
1439 3421 1551 3476 τῶν
1595 3423 1779 3477 κινδύ-

184 3541 299 3581 νων
332 3521 755 3593 ἐπιτεινομένων
780 3519 951 3593 αῦτῷ,
981 3520 1183 3594 νεαρὰν
1223 3522 1491 3594 ἐκέκτητο
1527 3522 1626 3595 τὴν
1654 3544 1783 3598 προ-

182 3622 422 3694 θυμίαν·
455 3621 551 3675 καὶ
588 3621 747 3676 τοῦτο
794 3622 973 3693 δηλῶν
1026 3621 1205 3692 ἔλεγε·
1260 3623 1386 3679 Τῶν
1431 3625 1550 3696 μὲν
1586 3628 1781 3683 ὀπίσω

179 3722 760 3792 ἐπιλανθανόμενος,
796 3720 924 3789 τοῖς
952 3720 1023 3775 δὲ
1066 3722 1410 3794 ἔμπροσθεν
1445 3726 1781 3783 ἐπεκτεινό-

176 3838 400 3894 μενος·
436 3822 532 3876 καὶ
576 3821 809 3876 θανάτου
851 3821 1329 3895 προσδοκωμένου,
1378 3828 1458 3890 είς
1491 3828 1780 3894 κοινωνίαν

179 3926 297 3997 τῆς
314 3924 510 3997 ἡδονῆς
536 3923 742 3993 ταύτης
772 3922 960 3977 ἐκάλει
986 3923 1165 3994 λέγων
1185 3943 1199 3958 ·
1235 3926 1480 3996 Χαίρετε
1505 3928 1605 3983 καὶ
1634 3944 1782 4002 συγ-

181 4023 427 4097 χαίρετέ
449 4040 587 4094 μοι·
611 4021 708 4077 καὶ
734 4022 996 4079 κινδύνων
1021 4025 1389 4098 ἐπικειμένων
1412 4029 1510 4083 καὶ
1544 4030 1778 4102 ὕϐρεων,

182 4128 281 4181 καὶ
305 4125 533 4196 ἀτιμίας
562 4123 805 4198 ἀπάσης,
838 4125 1068 4198 ἐσκίρτα
1102 4126 1295 4182 πάλιν·
1327 4129 1424 4183 καὶ
1465 4131 1781 4205 Κορινθίοις

182 4224 520 4279 ἐπιστέλλων
552 4223 728 4294 ἐλεγε·
768 4226 867 4280 Διὸ
901 4226 1003 4282 καὶ
1045 4227 1278 4283 εὐδοκῶ
1319 4229 1392 4284 ἐν
1412 4230 1777 4303 ἀσθενείαις,

179 4328 255 4382 ἐν
285 4327 556 4396 ὕϐρεσιν,
583 4326 654 4382 ἐν
684 4327 963 4399 διωγμοῖς
981 4346 996 4361 ·
1028 4330 1124 4385 καὶ
1154 4331 1297 4385 ὅπλα
1323 4331 1382 4386 δέ
1407 4335 1549 4389 αύτά
1574 4336 1783 4393 δικαιο-

184 4428 355 4498 σύνης
385 4426 639 4495 ἐκάλεσε,
669 4426 887 4492 δεικνὺς
917 4429 1001 4483 ὅτι
1033 4431 1126 4486 καὶ
1154 4432 1409 4490 ἐντεῦθεν
1437 4434 1509 4489 τά
1547 4437 1779 4508 μέγιστα

180 4528 515 4601 ἐκαρποῦτο,
539 4528 635 4583 καὶ
662 4531 774 4594 τοῖς
794 4527 1022 4601 ἐχθροῖς
1051 4532 1319 4588 πάντοθεν
1348 4535 1650 4608 ἀχείρωτος
1676 4534 1774 4611 ἦν·

180 4630 279 4685 καὶ
311 4627 597 4699 πανταχοῦ
624 4628 1041 4702 μαστιζόμενος,
1082 4631 1460 4706 ὑϐριζόμενος,
1509 4638 1779 4712 λοιδοροῦ.

186 4746 383 4800 μενος,
434 4727 627 4801 ῶσπερ
670 4730 731 4785 ἐν
782 4729 1077 4803 θριάμϐοις
1118 4733 1516 4807 ἐμπομπεύων,
1565 4741 1660 4795 καί⁷
1710 4742 1781 4796 τά

184 4830 425 4900 τρόπαια
459 4829 660 4901 συνεχῆ
686 4817 965 4902 πανταχοῦ
992 4834 1098 4904 γῆς
1131 4835 1304 4903 ἱστὰς,
1331 4835 1506 4903 οὕτως
1538 4840 1778 4896 ἐκαλλω-

184 4931 393 4999 πίζετο,
428 4932 523 4986 καὶ
558 4931 722 5003 χάριν
759 4928 1030 5004 ὡμολόγει
1073 4934 1153 5007 τῷ
1187 4935 1307 5009 Θεῷ
1340 4937 1517 5008 λέγων
1537 4958 1552 4973 ·
1593 4943 1777 5015 Χάρις

183 5031 251 5086 δὲ
280 5030 364 5097 τῷ
398 5028 522 5096 Θεῷ
548 5028 631 5097 τῷ
662 5031 921 5088 πάντοτε
952 5037 1365 5107 θριαμϐεύοντι
1394 5040 1577 5111 ἡμᾶς.

255 5130 369 5185 Καὶ
412 5131 517 5203 τὴν
559 5131 953 5207 ἀσχημοσύνην
984 5136 1079 5191 καὶ
1109 5138 1212 5211 τὴν
1261 5138 1419 5213 ὓϐριν
1448 5143 1548 5214 τὴν
1592 5144 1684 5201 διὰ
1717 5150 1777 5203 rb

186 5231 450 5304 κήρυγμα
495 5231 781 5305 μᾶλλον,ἡ
821 5236 984 5306 ἡμεῖς
1022 5236 1122 5308 τὴν
1171 5241 1361 5312 τιμὴν,
1416 5244 1633 5315 ἐδίωκε,
1682 5250 1779 5304 καὶ

186 5330 277 5385 τὸν
314 5330 570 5399 θάνατον,
605 5331 638 5403 ἢ
668 5335 831 5405 ἡμεῖς
868 5334 968 5409 τὴν
1003 5337 1175 5410 ζωὴν,
1220 5342 1313 5395 καὶ
1351 5343 1449 5415 τὴν
1487 5348 1695 5413 πενίαν,
1740 5353 1773 5423 ἢ

190 5432 276 5487 τὺν
302 5432 549 5486 πλοῦτον
594 5435 779 5505 ἡμεῖς,
814 5436 912 5490 καὶ
951 5439 1080 5503 τοὺς
1126 5442 1322 5507 πόνους
1362 5446 1586 5517 μᾶλλον,
1614 5451 1647 5522 ἦ
1676 5452 1778 5516 τὰς

190 5534 399 5597 ἀνέσεις
432 5534 630 5606 ἕτεροι,
664 5537 761 5591 καλ⁸
794 5540 894 5609 οὐχ
926 5539 1112 5605 ἁπλῶς
1161 5544 1387 5615 μᾶλλον,
1426 5549 1563 5604 ἀλλά
1595 5553 1778 5625 πολλῷ

191 5636 416 5707 μᾶλλον,
454 5637 637 5691 καὶτὸ
684 5637 971 5695 λυπεῖσθαι
1008 5643 1191 5711 πλέον,
1226 5649 1259 5720 ἡ
1300 5650 1362 5703 rb
1400 5653 1613 5726 χαίρειν
1658 5657 1778 5711 ἐτε-

192 5750 296 5807 ροι,
326 5735 388 5789 rb
416 5736 813 5809 ύπερεύχεσθαι
852 5741 962 5795 τῶν
988 5742 1199 5813 ἐχθρῶν
1227 5750 1451 5822 μᾶλλον,
1487 5754 1522 5827 ἢ
1549 5757 1609 5810 τὸ
1642 5776 1775 5815 κατ-

507 5844 776 5906 ΡΑτιιοι.
824 5847 941 5911 Gn.
994 5850 1061 5915 L.
1146 5861 1156 5866 '

996 356 1086 412 DE
1120 354 1469 414 LAUDIBUS
1508 356 1568 411 S.
1608 354 1817 411 PAULI
1863 351 2226 409 APOSTOLI.
2267 352 2504 410 HOMIL.
2551 353 2619 409 ll.

3366 355 3468 412 £80

1894 460 2151 535 εύχεσθαι
2201 465 2401 537 ἓτεροι.
2440 466 2553 520 Καὶ
2594 463 2929 539 ἀντέστρεφε
2984 468 3097 525 τῶν
3142 472 3486 544 πραγμάτων

1892 568 1992 642 τήν
2024 570 2198 640 τάξιν,
2240 572 2443 645 μᾶλλον
2475 572 2534 627 δέ
2584 574 2746 645 ἡμεῖς
2788 573 3224 646 ἀνεστρέψαμεν,
3260 575 3524 641 -ἐκεῖνοςι

1891 673 1969 740 δέ,
2003 675 2195 749 ῶσπερ
2220 677 2250 731 ὁ
2288 678 2424 741 Θεὸς
2468 674 2881 750 ἐνομοθέτησεν,
2919 676 3093 743 οὕτως
3140 678 3312 750 αὐτὴν
3350 678 3487 748 ἐφύ-

1892 775 2075 834 λαττε.
2102 779 2290 836 Ταῦτα
2330 781 2430 853 μὲν
2476 780 2586 853 γὰρ
2632 781 2775 836 κατά
2815 781 2977 851 φύσιν
3016 781 3256 847 ᾶπαντα,
3301 784 3489 838 ἐκεῖνα

1890 879 1959 935 δὲ,
1980 879 2315 937 τούναντίον.
2362 882 2459 946 Τίς
2500 882 2708 941 τούτων
2757 882 3070 948 άπόδειξις;
3126 883 3362 949 Παῦλος,
3395 884 3489 940 ἀν-

1892 977 2111 1049 θρωπος
2154 981 2388 1047 ὣν,²καλ⁸
2432 981 2644 1047 τούτοις
2690 983 2994 1054 ἐπιτρέχων
3026 982 3295 1055 μᾶλλονῆ
3344 984 3490 1038 ἐκείι

1891 1094 2022 1143 νοις.
2052 1080 2148 1133 Ἐν
2193 1079 2379 1153 τούτῳ,
2410 1082 2644 1154 φοϐερὸν
2678 1078 2749 1155 ἦν
2792 1085 2953 1154 μόνον
2997 1086 3092 1138 καὶ
3131 1084 3388 1155 φευκτὸν,
3428 1086 3491 1138 rb

1893 1181 2268 1252 προσκροῦσαι
2299 1183 2440 1255 Θεῷ,
2474 1185 2661 1256 ἕτερον
2700 1185 2758 1239 δέ
2788 1186 2943 1239 οὐδέν
2963 1202 2978 1216 ·
3013 1184 3205 1255 ῶσπερ
3234 1180 3330 1239 οῦν
3370 1184 3489 1239 ούδέ

1873 1282 2145 1373 ⁸ποθεινὸν
2176 1284 2305 1340 ἀλλο
2343 1305 2417 1352 τι,
2462 1286 2538 1352 ὡς
2571 1287 2634 1340 τὸ
2660 1289 2870 1358 ’ἀρέσαι
2911 1288 3065 1359 Θεῷ·
3109 1288 3206 1343 καὶ
3248 1288 3311 1342 ού
3344 1287 3491 1357 λέγω

1892 1382 2000 1436 τῶν
2038 1384 2321 1455 παρόντων
2350 1386 2522 1459 οὐδὲν,
2567 1387 2685 1440 ἀλλ’
2710 1388 2833 1442 ούδέ
2879 1388 2987 1441 τῶν
3039 1387 3364 1459 μελλόντων.
3394 1388 3486 1459 Μὴ

1890 1481 2001 1553 γάρ
2055 1501 2148 1555 μοι
2194 1486 2381 1551 πόλεις
2423 1487 2587 1560 εἴπῃς
2635 1488 2733 1542 καὶ
2769 1489 2899 1561 ἐθνη
2952 1489 3049 1543 καὶ
3101 1489 3344 1560 βασιλεῖς
3392 1488 3490 1543 καὶ

1893 1584 2231 1655 στρατόπεδα
2275 1587 2369 1641 καὶ
2396 1588 2537 1643 ὅπλα
2574 1588 2669 1642 καὶ
2703 1590 2966 1661 χρήματα
3013 1589 3111 1643 καὶ
3148 1590 3489 1661 σατραπείας

1890 1686 1987 1740 καὶ
2011 1686 2360 1752 δυναστείας·
2393 1690 2515 1743 ούδέ
2546 1691 2655 1761 γὰρ
2688 1691 2938 1763 ἀράχνην
2982 1690 3157 1747 ταῦτα
3189 1690 3333 1748 εῖναι
3369 1695 3489 1749 ἐνό-

1893 1805 2082 1860 μισεν·
2131 1789 2246 1843 ἀλλ’
2297 1792 2440 1846 αὐτὰ
2497 1793 2567 1846 τὰ
2616 1795 2675 1848 ἐν
2721 1797 2836 1858 τοῖς
2883 1796 3134 1869 οὐρανοῖς
3172 1797 3346 1883 τίθει,
3394 1800 3490 1852 καὶ

1888 1890 2015 1945 τότε
2044 1880 2211 1946 αὐτοῦ
2256 1891 2378 1963 ὄψει
2427 1894 2519 1948 τὸν
2551 1896 2782 1969 σφοδρὸν
2832 1898 3013 1969 ἔρωτα
3055 1900 3149 1953 τὸν
3200 1880 3339 1973 πρδς
3395 1902 3490 1957 τὸν

1889 1994 2145 2067 Χριστόν.
2172 1987 2343 2060 Οὗτος
2370 1995 2482 2069 γάρ
2512 2000 2649 2067 πρὸς
2678 2000 2857 2053 ἐκεῖνο
2882 1999 2943 2052 rb
2978 2001 3223 2074 φίλτρον,
3251 2004 3354 2058 οὐκ
3385 2005 3486 2075 άγ-

1889 2095 2067 2164 γέλων
2095 2094 2255 2161 ἀξίαν
2286 2097 2621 2169 ἐθαύμασεν,
2661 2099 2762 2153 οὐκ
2815 2100 3193 2173 ἀρχαγγέλων,
3229 2104 3332 2158 οὐκ
3363 2105 3494 2159 ἄλλο

1890 2195 2131 2251 τοιοῦτον
2163 2196 2341 2251 οὐδέν.
2394 2197 2469 2251 Tb
2521 2199 2634 2271 γὰρ
2686 2200 2946 2255 ἁπάντων
3010 2202 3198 2272 μεῖζον
3248 2201 3392 2276 εἶχεν
3432 2206 3492 2259 ἐν
3556 2184 3563 2188 ’

1891 2298 2089 2370 ἐαυτῷ,
2134 2300 2228 2354 τὸν
2280 2299 2375 2355 τοῦ
2420 2300 2659 2373 Χριστοῦ
2702 2302 2916 2374 ἔρωτα,
2965 2305 3059 2359 καὶ
3111 2306 3250 2376 μετά
3296 2307 3489 2361 τούτου

1891 2398 2109 2455 πάντων
2151 2402 2346 2456 ἐαυτὸν
2406 2402 2825 2477 μακαριώτερον
2876 2399 3020 2458 εἶναι
3085 2407 3343 2478 ἐνόμισε·
3394 2413 3491 2464 καὶ

1890 2499 2079 2554 τούτου
2109 2487 2299 2573 χωρὶς,
2328 2503 2452 2557 οὐδὲ
2480 2505 2591 2558 τῶν
2621 2506 2984 2582 κυριοτήτων,
3017 2506 3139 2560 οὐδέ
3166 2508 3275 2561 τῶν
3306 2510 3491 2582 ἀρχῶν

1891 2602 1985 2654 καὶ
2014 2602 2122 2655 τῶν
2150 2602 2412 2667 ἐξουσιῶν
2454 2578 2709 2673 γενέσθαι
2737 2605 2889 2678 [484]
2918 2606 3141 2679 ηῦχετο,
3175 2609 3315 2663 ἀλλά
3349 2578 3491 2681 μετὰ

1890 2705 1989 2775 τῆς
2050 2704 2275 2776 ἀγάπης
2334 2706 2543 2779 ταύτης
2606 2710 2664 2761 ἐν
2726 2707 3176 2779 ἐσχάτοιςέἷναι
3237 2712 3492 2765 ἐϐούλετο

1895 2805 2095 2878 μᾶλλον
2124 2808 2220 2860 καὶ
2259 2808 2368 2861 τῶν
2399 2808 2805 2882 κολαζομένων,
2836 2812 2870 2885 ἢ
2902 2812 3110 2886 ταύτης
3153 2816 3347 2886 χωρίς,
3379 2814 3493 2872 τῶν

1892 2906 2078 2979 ἄκρων
2136 2908 2232 2963 καὶ
2282 2909 2395 2966 τῶν
2449 2913 2809 2984 τιμωμένων·
2858 2913 3084 2979 κόλασις
3135 2916 3247 2988 γὰρ
3296 2916 3493 2988 ἐκείνῳ

1894 3007 2013 3079 μία.
2040 3008 2101 3063 rb
2135 3010 2239 3081 τῆς
2272 3012 2496 3084 ἀγάπης
2527 3014 2734 3085 ταύτης
2774 3015 3095 3086 ἀποτυχεῖν.
3136 3016 3310 3072 Τοῦτο
3340 3019 3492 3089 αὐτῷ

1891 3106 2105 3175 γέεννα,
2145 3110 2305 3164 τοῦτο
2350 3113 2619 3184 τιμωρία,
2662 3113 2824 3169 τοῦτο
2872 3116 3045 3187 μυρία
3089 3116 3266 3171 κακά·
3299 3117 3490 3190 ὥσπερ

1892 3213 1985 3266 καὶ
2025 3213 2358 3280 ἀπόλαυσις,
2403 3215 2467 3269 rb
2511 3216 2718 3289 ταύτης
2771 3221 3080 3291 ἐπιτυχεῖν·
3134 3221 3294 3275 τοῦτο
3351 3222 3488 3295 ζωὴ,

1890 3315 2047 3368 τοῦτο
2087 3316 2313 3389 κόσμος,
2345 3318 2503 3373 τοῦτο
2540 3320 2793 3390 ἄγγελος,
2822 3324 2983 3377 τοῦτο
3029 3325 3295 3397 παρόντα,
3327 3326 3492 3383 τοῦτο

1893 3417 2180 3487 μέλλοντα,
2227 3418 2387 3473 τοῦτο
2435 3419 2716 3490 βασιλεία,
2757 3423 2919 3478 τοῦτο
2971 3426 3296 3497 ἐπαγγελία,
3330 3429 3490 3483 τοῦτο

1889 3518 1957 3572 τὰ
1990 3518 2160 3590 μυρία
2194 3520 2410 3591 ἀγαθά·
2442 3522 2633 3595 ἕτερον
2661 3524 2720 3577 δὲ
2757 3526 2910 3579 οὐδὲν
2942 3527 3053 3580 τῶν
3088 3528 3164 3600 μὴ
3210 3533 3489 3601 φερόντων

1888 3618 2146 3686 ἐνταῦθα,
2194 3621 2315 3676 ούδέ
2373 3622 2642 3696 λυπηρὸν,
2689 3625 2811 3679 ούδέ
2857 3628 2963 3699 ῂδὺ
3016 3626 3156 3683 εἶναι
3205 3616 3491 3703 ἐνόμιζεν·

1887 3718 2005 3773 ἀλλ’
2047 3720 2194 3776 οὕτω
2235 3725 2563 3797 κατεφρόνει
2612 3726 2723 3781 τῶν
2765 3728 3067 3799 δρωμένων
3120 3732 3361 3799 πάντων,
3412 3735 3489 3799 ὡς

1888 3817 1990 3890 τῆς
2026 3826 2491 3897 κατασηπομένης
2532 3825 2790 3898 βοτάνης·
2820 3827 3076 3900 τύραννοι
3100 3830 3157 3884 δὲ
3189 3834 3361 3905 αὐτῷ,
3394 3838 3489 3889 καὶ

1888 3921 2051 3995 δῆμοι
2097 3923 2272 3997 θυμοῦ
2307 3926 2582 3994 πνέοντες,
2626 3929 2894 3996 κώνωπες
2923 3928 3065 3987 εἶναι
3095 3934 3346 3990 ἐδόκουν·
3394 3936 3490 3991 θά-

1890 4041 2050 4088 νατος
2080 4026 2138 4079 δέ
2169 4027 2321 4099 αὐτῷ
2367 4030 2463 4084 καὶ
2506 4031 2772 4103 τιμωρίαι
2807 4033 2903 4086 καὶ
2954 4035 3147 4107 μυρίαι
3196 4038 3484 4105 κολάσεις,

1890 4126 2097 4181 παίδων
2143 4127 2473 4201 ἀθύρματα·
2512 4132 2654 4204 πλὴν
2699 4134 2753 4188 εῐ
2799 4152 2933 4191 ποτε
2983 4136 3073 4191 διὰ
3113 4137 3206 4193 τὸν
3250 4141 3488 4213 Χριστὸν

1890 4226 2152 4299 ὑπέμενε.
2178 4230 2315 4284 Τότε
2348 4231 2459 4304 γὰρ
2484 4234 2580 4312 καὶ
2607 4234 2779 4290 ταῦτα
2814 4238 3116 4309 ἡσπάζετο,
3146 4242 3243 4297 καὶ
3276 4245 3359 4308 είς
3386 4245 3488 4318 τὴν

1890 4329 2080 4384 ἅλυσιν
2129 4330 2305 4397 οὕτως
2353 4334 2780 4405 ἐκαλλωπίζετο,
2836 4340 2914 4404 ὡς
2950 4341 3074 4395 οὐδέ
3130 4342 3191 4397 τὸ
3249 4344 3489 4417 διάδημα

1886 4428 2080 4502 Νέρων
2112 4433 2206 4485 ἐπὶ
2254 4433 2355 4504 τῆς
2388 4436 2633 4509 κεφαλῆς
2676 4438 2816 4509 ἔχων
2838 4456 2852 4471 ·
2892 4442 2987 4496 καὶ
3018 4443 3080 4497 rb
3112 4443 3487 4518 δεσμωτήριον

1886 4534 1944 4588 δέ
1976 4534 2130 4605 ᾤκει,
2167 4536 2245 4600 ὼς
2273 4538 2437 4593 αὐτὸν
2479 4540 2571 4595 τὸν
2609 4542 2863 4615 οὐρανὸν,
2912 4548 3005 4600 καὶ
3048 4548 3345 4621 τραύματα
3393 4554 3490 4606 καὶ

1891 4636 2163 4707 μάστιγας
2207 4638 2424 4711 ἐδέχετο
2449 4641 2599 4713 ἥδιον
2626 4644 2836 4700 τούτων
2865 4646 2976 4702 τῶν
3005 4649 3075 4703 τά
3124 4650 3354 4722 βραϐεῖα
3387 4656 3490 4727 ἀρ-

1888 4736 2206 4801 παξόντων·
2240 4741 2333 4794 καὶ
2365 4743 2498 4808 τοὺς
2529 4743 2728 4811 πόνους
2756 4747 2932 4817 ἐφίλει
2961 4751 3072 4806 τῶν
3104 4752 3358 4809 ἐπάθλων
3386 4758 3487 4829 οὐχ

1888 4834 2069 4911 ἧττον,
2096 4840 2328 4897 ἔπαθλον
2359 4845 2490 4911 τοὺς
2513 4847 2712 4913 πόνους
2741 4846 2881 4905 εἶναι
2912 4853 3153 4924 νομίζων
3174 4874 3188 4887 ο
3216 4858 3305 4912 διὰ
3328 4860 3488 4915 τοῦτο

1887 4940 1981 4995 καὶ
2024 4943 2185 5015 χάριν
2229 4944 2428 5011 αὐτοὺς
2475 4949 2683 5005 ἐκάλει.
2734 4952 2937 5007 Σκόπει
2968 4954 3047 5008 δέ·
3081 4957 3360 5013 Ἔπαθλον
3391 4956 3483 5032 ἦν,

1885 5040 1947 5093 rb
1976 5040 2242 5098 ἀναλῦσαι
2281 5046 2376 5100 καὶ
2419 5047 2517 5101 σὺν
2561 5049 2786 5123 Χριστῷ
2814 5049 2975 5118 εἷναι,
3009 5054 3071 5109 rb
3098 5056 3157 5111 δέ
3201 5059 3483 5132 ἐπιμεῖναι

1885 5142 1951 5210 τῇ
1989 5142 2172 5213 σαρκὶ,
2217 5146 2247 5197 ὀ
2282 5145 2432 5215 ἀγὼν
2474 5138 2661 5214 οὗτος·
2699 5153 2818 5206 ἀλλ’
2857 5156 3004 5227 ὅμως
3067 5157 3227 5212 τοῦτο
3282 5162 3483 5231 μᾶλλον

1886 5241 2120 5312 αἱρεῖται
2189 5246 2400 5302 ἐκείνου
2421 5290 2435 5313 ,
2492 5235 2588 5306 καὶ
2636 5255 3065 5331 ἀναγκαιότερον
3120 5261 3274 5332 αὐτῷ
3342 5259 3484 5319 εἷναί

1886 5360 2054 5413 φησι·
2090 5347 2151 5399 rb
2181 5346 2430 5422 ἀνάθεμα
2479 5355 2588 5409 ἀπὸ
2627 5359 2866 5430 Χριστοῦ
2909 5363 3184 5432 γενέσθαι,
3218 5366 3368 5435 ἀγὼν
3414 5365 3484 5438 ἦν

1887 5443 1982 5497 καὶ
2017 5447 2207 5512 πόνος,
2253 5451 2455 5521 μᾶλλον
2502 5454 2560 5509 δέ
2609 5460 2702 5513 καὶ
2740 5461 2880 5527 ὑπὲρ
2914 5464 3103 5519 ἀγῶνα
3138 5470 3232 5521 καὶ
3281 5470 3443 5523 πόνον
3463 5491 3477 5503 ·

1884 5566 1946 5619 τὸ
1979 5570 2095 5638 μετ’
2127 5571 2314 5641 αὑτοῦ,
2346 5574 2603 5636 ἔπαθλον.
2643 5583 2803 5638 Ἀλλά
2830 5584 2988 5642 τοῦτο
3015 5588 3219 5657 μᾶλλον
3243 5594 3481 5664 αἱρεῖται

1886 5666 2093 5723 ἐκείνου
2117 5672 2208 5726 διά
2235 5675 2327 5730 τὸν
2356 5678 2611 5751 Χριστόν.
2655 5684 2795 5738 Ἀλλ’
2824 5688 2953 5752 ἴσως
2991 5689 3136 5745 εἴποι
3166 5709 3249 5756 τις
3280 5694 3366 5756 ἂν,
3397 5697 3480 5748 ὅτι

1884 5768 2055 5826 ταῦτα
2096 5775 2274 5831 πάντα
2317 5778 2407 5836 διὰ
2434 5780 2525 5835 τὸν
2558 5783 2791 5855 Χριστὸν
2831 5790 2957 5861 ἡδέα
3006 5793 3155 5863 αὐτῷ
3188 5790 3276 5865 ἦν.
3312 5796 3482 5850 Τοῦτο

3091 5883 3129 5945 5
