4070 6430
149 419 250 476 491

147 537 445 601 conﬁteor;
488 530 741 605 quoniam
785 544 904 604 quae
945 528 1100 586 nobis
1146 533 1451 624 suntcausa
1487 519 1734 624 tristitiae,

147 633 268 685 haec
301 628 378 682 illi
407 626 682 697 pariebant
709 623 995 679 maximam
1023 620 1370 714 voluptatem.
1398 613 1467 669 Et
1493 609 1620 682 quid
1639 623 1740 714 ego

145 720 390 789 pericula
421 731 792 787 serumnasqne
816 709 1220 769 commemoro?
1249 709 1307 805 In
1337 718 1569 805 nitet-ore
1596 709 1738 805 enim

143 805 393 864 maximo
435 810 524 866 ille
542 808 877 873 versabatur,
919 812 1135 874 propter
1166 798 1308 871 quod
1338 795 1579 852 diccbat:
1613 793 1740 861 Quis

138 905 463 971 inﬁrmatur,
494 911 540 956 et
567 917 659 972 ego
684 916 785 954 non
822 898 1053 966 inﬁrmor
1073 895 1098 948 ?
1120 893 1231 964 quis
1271 889 1664 992 scandalizatus,
1692 893 1742 992 et

137 1010 235 1065 ego
267 1011 375 1049 non
401 1011 520 1049 uror
539 993 632 1066 (2.
663 992 782 1045 Cor.
816 992 902 1046 il.
927 989 998 1046 29
1028 989 1090 1058 )?
1116 987 1228 1042 Etsi
1257 987 1309 1039 in
1339 996 1570 1086 maerore
1598 980 1740 1085 dicat

136 1102 365 1157 quoque
389 1086 508 1156 quis
534 1086 712 1139 inesse
757 1083 987 1153 aliquam
1014 1080 1344 1176 voluptatem
1369 1094 1383 1130 :
1413 1075 1736 1176 multi-enini

136 1163 362 1232 illorum
407 1177 496 1245 qui
546 1175 774 1229 ﬁliorum
813 1173 1075 1229 mortibus
1126 1169 1493 1232 vulnerantur,
1538 1163 1736 1235 aliquid

135 1267 532 1324 consolationis
583 1267 872 1336 accipiunt,
921 1263 968 1320 si
1001 1277 1124 1318 cum
1171 1260 1281 1316 suis
1322 1257 1535 1313 ﬂetibus
1569 1255 1737 1312 relin-

135 1369 416 1430 quuntur;
459 1358 732 1429 magisque
756 1357 957 1424 dolent,
989 1370 1111 1410 cum
1138 1353 1324 1451 dolere
1363 1349 1733 1451 prohibentur.

134 1452 229 1508 Sic
260 1451 424 1522 igitur
451 1457 506 1506 et
531 1449 728 1504 Paulus
756 1456 914 1504 nocte
934 1454 990 1502 et
1011 1445 1102 1501 die
1123 1442 1542 1500 consolationem
1587 1442 1736 1495 exci-

136 1539 330 1608 piebat
385 1555 452 1595 ex
503 1538 756 1610 lacrymis
783 1554 797 1589 :
829 1535 1005 1590 nullus
1039 1533 1302 1604 siquidem
1354 1538 1502 1585 tanto
1542 1528 1734 1584 affectu

134 1630 284 1684 mala
310 1629 547 1700 propria,
575 1643 733 1699 quam
759 1627 852 1682 ille
878 1623 1109 1680 deﬂebat
1131 1623 1326 1678 aliena.
1369 1618 1730 1689 Quemadmo-

134 1719 268 1774 dum
301 1719 446 1775 enim
475 1720 625 1773 illum
653 1717 888 1788 opinaris
907 1715 1185 1781 afﬂictum,
1214 1727 1335 1767 cum
1383 1708 1730 1781 perditionem

133 1809 454 1864 Iudaeorum
483 1809 649 1875 dolet,
678 1809 788 1878 qui,
813 1815 873 1862 ut
913 1806 988 1860 illi
1019 1805 1153 1860 salvi
1195 1803 1407 1868 ﬁerent,
1447 1801 1681 1870 seipsum
1702 1813 1731 1852 a

133 1903 396 1956 caelorum
441 1901 610 1971 gloria
655 1900 900 1970 cupiebat
932 1896 1145 1952 excludi
1174 1896 1192 1966 (
1224 1895 1376 1948 Rom.
1407 1892 1463 1948 9.
1494 1892 1527 1946 5
1559 1892 1617 1962 )?
1664 1890 1732 1944 Et

134 1993 267 2047 inde
289 1993 393 2047 hoc
419 1990 756 2047 manifestum
782 1990 1020 2060 est,quia
1037 1989 1239 2042 scilicet
1266 2000 1370 2040 non
1392 1983 1584 2038 salvari
1605 1983 1732 2045 illos

132 2086 388 2140 acerbius
412 2085 729 2151 aestimabat,
758 2099 918 2154 quam
944 2082 1178 2151 seipsum
1203 2078 1380 2148 perire
1403 2096 1417 2132 :
1441 2086 1530 2129 aut
1557 2077 1599 2129 si
1625 2092 1729 2130 non

133 2178 406 2239 acerbius,
441 2191 727 2244 numquam
754 2173 898 2229 aliud
922 2180 1196 2243 optasset:
1219 2169 1359 2240 quod
1382 2170 1559 2239 utique
1580 2168 1729 2237 quasi

133 2266 476 2322 tolerabilius
503 2267 685 2335 elegit.
716 2265 815 2332 Qui
845 2279 967 2319 cum
998 2272 1143 2318 certe
1181 2276 1275 2331 spe
1298 2261 1527 2313 maxima
1569 2258 1729 2312 futuri

134 2357 347 2425 prmmii
380 2356 706 2424 pasceretur,
759 2370 864 2408 non
916 2352 1277 2423 perfunctorie
1329 2349 1457 2404 illud
1489 2348 1726 2418 optabat,

130 2445 234 2499 sed
260 2445 523 2499 clamabat
540 2445 757 2499 dicens:
786 2443 1039 2510 Quoniam
1064 2442 1269 2495 tristitia
1289 2450 1360 2494 cst
1382 2439 1503 2491 mihi
1524 2455 1728 2507 magna,

130 2545 182 2588 et
215 2536 485 2590 continuus
518 2533 664 2588 dolor
692 2536 836 2588 cordi
865 2550 974 2587 meo
1025 2532 1189 2599 (Ibid.
1219 2548 1266 2585 υ.
1298 2531 1334 2584 2
1357 2531 1398 2601 ).
1430 2531 1582 2584 Hunc
1602 2544 1730 2598 ergo

131 2626 206 2681 de
233 2627 480 2696 singulis,
529 2636 586 2680 ut
616 2627 685 2679 ita
723 2625 972 2687 dixerim,
1006 2622 1389 2677 habitatoribus
1413 2619 1592 2674 mundi
1623 2630 1728 2674 tam

130 2716 488 2772 vehementer
507 2716 797 2780 dolentem,
823 2726 874 2769 et
895 2717 948 2769 in
979 2728 1266 2769 commune
1303 2728 1400 2782 pro
1426 2714 1650 2776 cunctis,
1677 2723 1732 2765 et

128 2808 385 2876 gentibus
410 2815 464 2861 et
503 2807 742 2868 urbibus.
771 2821 868 2875 pro
914 2820 1232 2875 unoquoque
1278 2804 1618 2872 peculiariter
1665 2803 1732 2857 la-

131 2906 494 2961 mentantem,
524 2899 732 2952 cuinam
752 2912 930 2952 rerum
948 2897 1140 2967 aliquis
1168 2898 1364 2977 poterit
1390 2911 1725 2966 comparare,

129 2990 220 3044 cui
277 2990 440 3054 ferro,
469 2990 552 3043 cui
598 2989 909 3043 adamanti?
939 2989 1200 3055 Quidnam
1227 2989 1419 3058 aliquis
1449 2989 1590 3042 illam
1633 3004 1731 3057 ap-

133 3080 298 3150 pellet
347 3080 603 3146 animam,
634 3095 923 3135 aureamne
965 3080 1154 3148 magis,
1189 3093 1257 3132 an
1290 3079 1730 3134 adamantinam?

131 3170 269 3225 Nam
301 3180 355 3224 et
382 3180 498 3225 erat
524 3172 669 3224 omni
699 3171 981 3225 adamante
1007 3169 1215 3236 fortior,
1242 3178 1298 3224 et
1324 3185 1454 3223 auro
1479 3171 1732 3239 gemmis-

133 3277 242 3333 que
261 3262 548 3332 pretiosior
567 3279 581 3315 :
605 3269 660 3316 et
678 3262 901 3316 alteram
918 3260 1134 3331 quidem
1158 3263 1434 3314 materiam
1461 3261 1730 3326 firmitate,

133 3353 362 3407 alteram
390 3366 520 3406 vero
547 3352 880 3422 pretiositate
899 3352 1205 3419 superabat.
1235 3351 1331 3405 Cui
1358 3367 1486 3420 ergo
1508 3353 1587 3405 rei
1617 3351 1732 3405 lucc

133 3443 203 3498 ab
247 3442 426 3511 aliquo
472 3441 651 3496 anima
699 3441 1083 3512 comparetur?
1113 3442 1312 3496 Earum
1359 3441 1575 3512 quidem
1612 3457 1733 3511 qua:

132 3542 264 3589 sunt
286 3532 507 3588 omnino
534 3531 689 3587 nulli.

208 3665 410 3720 Paulus
436 3683 563 3721 auro
582 3679 630 3722 et
658 3668 928 3723 adamante
953 3669 1399 3741 faniam—Quod
1421 3671 1464 3725 si
1489 3673 1574 3727 vel
1600 3687 1734 3728 auro

133 3759 438 3814 adamantis
460 3759 731 3827 fortitudo,
759 3760 841 3816 vel
867 3761 1134 3816 adamanti
1155 3762 1327 3818 honor
1349 3763 1566 3819 daretur
1592 3768 1728 3831 auri,

133 3862 253 3906 tum
291 3852 430 3906 forte
467 3850 646 3921 aliquo
676 3851 837 3907 modo
864 3854 1193 3921 comparatio
1222 3856 1338 3924 ejus
1364 3854 1513 3910 Pauli
1551 3868 1734 3926 posset

133 3943 330 3996 animae
351 3945 654 3997 convenire.
673 3941 778 3998 Sed
799 3943 922 4013 quid
945 3959 1044 4013 ego
1059 3943 1419 4012 adamantem,
1443 3947 1522 4002 vel
1545 3962 1731 4002 aurum

133 4032 205 4087 ad
242 4031 646 4087 similitudinem
668 4033 873 4088 adduco
898 4033 1082 4088 Pauli?
1105 4035 1358 4090 Mundum
1389 4037 1435 4092 si
1461 4052 1493 4093 e
1521 4038 1734 4095 diverso

133 4122 410 4194 appendas
436 4136 649 4178 omnem
667 4164 684 4189 ,
713 4131 841 4179 tunc
870 4125 1074 4180 videbis
1115 4136 1299 4195 aperte
1330 4129 1475 4184 Pauli
1514 4145 1734 4203 vergere

134 4213 349 4281 pondus
386 4213 663 4270 examinis.
709 4214 764 4269 Si
790 4216 930 4270 cnim
961 4217 1028 4271 de
1071 4216 1136 4271 iis
1159 4258 1173 4280 ,
1207 4220 1297 4288 qui
1347 4218 1398 4273 in
1443 4223 1653 4277 melotis
1680 4233 1736 4279 et

131 4306 421 4373 specubus,
444 4314 499 4365 et
525 4305 575 4358 in
602 4306 795 4375 exigua
816 4309 963 4361 orbis
992 4317 1139 4377 parte
1168 4311 1516 4370 versabantur
1544 4315 1732 4386 (Hebr.

135 4396 195 4446 ll
261 4393 366 4463 38)
386 4434 402 4458 ,
431 4392 532 4448 hoc
557 4393 758 4448 dictum
787 4405 869 4449 est
901 4413 915 4450 :
943 4406 1143 4467 quanto
1173 4402 1340 4472 magis
1368 4417 1464 4457 nos
1494 4404 1734 4462 dicemus

135 4483 362 4538 Paulum
391 4485 588 4538 mundo
610 4526 627 4551 ,
655 4494 710 4539 et
743 4488 994 4544 omnibus
1020 4505 1140 4561 qua:
1170 4493 1223 4546 in
1264 4493 1462 4548 mundo
1501 4505 1624 4549 sunt
1651 4497 1732 4552 di-

132 4575 422 4644 gniorem?
450 4573 506 4630 Si
550 4576 709 4646 igitur
747 4593 816 4633 eo
853 4580 1083 4635 mundus
1127 4582 1319 4652 dignus
1349 4600 1454 4640 non
1502 4595 1619 4652 est,
1665 4590 1734 4643 sit

136 4668 275 4721 forte
301 4667 382 4722 vel
403 4669 589 4722 czelum
615 4687 629 4733 ;
661 4671 754 4725 sed
783 4672 923 4728 istud
953 4689 1166 4745 quoque
1194 4676 1459 4733 invenitur
1488 4681 1728 4739 inferius.

135 4758 192 4810 Si
224 4757 366 4812 enim
392 4757 493 4813 iste
531 4774 639 4818 non
663 4762 834 4816 solum
861 4765 1048 4818 caelum
1072 4806 1088 4831 ,
1113 4766 1206 4820 sed
1236 4783 1354 4836 quae
1386 4766 1648 4824 habentur
1678 4774 1731 4828 in

135 4849 283 4904 caelis
305 4849 400 4905 Dei
427 4852 724 4920 postposuit
745 4853 950 4909 caritati
977 4873 990 4909 :
1019 4859 1292 4925 quomodd
1315 4877 1420 4921 non
1445 4865 1610 4933 magis
1632 4865 1734 4920 Do.

135 4942 314 4995 minus
333 4983 350 5007 ,
380 4943 468 5010 qui
510 4951 661 4998 tanto
691 4953 774 4999 est
797 4945 1076 5017 benignior
1105 4949 1270 5006 Paulo
1289 4995 1304 5020 ,
1346 4966 1547 5024 quanto
1575 4960 1732 5013 mali-

137 5029 264 5082 tiam
293 5029 501 5086 bonitas
527 5035 832 5100 antecellit,
886 5037 1178 5094 innumeris
1216 5055 1339 5096 cum
1363 5045 1508 5100 caelis
1531 5046 1733 5115 judicat

135 5118 433 5186 digniorem
454 5120 479 5174 τ
503 5119 616 5176 Non
645 5124 787 5178 enim
817 5137 1074 5194 quantum
1106 5144 1203 5185 nos
1229 5131 1400 5202 diligit
1429 5135 1588 5201 Deus,
1621 5147 1733 5191 tan-

137 5217 250 5262 tum
265 5222 299 5263 ι
319 5209 472 5263 nobis
485 5210 720 5281 diligitur
747 5215 860 5282 ipse
878 5231 892 5278 ;
925 5216 1016 5271 sed
1039 5225 1185 5274 tanto
1204 5221 1445 5291 eﬂ‘usius,
1477 5239 1731 5296 quantum

136 5314 237 5354 nec
263 5315 444 5356 sermo
471 5304 684 5373 quidem
709 5306 904 5364 sufficit
928 5311 1214 5381 explicare.

211 5429 405 5497 Quibus
442 5436 664 5504 praedis
708 5440 761 5490 in
789 5439 886 5493 Itac
931 5439 1030 5493 vita
1077 5441 1274 5499 Paulus
1313 5447 1529 5503 donatus
1556 5453 1637 5504 sit.
1660 5484 1731 5494 ——

137 5521 550 5580 Consideremus
567 5541 697 5598 ergo
714 5532 927 5599 quantis
950 5533 1096 5588 illum
1117 5534 1406 5594 honoribus
1421 5543 1580 5598 etiam
1605 5556 1731 5602 ante

138 5621 348 5684 tempus
378 5619 784 5676 resurrectionis
810 5622 1079 5679 extulerit.
1124 5625 1181 5682 ln
1202 5631 1505 5697 paradisum
1534 5637 1726 5704 rapuit,

136 5715 188 5759 et
213 5706 268 5762 in
294 5708 484 5764 calum
502 5712 715 5767 tertium
743 5713 1058 5785 sublevavit,
1084 5718 1366 5779 ineffabilia
1396 5728 1571 5781 arcani
1602 5728 1729 5786 fecit

978 404 1072 467 ne
1111 401 1449 467 LAUDIBUS
1485 399 1543 458 s.
1583 381 1788 458 PAULI
1829 397 2185 457 APOSTOLI.
2225 398 2454 458 unum
2497 399 2561 457 ιι.

3338 409 3446 464 Ηῖ

1847 527 1968 570 esse
1995 517 2305 588 participem
2330 557 2347 584 ,
2397 517 2687 588 taliumque
2717 519 3089 590 mysteriorum
3129 524 3402 576 conscium
3430 567 3443 589 ,

1847 620 1967 676 quae
1995 606 2122 662 nulli
2150 606 2427 662 hominum
2458 607 2537 663 fas
2563 609 2723 664 fuerit
2748 609 2992 666 conﬁteri
3032 611 3124 684 (2.
3153 612 3273 667 Cor.
3309 617 3372 669 l2
3398 623 3439 684 ).

1846 695 1956 752 Nec
1983 697 2252 755 immerito
2280 716 2295 753 :
2325 698 2587 770 siquidem
2612 699 2807 757 Paulus
2829 702 2880 756 in
2907 711 3046 758 terra
3073 704 3340 774 gradiens,
3371 707 3447 762 sic

1846 801 1906 842 se
1929 788 2118 857 agebat
2144 789 2198 844 in
2223 790 2428 844 cunctis
2449 830 2466 857 ,
2496 791 2646 860 quasi
2673 793 2984 863 angelorum
3015 797 3273 852 societate
3298 797 3442 852 frue-

1850 886 2016 933 retur.
2048 877 2183 934 Nam
2211 879 2449 950 passibili
2471 881 2647 937 adhuc
2669 883 2951 954 colligatus
2971 888 3203 955 corpori,
3234 888 3445 942 illorum

1845 970 2171 1040 perfectione
2190 974 2471 1045 gaudebat,
2497 977 2764 1046 tantisque
2786 977 3157 1048 fragilitatibus
3176 981 3444 1047 subditus,

1847 1061 1899 1117 in
1918 1063 2064 1119 nullo
2085 1065 2306 1121 inferior
2328 1068 2577 1137 supernis
2598 1069 2883 1124 virtutibus
2905 1085 3162 1140 apparere
3182 1075 3415 1127 certabat
3429 1114 3442 1126 .

1843 1153 1976 1208 Nam
2017 1164 2071 1211 et
2095 1163 2364 1227 tamquam
2392 1168 2653 1229 pennatus
2690 1169 2856 1216 totum
2878 1161 3122 1218 docendo
3151 1168 3443 1236 pervolavit

1843 1249 2051 1316 orbem,
2081 1260 2137 1306 et
2165 1251 2312 1308 velut
2337 1253 2681 1324 incorporeus
2707 1256 2920 1323 labores
2950 1258 3290 1330 periculaque
3309 1277 3443 1322 con-

1845 1340 2062 1409 tempsit
2080 1381 2096 1406 ,
2117 1349 2172 1395 et
2189 1343 2340 1412 quasi
2354 1343 2466 1414 jam
2489 1345 2673 1400 ctelum
2697 1348 2994 1417 possidens,
3016 1360 3201 1408 cuncta
3229 1369 3446 1424 prorsus

1843 1434 2052 1484 terrena
2076 1430 2339 1500 despexit.
2372 1443 2425 1489 et
2450 1441 2715 1506 tamquam
2744 1454 2865 1494 cum
2893 1441 3021 1510 ipsis
3056 1442 3165 1523 jam
3193 1444 3445 1516 incorpo-

1840 1518 1950 1574 reis
1972 1521 2255 1578 virtutibus
2283 1523 2532 1596 degeret,
2567 1528 2635 1583 ita
2658 1529 2771 1600 jugi
2800 1534 2996 1588 mentis
3035 1518 3331 1593 intentione
3361 1540 3444 1593 vi-

1837 1610 2109 1681 gilavit.Et
2125 1616 2326 1685 angelis
2338 1618 2549 1687 quidem
2564 1635 2705 1690 szepe
2720 1623 3048 1679 diversarum
3064 1627 3296 1697 gentium
3315 1644 3442 1684 cura

1838 1704 2123 1760 commissa
2138 1714 2238 1770 est,
2259 1708 2352 1762 sed
2371 1709 2546 1763 nullus
2560 1711 2768 1766 illorum
2785 1713 2855 1766 ita
2875 1715 3136 1771 creditum
3151 1717 3249 1772 sibi
3270 1734 3442 1788 popu-

1838 1791 1945 1847 lum
1959 1796 2289 1867 gubernavit,
2306 1809 2365 1854 ut
2380 1800 2574 1856 Paulus
2591 1804 2895 1861 universum
2907 1808 3440 1879 gubernavitorbem.

1837 1881 2020 1954 Neque
2035 1902 2164 1943 vero
2181 1887 2346 1956 dicas,
2369 1892 2490 1960 quia
2509 1892 2623 1948 hate
2649 1909 2755 1950 non
2783 1897 3234 1966 perﬁciebantura
3255 1903 3438 1959 Paulo:

1839 1974 1940 2030 hoc
1959 1977 2102 2032 enim
2124 1979 2282 2034 etiam
2307 1997 2406 2052 ego
2429 1983 2617 2040 fateor.
2652 1987 2758 2041 Sed
2785 1991 2884 2043 e‘tsi
2913 1991 3027 2060 ipse
3057 2008 3162 2048 non
3192 2004 3307 2049 erat
3348 1999 3440 2066 qui

1837 2077 2024 2121 cuncta
2041 2071 2363 2140 complebat,
2388 2090 2721 2146 nequaquam
2741 2088 2914 2134 tamen
2937 2083 3004 2137 ab
3021 2098 3205 2138 eorum
3222 2102 3441 2156 operum

1837 2160 2082 2215 laudibus
2097 2166 2473 2233 separabatur:
2494 2171 2615 2239 quia
2635 2173 2813 2242 utique
2833 2174 3048 2245 dignum
3069 2187 3226 2233 tanta:
3243 2197 3302 2235 se
3315 2197 3442 2252 gra-

1838 2251 1923 2306 tia:
1956 2257 2276 2323 praeparavit
2308 2257 2444 2329 [per
2471 2277 2629 2330 quam
2678 2270 2782 2317 tam
2815 2268 3090 2337 magnifica
3117 2281 3170 2324 et
3198 2251 3432 2340 gloriosa

1836 2343 2182 2418 perﬁceret].
2217 2348 2456 2404 Blicbael-i
2487 2368 2616 2422 gens
2648 2358 2932 2412 commissa
2963 2369 3044 2414 est
3091 2361 3395 2418 Judmorutu
3425 2387 3437 2419 :

1837 2431 2002 2488 Paulo
2031 2451 2159 2490 vero
2185 2446 2347 2506 terra,
2379 2455 2440 2496 ac
2469 2449 2632 2497 maria
2670 2457 2827 2517 atque
2857 2450 3086 2505 universi
3118 2453 3265 2507 orbis
3292 2457 3441 2510 habi-

1837 2524 1966 2577 tatio
1993 2565 2007 2590 ,
2040 2527 2316 2599 ipsumque
2340 2531 2610 2588 desertum
2639 2577 2652 2600 ,
2701 2547 2755 2590 et
2783 2538 2885 2593 hoc
2913 2556 3018 2594 non
3049 2542 3115 2596 ad
3145 2545 3395 2615 injuriam
3423 2588 3438 2609 ,

1835 2615 1974 2683 quod
1997 2617 2152 2682 absit,
2177 2621 2486 2689 angelorum
2518 2641 2532 2690 ;
2562 2626 2656 2681 sed
2685 2629 3017 2686 ostendimus
3042 2648 3161 2687 esse
3185 2637 3440 2703 possibile

1836 2703 1939 2758 illis
1970 2705 2238 2763 hominem
2273 2715 2534 2782 cepulari,
2563 2716 2821 2788 juxtaque
2848 2722 3057 2776 illorum
3092 2727 3279 2781 merita
3309 2743 3439 2783 con-

1835 2794 2044 2851 sistere.
2078 2799 2239 2868 Cujus
2267 2813 2444 2858 autem
2473 2807 2547 2860 rei
2578 2810 2746 2876 gratia
2773 2827 2875 2865 non
2898 2815 3101 2882 angelis
3125 2817 3300 2884 potius
3327 2819 3441 2874 lucc

1837 2887 2227 2955 praedicationis
2256 2908 2381 2949 cura
2422 2901 2702 2954 commissa
2735 2905 2859 2957 est?
2889 2905 2956 2960 Ut
2983 2909 3184 2963 nulloin
3232 2913 3438 2968 scilicet

1812 2981 2196 3042 excusationis
2239 2985 2473 3041 colorem
2519 2985 2792 3061 negligens
2837 2996 3109 3063 invenias,
3162 3017 3224 3056 ac
3269 3018 3335 3058 ne
3384 3015 3438 3059 In

1835 3069 1899 3121 ad
1924 3070 2284 3129 diversitatem
2309 3087 2510 3134 natura:
2536 3083 2852 3154 confugeres
2872 3088 3187 3147 dormiendo
3209 3111 3221 3146 :
3246 3095 3440 3152 deinde

1838 3169 1894 3213 ut
1923 3172 2070 3218 tanto
2100 3167 2258 3221 etiam
2287 3171 2458 3239 major
2498 3189 2717 3242 operum
2758 3180 3044 3236 admiratio
3083 3200 3393 3244 nasceretur
3420 3234 3434 3252 .

1837 3264 2035 3322 quanto
2078 3257 2147 3312 de
2206 3270 2390 3316 natura
2441 3265 2691 3324 inferiore
2743 3274 3110 3340 procederent.
3161 3281 3441 3348 Quomodo

1837 3345 1978 3398 enim
2006 3361 2109 3401 non
2130 3349 2443 3409 admirabile
2467 3357 2566 3410 hoc
2591 3369 2750 3430 atque
2772 3363 3116 3433 improvisum
3142 3345 3433 3442 videretur,

1836 3449 1955 3489 cum
1978 3453 2042 3492 ex
2067 3448 2271 3495 terrena
2296 3444 2474 3514 lingua
2497 3463 2675 3502 sermo
2697 3457 2996 3534 prosiliens,
3026 3471 3248 3516 mortem
3272 3465 3438 3535 fugat,

1839 3540 2051 3598 peccata
2076 3532 2334 3602 dissolvit,
2368 3540 2614 3596 tenebras
2643 3547 2898 3602 caecilatis
2927 3532 3211 3619 illuminat,
3239 3565 3294 3611 et
3315 3575 3435 3613 mu-

1839 3616 2039 3677 tatione
2080 3625 2302 3681 miriﬁca
2339 3639 2536 3685 terram
2564 3639 2825 3692 convertit
2869 3640 2921 3694 in
2951 3644 3184 3699 caelum?
3215 3647 3443 3720 Pr0pter

1837 3708 1939 3765 hoc
1967 3712 2123 3781 igitur
2148 3725 2338 3785 stupeo
2377 3720 2624 3777 virtutem
2655 3727 2745 3781 Dei
2769 3769 2783 3792 ,
2820 3741 3037 3801 propter
3064 3734 3164 3790 hoc
3204 3708 3443 3795 admiror

1840 3811 2138 3873 promptum
2165 3805 2402 3862 animum
2430 3809 2576 3865 Pauli
2600 3855 2615 3878 ,
2643 3818 2912 3884 quomodo
2939 3835 3000 3876 se
3046 3825 3206 3879 talem
3235 3828 3438 3885 studuit

1839 3893 2121 3962 exhibere,
2154 3900 2423 3966 quomodo
2449 3918 2507 3958 se
2538 3914 2698 3961 tanta:
2727 3912 2910 3978 gratiae
2937 3928 3185 3984 capacem
3214 3922 3436 3988 paravit.

1841 3984 1946 4040 Vos
1972 3997 2150 4045 autem
2178 4007 2327 4062 rogo,
2353 4004 2410 4048 ut
2430 4012 2537 4051 non
2561 3999 2826 4056 miremini
2849 4005 3042 4072 solum,
3064 4025 3248 4065 verum
3272 4014 3434 4069 etiam

1840 4080 2118 4136 imitemini
2166 4085 2268 4140 hoc
2312 4095 2416 4143 tam
2457 4090 2660 4147 clarum
2704 4096 2915 4153 virtutis
2966 4104 3319 4173 exemplum:
3361 4109 3438 4163 sic

1840 4185 2069 4241 namque
2099 4176 2392 4242 poterimus
2444 4195 2763 4238 coronarum
2810 4187 2928 4257 ejus
2963 4205 3084 4246 esse
3126 4196 3434 4265 participes.

1838 4262 1992 4330 Quod
2022 4267 2065 4320 si
2093 4267 2283 4339 aliquis
2326 4287 2422 4326 nos
2447 4272 2645 4330 dixisse
2671 4278 2897 4334 miratur
2915 4322 2930 4347 ,
2960 4285 3081 4353 quia
3109 4262 3436 4359 quicumque

1840 4354 2083 4411 habuerit
2105 4357 2246 4413 Pauli
2271 4363 2482 4430 merita,
2506 4366 2691 4421 eadem
2717 4369 2788 4423 sit
2807 4371 2968 4426 etiam
2999 4354 3279 4432 habiturus
3298 4354 3438 4450 pra:-

1837 4445 1942 4500 mia
1967 4488 1982 4513 ,
2013 4447 2183 4519 ipsum
2223 4453 2403 4508 audiat
2431 4457 2502 4508 ita
2532 4456 2799 4514 dicentem
2825 4467 2852 4513 :'
2869 4460 3133 4519 Certamen
3157 4508 3173 4532 ,
3223 4445 3434 4539 inquit,

1837 4536 2019 4593 bonum
2039 4545 2222 4597 certan
2241 4587 2255 4610 ,
2287 4561 2489 4600 cursant
2531 4554 2874 4606 consummavi
2889 4596 2904 4620 ,
2931 4556 3084 4623 ﬁdem
3107 4561 3300 4613 servavi
3324 4578 3344 4627 ;
3373 4563 3440 4616 de

1836 4640 2017 4684 caztero
2059 4636 2278 4703 reposita
2305 4647 2379 4689 est
2403 4638 2528 4692 mihi
2557 4656 2743 4695 corona
2776 4643 2993 4712 justitim
3018 4688 3033 4712 ,
3075 4665 3227 4715 quam
3264 4652 3439 4706 reddet

1836 4724 1960 4777 mihi
1988 4723 2233 4780 Dominus
2259 4728 2311 4781 in
2332 4728 2415 4783 die
2437 4729 2528 4784 illa
2539 4717 2711 4801 justus
2733 4735 2894 4802 judea:
2919 4752 2938 4789 :
2957 4754 3058 4792 non
3086 4739 3250 4794 solum
3269 4753 3438 4797 autem

1836 4815 1992 4878 mihi,
2015 4817 2106 4869 sed
2131 4827 2179 4870 et
2218 4817 2280 4872 iis
2303 4821 2391 4888 qui
2415 4822 2634 4892 diligunt
2669 4825 2938 4881 aduentum
2965 4830 3075 4898 ejus
3105 4830 3180 4901 (2.
3213 4832 3346 4887 Tim.
3379 4837 3436 4892 4.

1837 4905 1888 4957 7.
1917 4903 2010 4977 8).
2042 4906 2202 4962 Vides
2231 4918 2377 4965 certe
2415 4914 2685 4981 quomodo
2714 4926 2937 4972 cunctos
2959 4919 3014 4973 in
3040 4921 3285 4976 eamdem
3309 4926 3426 4994 glo-

1835 4997 1929 5051 ria:
1957 5001 2382 5056 communionem
2413 5007 2609 5059 vocet?
2632 5006 2764 5075 Quia
2787 5009 2947 5078 igitur
2972 5012 3218 5067 omnibus
3243 5015 3432 5071 eadem

1837 5105 2029 5145 corona
2048 5092 2228 5161 glorite
2246 5096 2511 5164 proposita
2526 5107 2624 5161 est,
2646 5098 2953 5155 studeamus
2964 5117 3151 5158 omnes
3164 5103 3276 5159 ﬁeri
3291 5107 3436 5178 digni

1837 5182 1939 5237 illis
1964 5183 2116 5238 bouis
2139 5225 2155 5251 ,
2177 5201 2295 5255 quae
2322 5188 2578 5256 promissa
2605 5201 2745 5246 sunt.
2773 5191 2954 5263 Neque
2973 5195 3146 5250 solum
3171 5199 3438 5269 magnitu-

1835 5274 2013 5330 dinem
2039 5285 2197 5345 atque
2224 5280 2565 5334 eminentiam
2597 5282 2648 5336 in
2681 5283 2770 5337 illo
2795 5283 3052 5340 debemus
3093 5289 3436 5345 considerare

1837 5367 2087 5420 virtutum
2105 5378 2156 5422 et
2172 5379 2473 5440 promptum
2493 5372 2621 5427 illud
2641 5376 2801 5428 animi
2823 5375 2959 5446 ejus,
2983 5386 3141 5449 atque
3157 5379 3436 5436 robustum

1837 5460 2187 5528 propositum,
2222 5479 2315 5532 per
2341 5464 2482 5535 quod
2507 5465 2573 5520 ad
2601 5475 2799 5522 tantam
2834 5471 3027 5524 meruit
3056 5472 3281 5541 gratiam
3317 5489 3438 5542 per-

1838 5551 2018 5605 venire
2049 5571 2061 5606 :
2094 5553 2186 5607 sed
2217 5565 2269 5609 et
2300 5565 2501 5610 naturae
2529 5558 2860 5622 societatem,
2893 5575 2989 5631 per
3014 5577 3172 5632 quam
3201 5573 3254 5617 et
3277 5565 3433 5618 nobis

1837 5645 1890 5702 in
1922 5645 2128 5700 cuttctis
2151 5646 2239 5701 ille
2266 5648 2544 5718 participat
2572 5668 2585 5702 :
2618 5661 2671 5706 et
2697 5652 2773 5706 sic
2799 5652 2957 5707 etiam
2984 5654 3288 5734 qumvalde
3309 5667 3434 5709 sunt

1839 5738 2000 5793 ardua
2018 5781 2033 5803 ,
2062 5738 2214 5794 nobis
2243 5737 2414 5797 facilia
2441 5742 2758 5801 videbuntur
2787 5755 2839 5802 et
2865 5746 3023 5814 levia,
3053 5747 3307 5824 brevique
3335 5750 3436 5804 hoc
