4082 6420
650 376 758 436 4B3

652 499 892 559 tempore
922 485 1222 542 laborantes
1252 479 1703 552 iucorruptibilem
1746 479 1896 534 illam
1916 473 2237 547 gestabimus

654 588 815 649 atque
857 574 1211 632 immortalem
1247 586 1534 638 coronam,
1562 569 1730 642 gratia
1771 577 1826 625 et
1869 565 2229 623 misericordia

1364 367 1422 423 S.
1460 363 1738 425 JOANNlS
1773 357 2245 420 CHRYSOSTOMI
2283 357 2602 416 ARCIIIEP.
2643 352 3177 413 CONSTANTINOP.

3829 355 3935 412 (85

2346 472 2556 528 Domini
2583 473 2747 526 nostri
2768 471 2892 527 Jesu
2914 470 3133 539 Christi,
3159 471 3244 526 cui
3268 480 3350 526 est
3377 471 3542 543 gloria
3571 479 3625 527 et
3647 471 3939 540 imperium

2338 578 2480 618 nunc
2510 573 2564 617 et
2589 578 2804 633 semper
2823 573 2875 617 et
2903 562 2957 617 in
2982 562 3175 618 saecula
3202 562 3543 618 smculorum.
3572 565 3765 618 Amen.

655 716 3932 753 Μ

1515 840 1655 909 DE
1707 833 2224 908 LAUDIBUS
2274 833 2648 907 SANCTI
2705 833 3022 906 PAULI

2131 1026 2449 1071 APOSTOLI.

1286 1242 1499 1282 BOIILM
1531 1240 1584 1279 HI
1593 1263 1606 1276 .

725 1385 919 1442 Beatus
940 1383 1140 1440 Paulus
1158 1423 1172 1449 ,
1204 1381 1290 1452 qui
1319 1387 1519 1436 tantam
1539 1379 1652 1432 vim
1675 1376 1920 1432 humanm
1947 1377 2236 1431 alacritatis

651 1478 919 1544 ostendit,
961 1484 1020 1530 ut
1047 1475 1113 1530 ad
1138 1474 1326 1529 caelum
1353 1485 1566 1541 quoque
1602 1461 1776 1540 ipsuni
1801 1469 2008 1524 valeret
2043 1469 2237 1524 subvo-

654 1568 788 1632 larc,
821 1565 1230 1637 pnetermittens
1253 1562 1472 1631 angelos
1497 1570 1551 1616 et
1576 1560 1926 1630 archangelos
1952 1602 1966 1625 ,
1998 1559 2236 1629 aliasque

651 1659 875 1714 virtutes
898 1697 914 1725 ,
944 1655 1228 1728 aliquando
1255 1654 1467 1724 quidem
1496 1668 1594 1708 suo
1621 1652 1873 1722 exemplo
1912 1643 2112 1705 Christi
2139 1664 2236 1704 nos

655 1750 773 1805 ﬁeri
802 1749 1092 1803 imitatores
1116 1746 1287 1816 jubet,
1315 1744 1587 1800 dicendo:
1619 1742 1905 1797 lmitatores
1933 1743 2032 1796 mei
2059 1750 2232 1808 estote,

650 1842 777 1895 sicut
795 1849 843 1893 et
863 1857 952 1909 ego
977 1839 1162 1894 Christi
1185 1838 1268 1907 (l.
1295 1835 1414 1892 Cor.
1445 1836 1530 1891 il.
1549 1836 1581 1890 .l
1610 1836 1628 1902 )
1662 1852 1675 1887 :
1705 1832 1990 1903 aliquando
2016 1845 2144 1887 vero
2169 1831 2237 1886 de

652 1947 712 1986 se
739 1930 971 1985 reticens
993 1970 1009 1996 ,
1033 1929 1099 1983 ad
1126 1927 1291 1997 ipsius
1320 1941 1418 1980 nos
1446 1925 1802 1980 imitationem
1829 1923 1921 1979 Dei
1952 1922 2187 1979 extendit
2215 1962 2230 1989 ,

651 2022 876 2075 dicens:
904 2019 1079 2074 Estote
1105 2035 1222 2089 ergo
1251 2018 1520 2072 imitatores
1549 2015 1641 2070 Dei
1665 2055 1681 2082 ,
1717 2017 1843 2070 sicut
1867 2015 1963 2084 ﬁlii
1988 2012 2238 2067 carissimi

657 2113 884 2183 (Ep/tes.
912 2113 964 2167 5.
998 2111 1072 2179 1).
1102 2111 1220 2166 Jam
1252 2123 1381 2164 vero
1408 2108 1800 2172 demonstrans,
1832 2105 1971 2176 quod
2001 2103 2135 2159 nihil
2167 2105 2238 2157 ita

656 2205 794 2258 hanc
820 2201 1166 2256 imitationem
1201 2199 1387 2269 pariat,
1417 2213 1574 2268 quam
1604 2199 1648 2252 si
1679 2200 1746 2250 ita
1773 2196 1914 2250 vivat
1939 2194 2151 2266 aliquis,
2182 2202 2239 2247 ut

656 2295 854 2348 bonum
886 2293 1001 2361 ejus
1029 2293 1080 2346 in
1120 2304 1406 2344 commune
1450 2288 1730 2358 proficiat,
1775 2296 1935 2356 atque
1977 2286 2237 2340 universis

656 2385 805 2438 utilia
835 2382 1110 2454 provideat
1136 2423 1149 2446 ,
1180 2378 1422 2448 adjunxit
1455 2398 1467 2433 :
1502 2379 1766 2432 Ambulate
1790 2380 1845 2432 in
1872 2379 2080 2432 caritate
2108 2377 2127 2446 (
2151 2375 2230 2430 Ib.

655 2491 701 2527 ιν.
729 2473 765 2526 2
790 2477 806 2540 )
835 2491 846 2525 :
883 2472 1001 2525 ideo
1028 2485 1146 2525 cum
1177 2470 1418 2535 dixisset,
1447 2467 1735 2522 Intitatores
1765 2469 1862 2521 mei
1892 2477 2064 2532 estote,
2097 2481 2231 2520 con-

659 2565 805 2617 tinuo
833 2562 898 2616 de
929 2562 1147 2615 caritate
1168 2559 1418 2613 disseruit
1445 2601 1459 2623 ,
1483 2558 1604 2627 quia
1635 2557 1748 2611 haec
1776 2558 2042 2626 praecipue
2074 2557 2238 2611 virtus

657 2654 900 2707 homines
947 2653 1056 2706 Deo
1103 2651 1373 2720 proximos
1417 2649 1558 2702 facit.
1605 2648 2052 2717 Quanttecumque
2097 2647 2238 2701 cnim

659 2745 764 2799 sint
794 2744 910 2798 alia:
936 2783 950 2809 ,
980 2741 1285 2797 inferiorem
1319 2748 1566 2794 tenentes
1600 2739 1773 2794 locum
1795 2779 1811 2805 ,
1863 2747 2069 2793 cunctae
2092 2737 2239 2794 circa

663 2835 934 2888 hominum
965 2832 1135 2887 studia
1164 2840 1465 2894 versantur,
1498 2838 1555 2882 ut
1583 2837 1666 2883 est
1693 2842 1867 2898 pugna
1896 2836 2079 2881 contra
2107 2841 2238 2880 eou-

660 2923 1060 2996 cupiscentiam,
1079 2930 1137 2976 ut
1161 2921 1301 2992 quod
1322 2921 1579 2975 adversus
1594 2919 1771 2989 gulam
1797 2918 1997 2988 geritur
2022 2915 2239 2980 bellum,

663 3026 718 3071 ut
744 3017 797 3071 in
829 3015 1060 3069 avaritia:
1097 3013 1368 3066 interitum
1408 3010 1550 3064 acies
1583 3008 1868 3074 ordinata,
1903 3015 1958 3061 ut
1985 3020 2104 3060 cum
2136 3006 2242 3060 ira-

661 3108 869 3163 cundiae
900 3106 1078 3160 furore
1107 3102 1415 3167 conﬂictus;
1447 3100 1667 3171 diligere
1692 3115 1819 3154 vero
1847 3099 2001 3153 nobis
2029 3097 2245 3166 Deoque

659 3213 945 3255 commune
974 3205 1074 3250 cst.
1099 3195 1393 3264 Pr0pterea
1412 3201 1465 3248 et
1480 3191 1723 3247 Christus
1752 3189 2074 3259 imperabat:
2095 3187 2249 3242 Orate

661 3310 751 3362 pro
791 3288 1209 3345 calumniantibus
1247 3296 1292 3339 et
1331 3282 1734 3356 persequentibus
1764 3298 1849 3336 vos
1877 3322 1893 3348 ,
1933 3289 1986 3333 ut
2011 3280 2125 3334 sitis
2154 3279 2249 3348 ﬁlii

663 3384 835 3437 Patris
861 3381 1007 3436 uestri
1027 3422 1042 3447 ,
1070 3379 1230 3449 quiin
1249 3377 1392 3431 aclis
1424 3383 1492 3429 est
1517 3376 1535 3446 (
1559 3372 1745 3427 Matth.
1770 3373 1822 3428 5.
1852 3372 1941 3426 44.
1973 3369 2104 3438 45).
2137 3368 2250 3422 Hoc

663 3477 821 3545 igitur
845 3485 898 3529 et
925 3473 1119 3527 Paulus
1149 3469 1450 3537 intelligens
1475 3474 1787 3520 cunctorum
1817 3477 1937 3517 esse
1966 3468 2124 3530 caput
2150 3460 2248 3514 bo-

664 3580 855 3619 norum
884 3604 899 3629 ,
939 3563 1083 3618 omni
1119 3562 1171 3614 in
1211 3574 1270 3614 se
1297 3557 1472 3612 studio
1497 3555 1798 3624 exprimere
1825 3551 2053 3605 curavit.
2083 3548 2252 3603 Nemo

661 3659 799 3711 enim
826 3657 893 3708 ita
920 3654 1101 3708 dilexit
1128 3650 1371 3704 inimicos
1390 3687 1405 3711 ,
1435 3661 1591 3700 nemo
1617 3659 1740 3712 erga
1767 3640 2105 3696 insidiatores
2143 3648 2250 3692 tam

665 3747 936 3802 beneficus
965 3745 1058 3798 fuit
1081 3785 1093 3808 ,
1123 3742 1298 3796 nullus
1329 3755 1424 3809 pro
1451 3735 1798 3791 amictoribus
1822 3733 1931 3787 suis
1959 3740 2102 3787 tanta
2127 3745 2252 3800 per-

666 3856 855 3910 pessus
874 3849 972 3893 est.
996 3837 1108 3890 Non
1132 3835 1272 3888 enim
1302 3832 1411 3893 ille,
1437 3829 1559 3899 quid
1585 3827 1902 3896 patiebatur,
1931 3824 2024 3879 sed
2047 3833 2250 3878 naturte

665 3933 908 4000 (:Oitllialll
935 3926 1218 3997 cogitabat,
1247 3931 1550 3993 quantoque
1576 3918 1742 3987 magis
1765 3915 2124 3971 ell'erebantur
2151 3913 2250 3967 iui-

671 4022 792 4076 mici
819 4062 834 4087 ,
869 4027 1014 4072 tanto
1055 4030 1237 4070 eorum
1281 4012 1445 4080 magis
1492 4006 1847 4062 miserebatur
1876 4003 2154 4058 insaniam.
2186 4001 2257 4056 Ut

671 4113 812 4167 cuitu
854 4109 1040 4177 aliquis
1086 4113 1232 4174 pater
1275 4102 1577 4155 afﬁceretur
1621 4111 1746 4166 erga
1800 4095 1964 4148 ﬁlium
2007 4091 2256 4161 phrenesi

671 4199 1112 4272 cmnprehensum
1140 4237 1152 4259 ,
1198 4194 1348 4263 cujus
1389 4200 1585 4262 quanto
1629 4187 1798 4258 magis
1844 4183 2100 4240 conviciis
2138 4184 2256 4237 icti.

674 4296 876 4362 tuisque
907 4291 1177 4360 pulsatur,
1220 4295 1368 4340 tanto
1409 4283 1576 4354 magis
1614 4296 1735 4335 eum
1783 4277 2070 4334 miseratur
2099 4287 2258 4344 atque

675 4384 835 4437 dctlet
863 4399 874 4434 :
909 4381 978 4434 ita
1010 4389 1060 4433 et
1090 4378 1180 4431 ille
1210 4377 1295 4446 qui
1325 4391 1390 4429 ex
1420 4374 1529 4442 ipsa
1561 4369 1924 4442 magnitudine
1948 4367 2256 4439 passionum

675 4488 861 4529 eorum
888 4512 902 4533 ,
950 4484 981 4522 a
1026 4468 1214 4538 quibus
1257 4465 1607 4534 afﬂigebatur,
1630 4462 1874 4516 morbum
1918 4458 2256 4530 conjiciebat,

678 4565 877 4631 majora
905 4559 1011 4614 illis
1041 4557 1322 4610 adhibebat
1352 4554 1582 4608 fomenta
1612 4552 1842 4622 pietatis.

751 4653 946 4706 Caritas
984 4659 1029 4704 et
1061 4644 1385 4701 mansuetudo
1418 4643 1592 4696 Pauli.
1622 4671 1694 4682 —
1722 4641 1858 4695 Audi
1889 4640 2069 4710 igitur,
2100 4653 2258 4710 quam

678 4747 974 4818 patienter,
1007 4755 1165 4810 quam
1211 4745 1484 4791 mansuete
1513 4734 1667 4788 nobis
1709 4749 1806 4803 pro
1849 4733 1955 4787 illis
1985 4734 2260 4801 loquatur,

680 4840 767 4910 qui
800 4851 920 4891 cum
949 4832 1227 4904 quinquies
1258 4830 1667 4884 verberaverant
1686 4869 1700 4890 ,
1733 4827 1820 4896 qui
1849 4841 1968 4880 cum
1998 4826 2264 4896 lapidave-

683 4939 823 4994 rant,
849 4927 936 4997 qui
960 4927 1255 4983 vinxerant,
1280 4921 1368 4991 qui
1392 4920 1506 4988 ejus
1529 4920 1699 4988 ipsum
1725 4918 1976 4971 sitiebant
1995 4933 2263 4978 cruorem.

686 5022 882 5090 quique
910 5019 1054 5070 illum
1087 5013 1323 5084 quotidie
1347 5011 1652 5079 discerpere
1675 5008 1988 5079 gestiebant.
2022 5007 2264 5062 Testimo-

687 5114 847 5168 nium,
882 5108 1070 5176 inquit,
1103 5105 1205 5158 illis
1235 5101 1489 5172 perhibco,
1518 5101 1755 5168 quoniam
1778 5099 2145 5152 cumulationem
2173 5097 2271 5151 Dei

691 5201 891 5263 habent,
922 5198 1007 5250 sed
1039 5213 1139 5249 non
1177 5193 1450 5249 secundum
1490 5191 1748 5245 srientiam
1791 5191 1807 5259 (
1841 5190 1988 5244 Rom.
2036 5190 2122 5244 10.
2165 5189 2200 5243 Ξ
2229 5193 2264 5259 ).

695 5291 760 5344 lit
797 5303 979 5341 rursus
1016 5301 1110 5340 eos
1137 5328 1150 5349 ,
1177 5285 1265 5354 qui
1297 5299 1353 5337 se
1383 5297 1540 5351 supra
1591 5282 1707 5334 illos
1764 5280 2041 5348 superbius
2086 5278 2272 5334 effere-

697 5381 821 5430 lmnt
847 5420 859 5441 ,
895 5377 1181 5430 refrtenans
1212 5393 1224 5427 :
1257 5373 1412 5438 Noli,
1447 5375 1540 5437 ait,
1569 5372 1730 5424 altum
1761 5386 1934 5438 sapere
1955 5411 1970 5435 ,
2013 5369 2100 5422 sed
2124 5370 2237 5422 time
2257 5385 2275 5422 :

687 5472 741 5522 si
781 5469 908 5521 enim
938 5466 1071 5520 Deus
1108 5464 1423 5519 naturalibus
1457 5463 1611 5514 ramis
1654 5478 1751 5513 non
1783 5460 2030 5530 pepercit,
2061 5476 2120 5512 ne
2149 5463 2279 5530 forte

695 5575 790 5611 nec
812 5558 896 5610 libi
927 5566 1096 5626 parcat
1121 5555 1296 5625 (Rom.
1321 5555 1404 5607 11.
1435 5553 1524 5608 20.
1547 5554 1662 5618 9.1).
1691 5552 1822 5616 Quia
1846 5550 1986 5605 enim
2013 5564 2278 5618 Cognove-

701 5662 805 5702 ι-ςιι,
856 5647 1172 5701 dominicam
1206 5647 1256 5698 in
1289 5645 1404 5698 illos
1431 5645 1538 5713 jam
1569 5642 1890 5713 prooessisse
1919 5649 2236 5696 sententiam
2263 5683 2277 5707 ,

706 5737 844 5807 quod
873 5753 1030 5790 unum
1064 5745 1114 5790 ct
1140 5737 1309 5790 solum
1332 5745 1442 5790 erat
1466 5736 1516 5790 in
1544 5750 1635 5789 sua
1665 5741 1942 5804 potestate,
1976 5732 2278 5802 prmstahat.

2341 1152 2571 1164 —————_

2346 1244 2501 1314 Saepe
2549 1247 2938 1318 tacrymabatur
2976 1250 3316 1308 vehementer
3361 1267 3456 1321 pro
3500 1255 3604 1310 illis
3633 1298 3649 1322 ,
3682 1255 3936 1320 dolebat,

2341 1339 2579 1394 volentes
2606 1340 2708 1394 illis
2739 1341 2992 1397 insultare
3020 1343 3355 1412 prohibebat,
3381 1357 3561 1416 atque,
3594 1351 3646 1401 in
3673 1359 3935 1416 quantum

2339 1438 2548 1499 poterat
2574 1472 2588 1497 ,
2623 1430 2896 1486 laborabat
2927 1435 3166 1488 umbram
3197 1436 3276 1489 eis
3302 1436 3532 1506 aliquam
3565 1441 3940 1493 excusationis

2339 1520 2650 1578 obtendere.
2672 1523 2739 1576 Et
2758 1525 2877 1593 quia
2909 1536 3122 1594 propter
3144 1531 3530 1582 contumaciam
3553 1546 3739 1584 eorum
3772 1541 3937 1601 atque

2339 1613 2587 1669 duritiam
2613 1656 2627 1680 ,
2669 1615 2994 1684 persuadere
3031 1617 3136 1671 illis
3175 1618 3332 1672 ﬁdem
3363 1635 3611 1675 sermone
3638 1637 3746 1676 non
3775 1634 3936 1691 pote-

2341 1714 2459 1774 rat,
2493 1706 2561 1760 ad
2605 1707 2876 1761 orationes
2924 1709 3333 1763 convertebatur
3383 1711 3647 1766 assiduas.
3697 1711 3938 1775 Fratres,

2340 1794 2548 1865 inquit,
2603 1795 2834 1849 voluntas
2875 1797 3075 1865 quidem
3121 1798 3290 1852 cordis
3327 1800 3424 1852 mei
3465 1808 3509 1853 et
3547 1801 3826 1855 obsecratio
3867 1802 3942 1853 ad

2339 1884 2507 1940 Deum
2532 1887 2589 1954 ﬁt
2619 1902 2709 1954 pro
2730 1887 2833 1955 illis
2853 1888 2906 1940 in
2932 1888 3144 1940 salutem
3164 1888 3335 1957 (Rom.
3372 1890 3456 1943 10.
3486 1892 3562 1960 i).
3590 1891 3696 1960 Spe
3716 1907 3941 1961 quoque

2343 1976 2561 2031 meliore
2596 1976 2716 2032 illos
2745 1979 3026 2040 sollicitat,
3054 1980 3239 2035 dicens
3264 1998 3276 2034 :
3310 1982 3438 2036 Sine
3478 1984 3770 2052 pleniletttia
3797 1984 3937 2035 enim

2341 2074 2456 2120 sunt
2482 2067 2615 2120 dona
2640 2077 2686 2120 et
2713 2069 2905 2121 uacatio
2929 2067 3024 2122 Dei
3052 2069 3070 2139 (
3099 2057 3246 2123 Rom.
3273 2071 3357 2125 11.
3392 2071 3462 2125 29
3484 2071 3530 2141 ),
3561 2086 3631 2125 ne
3661 2086 3760 2141 spe
3783 2073 3942 2127 exci-

2342 2156 2470 2212 dant
2493 2167 2548 2212 et
2576 2169 2814 2228 pereant.
2841 2159 2970 2226 Qua:
3001 2161 3181 2230 utique
3209 2167 3384 2216 omnia
3413 2174 3536 2216 sunt
3559 2164 3721 2218 verba
3745 2180 3944 2218 aman-

2344 2249 2431 2316 tis,
2474 2259 2527 2303 et
2569 2249 2721 2304 valde
2759 2265 2942 2304 eorum
2969 2251 3283 2307 utilitatibus
3327 2253 3650 2322 providentis
3682 2273 3696 2306 :
3727 2266 3783 2307 ut
3809 2270 3940 2309 cum

2343 2340 2491 2407 dicit,
2529 2339 2700 2395 Veniet
2720 2358 2781 2394 ea:
2798 2342 2945 2407 Sion,
2968 2345 3056 2414 qui
3075 2345 3275 2414 eripiat,
3305 2355 3350 2398 et
3375 2355 3566 2399 avertat
3589 2347 3879 2414 impietate:
3908 2364 3941 2398 a

2342 2431 2500 2486 Iacob
2528 2432 2679 2503 (Isai.
2703 2433 2790 2488 59.
2810 2433 2923 2502 20).
2950 2435 3287 2490 Mordebatur
3311 2438 3450 2491 enim
3475 2438 3848 2503 vehementer,
3877 2454 3946 2493 ac

2345 2525 2555 2594 penitus
2598 2525 3000 2591 dissecabatur,
3049 2541 3168 2581 cum
3216 2543 3307 2582 eos
3358 2539 3641 2597 pereuntes
3687 2530 3942 2594 videret,

2343 2628 2561 2689 propter
2583 2618 2720 2688 quod
2750 2628 2802 2672 et
2841 2620 3005 2673 multa
3046 2621 3229 2674 solatia
3255 2619 3377 2675 huic
3402 2621 3692 2675 adhibebat
3719 2621 3896 2676 dolori
3925 2663 3944 2688 ,

2345 2709 2629 2779 aliquando
2650 2709 2861 2777 quidem
2889 2710 3072 2764 dicens
3103 2728 3115 2763 :
3157 2709 3329 2764 Veniet
3358 2729 3418 2765 ex
3441 2713 3590 2775 Sion,
3619 2713 3707 2781 qui
3728 2713 3942 2781 eripiat,

2347 2811 2393 2856 et
2417 2809 2608 2855 avertat
2633 2801 2913 2868 impietates
2940 2818 2971 2853 a
2997 2801 3157 2855 Iacob
3186 2801 3360 2874 (Rom.
3389 2804 3470 2858 ll.
3503 2803 3618 2872 26);
3649 2803 3946 2874 aliquando

2347 2906 2495 2958 vero,
2523 2891 2590 2945 Et
2611 2892 2695 2945 isti
2720 2909 2820 2945 non
2843 2893 3162 2946 crediderunt
3188 2894 3238 2946 in
3265 2903 3476 2946 vestram
3508 2894 3944 2961 misericordiam,

2347 2992 2404 3037 ut
2430 2993 2476 3038 et
2500 2983 2596 3053 ipsi
2636 2984 3030 3038 misericordiam
3061 2994 3426 3054 consequantur
3456 2984 3643 3054 (Rom.
3679 2986 3766 3038 Η.
3801 2986 3865 3040 3|
3898 2985 3941 3053 ).

2349 3074 2499 3130 Facit
2525 3084 2701 3129 autem
2735 3075 2835 3129 hoc
2862 3075 3019 3129 etiam
3046 3073 3326 3140 Jeremias,
3359 3075 3464 3128 vim
3488 3075 3774 3144 quamdam
3802 3075 3944 3128 infe-

2351 3180 2494 3230 rens,
2518 3177 2678 3234 atque
2706 3165 3034 3219 contendens
3055 3166 3450 3220 excusationem
3478 3166 3707 3234 aliquam
3732 3180 3832 3234 pro
3854 3164 3945 3220 de-

2352 3255 2712 3325 linquentibus
2733 3257 2996 3322 invenire,
3024 3265 3074 3309 et
3099 3270 3238 3309 nunc
3259 3255 3468 3325 quidem
3491 3255 3708 3309 dicens:
3735 3254 3799 3308 Si
3833 3270 3945 3324 peo-

2354 3357 2470 3401 cata
2486 3358 2658 3401 nostra
2676 3349 2958 3400 restiterunt
2977 3348 3138 3410 nobis,
3165 3348 3246 3416 {ac
3268 3358 3471 3417 propter
3505 3356 3553 3398 te
3582 3344 3714 3418 (Jer.
3741 3347 3831 3401 Η.
3852 3347 3943 3413 7):

2355 3447 2407 3494 et
2436 3452 2650 3493 rursus:
2675 3437 2792 3493 Non
2816 3439 2957 3494 estin
2980 3438 3181 3492 homine
3202 3439 3281 3492 via
3303 3439 3412 3500 eius
3433 3447 3502 3498 et,
3521 3453 3610 3490 nec
3636 3439 3789 3491 homo
3811 3438 3941 3504 ibit,

2355 3541 2401 3585 et
2428 3530 2606 3601 diriget
2630 3532 2725 3584 iter
2750 3546 2895 3582 suum
2929 3529 2947 3596 (
2965 3528 3153 3582 Jerem.
3185 3529 3274 3583 10.
3308 3528 3379 3583 ‘25
3400 3527 3440 3599 ).
3475 3529 3540 3583 Et
3563 3543 3748 3583 rursus
3777 3547 3790 3582 :
3835 3528 3951 3582 He-

2357 3633 2521 3678 menlo
2535 3624 2775 3694 quoniam
2793 3623 2955 3691 pulvis
2973 3639 3145 3676 sumus
3164 3620 3331 3691 (Psal.
3351 3619 3587 3692 102.14).
3609 3621 3722 3674 Mos
3743 3621 3950 3676 etenim

2356 3727 2439 3772 est
2467 3717 2684 3771 omnino
2760 3716 3140 3770 celeberrimus
3205 3725 3262 3768 ut
3294 3716 3358 3781 ii,
3391 3716 3479 3785 qui
3510 3729 3604 3785 pro
3629 3703 3954 3784 delinquen-

2358 3811 2498 3865 tibus
2528 3809 2900 3878 deprecantur,
2924 3809 3022 3862 etsi
3050 3808 3179 3861 nihil
3218 3806 3466 3862 idoneum
3509 3805 3734 3861 all‘erant
3757 3807 3828 3860 ad
3855 3822 3951 3861 ro-

2357 3901 2588 3972 gandum
2615 3941 2630 3965 ,
2654 3900 2843 3954 saltem
2873 3900 3113 3959 umbram
3144 3898 3427 3968 quamdam
3458 3898 3819 3952 excusationis
3851 3913 3955 3967 pro

2359 3991 2438 4046 eis
2465 3998 2736 4059 opponant
2759 4031 2774 4056 ,
2807 4004 2910 4043 non
2939 3998 3082 4043 certa
3107 3989 3392 4043 verborum
3420 3989 3747 4059 proprietate
3773 3990 3956 4043 muni-

2362 4090 2489 4148 tam,
2512 4095 2610 4134 nec
2634 4095 2752 4150 quae
2777 4079 2910 4133 trahi
2936 4080 3103 4150 possit
3129 4080 3179 4133 in
3202 4078 3470 4149 dogmata,
3497 4079 3594 4134 sed
3620 4095 3740 4150 qua:
3769 4091 3956 4136 tamen

2360 4172 2667 4228 consoletur
2681 4187 2778 4242 pro
2799 4172 3143 4242 pereuntibus
3169 4171 3428 4226 dolentes.
3461 4170 3576 4226 Non
3606 4186 3734 4243 ergo
3762 4171 3958 4242 hujus-

2361 4264 2504 4319 modi
2529 4264 2903 4318 excusationes
2929 4262 3290 4332 scrupulosius
3316 4261 3674 4331 ponderemus
3697 4303 3712 4329 ,
3739 4262 3838 4318 sed
3867 4264 3951 4317 in-

2364 4355 2681 4425 telligamus,
2705 4368 2825 4409 esse
2849 4354 2967 4408 illas
2985 4353 3215 4408 dolentis
3235 4353 3447 4421 animai,
3471 4360 3525 4407 et
3545 4351 3724 4407 dicere
3750 4349 3955 4422 aliquid

2363 4461 2464 4516 pro
2491 4446 2856 4515 peccatoribus
2887 4438 3210 4514 requirentis
3231 4483 3247 4510 ,
3275 4443 3534 4515 juxtaque
3562 4448 3702 4499 hunc
3731 4443 3958 4500 modum

2365 4537 2483 4592 haec
2507 4553 2624 4606 qute
2659 4538 2900 4607 superius
2943 4537 3080 4592 dicta
3126 4545 3251 4592 sunt
3288 4551 3604 4592 censeamus
3633 4553 3647 4590 :
3680 4537 3765 4591 An
3793 4536 3963 4607 igitur

2365 4645 2490 4700 erga
2521 4631 2663 4685 solos
2694 4631 2906 4685 Judacos
2935 4631 3052 4686 talis
3073 4631 3356 4695 exstiterit,
3389 4646 3513 4702 erga
3539 4639 3826 4687 extraneos
3863 4646 3965 4686 au-

2368 4731 2475 4777 tem
2495 4761 2511 4788 ,
2555 4736 2660 4775 non
2702 4722 2818 4776 ita?
2846 4723 3082 4777 omnium
3120 4723 3434 4777 mitissimus
3458 4732 3575 4777 erat
3610 4729 3667 4776 et
3691 4737 3818 4793 erga
3857 4722 3961 4777 do-

2370 4813 2621 4866 mesticos
2646 4820 2702 4886 et
2735 4827 2859 4881 erga
2888 4823 3190 4868 extraneos.
3231 4813 3371 4868 Audi
3409 4812 3568 4883 igitur
3599 4813 3725 4883 quid
3769 4813 3836 4869 ad
3866 4815 3963 4869 Ti-

2373 4887 2763 4958 motheum‘sit
2805 4905 3014 4958 locutus
3066 4922 3082 4959 :
3139 4905 3397 4972 Servum,
3447 4906 3658 4976 inquit,
3715 4906 3810 4960 Dei
3863 4926 3966 4962 non

2374 5004 2563 5065 Oportet
2608 4996 2807 5064 litigare
2829 5037 2843 5061 ,
2898 4996 2986 5049 sed
3039 5005 3355 5050 mansuetum
3409 5013 3515 5052 esse
3563 5013 3682 5067 erga
3752 5013 3922 5051 omnes
3949 5041 3962 5062 ,

2375 5087 2627 5139 doctorem
2679 5086 2746 5139 ad
2799 5086 3126 5150 docendum,
3177 5087 3492 5155 patientem,
3549 5103 3663 5142 cum
3722 5089 3972 5142 modestia

2377 5177 2726 5246 corripientem
2755 5194 2858 5241 eos,
2890 5178 2976 5246 qui
3000 5179 3234 5232 resistunt
3263 5218 3280 5244 ,
3310 5180 3354 5231 si
3385 5179 3586 5245 quando
3614 5178 3697 5231 det
3721 5179 3798 5231 illi
3830 5179 3973 5233 Dens

2379 5269 2719 5338 paenitentiam
2745 5271 2812 5322 ad
2841 5271 3237 5340 cognoscendam
3266 5273 3521 5324 veritatem
3543 5312 3557 5334 ,
3589 5279 3640 5323 ut
3671 5272 3972 5342 resipiscam

2380 5378 2410 5413 a
2438 5360 2621 5415 diaboli
2647 5361 2856 5430 laqueis,
2885 5378 2916 5413 α
2940 5378 3036 5432 quo
3063 5362 3198 5428 capti
3212 5370 3437 5416 tenentur
3465 5361 3534 5413 ad
3557 5361 3718 5431 ipsius
3739 5365 3970 5416 volunta-

2383 5463 2482 5507 tem
2505 5452 2593 5522 (2.
2621 5451 2750 5516 Titii.
2783 5453 2838 5506 2.
2868 5453 3038 5507 24-26
3057 5452 3204 5522 ).Vis
3229 5463 3406 5508 autem
3435 5452 3636 5517 videre,
3667 5469 3830 5523 quam
3862 5469 3971 5507 mo-

2384 5544 2534 5600 deste
2554 5545 2714 5600 etiam
2740 5561 2861 5600 cum
2893 5544 2996 5600 illis
3028 5545 3292 5614 loquatur,
3321 5543 3483 5614 quiin
3513 5553 3730 5612 peccata
3757 5559 3977 5599 corrue-

2388 5638 2546 5693 rant?
2577 5637 2710 5692 Audi
2742 5637 2866 5708 quid
2886 5636 3177 5694 Corinthiis
3206 5637 3397 5692 dixerit
3424 5655 3437 5690 :
3469 5635 3662 5704 Timeo,
3691 5637 3884 5706 inquit,
3919 5655 3980 5691 ne

2390 5739 2538 5804 forte,
2569 5748 2678 5786 cum
2699 5749 2890 5801 venero,
2918 5752 3018 5790 non
3040 5734 3211 5806 quales
3231 5733 3340 5788 volo
3364 5731 3612 5786 inveniam
3641 5746 3726 5785 vos
3753 5731 3813 5802 (2
3857 5729 3982 5786 Cor.
