4082 6428
637 320 740 376 £35

636 437 800 500 οἴους
828 433 998 496 θέλω,
1029 432 1179 499 εὕρω
1207 430 1360 499 ὑμᾶς
1381 449 1392 460 ·
1423 431 1517 491 καὶ
1546 432 1663 501 μετ’
1689 431 1864 498 ὀλίγα,
1895 429 1987 496 Μὴ
2019 430 2207 484 πάλιν

633 525 888 578 ἐλθόντα
910 541 986 592 με
1012 509 1345 589 ταπεινώσῃ
1375 525 1407 574 ό
1432 522 1574 587 Θεός
1601 540 1719 590 μου
1740 521 1884 590 πρὸς
1911 518 2090 586 ὑμᾶς,
2110 522 2209 574 καὶ

636 614 918 679 πενθήσω
951 612 1218 678 πολλοὺς
1237 611 1356 666 τῶν
1384 613 1942 681 προημαρτηκότων,
1995 610 2093 664 καὶ
2119 611 2206 681 μὴ

633 705 1132 774 μετανοησάντων
1167 702 1265 761 ἐπὶ
1301 701 1374 769 τῇ
1400 703 1686 772 ἀσελγείᾳ
1729 701 1826 755 καὶ
1870 702 2207 770 ἀκαθαρσίᾳ

636 791 676 866 ᾖ
709 795 997 863 ἔπραξαν.
1029 793 1137 846 Kal
1157 791 1428 856 Γαλάταις
1448 792 1504 846 δέ
1534 791 1758 862 γράφων
1779 791 1931 859 ἐλεγε
1951 810 1966 823 ·
1999 794 2206 847 Τεκνία

632 903 772 956 μου,
809 887 915 950 οὓς
962 882 1147 937 πάλιν
1183 882 1392 947 ὠδίνω,
1427 883 1597 952 ἀχρις
1640 877 1711 937 οὗ
1745 880 2032 951 μορφωθῇ
2077 885 2206 951 Χρι-

636 977 783 1042 στὸς
819 976 887 1029 ἐν
911 975 1070 1044 ὑμῖν.
1102 975 1215 1028 Kal
1249 975 1388 1046 ὑπὲρ
1432 973 1525 1027 τοῦ
1559 973 1988 1044 πεπορνευκότος
2038 973 2203 1027 ἀκου-

636 1085 728 1120 σον
763 1066 948 1128 αὐτοῦ,
979 1065 1094 1128 πῶς
1121 1067 1220 1137 οὐχ
1263 1061 1424 1136 ἦττον
1452 1064 1657 1118 ἐκείνου
1695 1064 1787 1117 καὶ
1821 1065 2070 1118 ὀδυνᾶται
2113 1067 2206 1118 καὶ

636 1159 944 1229 παρακαλεῖ
984 1157 1191 1225 λέγων’
1232 1156 1551 1224 Κιιρώσατε
1587 1157 1675 1220 είς
1717 1155 1905 1208 αὑτὸν
1941 1155 2202 1224 ἀγάπην.

636 1249 747 1302 Kal
777 1247 934 1318 ἡνίκα
960 1249 1018 1301 δὲ
1049 1248 1214 1300 αὐτὸν
1233 1244 1512 1311 ἐξέκοπτε,
1542 1245 1678 1315 μετά
1713 1244 1922 1298 πολλῶν
1953 1245 2205 1316 δακρύων

633 1337 790 1390 τοῦτο
819 1338 1010 1390 ἐποίει.
1057 1339 1158 1391 Ἐκ
1194 1336 1300 1407 γὰρ
1328 1334 1569 1402 πολλῆς
1599 1335 1880 1403 θλίψεως,
1913 1337 2064 1406 φησὶ,
2105 1337 2202 1389 καὶ

633 1428 908 1498 συνοχῆς
954 1429 1203 1498 καρδίας
1241 1429 1474 1498 ἔγραψα
1520 1427 1684 1496 ὑμῖν,
1729 1429 1840 1495 οὐχ
1878 1428 1977 1480 ἵνα
2011 1430 2205 1495 λυπη-

633 1519 797 1588 θῆτε,
833 1520 995 1573 ἀλλὰ
1035 1520 1136 1572 ἵνα
1177 1516 1362 1586 γνῶτε
1395 1516 1508 1584 τὴν
1547 1515 1806 1584 ἀγάπην,
1839 1514 1919 1583 ἦν
1946 1517 2064 1585 ἔχω
2100 1533 2205 1569 πε.

630 1611 996 1680 ρισσοτέρως
1021 1612 1108 1676 είς
1141 1608 1324 1678 ὑμᾶς’
1362 1609 1455 1662 καὶ
1495 1608 1684 1662 πάλιν·
1725 1608 2053 1678 Ἐγενόμην
2083 1608 2206 1674 τοῖς

645 1702 956 1767 Ἰουδαίοις
975 1701 1055 1766 ὡς
1103 1698 1409 1764 Ἰουδαῖος,
1456 1699 1583 1765 τοῖς
1617 1699 1735 1753 ὑπὸ
1765 1699 1954 1768 νόμον
1973 1699 2054 1764 ὡς
2088 1695 2206 1754 ὗπὸ

633 1793 843 1860 νόμον,
886 1790 1011 1857 τοῖς
1059 1789 1425 1844 ἀσθενοῦσιν
1451 1790 1531 1854 ὡς
1558 1782 1846 1859 ἀσθενὴς,
1888 1787 2012 1854 τοῖς
2055 1787 2202 1841 πᾶσι

633 1883 848 1953 γέγονα
877 1882 945 1935 τὰ
991 1886 1207 1945 πάντα,
1243 1882 1344 1934 ἵνα
1392 1879 1630 1946 πάντως
1663 1880 1828 1944 τινὰς
1860 1878 2038 1933 σώσω
2053 1896 2066 1908 ο
2111 1878 2204 1932 καὶ

632 1970 869 2041 ἀλλαχοῦ
901 1971 1091 2024 πάλιν
1128 1973 1250 2024 Ἵνα
1282 1970 1654 2040 παραστήσω
1676 1969 1871 2024 πάντα
1894 1970 2208 2038 ἄνθρωπον

634 2063 870 2116 τέλειον
897 2064 968 2116 ἐν
1009 2060 1242 2130 Χριστῷ
1286 2061 1503 2129 Ἰησοῦ.
1528 2056 1682 2123 Εἶδες
1723 2061 1901 2132 ψυχὴν
1945 2061 2208 2134 ὑπερϐαί-

636 2171 831 2207 νουσαν
868 2157 1048 2208 πᾶσαν
1064 2152 1214 2225 [489]
1236 2155 1333 2222 τὴν
1359 2157 1497 2224 γῆνς
1521 2154 1705 2207 Πάντα
1734 2152 2017 2226 ἄνθρωπον
2047 2169 2208 2223 προσ-

635 2247 860 2315 εδόκησε
893 2244 1262 2316 παραστῆσαι,
1298 2244 1392 2297 καὶ
1417 2246 1477 2298 τό
1504 2261 1568 2313 γε
1602 2243 1765 2297 αὑτοῦ
1797 2244 1980 2315 μέρος,
2002 2243 2206 2305 πάντας

635 2337 969 2408 παρέστησε.
997 2336 1108 2390 κει
1126 2336 1233 2407 γὰρ
1271 2335 1456 2407 ῶσπερ
1502 2335 1600 2406 τὴν
1636 2336 1959 2406 οἰκουμένην
1989 2335 2208 2388 ἃπασαν

635 2429 904 2498 γεννήσας
940 2428 1123 2492 αὐτὸς,
1148 2424 1320 2490 οὕτως
1368 2426 1699 2496 ἐθορυϐεῖτο,
1741 2425 1912 2488 οὕτως
1952 2425 2205 2497 ἔτρεχεν,

636 2517 778 2571 οὕτω
808 2519 1012 2581 πάντας
1067 2517 1397 2580 ἐσπούδαζεν
1441 2519 1755 2585 εἰσαγαγεῖν
1796 2517 1876 2578 είς
1921 2515 2019 2586 τὴν
2052 2514 2207 2584 βασι-

637 2610 805 2672 λείαν,
839 2609 1174 2679 θεραπεύων,
1202 2607 1554 2678 παρακαλῶν,
1581 2606 2028 2677 ὑπισχνούμενος,
2058 2605 2211 2675 εὐχό-

642 2717 823 2769 μενος,
861 2700 1136 2763 ἱκετεύων,
1163 2700 1288 2762 τοὺς
1307 2699 1567 2768 δαίμονας
1588 2697 1789 2767 φοϐῶν,
1820 2698 1946 2759 τοὺς
1968 2696 2209 2764 διαφθεί-

643 2807 832 2858 ροντας
867 2789 1126 2854 ἐλαύνων,
1155 2789 1241 2842 δια
1271 2788 1592 2859 παρουσίας,
1623 2787 1710 2840 διὰ
1737 2786 2100 2857 γραμμάτων,
2124 2785 2212 2837 διὰ

639 2883 922 2953 ῥημάτων,
959 2881 1046 2934 διὰ
1093 2883 1454 2952 πραγμάτων,
1487 2879 1578 2932 διά
1608 2878 1884 2949 μαθητῶν,
1913 2877 1978 2930 δι’
2017 2876 2210 2930 ἐαυτοῦ

638 2974 774 3036 τοὺς.
812 2973 1110 3034 πίπτοντας
1147 2970 1412 3041 ἀνορθῶν,
1460 2971 1586 3031 τοὺς
1635 2965 1874 3029 ἑστῶτας
1920 2965 2210 3036 στηρίζων,

636 3065 916 3135 διεγείρων
971 3066 1095 3127 τοὺς
1151 3062 1325 3133 χαμαὶ
1377 3061 1698 3132 κειμένους,
1733 3057 2050 3129 θεραπεύων
2088 3058 2212 3120 τοὺς

641 3154 1150 3228 συντετριμμένους,
1189 3154 1424 3222 ἀλείφων
1454 3153 1580 3216 τοὺς
1622 3149 2015 3222 ῥᾳθυμοῦντας,
2049 3148 2210 3216 φοϐε-

643 3248 735 3317 ρὸν
760 3246 975 3317 ἐμϐοῶν
1013 3247 1104 3298 ἐπὶ
1138 3249 1249 3308 τοῖς
1286 3244 1525 3319 ἐχθροῖς,
1553 3243 1716 3313 δριμὺ
1744 3242 1953 3311 βλέπων
1979 3240 2074 3292 ἐπὶ
2101 3243 2211 3303 τοῖς

640 3339 918 3408 πολεμίοις
939 3356 954 3369 ·
985 3338 1233 3408 καθάπερ
1259 3354 1342 3399 τις
1364 3335 1664 3406 στρατηγὸς
1696 3334 1727 3404 ἢ
1756 3334 1973 3406 ἄριστος
2007 3330 2207 3400 ἰατρὸς,

641 3429 802 3492 αὐτὸς
846 3429 1194 3498 σκευοφόρος,
1242 3428 1403 3490 αὐτὸς
1437 3424 1802 3495 ὑπασπιστὴς,
1843 3423 2004 3484 αὐτὸς
2042 3423 2210 3492 ὑπερ-

639 3519 931 3588 ασπιστὴς,
952 3519 1114 3581 αὐτὸς
1139 3519 1512 3590 παραστάτης,
1544 3516 1703 3579 αὐτὸς
1731 3515 1904 3568 πάντα
1933 3513 2211 3583 γινόμενος

641 3607 719 3678 τῷ
763 3608 1109 3678 στρατοπέδῳ
1191 3608 1284 3661 καὶ
1312 3609 1412 3660 οὐκ
1441 3608 1498 3659 ὲν
1547 3609 1660 3669 τοῖς
1695 3606 2081 3674 πνευματικοῖς
2118 3603 2228 3672 μόι

640 3716 750 3764 νον,
779 3699 912 3752 ἀλλὰ
937 3699 1028 3750 καὶ
1057 3701 1113 3750 ἐν
1146 3701 1258 3761 τοῖς
1289 3703 1567 3769 σαρκικοῖς
1595 3696 1793 3766 πολλὴν
1823 3696 1922 3766 τὴν
1958 3695 2209 3764 πρόνοιαν

641 3787 985 3841 ἐπεδείκνυτο
1005 3829 1020 3854 ,
1072 3787 1270 3857 πολλὴν
1324 3788 1426 3858 τὴν
1470 3787 1730 3854 σπουδήν.
1773 3787 2034 3838 ’Ἄκουσον
2081 3784 2210 3852 γοῦν

640 3877 829 3940 αὑτοῦ,
853 3876 976 3939 πῶς
1000 3877 1139 3945 ὑπὲρ
1166 3877 1293 3946 μιᾶς
1326 3876 1582 3944 γυναικὸς
1603 3876 1739 3947 πρὸς
1773 3875 2064 3946 ὁλόκληρον
2093 3879 2211 3928 ἐπι-

644 3967 854 4019 στέλλει
893 3967 1063 4037 δῆμον
1092 3966 1264 4034 λέγων
1285 3983 1299 3996 ·
1341 3967 1672 4034 Συνίστημι
1699 3965 1765 4018 δὲ
1795 3966 1934 4034 ὑμῖν
1970 3968 2210 4034 Φοίϐην,

643 4058 757 4125 τὴν
783 4057 1057 4126 ἀδελφὴν
1083 4056 1269 4126 ἡμῶν,
1294 4056 1575 4110 διάκονον
1610 4055 1806 4110 οὖσαν
1830 4056 1938 4125 τῆς
1966 4058 2214 4124 Ἐκκλη-

641 4149 783 4212 σιάς
812 4148 922 4215 τῆς
959 4149 1030 4201 ἐν
1056 4147 1396 4216 Κεγχρεαῖς,
1433 4148 1532 4200 ἵνα
1571 4145 1986 4214 προσδέξησθε
2020 4149 2215 4214 αὐτὴν

641 4237 711 4289 ὲν
739 4237 934 4303 Κυρίῳ
958 4234 1140 4299 ἀξίως
1163 4234 1279 4286 τῶν
1301 4234 1502 4302 ἁγίων,
1537 4235 1634 4287 καὶ
1666 4235 2011 4303 παραστῆτε
2035 4237 2210 4304 αὐτῇ,

641 4329 712 4381 ἐν
735 4321 784 4394 ᾧ
811 4327 888 4380 ἂν
906 4326 1071 4396 ὑμῶν
1097 4325 1390 4396 πράγματι
1410 4326 1599 4395 χρήζῃ
1621 4339 1634 4353 ⁸
1672 4328 1765 4380 καὶ
1787 4327 1947 4380 πάλιν
1963 4345 1976 4357 ο
2005 4328 2214 4383 Οἴδατε

624 4413 758 4484 τὴν
784 4419 979 4472 οὶκίαν
999 4417 1271 4486 Στεφανᾶ
1289 4434 1302 4448 ³
1325 4418 1426 4471 ἵνα
1453 4417 1552 4470 καὶ
1581 4419 1750 4486 ὑμεῖς
1782 4419 2214 4487 ὑποτάσσησθε

642 4509 767 4576 τοῖς
817 4511 1137 4575 τοιούτοις·
1186 4510 1282 4562 καὶ
1329 4509 1527 4563 πάλινο
1579 4509 2032 4580 Ἐπιγινώσκετε
2073 4511 2215 4578 τοὺς

643 4601 969 4667 τοιούτους.
1007 4599 1111 4655 Kal
1145 4587 1258 4671 7&9
1287 4601 1382 4654 καὶ
1430 4599 1588 4655 τοῦτο
1631 4601 1758 4655 ῐδιον
1791 4602 1888 4674 τῆς
1929 4603 2214 4674 φιλοστορ-

641 4692 766 4760 γίας
803 4693 910 4745 τῶν
959 4692 1151 4761 ἁγίων,
1186 4692 1247 4746 τδ
1292 4693 1387 4747 καὶ
1417 4693 1475 4747 tv
1524 4694 1730 4758 τούτοις
1777 4694 2010 4766 βοηθεῖν.
2058 4696 2214 4750 Οὕτω

644 4784 738 4837 καὶ
769 4785 798 4837 ὁ
842 4783 1140 4848 Ἐλισσαῖος
1177 4783 1279 4855 τὴν
1319 4784 1722 4857 ὑποδεξαμένην
1760 4786 1923 4840 αῦτὺν
1955 4791 2210 4857 γυναῖκα,

642 4875 744 4927 οὐκ
773 4875 829 4928 ἐν
858 4876 970 4939 τοῖς
997 4877 1384 4947 πνευματικοῖς
1419 4876 1580 4946 μόνον
1610 4876 1826 4945 ὠφέλει,
1855 4875 1990 4931 ἀλλά
2029 4879 2124 4934 καὶ
2155 4880 2213 4933 ἐν

643 4967 758 5026 τοῖς
802 4969 1080 5036 σαρκικοῖς
1109 4965 1438 5030 ἐσπούδαζεν
1462 4967 1785 5038 ἀμείϐεσθαι
1804 4985 1819 4999 '
1849 4969 1930 5024 διὸ
1965 4971 2058 5023 καὶ
2100 4971 2214 5024 ἐλε-

642 5069 769 5122 γεν·
811 5055 881 5106 ει
907 5055 999 5121 τίς
1022 5057 1156 5109 ἐστί
1182 5072 1279 5111 σοι
1311 5057 1495 5127 λόγος
1531 5057 1680 5127 πρὸς
1714 5059 1822 5113 τὸν
1851 5059 2137 5124 βασιλέα,
2173 5061 2210 5130 ἢ

644 5150 795 5218 πρὸς
826 5151 932 5204 τὸν
967 5150 1227 5220 ἄρχοντα
1247 5169 1266 5215 ;
1291 5153 1400 5205 Kal
1437 5152 1490 5204 τί
1531 5152 1848 5223 θαυμάζεις,
1890 5156 1938 5207 εί
1977 5155 2076 5224 τὴν
2108 5155 2213 5208 ἀπὸ

645 5242 754 5294 τῶν
782 5242 1124 5313 γραμμάτων
1177 5246 1404 5314 παρεῖχε
1449 5243 1703 5297 σύστασιν
1733 5246 1762 5296 ὁ
1809 5245 2037 5312 Παῦλος,
2077 5248 2212 5300 ὅπου

647 5350 710 5401 γε
738 5333 832 5385 καὶ
859 5331 1039 5387 καλῶν
1069 5351 1220 5396 τινας
1242 5335 1378 5404 πρὸς
1409 5333 1625 5398 ἐαυτὸν,
1655 5333 1774 5385 οὐδὲ
1811 5333 1966 5386 τοῦτο
1999 5335 2212 5398 ἀνάξιον

646 5419 785 5476 εἶναι
819 5425 1058 5496 ἐνόμισε,
1086 5427 1146 5478 τὸ
1175 5426 1266 5478 καί
1297 5425 1425 5497 περὶ
1453 5425 1678 5494 ἐφοδίων
1707 5424 1888 5477 αὐτῶν
1911 5426 2211 5494 φροντίσαι,

647 5516 741 5568 καὶ
786 5516 1115 5570 καταθέσθαι
1156 5518 1288 5570 αὐτὸ
1327 5519 1386 5570 ἐν
1438 5517 1735 5588 ἐπιστολῇ;
1784 5516 1893 5570 Kal
1939 5517 2046 5587 γὰρ
2099 5519 2214 5571 ἐπι-

646 5603 880 5657 στέλλων
903 5606 1046 5675 Τίτῳ
1069 5606 1228 5676 φησί·
1254 5605 1456 5673 Ζηνᾶν
1483 5605 1590 5660 τὸν
1615 5604 1864 5675 νομικὸν
1890 5604 1988 5658 καί
2013 5606 2212 5660 Ἀπολ-

648 5694 733 5747 λὼ
787 5696 1128 5761 σπουδαίως
1182 5695 1573 5762 πρόπεμψον,
1625 5698 1726 5752 ἵνα
1774 5696 1964 5766 μηδὲν
2012 5698 2214 5766 αὐτοῖς

1321 321 1377 376 S.
1418 317 1702 376 JOANNIS
1742 315 2230 373 CHRYSOSTOMI
2271 314 2588 371 ARCHIEP.
2632 308 3176 369 CONSTANTINOP.

3773 316 3891 373 ‘86

2311 436 2512 503 λείπῃ.
2567 435 2629 488 EE
2676 436 2732 489 δέ
2781 435 3211 508 παρατιθέμενος
3255 433 3396 486 οὕτω
3431 429 3734 497 σπουδαίως
3791 434 3885 498 ἐξ·

2309 525 2546 595 έπεμπε,
2596 525 2776 597 πολλῷ
2821 526 3041 596 μᾶλλον,
3073 524 3126 576 εί
3151 541 3251 576 που
3298 521 3702 584 κινδυνεύοντας
3751 519 3885 585 εἶδε,

2308 614 2483 667 πάντα
2502 613 2568 669 ἂν
2596 613 2850 686 ἔπραξεν.
2874 615 3015 685 Ὅρα
3043 612 3172 682 γοῦν
3196 614 3290 665 καὶ
3320 613 3456 683 πρὸς
3488 612 3578 665 τὸν
3604 611 3883 682 Φιλήμονα

2309 705 2656 771 ἐπιστέλλων,
2689 707 2864 778 πόσην
2905 688 3403 774 ποιεῖται-σπουδὴν
3431 702 3519 756 διὰ
3569 703 3884 772 Ὀνήσιμον.

2309 797 2538 860 καὶπῶς
2569 798 2826 862 συνετῶς,
2853 796 2971 860 πῶς
2993 793 3363 865 κηδεμονικῶς
3391 792 3714 846 ἐπιστέλλει.
3745 792 3806 844 '0
3824 790 3883 845 ει

2308 888 2448 958 ὑπὲρ
2478 887 2595 952 ἐνὸς
2625 888 2856 953 οίκέτου,
2891 887 2986 940 καὶ
3013 885 3186 939 ταῦτα
3220 883 3457 953 φυγάδος
3487 883 3884 953 γεγενημένου,

2307 980 2401 1032 καὶ
2426 979 2755 1049 ύφελομένου
2809 978 2980 1032 πολλά
3028 975 3139 1030 τῶν
3183 973 3514 1028 δεσποτικῶν
3537 1014 3551 1035 ,
3590 973 3884 1044 ὁλόκληρον

2309 1071 2382 1140 μὴ
2429 1068 2906 1140 παραιτησάμενος
2946 1068 3218 1122 συνθεῖναι
3265 1064 3571 1134 ἐπιστολὴν,
3631 1066 3884 1136 ἐννόησον

2309 1162 2492 1231 ἡλίκος
2520 1163 2646 1233 περὶ
2660 1162 2785 1225 τοὺς
2814 1161 3006 1225 ἄλλους
3033 1157 3121 1228 ἦν.
3147 1160 3258 1214 Kal
3280 1157 3386 1230 γὰρ
3413 1157 3471 1210 ἒν
3500 1158 3659 1226 μόνον
3690 1157 3884 1228 αἰσχύ-

2307 1271 2403 1323 νης
2441 1253 2591 1316 ἀξιον
2631 1251 2877 1322 ἐνόμιζεν
2911 1246 3070 1315 εῖναι,
3098 1251 3178 1314 τὸ,
3203 1249 3320 1303 δέον
3362 1249 3611 1318 γενέσθαι
3644 1266 3699 1302 τι
3747 1247 3885 1317 πρὸς

2308 1345 2604 1416 σωτηρίαν,
2645 1345 2911 1414 παριδεῖν.
2936 1343 3035 1396 Διά
3058 1343 3216 1396 τοῦτο
3251 1341 3430 1394 πάντα
3457 1341 3647 1404 ἐκίνει,
3671 1340 3766 1394 xal
3794 1339 3884 1393 οὐ·

2306 1437 2394 1490 δὲν
2413 1436 2577 1489 ῶκνεὶ
2601 1434 2844 1505 δαπανᾷν
2863 1434 3004 1504 ὑπὲρ
3035 1433 3143 1485 τῶν
3176 1431 3517 1501 σωζομένων,
3543 1431 3603 1483 ού
3641 1431 3888 1500 ῥήματα,

2306 1527 2365 1579 ού
2399 1527 2674 1596 χρήματα,
2696 1525 2757 1577 ού
2787 1523 2946 1594 σῶμα
2967 1539 2982 1555 ·
3013 1523 3042 1574 ὁ
3074 1522 3183 1593 γὰρ
3209 1521 3468 1594 μυριάκις
3496 1521 3689 1575 ἐαυτὸν
3719 1520 3886 1573 θανά-

2305 1632 2418 1677 τοις
2446 1615 2655 1677 ὲκδοὺς,
2687 1612 2868 1682 πολλῷ
2909 1612 3110 1682 μᾶλλον
3130 1611 3250 1664 οὐδὲ
3283 1609 3580 1682 χρημάτων
3607 1609 3890 1678 ἐφείσατο.

2307 1703 2361 1755 εί
2383 1719 2445 1771 γε
2472 1702 2673 1772 παρῆν.
2690 1700 2798 1754 Kal
2817 1700 2869 1753 τί
2892 1700 3056 1768 λέγω,
3079 1700 3133 1752 εῐ
3153 1715 3216 1768 γε
3244 1699 3456 1769 παρῆν;
3479 1699 3589 1753 Kal
3608 1699 3716 1770 γὰρ
3735 1699 3891 1771 [490]

2311 1793 2386 1864 μὴ
2415 1792 2698 1863 παρόντων
2725 1791 2948 1844 δυνατὸν
2989 1791 3181 1856 δεῖξαι,
3208 1791 3289 1844 ὅτι
3324 1792 3425 1844 οὐκ
3467 1791 3743 1859 ἐφείσατο.
3779 1791 3892 1846 Kal

2311 1885 2388 1956 μὴ
2417 1886 2643 1955 νομίσῃς
2674 1884 2904 1954 αἴνιγμα
2937 1880 3076 1937 εἶναι
3100 1885 3160 1938 τὸ
3199 1887 3370 1955 ῥῆμα,
3393 1885 3510 1938 ἀλλ’
3537 1884 3706 1938 αὑτοῦ
3726 1886 3893 1939 πάλιν

2308 1979 2538 2032 ἄκουσον
2565 1976 2845 2044 λέγοντος·
2875 1977 2956 2029 ὅτι
2980 1977 3209 2030 ’Ἥδιστα
3251 1977 3569 2048 δαπανήσω,
3606 1979 3703 2030 καὶ
3731 1979 3884 2031 ἐκδα-

2309 2065 2698 2135 πανηθήσομαι
2723 2065 2864 2136 ὑπὲρ
2891 2065 2998 2117 τῶν
3035 2066 3222 2135 ψυχῶν
3268 2066 3441 2136 ὑμῶν.
3472 2067 3584 2120 Kal
3617 2067 3894 2136 Ἐφεσίοις

2309 2156 2635 2227 δημηγορῶν
2657 2154 2841 2222 ἔλεγεν
2863 2171 2876 2184 ·
2902 2155 3068 2208 Αὐτοὶ
3095 2156 3270 2212 οἴδατε
3293 2157 3375 2210 ὅτι
3401 2160 3522 2219 ταῖς
3544 2158 3759 2228 χρείαις
3788 2175 3894 2228 μου

2309 2248 2404 2300 καὶ
2428 2250 2539 2310 τοῖς
2559 2241 2677 2300 οῦσι
2705 2246 2823 2316 μετ’
2848 2246 2982 2317 ἐμοῦ
3007 2247 3355 2317 ὑπηρέτησαν
3392 2250 3447 2300 al
3493 2251 3676 2319 χεῖρες
3703 2241 3893 2302 αὗται.

2310 2337 2418 2389 Kal
2461 2336 2536 2389 ῶν
2586 2336 2788 2408 μέγας,
2833 2337 2892 2388 ἐν
2923 2336 3002 2407 τῷ
3049 2337 3326 2407 κεφαλαίῳ
3374 2337 3485 2390 τῶν
3527 2337 3785 2405 ἀγαθῶν,
3821 2343 3894 2410 τῇ

2311 2425 2522 2498 ἀγάπῃ,
2566 2425 2762 2494 φλογὸς
2799 2425 2978 2496 πάσης
3002 2425 3354 2496 σφοδρότερος
3376 2421 3445 2496 ἦν
3463 2442 3476 2456 ⁶
3515 2427 3609 2480 καὶ
3638 2426 3894 2498 καθάπερ

2313 2517 2530 2588 σίδηρος
2578 2518 2658 2579 είς
2699 2515 2810 2586 πῦρ
2845 2515 3139 2586 εμπεσὼν,
3179 2515 3300 2578 ὅλος
3325 2517 3532 2584 γίνεται
3573 2516 3708 2588 πῦρ,
3747 2517 3895 2571 οὕτω

2313 2609 2407 2661 καὶ
2439 2607 2600 2671 αὐτὸς
2636 2606 2712 2675 τῷ
2734 2607 2866 2676 πυρὶ
2892 2607 2993 2676 τῆς
3021 2607 3240 2676 ἀγάπης
3271 2607 3549 2677 ἀναφθεὶς,
3584 2609 3708 2672 ὅλος
3734 2609 3890 2678 γέγο-

2313 2718 2399 2754 νεν
2421 2702 2608 2771 ἀγάπη
2627 2720 2640 2731 ·
2671 2701 2765 2754 καὶ
2793 2701 2984 2772 ὥσπερ
3017 2700 3193 2763 κοινὸς
3232 2700 3415 2772 πατὴρ
3435 2701 3534 2770 τῆς
3563 2703 3894 2774 οἰκουμένης

2313 2789 2530 2858 ἀπάσης
2551 2789 2648 2851 ῶν,
2666 2789 2807 2842 οὓτω
2826 2791 2950 2852 τοὺς
2976 2789 3372 2858 γεγεννηκότας
3387 2791 3584 2853 αὐτοὺς
3607 2791 3861 2861 ἐμιμεῖτο
3876 2807 3894 2824 ·

2317 2881 2516 2951 μᾶλλον
2545 2881 2601 2933 δὲ
2641 2882 2733 2933 καὶ
2783 2881 2991 2944 πάντας
3014 2871 3016 2874 ’
3043 2880 3219 2950 ὑπερη
3251 2897 3438 2934 οντισε
3480 2882 3756 2952 πατέρας,
3799 2889 3898 2940 καὶ

2315 2971 2643 3043 σωματικῶν
2671 2972 2763 3024 καὶ
2808 2970 3195 3040 πνευματικῶν
3232 2971 3416 3024 ἕνεκεν
3448 2971 3769 3042 φροντίδων,
3801 2972 3900 3025 καὶ

2314 3065 2592 3132 χρήματα,
2625 3062 2718 3113 καὶ
2769 3061 2989 3131 ῥήματα
3014 3099 3028 3121 ,
3060 3060 3152 3112 καὶ
3203 3059 3382 3130 σῶμα,
3423 3062 3516 3113 καὶ
3555 3061 3756 3132 ψυχὴν,
3799 3056 3903 3116 καὶ

2316 3151 2490 3204 πάντα
2520 3150 2785 3213 ἐπιδιδοὺς
2808 3151 2948 3220 ὑπὲρ
2973 3149 3079 3202 τῶν
3111 3151 3505 3222 ἠγαπημένων.

2386 3243 2485 3295 Διά
2519 3242 2675 3295 τοῦτο
2720 3242 2813 3294 καὶ
2845 3242 3121 3312 πλήρωμα
3154 3241 3322 3312 αὐτὴν
3365 3240 3550 3295 ἐκάλει
3577 3242 3768 3312 νόμου,
3804 3229 3898 3299 καὶ

2315 3334 2608 3403 σύνδεσμον
2630 3333 2984 3402 τελειότητος,
3009 3333 3103 3386 καὶ
3120 3363 3122 3367 -
3136 3333 3347 3404 μητέρα
3369 3333 3476 3386 τῶν
3505 3333 3728 3401 ἀγαθῶν
3759 3335 3902 3388 πάν-

2312 3441 2439 3484 των,
2473 3424 2567 3475 καὶ
2609 3423 2782 3492 ἀρχὴν
2809 3425 2902 3475 καὶ
2925 3422 3077 3486 τέλος
3111 3424 3340 3493 ἀρετῆςο
3377 3424 3458 3476 διὸ
3483 3425 3577 3476 καὶ
3601 3425 3788 3493 ἔλεγε·
3826 3427 3896 3481 Τὸ

2314 3515 2383 3567 δὲ
2410 3515 2585 3578 τέλος
2615 3513 2722 3580 τῆς
2749 3509 3107 3584 ἐπαγγελίας
3135 3514 3334 3582 ἀγάπη
3364 3516 3432 3569 ἐκ
3453 3518 3718 3584 καθαρᾶς
3756 3535 3894 3587 mp-

2315 3604 2474 3669 δίας.
2502 3605 2596 3657 καὶ
2625 3603 3035 3669 συνειδήσεως
3050 3602 3278 3672 ἀγαθῆς
3303 3620 3316 3633 ·
3341 3605 3434 3656 καὶ
3460 3605 3641 3670 πάλιν,
3668 3599 3740 3653 Τὸ
3757 3601 3896 3672 γὰρ,

2317 3703 2399 3754 Οὺ
2433 3702 2804 3769 μοιχεύσεις,
2865 3704 2937 3754 οὐ
2973 3702 3312 3768 φονεύσεις,
3351 3701 3448 3754 καὶ
3492 3703 3550 3755 ει
3592 3719 3686 3768 τις
3723 3703 3897 3771 ἑτέρα

2311 3801 2551 3868 ἐντολὴ,
2577 3801 2645 3853 ὲν
2688 3799 2768 3864 τῷ
2795 3801 2955 3869 λόγῳ
2982 3801 3169 3866 τούτῳ
3207 3801 3752 3869 ἀνακεφαλαιοῦται
3773 3843 3790 3866 ,
3826 3805 3898 3858 ἐν

2312 3903 2413 3970 τῷ,
2447 3901 2794 3972 Ἀγαπήσεις
2813 3901 2918 3955 τὸν
2930 3904 3196 3971 πλησίον
3207 3918 3323 3956 σου
3344 3902 3424 3968 ὡς
3439 3907 3722 3978 σεαυτόν.
3741 3906 3898 3960 Ἐπεὶ

2313 4000 2403 4058 οὖν
2425 4004 2565 4076 ἀρχὴ
2603 4005 2696 4058 καὶ
2715 4004 2866 4067 τέλος
2895 4005 2988 4057 καὶ
3015 4005 3190 4058 πάντα
3213 4003 3284 4057 τά
3305 4003 3487 4072 ἀγαθά
3503 4007 3537 4076 ἡ
3559 4006 3772 4077 ἀγάπη,
3792 4010 3892 4063 καὶ

2313 4104 2486 4176 ταύτῃ
2535 4105 2626 4157 τὸν
2668 4103 2877 4158 Παῦλον
2918 4103 3282 4175 ζηλώσωμενο
3318 4104 3551 4178 καὶγὰρ
3600 4101 3758 4171 οὗτος
3807 4110 3896 4162 tv-

2313 4201 2502 4255 τεῦθεν
2555 4203 2794 4265 τοιοῦτος
2840 4201 3075 4269 ἐγένετο.
3099 4202 3191 4272 Μὴ
3221 4202 3330 4273 γάρ
3367 4220 3459 4274 μοι
3504 4206 3632 4268 τοὺς
3661 4208 3898 4276 νεκροὺς

2315 4302 2494 4374 εἴπῃς,
2518 4301 2610 4366 οὓς
2643 4303 2928 4374 ἀνέστησε,
2957 4303 3093 4374 μηδέ
3127 4306 3254 4367 τοὺς
3282 4303 3536 4376 λεπροὺς,
3563 4304 3658 4370 οὓς
3689 4307 3898 4379 ἐκάθηο

2317 4415 2410 4469 ρεν
2426 4415 2438 4428 °
2467 4399 2617 4452 οὐδὲν
2641 4398 2844 4453 τούτων
2870 4402 2898 4452 ὁ
2919 4399 3052 4462 Θεὸς
3075 4390 3396 4471 ἐπιζητήσει
3425 4401 3576 4471 παρά
3597 4400 3714 4456 σοῦ.
3737 4404 3895 4476 Κτῆ-

2318 4515 2408 4552 σαι
2434 4499 2532 4570 τὴν
2563 4499 2782 4571 ἀγάπην
2809 4500 2909 4572 τὴν
2942 4499 3180 4565 Παύλου,
3212 4501 3308 4554 καὶ
3346 4501 3440 4554 τὸν
3469 4501 3729 4571 στέφανον
3749 4502 3896 4568 ῑεεις

2314 4600 2739 4671 ἀπηρτισμένον.
2776 4601 2872 4664 Τις
2897 4600 3073 4655 ταῦτά
3113 4617 3318 4672 φησιν;
3353 4600 3526 4666 Δύτδς
3556 4603 3586 4657 6
3618 4602 3718 4673 τῆς
3753 4604 3898 4672 ἀγά-

2315 4715 2423 4769 πης
2463 4700 2717 4769 τροφεὺς,
2747 4693 2899 4764 οὗτος
2935 4702 2964 4753 ὁ
3011 4700 3104 4753 καὶ
3136 4699 3400 4770 σημείων,
3440 4700 3537 4755 καὶ
3569 4700 3894 4772 θαυμάτων,

2314 4798 2408 4852 καὶ
2431 4797 2638 4869 μυρίων
2669 4799 2838 4870 αὐτὴν
2861 4799 3065 4870 ἐτέρων
3087 4798 3331 4870 προθείς.
3363 4796 3583 4871 Ἐπειδὴ
3615 4799 3726 4872 γὰρ
3757 4801 3894 4871 σφό-

2313 4900 2415 4971 δρα
2453 4897 2622 4971 αὐτὴν
2660 4898 3047 4971 κατωρθὼκει,
3079 4898 3169 4953 διά
3215 4897 3375 4953 τοῦτο
3417 4898 3513 4953 καὶ
3547 4899 3688 4970 μετά
3735 4899 3900 4971 ἀκρι-

2313 5002 2467 5065 ϐείας
2515 5001 2684 5072 αὐτῆς
2735 4997 2842 5054 οἶδε
2888 5000 2986 5073 τὴν
3025 5001 3197 5072 ίσχύν.
3259 5000 3539 5055 Ἐντεῦθεν
3593 5001 3686 5054 καὶ
3729 5001 3898 5065 αὐτὸς

2314 5100 2552 5165 τοιοῦτος
2590 5101 2806 5168 ἐγένετο
2831 5139 2844 5161 ,
2893 5101 2986 5153 καὶ
3017 5099 3168 5155 οὐδὲν
3206 5099 3381 5164 οὕτως
3428 5097 3593 5154 αὐτὸν
3637 5100 3899 5169 ἐποίησεν

2314 5201 2482 5266 ἄξιον,
2512 5201 2587 5264 ῶς
2630 5202 2663 5271 ἡ
2713 5200 2812 5269 τῆς
2859 5200 3084 5271 ἀγάπης
3136 5201 3397 5271 δύναμις·
3450 5200 3531 5254 διδ
3575 5201 3668 5253 καὶ
3701 5200 3894 5268 ἔλεγε·

2315 5300 2578 5368 Ζηλοῦτε
2631 5301 2701 5354 τὰ
2743 5300 3079 5370 χαρίσματα
3130 5301 3204 5354 τὰ
3251 5301 3595 5368 κρείττοναο
3640 5299 3739 5352 καὶ
3807 5299 3898 5352 ἐτι

2314 5395 2441 5447 καθ’
2464 5392 2807 5460 ὑπερϐολὴν
2837 5392 2981 5447 όδὸν
3008 5391 3156 5461 ὑμῖν
3192 5392 3488 5460 δείκνυμι,
3536 5381 3636 5460 τὴν
3670 5389 3897 5461 ἀγάπην

2315 5490 2508 5560 λέγων,
2539 5492 2637 5559 τὴν
2686 5490 2977 5561 καλλίστην
3007 5491 3125 5545 ὁδὸν
3165 5491 3258 5544 καὶ
3297 5490 3506 5560 ῥᾳδίαν.
3543 5487 3896 5559 Ταύτηντοίι

2315 5610 2407 5645 νυν
2449 5593 2540 5646 καὶ
2571 5593 2730 5660 ἡμεῖς
2759 5589 3063 5661 βαδίζωμεν
3095 5589 3384 5660 διηνεκῶς,
3433 5589 3518 5640 ῖνα
3551 5588 3644 5640 καὶ
3679 5586 3896 5640 Παῦλον

2320 5696 2535 5764 ἴδωμεν,
2579 5690 2777 5763 μᾶλλον
2809 5691 2866 5744 δὲ
2915 5691 3005 5744 τὸν
3037 5690 3248 5745 Παύλου
3294 5691 3590 5754 Δεσπότην,
3639 5689 3732 5742 καὶ
3783 5688 3894 5743 τῶν
