4082 6482
229 370 348 427 485

226 487 328 539 12.
356 483 483 554 20),
510 479 734 555 etpaulo
757 488 898 552 post,
929 477 1029 547 Ne,
1051 495 1164 532 cum
1189 480 1368 532 iterum
1386 491 1584 543 venero,
1604 472 1834 526 humiliet

222 593 322 630 me
357 576 493 630 Deus
521 572 661 644 apud
687 589 773 627 uos
796 613 811 639 ,
841 581 886 626 et
925 573 1125 642 lugeam
1155 569 1343 623 multos
1368 583 1430 621 es
1457 566 1534 618 his
1558 606 1572 630 ,
1605 564 1691 634 qui
1716 571 1834 616 ante

219 674 600 737 peccauerunt,
629 674 680 718 et
706 679 806 716 non
831 673 1035 733 egerunt
1065 660 1406 729 pwnitentiam
1433 673 1586 726 super
1614 655 1831 709 imnmno

225 759 374 813 ditia
395 800 409 823 ,
441 765 487 812 et
517 756 851 825 fornicatione
869 795 884 820 ,
921 764 967 806 et
1004 751 1320 820 impudicitia
1345 793 1360 816 ,
1396 765 1548 819 quant
1572 754 1831 818 gesserunt

219 847 316 918 (2.
346 845 467 902 Cor.
500 842 586 898 12.
610 841 724 909 Si).
749 843 817 897 Et
841 843 907 897 ad
937 842 1150 898 Galatas
1171 882 1186 905 ,
1220 839 1398 894 Filioli
1421 880 1436 907 ,
1469 838 1677 908 inquit,
1707 837 1827 904 mei,

213 953 364 1005 quos
391 938 570 991 iterum
597 935 830 1007 parturio
852 973 868 999 ,
899 933 1058 986 donec
1082 931 1313 985 Christus
1344 930 1589 994 formetur
1613 928 1667 981 in
1693 927 1830 981 vobis

219 1025 388 1095 (Gal.
418 1029 473 1081 ι.
499 1024 612 1095 19).
645 1025 715 1080 Et
742 1025 795 1078 in
816 1038 976 1076 causa
1005 1023 1121 1090 ejus
1140 1061 1153 1085 ,
1185 1020 1277 1090 qui
1307 1018 1481 1074 fuerat
1510 1018 1824 1083 fornicatus,

216 1134 345 1172 non
374 1118 549 1172 minus
574 1132 639 1173 eo
661 1117 796 1186 ipso,
821 1115 907 1184 qui
933 1129 1028 1182 pro
1050 1125 1269 1182 peccato
1289 1127 1386 1165 suo
1417 1109 1824 1175 lamentabatur,

212 1207 404 1272 delet,
430 1221 633 1278 proque
655 1206 748 1260 illo
770 1205 906 1260 alios
927 1204 1245 1273 deprecatur
1269 1202 1452 1256 dicens
1479 1219 1490 1254 :
1523 1199 1830 1270 Con/ii-mate

215 1301 284 1352 in
311 1299 462 1352 illum
481 1297 739 1350 caritatem
763 1295 783 1362 (
805 1294 861 1348 ‘2.
889 1293 1008 1348 Cor.
1041 1293 1094 1346 2.
1126 1293 1219 1362 8).
1252 1292 1356 1347 Sed
1388 1293 1548 1346 etiam
1570 1331 1584 1356 ,
1614 1291 1827 1360 quando

221 1390 387 1444 illum
410 1388 482 1443 ab
509 1386 767 1441 Ecclesire
789 1400 1017 1454 corpore
1047 1373 1499 1453 separabatfcum
1525 1382 1702 1435 multis
1726 1381 1827 1438 hoc

222 1481 488 1551 laerymis
517 1480 824 1549 gemituque
852 1476 1099 1532 faciebat.
1132 1476 1216 1530 Ea:
1235 1476 1414 1541 multa,
1445 1475 1633 1544 inquit,
1663 1474 1826 1529 tribu-

221 1573 426 1626 latione
459 1580 507 1626 et
535 1570 770 1641 angustia
809 1567 975 1622 cordis
1017 1569 1199 1636 scripsi
1235 1567 1370 1620 vobis
1401 1583 1490 1636 per
1520 1567 1705 1621 multas
1743 1567 1824 1620 la-

219 1678 433 1733 crymas
455 1702 473 1728 ,
516 1678 618 1715 non
659 1669 713 1713 ut
749 1659 1113 1714 contristemini
1138 1699 1154 1724 ,
1195 1657 1285 1711 sed
1313 1665 1366 1710 ut
1393 1658 1562 1711 sciatis
1587 1659 1824 1727 quoniam

222 1755 494 1807 caritatem
510 1753 718 1806 habeam
733 1749 1069 1804 abundantius
1086 1750 1137 1802 in
1152 1765 1234 1803 vos
1251 1746 1356 1818 (Ib.
1377 1763 1424 1801 υ.
1444 1748 1518 1819 4).
1536 1748 1673 1824 Etru
1682 1763 1822 1803 rsus:

230 1846 432 1901 Factus
451 1863 562 1899 sum
578 1843 776 1898 Judteis
805 1854 1059 1914 tamquam
1079 1841 1290 1895 Juda‘us
1315 1882 1330 1906 ,
1374 1842 1471 1905 his,
1502 1840 1585 1911 qui
1605 1841 1696 1894 sub
1718 1841 1825 1912 lege

222 1948 396 2002 erant,
435 1937 578 2007 quasi
607 1934 697 1988 sub
736 1935 844 2005 lege
870 1949 1070 1997 essem;
1108 1934 1274 2002 factus
1315 1949 1429 1986 sum
1469 1933 1704 1998 inﬁrmus
1739 1933 1820 1985 in-

225 2031 395 2099 ﬁrmis
418 2071 432 2096 ,
466 2029 699 2083 omnibus
727 2027 897 2080 omnia
924 2027 1087 2094 factus
1111 2041 1246 2090 sum,
1278 2034 1331 2076 ut
1355 2041 1525 2076 omnes
1553 2025 1718 2078 salvos
1743 2029 1826 2094 fa-

222 2137 393 2175 cerem
422 2120 496 2190 (1.
525 2117 643 2173 Cor.
665 2118 720 2174 9.
742 2115 953 2185 20.22).
996 2116 1060 2169 Et
1079 2115 1199 2168 alibi
1227 2129 1410 2168 rursus
1435 2132 1446 2166 :
1475 2113 1539 2168 Ut
1561 2115 1823 2169 exhibeam

227 2229 434 2266 omnem
460 2211 711 2265 hominem
739 2208 1017 2279 perfectum
1042 2207 1094 2260 in
1119 2204 1317 2260 Christo
1343 2204 1375 2257 J
1383 2222 1468 2259 esu
1485 2204 1617 2274 (Col.
1637 2205 1684 2259 1.
1703 2204 1819 2274 98).

232 2303 484 2366 Vidistin’
505 2303 735 2356 animam
764 2299 940 2354 omnia
962 2306 1172 2352 terrena
1199 2295 1576 2365 superantem?
1596 2295 1822 2348 Omnem

223 2399 371 2453 cnim
413 2408 631 2466 prorsus
678 2391 948 2447 hominem
988 2391 1100 2446 Deo
1135 2389 1389 2443 exhibere
1430 2387 1719 2456 cupiebat,
1767 2395 1821 2441 et

221 2503 439 2556 omnes,
473 2493 726 2557 quantum
760 2484 812 2538 in
844 2483 960 2551 ipso
988 2489 1152 2550 esset,
1183 2479 1440 2534 exhibuit.
1487 2478 1647 2544 Quasi
1678 2479 1820 2533 enim

222 2581 532 2637 universum
563 2577 816 2633 mundum
846 2575 1150 2646 genuisset.
1181 2573 1258 2628 sic
1284 2570 1711 2642 perturbabatur,
1742 2568 1820 2624 sic

219 2670 494 2733 currebat,
517 2669 596 2723 sic
611 2680 798 2723 omnes
819 2667 871 2720 in
900 2679 1122 2735 regnum
1148 2663 1240 2718 Dei
1260 2661 1547 2716 festinabat
1565 2660 1818 2714 inducere

221 2759 580 2817 ministerium
623 2765 885 2827 praestans
907 2796 922 2821 ,
969 2767 1193 2808 monens
1220 2794 1236 2820 ,
1279 2751 1536 2822 pollicens
1560 2790 1576 2815 ,
1615 2765 1774 2804 orans
1797 2790 1813 2816 ,

219 2852 551 2922 supplicans,
585 2848 860 2903 daamones
889 2843 1208 2909 terrificans,
1240 2852 1585 2910 corruptores
1610 2840 1816 2893 anima-

206 2959 341 2997 rum
374 2941 598 3011 fugatis,
647 2954 745 3008 per
784 2934 1269 3000 commorationes,
1313 2947 1405 3011 per
1425 2932 1670 2996 litteras,
1715 2943 1812 2998 per

215 3007 536 3094 sermones;
570 3007 663 3099 per
685 3043 771 3083 res
801 3036 998 3098 gestas,
1033 3041 1129 3096 per
1153 3007 1466 3093 discipulos,
1501 3036 1595 3090 per
1618 3030 1816 3075 semet-

218 3124 395 3193 ipsum
424 3120 718 3174 conabatur
738 3121 943 3188 erigere
967 3118 1228 3180 labantes,
1251 3122 1452 3168 stantes
1477 3126 1605 3167 vero
1633 3112 1813 3165 ﬁrma-

215 3233 302 3282 re,
339 3215 481 3269 humi
509 3214 749 3284 jacentes
773 3212 1038 3274 attollere,
1064 3223 1256 3262 sanare
1285 3205 1564 3282 contritus,
1588 3214 1809 3274 torpen-

217 3318 304 3363 tes
354 3307 475 3360 oleo
526 3304 917 3360 exhortationis
965 3301 1226 3366 animare,
1283 3299 1514 3353 inimicis
1557 3299 1811 3353 insonare

218 3398 551 3458 terribiliter,
573 3395 754 3450 hostes
775 3393 1051 3448 minaciter
1071 3391 1284 3457 intueri,
1315 3391 1688 3460 instar'optimi
1715 3406 1809 3445 cu-

213 3494 430 3562 jusdam
458 3490 608 3545 ducis
633 3505 695 3544 ac
723 3487 913 3543 medici
945 3486 1071 3541 artis
1089 3502 1204 3540 sua
1225 3486 1570 3539 instrumenta
1595 3493 1810 3554 gestan-

220 3586 313 3650 tis,
354 3590 621 3653 protector
650 3580 762 3648 ipse
792 3577 1098 3633 bellantium
1126 3618 1140 3643 ,
1176 3575 1288 3644 ipse
1331 3574 1545 3629 sedulus
1576 3581 1807 3642 a-groto-

211 3691 336 3732 rum
365 3675 626 3738 minister,
669 3683 723 3726 et
759 3685 894 3724 unus
937 3667 1172 3723 omnium
1217 3665 1514 3719 ciliciorum
1547 3677 1807 3732 personas

210 3767 456 3837 gerebat,
488 3760 785 3818 exercitum
817 3761 1012 3829 ubique
1057 3756 1390 3812 custodiens.
1421 3754 1529 3809 Nec
1556 3755 1606 3807 in
1642 3753 1805 3822 Spiri-

213 3857 450 3913 tualibus
475 3856 670 3916 solum,
725 3852 818 3906 sed
867 3851 919 3905 in
967 3846 1269 3905 carnalibus
1321 3861 1534 3916 quoque
1578 3846 1801 3914 plurima

227 3949 606 4018 providazcrga
618 3957 811 3999 omnes
822 3955 969 3996 cura;
985 3947 1040 3996 et
1059 3939 1226 3995 studii
1242 3938 1560 3992 documenta
1589 3946 1802 4006 praesta-

213 4037 327 4089 bat.
359 4033 494 4087 Audi
528 4032 704 4102 itaque
744 4027 1195 4102 quemadmodum
1237 4041 1334 4096 pro
1361 4042 1462 4081 una
1492 4028 1652 4081 etiam
1683 4043 1803 4080 mu-

213 4128 349 4183 liere
377 4125 443 4179 ad
474 4125 779 4178 universum
825 4122 1022 4177 scribat
1067 4119 1316 4191 pepulum
1337 4162 1353 4185 ,
1395 4119 1580 4174 dicens
1612 4119 1800 4173 :Com-

213 4217 400 4271 mendo
423 4223 590 4269 autem
610 4213 746 4268 vobis
779 4211 1003 4266 Phoeben
1032 4227 1255 4265 sororem
1298 4218 1552 4273 nostram,
1589 4225 1702 4280 qua:
1729 4219 1803 4263 est

213 4311 268 4363 in
297 4307 570 4362 ministerio
596 4305 854 4370 Ecclesiae,
877 4320 991 4375 qua:
1011 4312 1082 4356 est
1101 4288 1387 4367 Cenchreis,
1413 4311 1472 4354 ut
1493 4318 1604 4355 eam
1642 4303 1806 4356 susci-

214 4400 369 4471 piatis
391 4401 443 4451 in
472 4397 691 4451 Domino
715 4395 866 4466 digne
894 4395 1102 4459 sanctis,
1149 4403 1196 4446 et
1220 4393 1467 4446 assistatis
1491 4392 1556 4458 ei,
1588 4393 1640 4445 in
1670 4409 1800 4462 quo-

213 4508 427 4563 cumque
465 4491 664 4558 negotio
715 4488 864 4542 uestri
909 4488 1181 4556 indignerit
1230 4485 1407 4553 (Rom.
1465 4485 1552 4539 16.
1606 4485 1682 4556 1).
1738 4485 1806 4539 Ει

213 4585 409 4639 iterum
435 4599 448 4635 :
483 4579 680 4644 Nostis,
712 4580 804 4646 ait,
852 4579 1058 4632 domum
1087 4575 1382 4646 Stephanus,
1409 4586 1462 4628 ut
1491 4585 1538 4631 et
1567 4593 1653 4629 vos
1681 4575 1804 4630 sub-

213 4673 309 4727 diti
336 4673 446 4727 sitis
469 4671 717 4737 eiusmodi
743 4670 819 4740 (1.
849 4667 966 4723 Cor.
998 4667 1084 4723 l6.
1119 4670 1184 4724 l5
1228 4678 1276 4722 et
1303 4668 1417 4737 16).
1466 4668 1530 4722 Ει
1566 4683 1751 4722 rursus
1784 4684 1798 4721 :

212 4763 514 4836 Cognoscite
540 4763 628 4832 qui
653 4760 1080 4831 hujusmodizsunt
1126 4761 1144 4829 (
1175 4758 1257 4813 Ib.
1281 4775 1328 4812 υ.
1359 4758 1426 4814 18
1460 4758 1498 4829 ).
1541 4758 1635 4813 Est
1660 4759 1801 4813 enim

212 4854 318 4911 hoc
342 4867 557 4925 quoque
575 4854 848 4923 proprium
878 4861 932 4905 et
957 4849 1219 4904 familiare
1261 4850 1313 4904 in
1349 4849 1634 4904 dilectione
1677 4864 1804 4904 san-

209 4955 454 5010 ctorum,
503 4951 564 4998 ut
592 4943 645 4998 in
676 4941 762 4997 his
807 4956 1021 5012 quoque
1068 4949 1403 4995 succurrant.
1436 4940 1526 4995 Sic
1568 4939 1711 4994 enim
1752 4949 1807 4994 et

211 5036 441 5093 Elisaus
463 5032 745 5088 mulierem
777 5032 941 5097 illam,
969 5031 1351 5096 susceptrieem
1383 5044 1533 5085 suam
1564 5045 1670 5085 non
1696 5030 1807 5099 spi—

209 5125 496 5182 rituslibus
541 5123 750 5200 solum,
801 5123 898 5177 sed
955 5123 1114 5178 etiam
1161 5122 1463 5178 carnalibus
1522 5121 1800 5177 beneﬁciis

210 5221 524 5272 remunerat
559 5212 634 5284 (1.
659 5211 787 5284 Reg.
823 5212 877 5267 4.
911 5211 998 5267 12.
1044 5211 1195 5282 sqq);
1227 5220 1444 5281 propter
1485 5210 1647 5282 quod,
1679 5226 1802 5266 cum

211 5306 378 5361 multa
401 5303 761 5360 sollicitudine
783 5318 1014 5373 curaque
1044 5303 1253 5358 dicebat
1281 5321 1294 5357 :
1327 5301 1487 5357 Estne
1530 5303 1626 5355 tibi
1643 5319 1806 5356 sermo

210 5397 279 5450 ad
308 5411 478 5468 regem
518 5395 597 5449 uel
641 5393 709 5447 ad
740 5393 1018 5465 principem
1048 5392 1230 5466 (Ibid.
1276 5409 1326 5446 υ.
1373 5394 1522 5465 l5)?
1567 5394 1633 5447 Et
1675 5393 1801 5464 quid

214 5489 430 5551 mirum,
460 5487 505 5541 si
533 5485 1026 5542 commendationes
1055 5500 1150 5554 per
1179 5485 1360 5539 literas
1389 5485 1636 5554 praestitit
1661 5485 1802 5540 Pau-

215 5580 318 5645 lus,
346 5577 435 5647 qui
454 5577 522 5632 sd
547 5592 607 5632 se
631 5576 836 5646 aliquos
867 5591 1144 5642 revocans,
1171 5591 1269 5632 nec
1288 5575 1356 5631 de
1379 5575 1571 5630 viatico
1593 5577 1804 5632 illorum

214 5684 395 5724 curam
422 5683 611 5739 gerere
633 5667 949 5738 dedignatus
973 5677 1072 5733 est,
1107 5667 1263 5738 idque
1284 5668 1456 5735 ipsum
1485 5669 1540 5722 in
1573 5669 1796 5737 epistola

211 5775 305 5817 sua
338 5762 610 5820 scribere?
664 5761 939 5838 Siquidem
993 5762 1230 5818 scribens
1278 5761 1399 5818 Tito
1429 5760 1502 5817 ait
1534 5779 1546 5816 :
1583 5759 1795 5832 Zenam,

1097 362 1186 420 DE
1224 357 1565 419 LAUDIBUS
1602 358 1662 418 S.
1705 356 1908 416 PAULI
1947 358 2303 416 APOSTOLI.
2347 361 2574 420 llOillL.
2620 364 2708 420 Ill.

3425 368 3558 428 tam

1941 473 2065 542 legis
2088 475 2324 542 peritum,
2352 485 2398 532 et
2426 475 2751 545 Apollonium
2783 479 2994 532 sollicite
3022 480 3286 548 prazmitte,
3323 493 3375 534 ut
3403 483 3533 540 nihil

1938 563 2040 617 illis
2062 566 2187 618 desit
2216 567 2233 637 (
2259 563 2360 618 Tit.
2386 567 2438 621 5.
2467 569 2533 622 15
2555 569 2595 638 ).
2626 568 2723 635 Qui
2752 570 3136 625 commendans
3185 573 3390 641 aliquos
3419 584 3526 628 tam

1935 653 2176 710 studiose
2199 655 2411 725 scripsit
2435 666 2597 728 atque
2625 658 2877 725 sollicite,
2925 660 3095 715 multo
3143 663 3313 732 magis
3356 663 3528 718 sicubi

1935 743 2157 799 vidisset
2182 747 2562 816 periclitantes,
2585 761 2771 803 etincta
2797 749 3032 807 fecisset.
3061 751 3143 808 Ad
3161 752 3527 808 PhilemOnein

1934 849 2148 904 quoque
2175 847 2393 905 promer
2425 836 2738 893 Onesimum
2784 840 3049 909 scribens,
3100 843 3222 898 vide
3265 855 3524 914 quantum

1934 925 2195 994 impendit
2220 927 2472 996 studium,
2501 945 2662 1000 quam
2690 931 2894 987 intente
2915 948 2979 989 ac
3007 934 3238 990 sollicite
3263 935 3525 1004 deprece-

1934 1024 2038 1071 tur.
2069 1017 2170 1084 Qui
2196 1029 2372 1074 autean
2403 1037 2500 1091 pro
2540 1039 2650 1078 uno
2727 1026 2948 1079 servulo
2973 1062 2990 1089 ,
3082 1040 3259 1097 eoque
3333 1027 3524 1099 fugiti-

1934 1125 2001 1166 vo
2021 1154 2036 1178 ,
2089 1119 2144 1165 et
2180 1109 2267 1178 qui
2296 1124 2362 1164 ex
2393 1111 2780 1190 rebus-domini
2811 1114 2973 1168 multa
2996 1116 3354 1182 subtraxerat,
3388 1119 3519 1172 inte-

1931 1211 2101 1264 gram,
2131 1199 2380 1269 omnique
2406 1201 2597 1256 atiectu
2629 1203 2838 1272 plenam
2861 1205 3139 1274 epistolam
3162 1206 3279 1262 sine
3303 1218 3492 1263 cuncta
3509 1239 3525 1249 -

1934 1288 2078 1344 tione
2101 1293 2422 1359 composuit,
2449 1293 2622 1362 qualis
2649 1296 2790 1349 circa
2831 1295 2967 1350 alios
3012 1296 3188 1363 fuerit,
3225 1299 3516 1368 perpende.

1931 1378 2106 1435 Unum
2132 1383 2272 1437 enim
2317 1383 2417 1438 hoc
2461 1386 2548 1439 ille
2581 1386 2782 1454 pudore
2821 1386 3042 1458 dignum
3065 1389 3286 1457 putavit,
3325 1391 3523 1460 aliquid

1930 1475 2132 1530 scilicet
2161 1491 2258 1546 pro
2304 1478 2592 1547 cujuslibet
2628 1479 2799 1534 salute
2841 1479 3130 1551 negligere.
3163 1481 3390 1550 Propter
3420 1483 3522 1537 hoc

1928 1565 2120 1636 agebat
2147 1568 2348 1636 omnia,
2382 1577 2437 1624 et
2485 1570 2903 1636 commovebat;
2951 1586 3051 1626 nec
3101 1571 3321 1627 omnino
3367 1572 3521 1643 quid-

1928 1671 2088 1726 quam
2116 1672 2213 1728 pro
2243 1658 2347 1726 his,
2379 1660 2468 1730 qui
2497 1660 2748 1714 servandi
2795 1669 2968 1728 erant,
3015 1661 3370 1717 cunctabatur
3418 1664 3520 1716 illl-

1930 1749 2184 1819 pendere,
2213 1765 2319 1806 non
2345 1752 2528 1818 verba,
2559 1768 2664 1807 non
2691 1756 2964 1822 pecunias,
2990 1770 3098 1810 non
3130 1755 3362 1824 denique
3402 1771 3518 1809 coro

1928 1855 2030 1911 pus
2074 1843 2267 1912 ipsum.
2315 1843 2416 1911 Qui
2447 1845 2592 1899 enim
2623 1846 2816 1901 millies
2859 1847 3097 1917 seipsum
3148 1846 3437 1902 tradiderat
3465 1850 3517 1900 in

1930 1944 2182 2004 mortem,
2207 1937 2376 1991 multo
2396 1939 2563 2008 magis
2590 1938 2637 1994 si
2679 1937 2974 2003 habuisset,
3020 1955 3120 1995 nec
3161 1940 3400 2010 pecuniis
3431 1955 3521 2007 pe-

1929 2026 2206 2095 percisset.
2239 2027 2308 2081 Et
2351 2027 2478 2098 quid
2506 2028 2662 2096 dico,
2709 2029 2754 2082 si
2784 2028 3093 2095 habuisset,
3143 2046 3278 2098 cum,
3296 2031 3522 2100 probare
3544 2022 3560 2032 ”

1932 2119 2150 2186 possim,
2200 2134 2306 2172 non
2356 2120 2662 2188 pepercisse
2709 2134 2834 2174 eum
2881 2120 3146 2189 pecuniis,
3177 2119 3337 2174 etiam
3389 2120 3522 2175 nihil

1930 2206 2261 2263 habentem?
2291 2209 2356 2266 Et
2405 2225 2473 2264 ne
2518 2210 2827 2280 ambiguum
2857 2220 3182 2281 putesesse,
3205 2211 3346 2280 quod
3390 2211 3523 2266 dici-

1929 2313 2069 2365 mus,
2099 2299 2220 2353 audi
2241 2303 2410 2370 ipsum
2436 2315 2621 2355 rursus
2642 2300 2948 2371 loquentem
2975 2319 2988 2355 :
3018 2302 3294 2369 Quoniam,
3325 2301 3522 2372 inquit,

1927 2391 2157 2457 libenter,
2184 2393 2496 2464 impendant,
2527 2401 2572 2447 et
2603 2393 3023 2463 superimpendur
3065 2395 3172 2464 ipse
3192 2410 3284 2465 pro
3314 2395 3517 2446 anima-

1927 2485 2017 2537 bus
2046 2484 2220 2537 vestris
2250 2482 2270 2555 (
2299 2483 2353 2538 2.
2382 2483 2502 2538 Cor.
2532 2484 2621 2539 12.
2649 2485 2718 2540 15
2743 2485 2763 2555 )
2799 2501 2811 2536 :
2840 2494 2894 2539 et
2918 2485 3183 2554 Ephesios
3211 2485 3515 2555 alloquens,

1925 2577 1999 2630 ait
2029 2595 2041 2629 :
2073 2575 2186 2645 Ipsi
2203 2577 2361 2644 scitis,
2385 2577 2627 2646 quoniam
2656 2576 3034 2632 necessitatibus
3058 2577 3204 2643 meis,
3230 2586 3275 2631 et
3316 2578 3396 2632 his
3433 2579 3525 2647 qui

1922 2685 2117 2721 mecum
2145 2678 2307 2732 erant,
2333 2670 2745 2724 ministraverunt
2766 2685 2947 2722 manus
2966 2669 3078 2722 ista:
3104 2669 3242 2738 (Act.
3274 2669 3364 2724 20.
3402 2672 3518 2739 54).

1925 2759 2131 2816 Etcum
2153 2762 2329 2818 celsus
2358 2761 2411 2816 in
2441 2761 2681 2818 omnium
2716 2761 2968 2816 virtutum
3011 2777 3137 2817 arce
3161 2803 3177 2830 ,
3210 2777 3404 2832 nempe
3429 2777 3517 2818 ea-

1923 2851 2079 2907 ritate
2126 2855 2463 2918 consisteret,
2521 2854 2665 2908 omni
2717 2852 2929 2908 ﬂamma
2958 2862 3074 2908 erat
3111 2853 3405 2910 ardentior.
3450 2853 3522 2927 Ut

1920 2942 2063 2997 enim
2088 2944 2309 2998 missum
2351 2946 2403 2998 in
2431 2945 2609 3016 ignem
2640 2943 2861 3010 ferrum,
2910 2953 3082 3000 totum
3110 2943 3351 3015 profecto
3379 2945 3518 3016 ignis

1920 3033 2148 3088 eflicitur
2190 3053 2203 3088 :
2237 3035 2317 3090 sic
2340 3035 2534 3091 Paulus
2561 3036 2782 3091 caritate
2812 3051 3125 3101 succensus,
3173 3044 3315 3092 totus
3343 3037 3518 3094 factus

1919 3136 2000 3181 est
2025 3128 2238 3192 caritas,
2269 3129 2357 3196 qni
2387 3129 2537 3198 quasi
2580 3129 2882 3184 communis
2929 3129 3092 3182 totius
3135 3129 3319 3184 mundi
3360 3138 3504 3184 esset

1919 3229 2089 3286 pater,
2139 3219 2210 3273 ita
2239 3220 2291 3273 in
2316 3234 2500 3274 amore
2529 3220 2767 3274 omnium
2800 3220 2945 3290 ipsos
2987 3235 3174 3275 eorum
3206 3220 3514 3276 imitabatur

1916 3317 2168 3375 parentes
2201 3324 2216 3361 :
2248 3308 2357 3363 imo
2384 3320 2628 3376 cunctos,
2660 3325 2766 3364 non
2817 3308 3020 3364 carnali
3102 3310 3500 3375 tantummodo,

1915 3411 2102 3450 verum
2131 3397 2294 3451 etiam
2323 3398 2590 3468 spirituali
2673 3407 2851 3467 patres
2891 3397 3253 3454 sollicitudine
3299 3415 3363 3454 ac
3389 3400 3509 3469 pie-

1915 3494 2020 3540 tate
2046 3488 2348 3556 superabat,
2391 3497 2446 3543 et
2491 3487 2746 3558 pecunias
2767 3528 2782 3552 ,
2825 3494 2877 3541 et
2907 3487 3090 3552 verba,
3123 3497 3179 3543 et
3205 3503 3422 3559 corpus,
3455 3498 3514 3546 et

1913 3575 2145 3628 animam
2185 3592 2280 3644 pro
2308 3578 2393 3644 iis,
2419 3593 2554 3646 quos
2582 3575 2854 3647 diligebat,
2883 3575 3218 3645 impendens.

1991 3657 2222 3726 Propter
2254 3658 2359 3710 hoc
2395 3657 2582 3724 itaque
2608 3658 2895 3710 caritatem
2931 3659 3095 3710 etiam
3123 3658 3518 3727 plenitudinem

1918 3749 2053 3820 legis
2078 3749 2331 3813 vocabat,
2365 3757 2420 3804 et
2458 3748 2735 3803 vinculum
2766 3747 3146 3817 perfectionis,
3183 3759 3238 3804 et
3270 3751 3516 3805 omnium

1917 3848 2147 3894 matrem
2193 3840 2482 3904 bonorum,
2512 3848 2568 3894 et
2618 3837 2834 3891 initium
2883 3838 3160 3906 finemque
3201 3839 3464 3895 virtutum
3501 3860 3515 3895 :

1916 3943 2311 4004 proptereaque
2363 3932 2579 3987 dicebat
2625 3950 2640 3986 :
2697 3931 2850 3985 Finis
2897 3941 3074 3985 autem
3135 3933 3382 4002 prmeepti
3441 3941 3520 3987 est

1914 4026 2115 4077 caritas
2159 4024 2223 4078 de
2265 4021 2422 4076 corde
2453 4037 2609 4092 puro,
2631 4030 2682 4087 et
2719 4020 3041 4074 conscientia
3092 4019 3227 4074 bona
3272 4019 3346 4088 (1.
3377 4019 3517 4074 Tim.

1915 4119 1966 4173 1.
1997 4118 2070 4184 5).
2113 4117 2179 4171 Et
2217 4131 2413 4170 rursus
2445 4134 2460 4170 :
2496 4112 2617 4168 Non
2656 4113 3009 4177 adulterabis,
3045 4128 3148 4166 non
3189 4114 3409 4178 occides,
3443 4125 3513 4182 et,

1912 4211 1959 4264 si
1987 4209 2126 4280 quod
2158 4206 2307 4263 aliud
2348 4218 2425 4261 est
2469 4205 2818 4270 mandatum,
2857 4204 2912 4256 in
2953 4204 3051 4257 hoc
3082 4204 3236 4258 verbo
3281 4221 3518 4274 compre-

1912 4299 2157 4353 henditur
2199 4313 2218 4352 :
2284 4297 2489 4368 Diliges
2539 4299 2842 4367 proximum
2899 4305 3052 4349 tuum
3101 4297 3238 4350 sicut
3292 4299 3520 4367 teipsum

1914 4391 2092 4462 (Rom.
2122 4391 2209 4446 15.
2244 4390 2322 4460 9.)
2353 4388 2493 4456 Quia
2522 4388 2690 4460 igitur
2715 4399 2771 4444 et
2789 4388 3006 4444 initium
3050 4396 3104 4443 et
3144 4387 3296 4451 linis,
3333 4397 3388 4443 et
3418 4389 3514 4444 bo-

1912 4497 2109 4537 norum
2156 4480 2403 4536 omnium
2458 4481 2779 4550 complexus
2820 4480 3040 4536 dilectio
3080 4491 3197 4546 est,
3245 4488 3300 4536 et
3346 4480 3402 4535 in
3449 4496 3522 4536 ea

1913 4575 2235 4631 studeamus
2267 4573 2498 4628 Paulum
2548 4571 2791 4637 imitari,
2834 4573 3037 4627 etenim
3078 4571 3169 4628 hic
3211 4573 3359 4628 illius
3410 4587 3516 4644 ope

1912 4669 2035 4723 talis
2062 4667 2288 4723 ell'ectus
2315 4675 2418 4721 est.
2445 4663 2564 4721 Non
2596 4665 2742 4721 enim
2773 4681 3051 4737 proponas
3076 4667 3209 4722 mihi
3239 4678 3522 4735 mortuos,

1911 4775 2051 4832 quos
2095 4759 2418 4824 suscitavit,
2468 4772 2649 4828 neque
2689 4759 2962 4829 leprosos,
3006 4772 3144 4827 quos
3187 4758 3512 4825 mundavit;

1912 4852 2046 4907 nihil
2081 4851 2277 4907 borum
2311 4849 2553 4921 requiret
2586 4865 2617 4904 a
2669 4858 2723 4905 te
2752 4849 2916 4906 Dens.
2959 4850 3196 4920 Aequire
3230 4852 3514 4906 caritatem

1909 4939 2098 5003 Pauli,
2147 4948 2200 4994 et
2243 4938 2538 5008 perfectam
2593 4939 2822 4994 habebis
2866 4954 3151 4995 coronam.
3199 4939 3335 5008 Quis
3366 4942 3514 4998 .haec

1911 5030 2084 5088 dixit?
2115 5030 2232 5103 Ipse
2256 5031 2492 5086 nutritor
2519 5031 2784 5094 caritatis,
2821 5030 2911 5086 ille
2944 5030 3038 5102 qui
3064 5046 3183 5086 eam
3228 5040 3282 5086 et
3315 5033 3510 5102 signis,

1909 5135 1966 5180 et
1994 5123 2295 5189 miraculis,
2343 5134 2397 5178 et
2441 5123 2588 5177 mille
2635 5124 2758 5178 aliis
2802 5122 2962 5179 bonis
3010 5125 3324 5194 praeposuit.
3372 5124 3513 5190 Quia

1910 5217 2055 5270 enim
2108 5215 2225 5286 ipse
2266 5229 2458 5269 omnes
2491 5215 2653 5282 hujus
2697 5213 2860 5270 ofﬁcii
2907 5227 3090 5286 partes
3130 5227 3239 5270 tam
3293 5227 3519 5271 strenue

1912 5307 2250 5378 impleverat,
2305 5306 2511 5361 idcirco
2555 5306 2728 5375 ipsius
2759 5307 2865 5359 vim
2921 5307 3193 5376 exquisite
3235 5306 3515 5375 intelligit.

1911 5399 2050 5458 Hinc
2097 5401 2188 5455 ille
2232 5399 2355 5456 talis
2402 5400 2655 5462 exsistit,
2706 5400 2952 5469 nihilque
3002 5416 3128 5454 eum
3172 5399 3247 5453 ita
3288 5399 3514 5467 dignum

1911 5493 2054 5558 Deo,
2091 5502 2152 5548 ut
2185 5493 2359 5548 virtus
2394 5493 2649 5564 praestitit
2685 5492 2930 5548 caritatis
2964 5510 2977 5546 :
3013 5500 3067 5547 et
3101 5492 3221 5546 ideo
3266 5491 3514 5553 dicebat,

1912 5585 2145 5650 Quterite
2178 5586 2315 5638 dona
2346 5586 2721 5654 prwstantiora
2751 5601 2770 5639 :
2801 5593 2851 5639 et
2885 5583 3058 5637 adhuc
3092 5582 3513 5638 excellentiorem

1915 5674 2049 5726 viam
2092 5674 2232 5727 vobis
2273 5674 2576 5727 demonstro
2607 5672 2684 5745 (Ι.
2715 5673 2836 5728 Cor.
2875 5675 2960 5728 η.
2993 5673 3086 5743 5)ξ
3122 5675 3404 5729 caritatem
3426 5673 3511 5728 di-

1911 5777 2077 5832 cens,
2118 5764 2263 5819 illam
2311 5765 2737 5836 pulcherrimam
2773 5775 2827 5823 et
2868 5766 3180 5824 facillimam
3235 5770 3397 5822 viam.
3453 5764 3512 5820 ln
