4082 6424
582 358 683 414 487

584 477 674 531 illa
700 473 864 544 igitur
906 480 961 527 et
1001 468 1341 541 nos.jugiter
1383 466 1763 531 ambulemus,
1810 474 1871 521 ut
1917 473 1973 520 et
2018 464 2165 519 Pau-

474 584 477 587 '
574 569 721 634 lum,
757 568 869 620 imo
898 572 952 618 et
988 560 1281 618 Dominum
1328 558 1483 615 Pauli
1512 560 1698 615 videre
1741 574 2071 622 mereamur,
2110 567 2166 615 et

550 654 559 675 ‘
586 654 1023 725 incorruptibiles
1054 665 1457 723 consequamur
1484 665 1740 713 coronas,
1771 648 1944 720 gratia
1975 658 2031 705 et
2058 650 2162 703 mi-

1300 348 1358 404 S.
1396 345 1684 405 JOANNIS
1720 343 2213 403 CHRYSOSTOMI
2254 344 2576 403 ARCHIEP.
2621 343 3166 403 CONSTANTINOP.

3757 349 3866 402 488

2270 465 2570 537 sericordia
2597 463 2808 519 Domini
2832 463 3005 519 nostri
3036 460 3165 517 Jesu
3197 459 3428 525 Christi,
3459 461 3550 517 cui
3578 469 3664 517 est
3688 462 3865 533 gloria

2271 565 2327 611 et
2356 557 2680 626 imperium,
2720 569 2867 610 nunc
2904 564 2959 609 et
2998 568 3236 623 semper,
3265 562 3321 607 et
3348 553 3403 607 in
3439 553 3638 609 saecula
3682 568 3864 609 saecu—

2273 646 2473 703 lorum.
2506 648 2701 702 Amen.

616 796 3840 825 “MM

1366 908 1473 969 DE
1534 904 1928 1010 LAUDIDUS
1984 904 2272 968 SANCTI
2328 902 2569 967 PAULI
2634 902 3064 966 APOSTOLI.

1195 1207 1408 1248 HOIILIA
1434 1205 1508 1244 IV.

663 1287 870 1343 Ca’citas
899 1284 1054 1339 Pauli
1086 1300 1174 1339 nos
1199 1282 1468 1337 illuminat.
1503 1277 1710 1351 vocalia
1730 1276 1883 1332 Pauli
1909 1276 2169 1350 qualis.—

595 1378 787 1432 Bcatus
816 1376 1011 1431 Paulus
1036 1373 1125 1445 qui
1154 1386 1250 1427 nos
1280 1370 1435 1426 hodie
1456 1369 1815 1440 congregavit,
1846 1369 2040 1439 quique
2062 1376 2169 1423 ter-

594 1484 769 1523 rarum
793 1467 951 1523 etiam
981 1464 1291 1520 illuminavit
1314 1461 1520 1524 orbem.
1552 1459 1846 1516 vocationis
1872 1474 1985 1515 sua:
2028 1467 2166 1513 tem-

595 1574 723 1627 pore
752 1555 1037 1627 aliquando
1063 1563 1292 1610 emeatus
1315 1560 1399 1607 est
1422 1570 1437 1606 :
1459 1550 1554 1606 sed
1582 1548 1943 1604 illiuscaacitas
1968 1547 2164 1603 illumi-

594 1649 736 1701 na‘tio
775 1646 932 1700 totius
952 1644 1097 1701 orbis
1123 1642 1312 1698 effecta
1355 1649 1456 1696 est.
1486 1638 1745 1708 Quoniam
1776 1639 1917 1694 enim
1957 1636 2169 1691 videbat

592 1737 750 1800 male,
774 1735 908 1789 bene
936 1749 1056 1788 eum
1082 1731 1365 1793 excarcavit
1397 1730 1559 1796 Deus,
1589 1736 1647 1784 ut
1671 1729 1871 1782 utiliter
1893 1728 2002 1797 jam
2030 1725 2169 1779 vide-

594 1837 671 1882 ret
688 1827 966 1895 reliquum.
999 1823 1165 1879 Simul
1187 1823 1326 1877 enim
1347 1828 1401 1875 et
1445 1820 1820 1875 documentum
1863 1817 1911 1871 ei
1958 1815 2167 1894 virtutis

592 1936 701 1975 sum
726 1918 969 1989 praebuit,
1001 1925 1055 1971 et
1080 1915 1135 1970 in
1156 1915 1403 1984 passione
1431 1911 1547 1983 ejus
1577 1910 1821 1981 ﬁguravit
1848 1907 2021 1968 futura
2043 1948 2058 1970 ,
2113 1917 2168 1961 et

595 2012 811 2066 modum
864 2010 978 2079 ejus
1040 2005 1428 2077 praedicationis
1478 2003 1725 2067 edocuit,
1778 1998 1919 2070 quod
1969 1998 2167 2052 scilicet

593 2108 865 2171 oporteret
910 2114 1028 2154 eum
1082 2098 1255 2167 priora
1298 2094 1468 2150 studia
1508 2093 1717 2162 penitus
1764 2088 2079 2153 excludere,
2113 2096 2169 2141 ct

591 2190 741 2261 quasi
772 2190 1141 2244 conniventcm
1168 2187 1334 2241 oculis
1360 2183 1705 2253 semetipsum
1732 2172 1964 2251 undique
2007 2193 2163 2235 coer-

592 2296 713 2335 cere
732 2280 747 2311 ¹
780 2297 793 2334 :
822 2286 1036 2348 propter
1065 2276 1204 2346 quod
1233 2274 1345 2345 ipse
1374 2273 1513 2328 idem
1545 2272 1681 2326 istud
1703 2270 2031 2341 signiﬁcans,
2059 2268 2164 2323 cla-

593 2381 738 2426 mat:
774 2370 832 2424 Si
856 2371 963 2439 quis
990 2368 1184 2421 videtur
1201 2373 1328 2421 inter
1356 2381 1439 2420 vos
1464 2364 1681 2436 sapiens,
1721 2363 1900 2419 stultus
1928 2362 2018 2431 ﬁat
2042 2402 2056 2425 ,
2112 2370 2166 2414 ut

594 2463 656 2515 sit
683 2460 883 2531 sapiens
906 2458 981 2530 (1.
1016 2457 1133 2512 Cor.
1166 2456 1217 2511 5.
1247 2452 1358 2527 l8)_.
1386 2453 1731 2523 Nequaquam
1757 2467 1885 2522 ergo
1911 2450 2167 2520 potuisset

593 2565 801 2605 rursum
852 2549 990 2604 bene
1016 2546 1231 2611 videre,
1275 2545 1374 2598 nisi
1418 2545 1563 2613 prius
1604 2551 1900 2597 excaecatus
1951 2541 2160 2604 fuisset;

593 2641 731 2695 unde
752 2646 806 2694 et
821 2638 1084 2708 propriam
1114 2636 1448 2706 sapientiam,
1472 2648 1573 2704 qua
1600 2632 2011 2703 perturbabatur
2033 2670 2048 2695 ,
2071 2646 2165 2684 ex-

592 2731 831 2796 cludens,
855 2728 977 2783 ﬁdei
1004 2742 1061 2782 sc
1087 2742 1181 2798 per
1206 2733 1395 2781 cuncta
1432 2724 1809 2780 committeret.
1836 2721 1943 2777 Sed
1988 2720 2163 2775 nullus

594 2826 693 2878 hoc
715 2820 952 2887 audiens,
982 2820 1310 2874 vocationem
1361 2817 1515 2871 istam
1564 2814 1940 2870 necessitatem
1991 2819 2161 2882 putet,

592 2898 850 2985 siquidem
876 2912 1046 2982 potuit
1073 2909 1245 2965 redire
1272 2908 1411 2963 unde
1436 2906 1782 2962 discesserat.
1830 2904 1975 2959 Multi
2020 2905 2162 2959 cnim

593 3007 646 3060 in
663 3018 798 3059 novo
822 3013 876 3057 et
904 3003 956 3056 in
972 2999 1508 3061 vetcri'l'estameuto,
1531 3011 1651 3052 cum
1669 2995 1869 3065 majora
1898 3010 2039 3065 saepe
2066 2997 2166 3049 mi-

593 3098 776 3153 rabilia
790 3095 1061 3165 vidissent,
1084 3101 1243 3157 retro,
1270 3097 1327 3144 ut
1348 3088 1591 3158 legimus,
1609 3096 1729 3141 sunt
1746 3084 1943 3141 reversi
1961 3101 1974 3137 :
1990 3084 2162 3139 utNa—

595 3184 1020 3247 bucltodonosor,
1041 3190 1099 3237 ut
1113 3181 1295 3249 ludas,
1329 3188 1386 3238 ut
1405 3179 1620 3249 Elymus
1645 3192 1850 3247 magus,
1880 3187 1938 3230 ut
1960 3176 2161 3240 Simon,

594 3286 651 3331 ut
680 3277 909 3330 Ananias
961 3271 1315 3343 etSapphira,
1339 3278 1396 3325 ut
1422 3271 1695 3325 universus
1710 3268 1935 3338 populus
1952 3265 2162 3322 1υὰωο-

598 3382 711 3420 rum
745 3384 760 3422 :
791 3366 885 3421 sed
929 3379 1033 3419 non
1077 3364 1148 3418 ita
1191 3362 1403 3419 Paulus.
1464 3361 1730 3416 Illustrato
1782 3359 1924 3414 enim
1973 3361 2162 3414 mentis

598 3465 811 3525 aSpectu
837 3454 902 3509 ad
920 3453 1332 3510 sincerissimum
1364 3451 1496 3506 illud
1523 3451 1704 3505 lumen
1732 3464 1890 3504 cursu
1917 3450 2158 3515 tetendit,

595 3556 753 3617 atque
767 3546 831 3600 ad
856 3545 1042 3601 cadum
1060 3544 1346 3614 perniciter
1373 3534 1689 3597 subvolavit.
1720 3540 1871 3608 Quod
1897 3540 1942 3594 si
1991 3540 2159 3595 inter-

595 3654 768 3709 roges,
797 3639 948 3708 cujus
974 3636 1053 3693 rei
1081 3636 1247 3705 gratia
1268 3635 1336 3691 sit
1360 3630 1608 3698 emeatus,
1650 3634 1833 3701 accipe
1875 3632 2043 3701 ipsum
2086 3633 2162 3686 lo-

594 3737 843 3799 quentem
872 3745 886 3781 :
918 3725 1164 3794 Audistis,
1191 3725 1378 3795 inquit,
1406 3712 1828 3779 conversatiOnem
1855 3740 2016 3776 meam
2058 3724 2159 3777 ali-

593 3821 792 3890 quando
812 3820 865 3873 in
888 3816 1191 3890 Judaismo,
1217 3817 1453 3885 quoniam
1480 3830 1637 3886 supra
1672 3814 1876 3868 modum
1902 3829 2161 3883 perseque-

593 3888 681 3964 bar
698 3909 975 3963 Ecclesium
1002 3907 1116 3973 Dei,
1144 3888 1191 3960 el
1212 3906 1559 3976 expugnabam
1583 3905 1743 3969 illam,
1776 3912 1824 3958 et
1842 3904 2162 3973 proﬁciebant

592 4004 643 4055 in
671 4000 938 4054 Judaismo
963 4014 1119 4069 supra
1138 3998 1322 4051 multos
1342 4005 1619 4050 cowtaneos
1661 4010 1794 4048 meos
1814 4033 1829 4059 ,
1888 3995 1941 4046 in
1985 4009 2163 4063 genere

593 4106 699 4144 meo
710 4089 1047 4144 abundantius
1066 4086 1332 4141 wmulator
1342 4087 1582 4140 exsistens
1596 4093 1918 4154 paternarum
1938 4099 2163 4137 mearum

593 4183 917 4236 traditionum
941 4178 1082 4253 (Gal.
1115 4179 1141 4233 1
1154 4218 1166 4231 .
1192 4178 1279 4233 15.
1298 4177 1411 4247 14).
1424 4176 1554 4244 Quia
1574 4176 1712 4231 enim
1729 4174 2016 4230 vehemens
2028 4173 2163 4228 adeo

592 4282 705 4329 erat
726 4282 786 4328 et
806 4272 1033 4339 fervens,
1064 4267 1228 4325 frenis
1248 4282 1459 4338 quoque
1495 4266 1982 4322 vehementioribus
2025 4266 2163 4320 indi-

592 4363 768 4432 gebat,
796 4376 864 4418 ne
892 4361 1093 4416 scilicet
1138 4360 1339 4430 impetu
1372 4358 1487 4428 ipso
1514 4356 1661 4426 ejus,
1707 4372 1808 4427 qua
1852 4356 2118 4411 ferebatur
2144 4396 2161 4424 ,

594 4452 883 4508 alacritatis
899 4459 1161 4520 arreptus,
1190 4449 1394 4519 prolata
1422 4448 1488 4503 ad
1514 4463 1573 4503 se
1592 4447 1750 4503 verba
1771 4456 2157 4503 contemneret.

598 4546 880 4619 Propterea
911 4540 1068 4611 igitur
1094 4538 1329 4594 furorem
1358 4539 1471 4609 ejus
1494 4537 1803 4593 indomitum
1833 4538 1982 4607 prius
2009 4552 2159 4592 com-

595 4637 816 4708 primit,
843 4634 1136 4689 concitatos
1162 4639 1217 4686 et
1244 4631 1541 4702 prtecipites
1566 4630 1702 4685 illius
1748 4630 2033 4685 iracundiae
2058 4629 2161 4684 ﬂu-

594 4736 732 4793 ctus,
762 4724 1015 4780 emeitatis
1040 4722 1301 4779 beneficio
1335 4721 1526 4791 redigit
1570 4721 1623 4774 in
1654 4721 1915 4790 quietem,
1946 4730 2000 4774 et
2039 4729 2164 4776 tunc

596 4817 808 4871 demum
834 4814 1028 4869 caelesti
1054 4828 1175 4868 eum
1204 4812 1367 4867 donat
1385 4811 1567 4877 aifatu,
1621 4810 1906 4866 ostendens
1951 4812 2161 4881 prOprie

596 4904 1010 4961 inaccessibilem
1036 4902 1371 4972 sapientiam,
1402 4910 1458 4957 et
1485 4901 1965 4970 supereminentem
1990 4902 2159 4956 omni-

596 4999 690 5051 bus
714 4996 903 5050 divinae
923 4995 1154 5049 scientia:
1175 4994 1484 5060 bonitatem,
1510 5002 1568 5048 ut
1595 4994 1822 5049 disceret
1846 5036 1862 5060 ,
1922 4995 2005 5049 cui
2050 4994 2159 5063 jam

593 5087 897 5140 adversario
923 5094 1270 5155 repugnaret:
1297 5100 1453 5155 quem
1480 5093 1624 5141 certe
1649 5100 1754 5138 non
1803 5086 1962 5140 modo
2011 5087 2161 5155 puni-

594 5188 767 5233 entem
796 5177 937 5233 ferre
956 5193 1063 5231 non
1088 5187 1286 5247 posset,
1315 5177 1407 5231 sed
1433 5190 1533 5231 nec
1574 5164 1831 5230 beneﬁcia
1875 5176 2158 5231 conferen-

596 5280 721 5322 tem.
749 5266 863 5322 Non
891 5267 1030 5321 enim
1059 5268 1147 5323 ille
1163 5267 1484 5322 obscuritate
1510 5265 1866 5334 tenebrarum,
1891 5267 1985 5321 sed
2004 5267 2159 5320 lumi-

596 5359 675 5412 nis
698 5356 971 5414 nimietate
990 5368 1215 5413 czecatus
1235 5367 1334 5412 est.
1364 5357 1431 5411 Et
1462 5372 1558 5411 cur
1586 5397 1601 5422 ,
1632 5356 1804 5426 inquis
1827 5398 1845 5425 ,
1898 5358 2001 5411 hoc
2052 5372 2155 5412 non

596 5456 714 5501 ante
744 5447 939 5502 factum
970 5448 1089 5503 est?
1118 5447 1192 5502 Ne
1216 5462 1422 5517 quecras
1463 5447 1622 5515 istud,
1658 5462 1827 5518 neque
1869 5448 2002 5504 velis
2042 5464 2159 5505 esse

596 5558 609 5585 ι
627 5540 869 5605 m-iosior,
890 5541 981 5596 sed
995 5540 1228 5596 concede
1241 5539 1755 5610 incomprehensibili
1776 5541 1864 5597 Dei
1880 5542 2159 5613 providen-

662 5720 674 5752 t
714 5718 761 5760 tn
784 5720 960 5770 Graeco,
986 5720 1027 5763 et
1053 5715 1226 5765 clausis
1250 5715 1394 5767 oculis
1417 5716 1572 5781 ipsum
1597 5717 1752 5781 sequi.

2283 1188 2369 1243 tia:
2393 1187 2593 1242 salutes
2617 1185 2894 1241 hominum
2922 1184 3064 1240 notis
3091 1170 3193 1240 sibi
3220 1193 3517 1255 temporum
3547 1188 3859 1255 opportuni-

2276 1279 2473 1335 tatibus
2498 1277 2766 1334 ordinare.
2791 1277 2883 1333 Sic
2902 1277 3043 1333 enim
3069 1278 3230 1332 etiam
3275 1277 3391 1347 ipse
3436 1276 3722 1343 fatebatur,
3770 1277 3858 1333 di-

2274 1385 2442 1426 cens:
2474 1368 2603 1427 Cum
2630 1380 2799 1425 autem
2830 1369 3023 1440 placuit
3067 1369 3142 1435 ei,
3193 1370 3281 1439 qui
3329 1385 3409 1423 me
3458 1369 3737 1441 segregavit
3782 1370 3853 1423 de

2274 1473 2415 1516 utero
2440 1462 2616 1515 matris
2632 1475 2774 1524 metu,
2802 1468 2850 1514 et
2880 1459 3073 1514 euasit
3098 1475 3189 1530 per
3206 1474 3350 1514 suam
3380 1458 3595 1529 gratiam
3625 1500 3642 1525 ,
3692 1467 3749 1511 ut
3776 1474 3860 1512 re—

2272 1552 2457 1606 uelaret
2477 1539 2673 1605 Filiuni
2697 1565 2845 1605 suum
2872 1551 2927 1604 in
2942 1564 3021 1603 me
3046 1547 3188 1620 (Gal.
3219 1549 3271 1603 1.
3304 1548 3391 1604 15.
3445 1546 3560 1620 16).
3606 1547 3751 1603 Nihil
3802 1556 3862 1602 tu

2275 1642 2432 1711 igitur
2454 1640 2706 1696 scruteris
2731 1639 2979 1710 amplius,
2998 1638 3211 1709 quando
3236 1639 3351 1695 haec
3377 1638 3509 1694 dicit
3534 1647 3592 1693 et
3632 1638 3858 1697 Paulus.

2273 1732 2419 1787 lstud
2447 1732 2589 1786 enim
2615 1740 2741 1786 tunc
2769 1731 2951 1801 utique
2979 1729 3093 1784 fieri
3115 1729 3370 1798 oportuit,
3395 1744 3516 1784 cum
3555 1728 3667 1798 jam
3700 1743 3864 1783 scan-

2274 1823 2391 1877 dala
2421 1822 2615 1891 ubique
2629 1821 2837 1875 sublata
2867 1828 3069 1874 essent.
3097 1818 3179 1873 Ab
3206 1819 3323 1889 ipso
3343 1818 3519 1888 itaque
3537 1818 3813 1873 discamus
3842 1859 3859 1883 ,

2271 1912 2520 1981 quoniam
2550 1911 2726 1965 nullus
2750 1918 2874 1964 ante
2902 1909 3146 1976 Paulum,
3178 1923 3352 1978 neque
3396 1908 3510 1978 ipse
3535 1907 3737 1962 Paulus
3790 1923 3863 1964 ex

2271 2015 2331 2055 se
2361 2000 2725 2054 tantummodo
2754 2014 2877 2053 eum
2912 1998 3138 2063 invenit,
3179 1997 3276 2052 sed
3336 1999 3451 2069 ipse
3497 2012 3558 2052 se
3611 1995 3863 2053 Christus

2271 2089 2526 2156 ostendit,
2545 2101 2600 2144 et
2629 2089 2828 2143 idcirco
2856 2087 3064 2142 diccbat
3093 2104 3107 2141 :
3137 2086 3258 2141 Non
3281 2102 3367 2141 vos
3390 2104 3469 2141 me
3493 2087 3730 2158 elegistis,
3770 2088 3864 2141 sed

2270 2197 2361 2252 ego
2381 2180 2505 2251 elegi
2524 2196 2609 2234 vos
2634 2179 2815 2249 (Joan.
2846 2179 2933 2234 13.
2979 2177 3090 2249 16).
3118 2178 3383 2234 Cancrum
3431 2193 3527 2233 cur
3569 2186 3697 2233 ante
3740 2194 3853 2232 non

2271 2270 2528 2337 credidit,
2569 2284 2691 2324 cum
2721 2269 2927 2324 videret
2973 2270 3024 2323 in
3077 2269 3241 2338 ipsius
3308 2269 3522 2323 nomine
3572 2283 3862 2337 resurgere

2270 2369 2528 2424 mortuos,
2562 2358 2833 2419 ambulare
2864 2358 3103 2424 claudos,
3127 2359 3443 2429 paralyticos
3464 2357 3728 2421 roborari,
3746 2357 3861 2411 dte-

2272 2465 2459 2505 mones
2484 2447 2745 2518 ell'ugari?
2774 2446 2985 2502 Nullum
3011 2448 3153 2502 enim
3182 2449 3405 2502 fructum
3423 2448 3509 2502 ille
3533 2463 3599 2502 ex
3623 2446 3706 2501 his
3732 2462 3857 2499 om-

2270 2540 2425 2594 nibus
2452 2548 2808 2608 consequutus
2838 2548 2940 2603 est,
2967 2553 3086 2592 cum
3115 2547 3292 2592 tamen
3315 2553 3419 2592 non
3443 2538 3713 2607 ignoraret
3730 2537 3859 2603 ista,

2270 2628 2355 2697 qui
2376 2637 2482 2682 tam
2504 2636 2618 2682 erat
2640 2642 2764 2697 erga
2794 2628 3064 2696 apostolos
3092 2627 3355 2691 curiosus,
3401 2627 3492 2697 qui
3539 2636 3687 2682 certe
3730 2642 3859 2680 cum

2268 2719 2594 2789 lapidaretur
2620 2717 2919 2786 Stephanus
2938 2717 3208 2779 adstabat;
3236 2725 3291 2771 et
3319 2716 3509 2771 faciem
3542 2716 3657 2783 ejus
3706 2714 3863 2770 vide-

2268 2810 2357 2864 bat
2386 2810 2625 2879 angelico
2654 2808 2859 2878 fulgore
2888 2809 3181 2863 radiantem
3203 2807 3345 2877 (Act.
3377 2809 3431 2861 7.
3456 2807 3546 2861 57.
3570 2807 3692 2877 59).
3740 2807 3858 2861 Cur

2268 2914 2395 2969 ergo
2416 2899 2546 2954 nihil
2574 2898 2696 2952 inde
2718 2898 2952 2952 lucratus
2972 2896 3086 2952 est?
3116 2898 3249 2965 Quia
3272 2897 3497 2953 necdum
3524 2896 3713 2967 utique
3758 2913 3860 2953 vo-

2267 2997 2417 3045 catus
2446 2988 2617 3044 fuerat
2644 3003 2674 3043 a
2695 2988 2933 3044 Christo.

2352 3080 2559 3136 Vocatio
2587 3097 2689 3135 non
2710 3082 3047 3135 necessitatem
3071 3082 3243 3150 infert.
3271 3080 3373 3135 Cur
3389 3098 3415 3136 e
3441 3080 3567 3136 ctelo
3586 3098 3677 3137 nos
3713 3082 3857 3137 Deus

2272 3188 2371 3225 non
2390 3172 2699 3235 vocet.-—.Tu
2721 3186 2847 3226 vero
2867 3173 2967 3226 hoc
2985 3172 3206 3227 audiens
3221 3172 3331 3226 noli
3346 3173 3677 3228 vocationem
3697 3173 3859 3229 istam

2268 3264 2639 3318 necessitatem
2672 3271 2875 3333 putare.
2900 3262 3013 3318 Non
3055 3263 3198 3319 enim
3248 3265 3389 3319 Deus
3419 3264 3664 3321 homines
3709 3269 3859 3337 cogit

2266 3354 2527 3418 vocando,
2569 3353 2662 3409 sed
2689 3363 2810 3423 post
2833 3354 3166 3408 vocationem
3202 3369 3411 3424 quoque
3454 3355 3718 3424 permittit
3758 3372 3860 3412 eos

2268 3447 2598 3516 propriarum
2624 3459 2744 3500 esse
2772 3443 3017 3499 dominos
3037 3445 3388 3499 voluntatum.
3417 3446 3549 3500 Nam
3573 3454 3630 3501 et
3648 3446 3857 3502 Judmis

2266 3537 2500 3605 seipsum
2530 3534 2743 3605 quando
2770 3535 3007 3604 oportuit
3036 3535 3329 3590 revelavit:
3359 3535 3454 3590 sed
3498 3536 3577 3591 illi
3629 3546 3856 3608 propter

2267 3626 2514 3695 gloriam,
2550 3640 2707 3695 quam
2730 3624 2798 3678 ab
2828 3625 3132 3679 hominibus
3175 3626 3556 3695 requirebant,
3602 3628 3747 3683 ultro
3794 3644 3858 3684 se

2266 3716 2577 3771 offerentem
2598 3714 2869 3784 suscipere
2899 3714 3206 3769 noluerunt.
3241 3715 3433 3771 Verum
3454 3717 3557 3773 hoc
3576 3718 3696 3773 loco
3724 3718 3856 3773 intl-

2265 3806 2434 3862 delior
2461 3806 2580 3876 quis
2604 3812 2856 3874 opponat,
2880 3813 3039 3875 atque
3063 3804 3242 3861 dicat:
3271 3804 3379 3860 Cur
3412 3821 3499 3862 me
3534 3807 3697 3862 etiam
3740 3825 3855 3865 non

2266 3900 2474 3954 vocavit
2503 3914 2533 3953 e
2554 3898 2725 3953 caelo?
2750 3896 2901 3953 Unde
2926 3905 3103 3953 autem
3121 3897 3458 3953 manifestum
3476 3906 3577 3963 est,
3606 3914 3640 3952 o
3656 3899 3848 3968 homo,

2266 3993 2387 4062 quia
2414 3991 2635 4046 Paulum
2663 3990 2871 4045 vocavit
2893 3989 2961 4044 de
2985 3989 3160 4044 ctelo?
3186 3989 3280 4045 sed
3306 3988 3483 4043 credis
3507 3989 3684 4043 istud?
3704 3991 3857 4061 Ergo

2268 4081 2311 4135 si
2332 4079 2527 4145 credis,
2556 4080 2656 4134 hoc
2682 4080 2852 4148 ipsum
2878 4078 2943 4133 ad
2973 4080 3181 4148 signum
3214 4079 3308 4133 tibi
3335 4079 3465 4133 satis
3488 4087 3589 4134 est.
3618 4080 3674 4134 Si
3717 4096 3855 4136 vero

2268 4185 2373 4224 non
2397 4169 2568 4225 credis
2592 4170 2713 4238 quia
2743 4184 2773 4223 e
2798 4168 2930 4241 Caelo
2946 4168 3165 4223 Paulum
3193 4171 3419 4233 vocavit,
3448 4169 3716 4238 quomodo
3758 4171 3852 4225 di-

2268 4264 2365 4331 cis,
2395 4279 2489 4320 cur
2514 4278 2599 4318 me
2621 4264 2778 4319 etiam
2799 4277 2903 4317 non
2921 4261 3165 4318 vocavit?
3201 4262 3409 4326 Credis,
3436 4264 3558 4332 quia
3579 4263 3667 4318 ille
3683 4278 3851 4318 voca.

2268 4356 2378 4419 vit;
2411 4354 2511 4409 hoc
2558 4356 2729 4424 ipsum
2776 4354 2908 4421 tibi,
2960 4363 3017 4408 ut
3036 4353 3178 4420 dixi,
3222 4353 3455 4408 abundat
3494 4353 3561 4408 ad
3610 4354 3849 4424 signum.

2267 4447 2436 4503 Crede
2466 4448 2652 4517 igitur;
2685 4462 2804 4501 nam
2830 4456 2881 4501 te
2910 4461 3120 4517 quoque
3164 4461 3197 4501 e
3246 4445 3377 4501 etelo
3406 4454 3557 4500 vocat
3599 4447 3771 4513 Deus,
3800 4449 3850 4502 si

2269 4538 2430 4594 babes
2460 4538 2689 4592 animam
2718 4538 2785 4591 ad
2810 4537 3161 4592 obediendum
3190 4545 3448 4607 paratam.
3477 4536 3627 4604 Quod
3671 4538 3715 4591 si
3757 4538 3848 4592 in-

2268 4628 2522 4684 obediens
2551 4630 2623 4683 sis
2643 4670 2657 4695 ,
2706 4637 2761 4683 et
2786 4636 3050 4697 corruptas
3075 4628 3487 4697 depravatceque
3513 4628 3792 4683 sententia:
3829 4672 3847 4693 ,

2268 4732 2335 4772 ne
2360 4717 2427 4771 de
2451 4718 2581 4771 caelo
2610 4716 2822 4787 quidem
2849 4716 2916 4771 ad
2946 4726 2996 4771 te
3022 4732 3122 4771 vox
3150 4716 3382 4771 demissa
3406 4717 3500 4771 tibi
3540 4716 3735 4772 sufficit
3776 4719 3849 4774 ad

2267 4809 2506 4863 salutem.
2526 4809 2743 4876 Quoties
2756 4817 2930 4863 autem
2948 4817 3001 4864 et
3016 4808 3182 4863 Judaei
3204 4823 3387 4863 vocem
3416 4809 3630 4864 audiere
3646 4809 3713 4865 de
3739 4824 3853 4865 οδε-ι.

2270 4900 2340 4967 lo,
2367 4901 2418 4954 in
2442 4916 2601 4966 novo,
2624 4909 2679 4955 et
2705 4900 2757 4955 in
2773 4900 2939 4955 veteri
2962 4900 3323 4966 Testamento,
3352 4915 3451 4955 nec
3496 4911 3670 4957 tamen
3719 4902 3845 4959 facti

2268 4974 2615 5048 sunt‘idcireo
2646 4991 2935 5047 meliores?
2954 4991 3086 5046 Nam
3114 4993 3165 5046 in
3197 4993 3362 5047 veteri
3376 4992 3544 5047 Judzei
3564 5003 3683 5063 post
3698 4995 3849 5051 mille

2268 5085 2519 5139 miracula
2547 5100 2642 5155 pro
2666 5085 2774 5139 Deo
2795 5084 3039 5150 vitulum,
3070 5100 3228 5155 quem
3260 5084 3531 5149 fecerant,
3587 5086 3847 5143 adorave-

2268 5183 2409 5228 runt.
2435 5176 2503 5257 χχι
2529 5190 2656 5229 vero
2681 5173 3043 5229 Jerichontina
3073 5173 3349 5239 meretrix,
3382 5190 3502 5243 qua:
3550 5176 3681 5229 nihil
3731 5193 3850 5229 om-

2268 5264 2393 5318 nino
2419 5279 2484 5319 cx
2513 5264 2842 5319 mirabilibus
2862 5265 3087 5330 viderat,
3120 5265 3353 5317 ostendit
3378 5274 3553 5319 tamen
3606 5265 3765 5320 fidem
3794 5272 3844 5320 in

2268 5355 2661 5422 exploratorum
2689 5355 3025 5423 susceptione
3051 5354 3367 5408 mirabilem.
3394 5354 3450 5407 In
3474 5362 3613 5407 terra
3632 5372 3847 5423 quoque

2268 5445 2693 5512 repromissionis
2722 5444 2889 5499 Judaei
2915 5446 3060 5515 signa
3105 5452 3405 5512 cernentes,
3458 5445 3846 5513 permanebant

2268 5534 2530 5603 lapidibus
2558 5534 2805 5589 duriores
2832 5552 2844 5587 :
2874 5536 3119 5591 Ninivitte
3138 5550 3266 5590 vero
3310 5535 3497 5590 Jouam
3532 5531 3715 5589 solum
3766 5538 3845 5589 vi—

2269 5624 2820 5689 tlentescredidcrunt,
2847 5636 2901 5680 et
2926 5636 3146 5695 egerunt
3169 5626 3532 5695 pmnitentiam
3560 5623 3731 5693 (Jonas
3760 5628 3842 5693 5),
3900 5690 3911 5698 ,

2270 5728 2320 5768 t‘t
2351 5722 2619 5770 \‘t'tttut'ant
2671 5732 2831 5788 super
2856 5731 2916 5772 se
2944 5718 3073 5771 iram
3104 5716 3196 5771 Dei
3240 5716 3587 5771 conversione
3625 5717 3842 5787 pepulc-
