4082 6426
202 373 306 431 487

1051 387 1138 443 DE
1177 380 1528 442 LAUDIBUS
1565 381 1626 437 8.
1668 380 1877 436 PAULI
1916 382 2276 446 APOSTOLI.
2317 390 2549 447 HOMIL.
2588 390 2674 446 IV.

3358 374 3469 433 688

199 488 494 560 ἀκηράτων
538 486 886 559 ἐντύχωμεν
915 486 1216 557 στεφάνων,
1240 491 1426 558 χάριτι
1469 488 1565 542 καὶ
1592 486 1783 557 φιλαν-
1888 486 1983 540 καὶ
2011 485 2078 539 16
2105 485 2327 558 κράτος,
2358 486 2456 541 νῦν
2485 488 2579 541 καί
2602 487 2710 554 ἀεὶ,
2742 486 2839 542 καὶ
2869 488 2949 553 εἰς
2980 490 3107 552 τοὺς
3132 470 3336 556 αἰῶνας
3360 491 3475 546 τῶν

201 579 418 653 θρωπία
450 578 546 634 τοῦ
578 578 787 652 Κυρίου
816 578 977 651 ἡμῶν
1010 576 1185 650 Ἰησοῦ
1212 576 1474 651 Χριστοῦ,
1504 570 1550 647 ᾧ
1574 579 1609 650 ἠ
1652 578 1785 644 δόξαν

1888 574 2123 629 αἰώνων.
2164 575 2359 646 Ἀμήν.

1169 1010 1282 1066 ΕΙΣ
1312 1008 1450 1064 ΤΟΝ
1481 1008 1689 1065 APION
1726 1008 2141 1064 ΑΠΟΣΤΟΛΟΝ
2179 1009 2485 1069 ΠΑΥΛΟΝ.

628 1454 631 1461 ,
822 1413 1057 1485 Ὅμιλία
1094 1411 1166 1468 δ’.

280 1509 343 1563 '0
375 1507 645 1578 μακάριος
673 1504 906 1569 Παῦλος,
939 1505 968 1556 6
991 1506 1231 1575 τήμερον
1264 1502 1411 1572 ἡμᾶς
1434 1500 1781 1571 συναγαγὼν,

193 1601 294 1655 καὶ
317 1599 418 1670 τὴν
442 1598 773 1667 οἰκουμένην
804 1593 1068 1664 φωτίσας,
1107 1588 1262 1657 οῦτος
1288 1594 1347 1646 ἐν
1372 1591 1452 1662 τῷ
1480 1591 1658 1664 καιρῷ
1679 1591 1782 1662 τῆς

194 1692 443 1763 κλήσεως
475 1686 757 1757 ἐτυφλώθη
780 1685 931 1739 ποτέ·
952 1684 1065 1739 ἀλλ’
1090 1687 1124 1755 ὴ
1145 1685 1393 1755 πήρωσις
1408 1682 1617 1737 ἐκείνου
1632 1681 1785 1755 [69!]

194 1780 480 1854 φωτισμδς
509 1779 698 1847 γέγονε
726 1776 829 1846 τῆς
866 1776 1212 1846 οἰκουμένης.
1229 1773 1446 1845 Ἐπειδὴ
1465 1774 1573 1844 γὰρ
1589 1773 1784 1827 ἐδλεπε

196 1871 410 1934 κακῶς,
432 1870 539 1939 ἐπή
549 1884 722 1939 ρωσεν
748 1867 911 1922 αὑτὸν
930 1865 1111 1929 καλῶς
1140 1866 1168 1917 6
1186 1864 1342 1927 Θεὸς,
1373 1862 1517 1916 ὥστε
1555 1862 1787 1917 ἀναϐλέ-

192 1963 298 2031 ψαι
319 1960 630 2032 χρησίμως,
674 1955 811 2028 ὁμοῦ
843 1956 941 2027 μὲν
971 1955 1069 2026 τῆς
1115 1952 1310 2007 ἑαυτοῦ
1342 1951 1627 2023 δυνάμεως
1653 1951 1787 2004 ἀπό-

194 2054 364 2119 δειξιν
399 2050 551 2121 αύτῷ
584 2049 981 2120 παρεχόμενος,
1030 2046 1168 2117 ὁμοῦ
1194 2045 1251 2098 δέ
1278 2046 1337 2098 ἐν
1381 2043 1459 2115 τῷ
1505 2043 1671 2097 πάθει
1717 2043 1786 2097 τὰ

200 2145 465 2215 μέλλοντα
493 2140 898 2214 προδιατυπῶν,
940 2137 1148 2192 καιτοῦ
1178 2135 1534 2209 κηρύγματος
1563 2134 1788 2206 τὸντρό-

199 2255 303 2289 πον
334 2235 623 2297 διδάσκων,
665 2231 761 2285 καί
796 2234 880 2285 ὃτι
915 2229 1091 2283 ταῦτα
1127 2229 1303 2283 πάντα
1329 2228 1540 2281 οἴκοθεν
1579 2225 1788 2281 ἀποσα-

196 2329 385 2390 λόντα,
416 2328 512 2379 καὶ
548 2325 794 2397 μύσαντα
824 2324 920 2378 xal
952 2324 1079 2386 τοὺς
1111 2320 1444 2393 ῥφθαλμοὺς,
1477 2319 1628 2389 αύτῷ
1662 2320 1789 2373 ἐπε-

201 2418 330 2471 σθαι
360 2418 488 2487 χρή.
522 2416 613 2467 Διὸ
647 2416 742 2468 καὶ
775 2414 935 2476 αὐτὸς
965 2411 1096 2487 ἐβόα
1132 2411 1291 2465 τοῦτο
1317 2410 1449 2463 αὐτὸ
1484 2409 1681 2479 δηλῶν·
1714 2408 1789 2463 Et

199 2524 292 2571 τις
523 2504 717 2573 σοφὸς
735 2498 889 2557 εἶναι
916 2502 986 2555 ἐν
1004 2484 1164 2570 ὑμῖν,
1188 2499 1453 2569 γενέσθω
1464 2498 1682 2569 μωρὸς,
1700 2498 1789 2550 ἵνα

200 2597 429 2666 γένηιται
475 2594 655 2663 σοφός·
708 2594 785 2657 ὡς
826 2593 928 2648 οὐκ
982 2592 1100 2645 ἐνὸν
1142 2590 1440 2660 ἀναϐλέψαι
1474 2588 1676 2652 καλῶς,
1711 2589 1786 2660 μὴ

198 2685 469 2755 πρότερον
518 2681 841 2753 πηρωθέντα
886 2680 1087 2744 καλῶς,
1116 2681 1211 2733 καί
1247 2681 1375 2743 τοὺς
1428 2679 1659 2742 οἰκείους
1696 2678 1792 2732 καὶ

196 2773 573 2844 ταράττοντας
607 2772 770 2824 αὐτὸν
798 2770 1099 2823 ἐκϐαλόντα
1137 2770 1452 2840 λογισμοὺς,
1489 2769 1585 2822 καὶ
1605 2772 1671 2839 τῇ
1704 2767 1792 2819 πί-

198 2883 319 2919 στει
353 2865 417 2917 16
432 2865 539 2918 πᾶν
566 2863 957 2934 ἐπιτρέψαντα.
977 2861 1137 2915 Ἀλλά
1166 2862 1353 2933 μηδεὶς
1387 2861 1558 2914 ταῦτα
1575 2861 1791 2913 ἀκούων

199 2956 630 3027 ἠναγκασμένην
662 2951 933 3024 νομιζέτω
973 2947 1113 3005 εἶναι
1163 2951 1368 3023 ταύτην
1421 2953 1520 3023 τὴν
1578 2953 1788 3023 κλῆσινο

199 3050 299 3103 καὶ
332 3048 443 3118 γὰρ
466 3045 685 3100 ἐδύνατο
702 3046 864 3099 πάλιν
880 3043 1223 3109 ἐπανελθεῖν,
1253 3044 1376 3098 ὅθεν
1402 3043 1581 3115 ἐξέϐη.
1599 3043 1791 3097 Πολλοὶ

198 3142 334 3211 γοῦν
363 3140 527 3209 ἐτερα
574 3137 795 3208 μείζονα
850 3135 1106 3207 θαύματα
1159 3136 1379 3201 ἰδόντες,
1443 3136 1792 3206 ὑπέστρεψαν

200 3232 387 3295 πάλιν,
422 3230 515 3283 καὶ
546 3231 604 3282 ἐν
634 3231 700 3299 τῇ
753 3229 949 3299 Καινῇ,
997 3229 1091 3280 καὶ
1140 3229 1198 3280 ἐν
1240 3230 1306 3298 τῇ
1340 3227 1570 3298 Παλαιᾷ·
1602 3222 1714 3280 οἷον
1761 3228 1791 3279 6

213 3323 436 3388 Ἰούδας,
458 3323 486 3374 6
517 3320 1009 3392 Ναϐουχοδονόσορ,
1040 3322 1069 3373 6
1110 3310 1346 3389 Ἐλύμας
1374 3321 1402 3373 6
1430 3320 1623 3390 μάγος,
1653 3320 1789 3372 ὁΣί-

204 3434 346 3486 μων,
376 3415 405 3467 ὁ
452 3411 702 3475 Ἀνανίας
726 3412 820 3464 καὶ
853 3412 886 3482 ἡ
923 3412 1231 3483 Σάπφειρα,
1266 3409 1384 3472 ὅλος
1398 3410 1507 3464 τῶν
1522 3409 1791 3463 Ἰουδαίων

199 3509 231 3562 6
256 3509 451 3579 δῆμος⁸
481 3506 596 3560 ἀλλ’
613 3506 710 3575 οὐχ
731 3506 760 3557 6
784 3504 1020 3567 Παῦλος.
1060 3504 1223 3558 Ἀλλὰ
1250 3503 1541 3573 διαϐλέψας
1564 3504 1700 3574 πρὸς
1733 3502 1793 3555 τὸ

201 3600 485 3668 ἀκήρατον
543 3593 660 3664 φῶς
724 3593 818 3646 τὸν
871 3593 1087 3668 ,δρόμον
1149 3594 1429 3657 ἐπέτεινε,
1489 3594 1585 3648 καὶ
1654 3591 1795 3665 πρὸς

200 3688 296 3739 τὸν
312 3683 541 3757 οὐρανὸν
559 3683 773 3736 ἵπτατο.
796 3683 859 3735 Εἰ
885 3682 941 3736 δὲ
964 3681 1240 3747 ἐξετάζεις
1272 3682 1414 3746 τίνος
1442 3683 1628 3737 ἕνεκεν
1656 3685 1794 3756 ἐπη-

203 3777 380 3849 ρώθη,
422 3775 587 3829 ἄκουε
632 3774 795 3826 αὑτοῦ
842 3774 1111 3843 λέγοντος
1156 3774 1485 3828 Ἠκούσατε
1529 3775 1639 3846 γὰρ
1679 3775 1794 3845 τὴν

201 3867 361 3938 ἐμὴν
402 3863 795 3934 ἀναστροφήν
844 3879 989 3917 ποτε
1030 3863 1101 3916 ἐν
1150 3862 1231 3928 τῷ
1281 3864 1653 3935 Ἰουδαϊσμῷ,
1704 3865 1795 3919 ὅτι

203 3958 335 4012 καθ’
388 3955 726 4024 ὑπερϐολὴν
787 3953 1039 4008 ἐδίωκον
1081 3953 1197 4022 τὴν
1251 3954 1637 4021 Ἐκκλησίαν,
1695 3957 1793 4009 καί

202 4050 505 4116 ἐπόρθουν
534 4046 749 4113 αὐτὴν,
780 4045 879 4097 καί
913 4044 1291 4113 προέκοπτον
1319 4047 1388 4099 έν
1433 4046 1512 4111 τῷ
1554 4047 1793 4102 Ἰουδαῖ-

203 4141 341 4211 σμῷ
371 4145 518 4209 ὑπερ
538 4139 809 4204 πολλοὺς
827 4140 1272 4207 συνηλικιώτας
1295 4140 1365 4192 ὲν
1382 4138 1459 4205 τῷ
1480 4138 1635 4209 γένει
1654 4158 1793 4209 μου,

205 4232 647 4301 περισσοτέρως
678 4229 944 4299 ζηλωτὴς
996 4230 1283 4300 ὑπάρχων
1320 4230 1441 4283 τῶν
1496 4231 1797 4299 πατρικῶν

207 4343 325 4395 μου
358 4322 771 4390 παραδόσεων.
819 4321 973 4375 Ἑπεί
1022 4316 1115 4374 οὖν
1143 4320 1285 4373 οὕτω
1340 4322 1567 4393 σφοδρὸς
1594 4318 1662 4393 ἧν
1706 4323 1798 4376 καὶ

206 4415 525 4487 ἀπρόσιτος,
571 4412 931 4484 σφοδροτέρου
989 4413 1162 4465 ἐδεῖτο
1218 4412 1462 4481 χαλινοῦ,
1491 4415 1579 4467 ἵνα
1610 4414 1685 4487 μὴ
1728 4417 1795 4486 τῇ

212 4508 363 4579 ῥύμῃ
396 4505 496 4574 τῆς
530 4504 838 4575 προθυμίας
879 4502 1169 4573 ἀγόμενος,
1212 4504 1307 4556 καὶ
1338 4505 1663 4577 παρακούσῃ
1691 4505 1799 4559 τῶν

210 4596 543 4667 λεγομένων.
570 4595 666 4646 Διά
694 4594 759 4664 δὴ
788 4593 946 4646 τοῦτο
976 4594 1351 4647 καταστέλλων
1376 4595 1540 4648 αὐτοῦ
1571 4596 1669 4667 τὴν
1695 4613 1799 4667 μα-

210 4691 332 4743 νίαν
389 4688 627 4756 ἐκείνην,
687 4685 917 4757 πρῶτον,
953 4686 1275 4750 κατευνάζει
1320 4687 1389 4740 16
1422 4688 1642 4759 κύματα
1697 4690 1799 4760 τῆς

214 4780 478 4851 ραγδαίας
504 4778 673 4849 ὀργῆς
712 4778 929 4847 ἐκείνης
956 4777 1043 4831 διὰ
1070 4778 1171 4847 τῆς
1205 4777 1525 4849 πηρώσεως,
1556 4780 1651 4832 καὶ
1676 4781 1798 4857 τότε

213 4870 363 4940 αὐτῷ
412 4869 737 4936 διαλέγεται,
806 4868 1021 4931 δεικνὺς
1094 4868 1191 4937 τῆς
1263 4870 1456 4938 σοφίας
1514 4872 1681 4924 αὑτοῦ
1740 4873 1799 4925 16

214 4960 526 5029 ἀπρόσιτον,
558 4957 653 5009 καὶ
680 4956 739 5009 16
763 4949 859 5026 τῆς
876 4955 1128 5024 γνώσεως
1153 4956 1440 5027 ὑπερέχον,
1466 4961 1557 5012 καὶ
1578 4961 1666 5034 ἵνα

216 5050 287 5121 θη
306 5049 429 5100 τίνα
450 5045 695 5115 πολεμεῖ,
738 5045 797 5097 ὃν
840 5045 901 5097 ού
955 5046 1116 5114 μόνον
1162 5045 1479 5115 κολάζοντα,
1514 5050 1628 5102 ἀλλ’
1678 5051 1799 5104 οὐδὲ

216 5136 606 5210 εὐεργετοῦντα
635 5135 856 5191 δύναται
880 5137 1141 5203 ἐνεγκεῖν.
1176 5139 1250 5190 Ού
1274 5138 1382 5209 γὰρ
1418 5141 1606 5204 σκότος
1636 5143 1799 5196 αὑτὸν

216 5231 525 5299 ἐπήρωσεν,
551 5226 663 5278 ἀλλ’
686 5225 960 5295 ὑπερϐολὴ
983 5226 1159 5293 φωτὸς
1199 5227 1359 5280 αὐτὸν
1388 5230 1656 5283 ἐσκότισε.
1688 5232 1799 5284 Kal

216 5320 270 5371 τί
298 5320 494 5387 δήποτε
524 5316 599 5386 μὴ
626 5317 684 5381 ἐξ
711 5315 884 5385 ἀρχῆς
913 5315 1071 5367 τοῦτο
1112 5317 1346 5384 ἐγένετο,
1384 5321 1516 5390 φησί
1538 5338 1552 5387 ;
1576 5322 1667 5393 Μὴ
1702 5324 1801 5393 ζὴ-

219 5427 298 5463 τει
325 5408 511 5471 τοῦτο,
552 5407 685 5476 μηδὲ
743 5406 1125 5476 περιεργάζου,
1174 5408 1310 5461 ἀλλά
1358 5411 1677 5485 παραχώρει
1722 5414 1801 5485 τῷ

219 5498 588 5568 ἁκαταλήπτῳ
632 5498 729 5566 τῆς
758 5495 850 5549 τοῦ
880 5497 1015 5550 θεοῦ
1058 5500 1313 5568 προνοίας
1364 5503 1453 5554 τοῦ
1486 5504 1679 5574 καιροῦ
1703 5508 1801 5577 τὴν

220 5590 650 5663 ἐπιτηδειότητα.
679 5589 788 5643 Kal
804 5588 913 5659 γὰρ
942 5591 1035 5643 καὶ
1059 5592 1221 5656 αὐτὸς
1246 5592 1404 5647 τοῦτο
1436 5599 1579 5648 ποιεῖ
1605 5596 1800 5666 λέγων·

223 5684 352 5738 Ὅτε
368 5682 435 5737 δὲ
459 5682 793 5750 εὐδόκησεν
824 5685 856 5737 ό
899 5681 1193 5754 ἀφορίσας
1236 5705 1311 5755 με
1344 5687 1411 5741 ἐκ
1438 5690 1671 5758 κοιλίας
1687 5709 1805 5762 μηο

1890 1412 2030 1481 τρός
2077 1428 2219 1483 μου,
2270 1410 2371 1466 καί
2418 1412 2688 1481 καλέσας
2716 1412 2816 1469 διὰ
2862 1412 2973 1484 τῆς
3016 1414 3260 1485 χάριτος
3291 1415 3481 1473 αὑτοῦ

1890 1508 2283 1580 ἀποκαλύψαι
2326 1512 2436 1566 τὸν
2482 1512 2621 1567 Υἰόν
2641 1512 2830 1568 αὐτοῦ
2858 1513 2929 1566 ἐν
2956 1512 3109 1583 ἐμοι.
3146 1514 3358 1570 Οὐκοῦν
3384 1515 3484 1569 καὶ

1892 1611 1959 1665 σὺ
1996 1611 2163 1682 μηδὲν
2216 1611 2583 1684 περιεργάζου
2624 1610 2808 1679 πλέον,
2839 1613 2968 1668 ὅταν
3003 1614 3033 1668 6
3057 1612 3273 1677 Παῦλος
3322 1612 3484 1668 τοῦτο

1890 1713 2047 1786 λέγῃ.
2083 1714 2218 1768 Τότε
2254 1714 2382 1787 γὰρ,
2421 1714 2547 1768 τότε
2590 1716 2852 1787 συνέφερε
2890 1714 3000 1769 τῶν
3036 1713 3352 1770 σκανδάλων
3383 1713 3485 1785 ἀρ-

1893 1812 2095 1867 θέντων
2127 1815 2192 1867 ἐκ
2224 1813 2413 1885 μέσου.
2448 1806 2650 1873 Λοίπὺν
2683 1814 2792 1868 ἀπὸ
2827 1813 3019 1869 τούτου
3061 1813 3345 1886 μάθωμεν,
3398 1814 3483 1869 δτι

1892 1912 2067 1975 οὐδεὶς
2081 1912 2330 1982 οὐδαμῶς
2347 1894 2597 1975 ούδὲρτῶν
2614 1913 2722 1985 πρὸ
2739 1913 2926 1979 αὐτοῦ,
2950 1914 3071 1968 οὐδὲ
3093 1912 3256 1977 αὐτὸς
3272 1912 3487 1967 οικοθεν

1893 2010 2056 2064 αὐτὸν
2085 2002 2265 2081 εὗρεν,
2294 2011 2410 2065 ἀλλ’
2438 2013 2468 2065 6
2503 2012 2739 2083 Χριστὸς
2774 2014 2967 2070 ἑαυτὸν
3020 2011 3360 2083 ἐφανέρωσε.
3392 2010 3486 2065 Διδ

1892 2109 1990 2163 καὶ
2025 2109 2229 2177 ἔλεγενο
2263 2112 2387 2180 Οὐχ
2425 2110 2593 2181 ὑμεῖς
2638 2128 2717 2181 με
2755 2110 3142 2176 ἐξελέξασθε,
3176 2110 3319 2165 ἀλλ’
3369 2108 3486 2179 ἐγὼ

1894 2208 2265 2279 ἐξελεξάμην
2291 2209 2465 2280 ὑμᾶς·
2508 2211 2631 2264 ἐπεὶ
2662 2212 2807 2273 τίνος
2860 2210 3047 2264 ἕνεκεν
3082 2208 3225 2281 ὁρῶν
3256 2209 3336 2279 τῷ
3363 2208 3483 2263 ὀνό-

1898 2320 2029 2374 ματι
2059 2306 2223 2358 αὑτοῦ
2254 2308 2647 2378 ἀνισταμένους
2670 2307 2822 2379 [492]
2850 2309 3097 2380 νεκροὺς,
3124 2309 3224 2361 οὐκ
3240 2308 3488 2360 ἐπίστευ-

1896 2422 2021 2471 σεν;
2063 2406 2236 2477 Ὀρῶν
2262 2408 2371 2477 γὰρ
2405 2388 2577 2479 χωλὸν
2606 2408 2913 2479 βαδίζοντα,
2950 2409 3043 2462 καὶ
3073 2410 3333 2479 δαίμονας
3359 2407 3503 2478 δρα-η

1896 2504 2240 2571 πετεύοντας,
2273 2507 2367 2559 καί
2413 2506 2820 2579 παραλυτικοὺς
2867 2509 3293 2583 σφιγγομένους,
3334 2506 3487 2561 οὐδὲν

1896 2605 2220 2675 ἐκαρποῦτο·
2246 2607 2366 2659 ούδέ
2404 2606 2513 2678 γὰρ
2549 2608 2737 2677 ἠγνόει
2767 2608 2941 2661 ταῦτα
2972 2608 3001 2660 6
3025 2607 3169 2660 οῦτω
3192 2624 3490 2678 περιεργα-

1892 2708 2119 2779 ζόμενος
2138 2710 2265 2773 τοὺς
2292 2709 2643 2773 ἀποστόλους.
2680 2710 2791 2764 Kal
2817 2709 3093 2780 Στεφάνου
3111 2710 3167 2763 δὲ
3193 2709 3499 2779 λιθαζομέί

1890 2826 2002 2872 νου,
2033 2807 2223 2880 παρὼν
2249 2810 2343 2862 καὶ
2372 2809 2497 2862 ἰδὼν
2524 2810 2586 2863 τὸ
2601 2810 2891 2880 πρόσωπον
2906 2809 3071 2864 αὑτοῦ
3096 2810 3172 2873 ὡς
3184 2809 3487 2881 πρόσωπον

1892 2908 2146 2977 ἀγγέλου,
2182 2908 2334 2961 ούδέν
2363 2908 2613 2963 ἐντεῦθεν
2646 2910 2930 2981 ἐκέρδανε.
2961 2910 3085 2973 Πῶς
3106 2904 3201 2963 οῦν
3226 2908 3379 2963 οὐδὲν
3402 2911 3489 2963 ἐν·

1889 3009 2067 3063 ταῦθα
2094 3010 2415 3081 ἐκέρδανεν;
2439 3009 2563 3063 Ὀτι
2596 3010 2809 3064 οὐδέπω
2839 3005 2909 3081 ἦν
2946 3009 3307 3081 κεκλημένος.

1962 3107 2035 3159 Σὺ
2075 3104 2132 3159 δὲ
2181 3106 2396 3161 ἀκούων
2428 3106 2624 3169 ταῦτα,
2667 3108 2743 3178 μὴ
2790 3107 3139 3178 ἀναγκαστὴν
3166 3107 3265 3178 τὴν
3295 3107 3489 3177 κλῆσιν

1892 3202 2032 3260 εἶναι
2054 3206 2263 3275 νόμιζε·
2288 3206 2412 3260 ούδέ
2440 3207 2551 3277 γὰρ
2574 3206 2875 3275 ἀναγκάζει
2895 3209 2923 3260 6
2956 3205 3108 3271 Θεὸς,
3147 3205 3263 3258 ἀλλ’
3293 3204 3488 3275 ἀφίησι

1894 3306 2117 3379 κυρίους
2133 3301 2274 3360 εἰναι
2307 3306 2685 3378 προαιρέσεων
2711 3306 2807 3360 καὶ
2845 3305 2985 3377 μετά
3010 3306 3109 3375 τὴν
3129 3304 3343 3376 κλῆσιν.
3377 3304 3490 3358 Καὶ

1893 3405 2004 3477 γὰρ
2032 3406 2306 3470 Ἰουδαίοις
2332 3405 2684 3474 ἀπεκάλυψεν
2712 3406 2908 3459 ἑαυτὸν
2935 3407 3028 3459 καὶ
3061 3405 3149 3459 ὅτε
3166 3404 3487 3477 ἐχρῆν,ἀλλ’

1892 3507 1992 3560 οὐκ
2011 3506 2285 3578 ἠθέλησαν
2311 3505 2569 3570 δέξασθαι
2605 3504 2695 3558 διά
2720 3505 2818 3576 τὴν
2857 3504 3015 3572 δόξαν
3056 3505 3157 3576 τὴν
3190 3504 3343 3576 παρά
3375 3503 3488 3557 τῶν

1893 3603 2218 3676 ἀνθρώπων.
2246 3605 2311 3657 Εἰ
2339 3604 2396 3657 δέ
2416 3603 2565 3671 λέγοι
2586 3620 2670 3667 τις
2700 3603 2810 3656 τῶν
2844 3604 3110 3670 ἀπίστων,
3135 3604 3298 3658 πόθεν
3327 3604 3491 3675 δῆλον

1893 3706 1977 3759 ὅτι
2018 3704 2231 3757 Παῦλον
2271 3703 2532 3758 ἐκάλεσεν
2585 3702 2645 3767 ἐξ
2676 3704 2930 3772 ούρανοῦ,
2972 3704 3066 3757 καὶ
3095 3704 3355 3776 ἐπείσθη;
3399 3705 3489 3759 διὰ

1893 3805 1946 3857 τί
1973 3803 2082 3877 γὰρ
2114 3805 2188 3877 μὴ
2215 3806 2309 3859 καὶ
2335 3806 2434 3876 ἐμὲ
2465 3805 2759 3873 ἐκάλεσεν;
2786 3806 2964 3861 ἐκεῖνο
2984 3807 3122 3878 πρὸς
3144 3805 3307 3859 αὐτὸν
3329 3805 3489 3877 ἐροῦ-

1900 3932 2017 3985 μενο
2041 3914 2316 3977 πιστεύεις
2347 3914 2525 3983 τοῦτο,
2555 3916 2677 3968 εἰπέ
2710 3932 2823 3985 μοι,
2851 3910 2897 3969 ὧ
2937 3915 3229 3986 άνθρωπε;
3271 3916 3487 3970 Οὐκοῦν

1896 4018 1946 4070 εἰ
1981 4017 2276 4082 πιστεύεις,
2306 4018 2468 4089 ἀρκεῖ
2488 4035 2567 4071 σοι
2598 4018 2678 4080 εἰς
2711 4019 2958 4088 σημεῖον.
2985 4018 3049 4070 Εἰ
3102 4018 3202 4088 μὲν
3224 4017 3333 4088 γὰρ
3359 4020 3489 4072 ἀπι-

1898 4120 2044 4180 στεῖς
2074 4118 2157 4171 ὅτι
2183 4117 2440 4171 ἐκάλεσεν
2472 4117 2532 4182 ἐξ
2568 4115 2824 4186 ούρανοῦ,
2859 4117 2977 4180 πῶς
2993 4116 3193 4185 λέγεις,
3215 4117 3302 4170 διά
3328 4118 3378 4171 τί
3413 4117 3488 4188 μὴ

1897 4224 1993 4276 καὶ
2008 4224 2107 4294 ἐμὲ
2127 4218 2420 4290 ἐκάλεσεν;
2451 4223 2576 4276 εἰδὲ
2600 4222 2877 4286 πιστεύεις
2910 4224 2994 4278 ὅτι
3017 4222 3294 4286 ἐκάλεσεν,
3329 4225 3491 4293 ἀρκεῖ

1898 4345 1982 4381 σοι
2028 4328 2189 4382 τοῦτο
2226 4329 2305 4392 εἰς
2337 4330 2583 4399 σημεῖον.
2617 4329 2848 4382 Πίστευε
2879 4328 3081 4383 τοίνυν·
3127 4329 3223 4383 καὶ
3257 4328 3367 4399 γὰρ
3394 4331 3489 4382 καὶ

1901 4433 1961 4487 σὲ
1992 4434 2144 4488 καλεῖ
2169 4434 2226 4500 ἐξ
2252 4432 2507 4503 ούρανοῦ,
2530 4433 2626 4487 ἐὰν
2658 4434 2835 4504 ψυχὴν
2868 4433 3187 4504 εὐγνώμονα
3215 4434 3364 4505 ἔχῃς·
3388 4432 3485 4499 ὡς,

1898 4534 1993 4587 ἐὰν
2008 4532 2276 4603 ἀγνώμων
2297 4531 2364 4607 ᾖς
2380 4535 2469 4587 καὶ
2485 4516 2935 4605 διεστρέμμένος,
2961 4534 3084 4587 οὐδὲ
3100 4534 3160 4587 τὸ
3187 4532 3485 4603 ἐνεχθῆναί

1901 4656 1983 4693 σοι
2014 4639 2197 4709 φωνὴν
2247 4638 2454 4693 ἄνωθεν
2508 4640 2733 4709 ἀρκέσει
2776 4640 2857 4704 εἰς
2906 4639 3205 4711 σωτηρίαν.
3249 4640 3489 4703 Ποσάκις

1900 4744 2031 4812 γοῦν
2057 4744 2298 4814 ἥκουσαν
2322 4744 2372 4795 οἰ
2400 4743 2647 4796 Ἰουδαῖοι
2678 4744 2867 4814 φωνῆς
2893 4743 2953 4809 ἐξ
2983 4743 3214 4815 ούρανοῦ
3253 4744 3467 4815 φερομὲ

1900 4869 2019 4921 νης,
2048 4851 2141 4904 καὶ
2165 4850 2266 4903 ούκ
2300 4848 2661 4914 ἐπίστευσανς
2698 4850 2840 4903 πόσα
2868 4844 3006 4904 εἶδον
3040 4853 3262 4921 σημεῖα,
3308 4853 3402 4905 καὶ
3432 4854 3483 4903 ἐν

1901 4958 1967 5026 τῇ
1990 4956 2187 5025 Καινῇ,
2238 4955 2332 5007 καὶ
2360 4954 2417 5006 ἐν
2449 4956 2515 5024 τῇ
2547 4953 2781 5025 Παλαιᾷ,
2808 4956 2903 5009 καὶ
2942 4955 3043 5008 ούκ
3084 4955 3332 5022 ἐγένοντο
3368 4954 3489 5023 βελ-

1900 5057 2082 5123 τίους;
2138 5058 2277 5110 Ἀλλ’
2332 5058 2389 5108 ἐν
2427 5056 2527 5127 μὲν
2580 5059 2645 5128 τῇ
2689 5057 2920 5129 Παλαιᾷ,
2950 5051 3097 5111 οῦτοι
3142 5058 3281 5127 μετᾶ
3321 5060 3489 5130 μυρία

1907 5162 2159 5233 θαύματα
2187 5162 2771 5232 ἐμοσχοποίησανοὴδὲ
2805 5162 3152 5233 Ἰεριχουντία
3186 5164 3357 5235 πόρνη
3388 5182 3493 5234 μη-

1908 5266 1997 5319 δὲν
2029 5266 2231 5319 τούτων
2265 5265 2593 5336 θεασαμένη,
2628 5268 2809 5320 πίστιν
2830 5267 3140 5331 ἐπεδείξατο
3172 5267 3491 5338 Θαυμαστὴν

1910 5388 1976 5423 πε
1987 5371 2038 5440 pl
2062 5372 2186 5434 τοὺς
2216 5372 2614 5435 κατασκόπους.
2634 5373 2745 5425 Kal
2768 5374 2823 5426 ἐν
2850 5375 2915 5443 τῇ
2938 5376 3007 5444 γῇ
3047 5374 3103 5426 δὲ
3126 5374 3222 5445 τῆς
3252 5374 3488 5443 ἐπαγγε-

1910 5474 2026 5539 λίας
2044 5471 2187 5529 οὗτοι
2224 5477 2339 5546 μὲν,
2370 5476 2477 5529 τῶν
2497 5476 2736 5547 σημείων
2767 5479 3084 5549 γινομένων,
3109 5478 3301 5548 έμενον
3330 5478 3496 5532 λίθων

1912 5581 2374 5654 ἀναισθητότεροι·
2409 5584 2457 5635 οἰ
2484 5582 2539 5636 δὲ
2568 5582 2848 5637 Νινευῗται
2881 5583 2969 5637 τὸν
3003 5586 3185 5637 Ἰωνᾶν
3220 5584 3493 5654 θεασάμεν-

1914 5709 1992 5746 νοι
2018 5690 2196 5763 μόνον,
2214 5691 2538 5748 ἐπίστευσαν
2565 5694 2660 5749 καὶ
2689 5695 3149 5766 μετενόησαν,καὶ
3179 5695 3275 5763 τὴν
3305 5694 3496 5762 θεήλα-
