4082 6418
586 340 692 395 δερ

582 470 678 507 τον
717 452 885 525 ὀργὴν
909 444 1332 525 ἀπεκρούσαντο.
1375 455 1461 507 Ἐν
1477 453 1530 507 δέ
1553 456 1618 525 τῇ
1647 454 1845 523 Καινῇ,
1862 451 1953 504 ἀπ’
1978 447 2150 518 αὐτῆς

585 554 682 610 τοῦ
706 557 940 628 Χριστοῦ
976 557 1074 626 τῆς
1103 556 1425 626 παρουσίας,
1454 559 1484 611 6
1521 557 1620 628 μέν
1659 553 1857 628 λῃστὴς
1887 551 2152 624 σταυρού-

591 676 751 729 μενον
781 660 917 726 ίδὼν,
934 660 1360 733 προσεκύνησεν·
1381 655 1532 716 οῦτοι
1555 662 1611 715 δὲ
1626 661 1850 732 νεκροὺς
1873 657 2154 731 ἐγείροντα

588 764 930 834 θεασάμενοι,
958 769 1051 822 καὶ
1077 768 1271 839 ἔδησαν
1300 765 1392 821 καὶ
1407 765 1776 839 ἐσταύρωσαν.

665 941 731 995 Τί
773 937 830 992 δὲ
891 947 1189 1019 ἐφ’ἡμῶν;
1215 948 1350 1019 Οὐχὶ
1369 947 1480 1018 πῦρ
1514 948 1576 1000 ἐκ
1615 943 1708 999 τοῦ
1751 943 1900 1009 ναοῦ,
1945 945 2010 998 ἐκ
2047 943 2156 997 τῶν

589 1052 854 1121 θεμελίων
887 1070 990 1107 των
1033 1055 1091 1108 ἐν
1138 1054 1523 1126 Ἰεροσολύμοις
1567 1051 1875 1123 ἐκπηδῆσαν
1924 1050 2158 1121 ἐφήλατο

587 1157 700 1218 τοῖς
744 1156 1112 1228 οἰκοδομοῦσι,
1156 1159 1251 1212 καὶ
1278 1156 1450 1220 οὕτως
1490 1157 1686 1221 αὐτοὺς
1732 1155 2007 1225 ἀπέστησε
2058 1155 2157 1224 τῆς

589 1260 911 1331 παρανόμου
970 1261 1092 1314 τότε
1129 1262 1548 1332 ἐπιχειρήσεως;
1589 1259 1703 1314 ἀλλ’
1731 1260 1879 1330 ὅμως
1918 1259 1980 1312 ού
2033 1275 2159 1329 μετ-

587 1360 896 1431 εϐάλλοντο,
929 1367 1050 1421 ούδέ
1067 1367 1327 1422 ἀπέθεντο
1363 1367 1460 1438 τὴν
1488 1367 1764 1439 πώρωσιν.
1790 1365 1940 1421 Πόσα
1958 1365 2014 1418 δέ
2040 1365 2158 1417 ἓτε-

597 1487 665 1540 ρα
696 1470 885 1538 γέγονε
923 1474 1040 1542 μετ’
1067 1472 1240 1524 ἐκεῖνο
1258 1470 1508 1542 θαύματα
1532 1470 1670 1535 τότε,
1690 1470 1783 1524 καὶ
1807 1471 1956 1524 οὺδέν
1989 1467 2162 1523 ἐντεῦ-

591 1573 682 1627 θεν
707 1575 1034 1646 ἐκέρδαναν;
1066 1570 1177 1631 οἷον
1224 1578 1252 1630 6
1291 1577 1553 1650 κεραυνὸς
1589 1579 1618 1630 6
1646 1576 1788 1632 κατὰ
1813 1577 1914 1644 τῆς
1958 1576 2160 1647 ὀροφῆς

595 1679 687 1732 τοῦ
727 1680 856 1734 ναοῦ
885 1681 979 1735 τοῦ
1020 1683 1353 1748 Ἀπόλλωνος
1385 1683 1747 1755 κατενεχθείς·
1787 1686 1816 1736 6
1842 1683 1936 1737 τοῦ
1973 1682 2161 1753 δαίμο-

593 1799 684 1845 νος
712 1782 880 1837 αὐτοῦ
911 1783 1101 1838 τούτου
1144 1785 1414 1857 χρησμὸς,
1454 1787 1514 1848 ὃς
1535 1787 1625 1841 τὸν
1652 1788 1770 1842 τότε
1813 1785 2161 1857 βασιλεύοντα

590 1888 874 1955 ἠνάγκαζε
899 1892 1211 1959 μετακινεῖν
1241 1892 1331 1944 τὸν
1357 1891 1583 1961 πλησίον
1611 1893 1861 1960 κείμενον
1887 1893 2158 1964 μάρτυρα,

589 1988 784 2058 λέγων’
821 1991 895 2062 μὴ
921 1992 1180 2047 δύνασθαι
1197 1994 1549 2064 φθέγγεσθαι,
1577 1995 1682 2058 ἐως
1697 1996 1764 2050 ἂν
1795 1996 1891 2068 τὴν
1917 1997 2161 2069 λάρνακα

587 2092 686 2164 τὴν
716 2094 922 2148 ἐκείνου
949 2095 1118 2169 βλέπῃ
1149 2097 1396 2169 πλησίον*
1437 2098 1532 2152 καὶ
1559 2099 1666 2171 γὰρ
1705 2099 1768 2154 ἐκ
1800 2100 2054 2167 γειτόνων
2093 2097 2161 2172 ἦν

590 2198 838 2269 κειμένη.
874 2200 1029 2254 Μετὰ
1045 2201 1231 2256 τοῦτον
1268 2202 1449 2266 πάλιν,
1481 2205 1510 2256 6
1531 2203 1673 2266 θεῖος
1702 2206 1731 2257 ὁ
1763 2204 1953 2258 τούτου
1983 2205 2062 2268 είς
2094 2207 2161 2259 τὰ

590 2302 712 2375 ἱερά
787 2305 954 2378 σκεύη
1025 2309 1338 2379 ἐνυϐρίσας,
1400 2309 1862 2383 σκωληκόϐρωτος
1923 2313 2162 2383 γεγονὼς

588 2403 832 2469 ἐξέψυξεν
869 2406 964 2460 καὶ
995 2408 1024 2460 6
1067 2408 1271 2478 ταμίας
1302 2409 1361 2462 δὲ
1389 2409 1498 2462 τῶν
1540 2408 1833 2479 βασιλικῶν
1865 2413 2162 2482 χρημάτων

590 2503 658 2555 δι’
688 2505 886 2575 ἑτέραν
908 2508 1253 2578 παρανομίαν
1283 2509 1365 2572 είς
1391 2508 1488 2580 τὴν
1520 2509 1848 2580 Ἐκκλησίαν
1883 2512 1974 2564 ὑπ’
1997 2514 2161 2567 αὑτοῦ

586 2605 912 2676 γενομένην,
948 2605 1114 2675 μέσον
1141 2605 1389 2678 λακήσας
1413 2607 1679 2662 ἀπώλετο.
1707 2610 1878 2664 Πάλιν
1902 2612 1956 2664 αί
1987 2613 2164 2682 πηγαὶ

591 2703 652 2756 αἱ
684 2706 814 2775 παρ’
840 2707 872 2775 ἡ
881 2706 1062 2775 μϊν,αῑ
1077 2705 1305 2760 νικῶσαι
1330 2706 1409 2778 τῷ
1421 2705 1571 2779 [495]
1593 2709 1823 2780 ῥεύματι
1851 2712 1977 2774 τοὺς
1992 2728 2164 2764 ποτα-

591 2804 746 2871 μοὺς,
770 2803 837 2856 άθ
846 2805 966 2875 ρόον
982 2805 1181 2874 ἔφυγον
1197 2808 1290 2860 καὶ
1315 2807 1570 2880 ἀπεπήδη
1579 2825 1696 2874 σαν,
1725 2810 1990 2882 μηδέποτε
2007 2810 2165 2865 τοῦτο

588 2902 860 2981 παθοῦσαι
892 2906 1178 2976 πρότερον,
1207 2906 1323 2961 ἀλλ’
1356 2908 1445 2962 ὅτε
1463 2907 1681 2974 θυσίαις
1706 2911 1798 2964 καὶ
1821 2912 2071 2975 σπονδαῖς
2102 2912 2164 2966 τὺ

589 3003 788 3073 χωρίον
818 3006 1076 3074 ἐμόλυνεν
1116 3008 1145 3059 6
1190 3007 1466 3078 βασιλεύς.
1494 3007 1561 3062 Τί
1591 3011 1656 3086 ἄν
1681 3027 1766 3073 τις
1794 3012 1937 3064 είποι
1971 3011 2060 3066 τὸν
2084 3011 2164 3082 λι-

592 3102 693 3169 μὸν
715 3104 808 3155 τὸν
841 3106 1117 3176 πανταχοῦ
1135 3108 1234 3174 τῆς
1255 3109 1582 3180 οἰκουμένης
1619 3110 1757 3181 μετά
1783 3111 1874 3165 τοῦ
1906 3112 2166 3181 βασιλέως

587 3203 709 3264 ταῖς
743 3203 930 3256 πόλεσι
965 3207 1393 3274 συνεμπεσόντα,
1440 3210 1604 3263 αὐτοῦ
1635 3210 1729 3262 τοῦ
1776 3210 2034 3279 βασιλέως
2073 3212 2164 3265 τὸν

592 3300 839 3364 θάνατον,
870 3304 959 3356 τὸν
993 3307 1051 3357 ἐν
1089 3309 1152 3376 τῇ
1178 3307 1400 3377 Περσῶν
1429 3308 1602 3380 χώρᾳ,
1632 3310 1728 3380 τὴν
1752 3310 1856 3380 πρὸ
1887 3311 1979 3363 τοῦ
2004 3310 2164 3364 θανά-

477 3443 488 3454 .
591 3412 681 3452 του
707 3401 941 3472 ἀπάτην,
974 3404 1032 3456 τὸ
1058 3406 1416 3474 στρατόπεδον
1452 3407 1510 3459 τὸ
1546 3409 1604 3460 ἐν
1633 3409 1819 3485 μέσοις
1854 3409 2163 3479 ἀποληφθὲν

589 3500 704 3562 τοῖς
721 3500 1031 3571 βαρϐάροις,
1061 3505 1312 3576 καθάπερ
1337 3507 1396 3559 ἐν
1424 3509 1631 3578 σαγήνῃ
1659 3511 1766 3560 τινὶ
1789 3503 1887 3557 κα),
1908 3508 2161 3572 δικτύοις,

591 3599 691 3668 τὴν
722 3601 905 3656 ἄνοδον
945 3601 1154 3659 ἐκεῖθεν
1189 3605 1284 3674 τὴν
1342 3605 1658 3678 θαυμαστην
1699 3625 1791 3661 και
1825 3614 2158 3681 παράδοξονς

606 3701 823 3773 Ἐπειδὴ
855 3703 964 3772 γὰρ
987 3706 1014 3757 6
1041 3703 1142 3774 μὲν
1167 3705 1370 3775 ἀσεϐὴς
1401 3706 1654 3775 βασιλεὺς
1678 3707 1868 3768 ἔπεσεν
1896 3713 2161 3782 ἐλεεινῶς,

587 3797 782 3870 ἔτερος
815 3801 871 3854 δέ
897 3801 1124 3874 εὐσεϐὴς
1153 3802 1441 3870 διεδέξατο,
1462 3807 1640 3860 πάντα
1661 3808 1859 3873 εὐθέως
1894 3811 2077 3866 ἐλύετο
2097 3817 2166 3870 τά

588 3897 759 3952 δεινά·
784 3901 878 3954 καὶ
910 3902 958 3954 οἱ
984 3903 1042 3953 ἐν
1069 3902 1253 3971 μέσοις
1298 3904 1619 3974 εἰλημμένοι
1657 3906 1914 3971 δικτύοις,
1947 3913 2041 3964 καὶ
2071 3914 2164 3965 οὺ-

588 3996 789 4066 εεμίαν
822 4000 1118 4070 οὐδαμόθεν
1155 4002 1387 4066 διέξοδον
1438 4002 1654 4074 ἔχοντες
1697 4007 2044 4076 στρατιῶται,
2069 4011 2164 4064 τοῦ

590 4097 731 4149 Θεοῦ
758 4097 942 4152 λοιπὸν
972 4100 1280 4165 νεύσαντος,
1298 4103 1405 4179 τῶν
1441 4103 1731 4174 βαρϐάρων
1762 4106 2165 4175 ἀπαλλαγέντες

595 4198 738 4264 μετά
768 4199 1068 4267 ἀσφαλείας
1099 4201 1404 4273 ἐπανῄεσαν
1437 4204 1672 4272 ἀπάσης.
1712 4203 1894 4258 Ταῦτα
1920 4209 2164 4279 τίναούχ

594 4297 756 4352 ἕκανά
784 4299 1186 4369 ἐφελκύσασθαι
1218 4301 1354 4372 1:96;
1386 4302 1483 4374 τὴν
1508 4303 1814 4370 εύσέϐειανς
1844 4306 1925 4359 Τά
1950 4307 2005 4360 δέ
2027 4326 2166 4380 παρ-

591 4401 723 4456 όντα
753 4402 813 4455 ού
830 4401 1008 4474 πολλῷ
1031 4403 1236 4458 τούτων
1257 4404 1667 4476 θαυμαστότερα
1687 4423 1702 4472 ;
1734 4407 1794 4461 ού
1818 4409 2048 4481 σταυρὸς
2073 4429 2166 4482 κη-

597 4499 870 4571 ρύττεται,
903 4501 997 4555 καὶ
1030 4503 1064 4573 ἡ
1114 4504 1408 4573 οτκουμένη
1462 4506 1814 4578 προστρέχει;
1844 4509 1904 4562 ού
1938 4508 2165 4575 θάνατος

596 4598 1022 4668 καταγγέλλεται
1047 4600 1428 4667 ἐπονείδιστος,
1476 4603 1569 4657 καὶ
1595 4605 1796 4670 πάντες
1822 4607 2160 4680 ἐπιπηδῶσι;

599 4695 676 4767 μὴ
696 4697 806 4768 γὰρ
825 4698 926 4752 οὐκ
950 4699 1374 4772 ἐσταυρώθησαν
1401 4700 1580 4774 μυρίοι
1603 4720 1618 4768 ;
1653 4704 1728 4776 μὴ
1779 4706 1888 4780 γὰρ
1915 4710 2034 4780 μετ’
2065 4711 2165 4763 αὖ-

595 4794 688 4849 τοῦ
709 4797 802 4851 τοῦ
827 4799 1062 4870 Χριστοῦ
1101 4799 1224 4871 ούχὶ
1251 4800 1345 4856 δύο
1375 4800 1571 4872 λῃσταὶ
1595 4804 2161 4880 άνεσκολοπίσθησαν;

597 4896 676 4967 μὴ
702 4896 808 4968 γὰρ
843 4899 945 4952 οὐκ
968 4899 1217 4968 ἐγένοντο
1245 4900 1432 4954 πολλοὶ
1459 4903 1612 4970 σοφοί
1633 4921 1648 4970 ;
1677 4904 1751 4975 μὴ
1785 4905 1892 4976 γάρ
1917 4907 2016 4961 οὐκ
2043 4909 2166 4977 ἐγέ-

594 5012 746 5052 νοντο
764 4995 945 5050 πολλοὶ
971 4997 1217 5065 δυνατοί;
1246 5000 1388 5064 τίνος
1417 5001 1587 5071 ὄνομά
1618 5020 1748 5056 ποτε
1791 5003 1959 5070 οὕτως
1999 5008 2164 5079 ἐκρά-

595 5113 762 5166 inde;
795 5097 888 5150 καὶ
922 5097 978 5148 τι
1009 5096 1152 5166 λέγω
1182 5101 1379 5167 σοφοὺς
1411 5101 1503 5154 καὶ
1525 5099 1780 5166 δυνατούς
1801 5122 1814 5168 ;
1836 5104 1908 5176 μὴ
1931 5106 2040 5178 γὰρ
2064 5109 2164 5164 οὐκ

595 5193 843 5262 ἐγένοντο
869 5193 1106 5263 βασιλεῖς
1122 5197 1386 5263 ἐπίδοξοι;
1410 5199 1494 5261 τίς
1517 5198 1658 5254 οὕτω
1690 5204 2038 5276 περιεγένετο
2063 5209 2163 5277 τῆς

595 5294 918 5364 οἰκουμένης
945 5297 1001 5348 ἐν
1041 5296 1234 5368 βραχεί
1263 5299 1340 5369 τῷ
1391 5299 1602 5370 χρόνῳ;
1637 5300 1726 5371 Μὴ
1753 5277 1879 5372 .γάρ
1911 5321 1998 5373 μοι
2039 5307 2162 5367 λέγε

599 5394 693 5456 τὰς
726 5394 964 5464 αἱρέσεις
1005 5397 1103 5459 τάς
1137 5398 1386 5459 ποικίλας
1437 5401 1530 5453 καὶ
1564 5401 1925 5465 παντοδαπάςο
1963 5405 2163 5471 πάντες

603 5494 704 5562 γὰρ
729 5495 819 5546 τὸν
845 5495 1007 5547 αὑτὸν
1033 5497 1265 5565 Χριστὸν
1298 5499 1681 5570 κηρύττουσιν,
1714 5502 1761 5553 εί
1781 5503 1871 5554 καὶ
1895 5503 1969 5574 μὴ
1998 5506 2162 5572 ὑγιῶς

597 5591 815 5655 πάντες,
855 5578 968 5645 ἀλλ’
991 5596 1194 5648 ἐκεῖνον
1229 5597 1317 5649 τὸν
1335 5597 1391 5648 ἐν
1417 5598 1743 5671 Παλαιστίνῃ
1775 5602 1970 5666 πάντες
1991 5622 2160 5676 προσ-

595 5689 818 5751 κυνοῦσι
871 5695 1272 5765 σταυρωθέντα,
1327 5696 1419 5754 τὸν
1475 5699 1567 5752 ἐπὶ
1621 5701 1846 5756 Ποντίου
1908 5703 2158 5759 Πιλάτου.

1284 343 1343 399 S.
1377 339 1660 396 JOANNIS
1697 333 2195 394 CHRYSOSTOMI
2235 328 3132 416 ΔιὶίὶΙΙΙΕΡ.ίΟυΝ8ἹΑΝΤΙΝοιὶ

3718 322 3817 380 ιθθ

2258 444 2444 499 Ταῦτα
2475 439 2572 500 οὖν
2593 443 2654 497 οὐ
2683 442 2832 496 δοκεῖ
2854 441 2953 512 τῆς
2976 440 3257 511 δυνάμεως
3285 436 3453 492 αὐτοῦ
3489 435 3822 509 σαφεστέραν

2253 556 2398 626 ἔχειν
2423 553 2697 620 ἀπόδειξιν
2735 552 2838 621 τῆς
2891 550 3076 620 φωνῆς
3116 547 3329 616 ἐκείνης
3375 545 3474 615 τῆς
3508 545 3566 610 ἐξ
3596 540 3822 614 οὐρανοῦ

2255 659 2698 730 κατενεχθείσηςς
2735 656 2834 709 Διὰ
2861 656 2914 708 τί
2947 654 3057 725 γάρ
3088 653 3274 724 μηδεὶς
3309 650 3454 704 οῦτω
3479 664 3826 720 περιεγενετο

2256 768 2506 839 βασιλεὺς
2534 769 2609 830 ὡς
2640 761 2792 829 οὗτος
2824 763 3118 836 ἐκράτησε,
3151 761 3247 814 καὶ
3277 758 3450 812 ταῦτα
3486 759 3696 828 μυρίων
3736 755 3824 809 δν-

2253 892 2361 929 των
2383 874 2492 928 τῶν
2529 873 2863 943 κωλυμάτων
2885 887 2900 934 ;
2939 868 3032 922 καὶ
3058 866 3167 936 γὰρ
3195 863 3433 934 βασιλεῖς
3459 862 3827 932 ἐπολέμησαν,

2255 984 2352 1039 καὶ⁵
2381 985 2636 1056 τύραννοι
2675 979 3070 1053 παρετάξαντο,
3094 976 3188 1029 καὶ
3220 975 3380 1044 δῆμοι
3406 973 3608 1034 πάντες
3641 969 3830 1033 κατεξ-

2257 1093 2582 1164 ανέστησαν,
2645 1093 2740 1146 καὶ
2773 1091 2840 1144 τά
2887 1089 3131 1161 ἡμέτερα
3178 1088 3328 1157 ὅμως
3375 1084 3476 1136 οὐκ
3512 1081 3832 1152 ἠλαττοῦτο,

2257 1201 2392 1254 ἀλλά
2415 1201 2511 1254 καὶ
2546 1200 2746 1271 μᾶλλον
2767 1198 3123 1270 λαμπρότερα
3145 1195 3373 1264 ἐγίνετο.

2329 1334 2499 1387 Πόθεν
2524 1330 2637 1396 οὖν,
2670 1331 2860 1384 εἴπατέ
2911 1347 3022 1401 μοι,
3066 1331 3098 1399 ἡ
3141 1326 3376 1395 τοσαύτη
3427 1323 3614 1393 ίσχύς;
3644 1320 3836 1387 Μάγος

2258 1433 2346 1508 ἦν,
2375 1436 2526 1507 φησί.
2564 1435 2741 1498 Μόνος
2771 1432 2864 1487 οῦν
2905 1429 3059 1496 οὗτος
3092 1431 3265 1502 μάγος
3319 1427 3560 1489 τοιοῦτος
3585 1425 3838 1492 ἐγένετο;

2261 1536 2485 1598 Πάντως
2507 1534 2795 1604 ἠκούσατε,
2818 1535 2898 1586 ὅτι
2928 1534 3022 1586 καὶ
3067 1532 3217 1602 παρά
3256 1529 3493 1600 Πέρσαις
3523 1526 3617 1578 καὶ
3658 1525 3841 1587 Ἰνδοῖς

2261 1635 2445 1688 πολλοὶ
2466 1636 2718 1703 γεγόνασι
2746 1636 2929 1705 μάγοι,
2958 1634 3051 1687 καὶ
3075 1634 3210 1686 είσὶν
3238 1631 3317 1685 ἔτι
3345 1632 3439 1685 καὶ
3456 1631 3573 1684 νῦν·
3609 1629 3723 1681 ἀλλ’
3755 1627 3845 1680 οὐ-

2258 1740 2316 1794 δέ
2351 1740 2519 1810 ὄνομα
2548 1740 2726 1792 αὐτῶν
2761 1740 2907 1792 ἐστιν
2949 1739 3206 1809 οὐδαμοῦ.
3248 1737 3388 1790 Ἀλλ’
3418 1739 3447 1788 6
3493 1737 3559 1788 ἐκ
3592 1734 3842 1796 Τυάνων,

2261 1845 2447 1914 φησιν,
2474 1843 2746 1908 ἀπατεὼν,
2769 1845 2977 1909 ἐκεῖνος
2999 1845 3094 1897 καὶ
3119 1843 3272 1912 γόης,
3299 1841 3395 1894 καὶ
3417 1840 3582 1903 αὐτὸς
3602 1839 3841 1909 ἔλαμψε.

2262 1947 2372 2000 Ποῦ
2391 1949 2673 2011 κα“ιπότε;
2725 1949 2812 2002 Ἐν
2845 1947 3025 2019 μικρῷ
3055 1947 3209 2018 μέρει
3232 1946 3330 2016 τῆς
3362 1944 3714 2014 οίκουμένης,
3754 1945 3848 1996 καὶ

2263 2050 2399 2120 πρὸς
2438 2049 2643 2118 βραχὺν
2686 2048 2897 2119 χρόνον,
2949 2048 3044 2102 καὶ
3088 2044 3323 2114 ἐσϐέσθη
3363 2045 3576 2113 ταχέως
3609 2042 3705 2094 καὶ
3742 2042 3850 2093 ἀπ-

2260 2150 2446 2214 ώλετο,
2470 2154 2569 2206 οὑκ
2616 2152 2938 2223 Ἐκκλησίαν
2959 2150 3295 2213 καταλιπὼν,
3313 2150 3370 2202 ού
3402 2147 3554 2208 λαὸν,
3585 2147 3685 2199 οὐκ
3719 2145 3849 2200 ἄλλο

2262 2275 2314 2311 τι
2357 2257 2600 2312 τοιοῦτον
2645 2258 2819 2311 οὐδέν.
2853 2257 2964 2310 Καὶ
2998 2257 3051 2310 τί
3084 2257 3228 2324 λέγω
3263 2254 3469 2326 μάγους
3513 2252 3607 2304 καὶ
3640 2251 3849 2319 γόητας

2259 2361 2387 2424 τοὺς
2422 2360 2781 2426 σϐεσθέντας;
2808 2359 2971 2413 πόθεν
2999 2359 3070 2412 τὰ
3094 2359 3202 2411 τῶν
3224 2357 3362 2411 θεῶν
3397 2355 3608 2426 ἐπαύθη
3642 2353 3846 2419 πάντα,

2262 2463 2358 2518 καὶ
2377 2465 2406 2516 6
2437 2464 2768 2526 Δωδωναῖος,
2797 2463 2891 2516 καὶ
2911 2464 2940 2514 6
2972 2463 3229 2532 Κλάριος,
3249 2462 3344 2514 καὶ
3371 2459 3553 2514 πάντα
3579 2457 3647 2512 τὰ
3674 2473 3850 2526 πονηο

2267 2564 2337 2636 ρὰ
2363 2565 2535 2620 ταῦτα
2557 2567 2894 2637 ἐργαστήρια
2931 2567 3059 2636 σιγᾷ
3095 2570 3189 2623 καὶ
3230 2561 3851 2633 ἐπεστόμισται;Πόθεν

2264 2664 2357 2721 οὖν
2385 2668 2446 2721 ού
2475 2669 2665 2721 τοῦτον
2708 2669 2868 2738 μόνον
2897 2669 2990 2721 τὸν
3026 2667 3432 2738 σταυρωθέντα,
3469 2665 3608 2720 ἀλλά
3642 2665 3739 2716 καὶ
3782 2663 3852 2718 τὰ

2265 2770 2560 2843 [όθάμστᾶ
2582 2773 2689 2826 τῶν
2720 2772 2861 2842 ὑπὲρ
2888 2771 3052 2824 αὐτοῦ
3071 2771 3384 2840 σφαγέντων
3418 2768 3718 2837 πεφρίκασι
3736 2765 3851 2820 δαί·

2267 2891 2456 2944 μονες;
2477 2875 2623 2937 τίνος
2653 2875 2712 2928 δέ
2736 2874 2923 2929 ἕνεκεν
2939 2875 3033 2928 καὶ
3061 2875 3291 2944 σταυρὸν
3322 2872 3608 2936 ἀκούοντες
3628 2874 3853 2945 ἀποπη-

2263 2978 2396 3032 δῶσι
2416 2998 2430 3044 ;
2454 2979 2564 3032 Καὶ
2597 2980 2704 3052 μὴν
2737 2981 3045 3051 καταγελᾷν
3063 2980 3189 3032 ἔδει⁹
3229 2979 3306 3050 μὴ
3337 2978 3445 3050 γὰρ
3476 2978 3728 3049 λαμπρὸν
3755 2978 3856 3032 καὶ

2261 3084 2531 3154 ἐπίσημον
2576 3086 2605 3137 6
2649 3085 2912 3155 σταυρός;
2953 3084 3278 3137 Τούναντίον
3331 3083 3427 3153 μὲν
3458 3079 3572 3136 οὖν,
3613 3082 3849 3152 αἰσχρὸν

2265 3189 2357 3241 καὶ
2383 3166 2762 3242 ἐπονείδιστον.
2792 3188 3030 3252 Θάνατος
3069 3188 3178 3259 γάρ
3203 3189 3319 3239 ἐστι
3349 3187 3662 3240 καταδίκου·
3683 3186 3853 3240 Θάνα-

2262 3290 2352 3353 τός
2378 3292 2524 3344 ἐστιν
2555 3293 2582 3344 6
2613 3292 2799 3345 κακῶν
2826 3293 3081 3363 ἔσχατος,
3108 3294 3200 3346 καὶ
3231 3292 3383 3364 παρὰ
3423 3292 3698 3354 Ἰουδαίοις
3750 3293 3854 3344 ἐπ-

2266 3393 2486 3463 άρατος,
2519 3397 2611 3447 καὶ
2642 3396 2792 3466 παρὰ
2810 3396 3035 3466 Ἕλλησι
3053 3395 3356 3464 βδελυκτός.
3384 3396 3555 3448 Πόθεν
3575 3391 3668 3448 οὖν
3684 3395 3851 3449 αὑτὸν

2265 3499 2936 3572 ἐδεδοίκεισαν,δαίμονες;
2962 3496 3049 3570 ἆρ’
3075 3499 3174 3551 οὐκ
3196 3501 3301 3552 ἀπὸ
3329 3501 3427 3570 τῆς
3452 3498 3545 3551 τοῦ
3596 3516 3846 3570 σταυρω-

2266 3601 2446 3663 θέντος
2468 3601 2783 3670 δυνάμεως;
2815 3601 2876 3652 Εἰ
2899 3606 3008 3676 γὰρ
3031 3607 3164 3660 αὐτὸ
3187 3605 3308 3658 καθ’
3336 3604 3496 3658 ἑαυτὸ
3523 3604 3584 3656 τὸ
3612 3605 3852 3674 πρᾶγμα

2266 3704 2646 3772 ἐδεδοίκεισαν,
2693 3704 2928 3776 μάλιστα
2976 3705 3075 3775 μὲν
3134 3699 3226 3758 οὖν
3271 3705 3364 3757 καὶ
3417 3703 3574 3756 τοῦτο
3623 3704 3852 3770 ἀνάξιον

2265 3809 2422 3863 θεῶν’
2469 3810 2609 3881 πλὴν
2639 3810 2823 3863 πολλοὶ
2862 3811 2956 3863 καὶ
2995 3809 3102 3879 πρὸ
3145 3807 3332 3872 αὐτοῦ,
3384 3797 3480 3863 καὶ
3518 3809 3636 3879 μετ’
3679 3811 3849 3866 αὑτὸν

2265 3916 2709 3987 ἐσταυρώθησαν,
2735 3917 2829 3968 καί
2861 3917 2978 3986 μετ’
2995 3913 3160 3968 αὑτοῦ
3181 3914 3237 3968 δέ
3261 3913 3372 3968 δύο.
3405 3911 3598 3977 Τίοῦν,
3629 3917 3679 3968 εί
3697 3914 3850 3972 εἴποι

2265 4036 2369 4083 τις,
2401 4021 2459 4072 ἐν
2496 4019 2721 4090 ὀνόματι
2749 4017 2843 4072 τοῦ
2878 4015 3076 4088 λῃστοῦ
3098 4018 3193 4070 τοῦ
3219 4017 3642 4088 σταυρωθέντος,
3679 4018 3713 4090 ἢ
3745 4018 3847 4076 τοῦ

2266 4125 2516 4196 δεῖνος,ἢ
2559 4124 2653 4178 τοῦ
2687 4125 2879 4191 δεῖνος,
2913 4123 3164 4194 φεύξεται
3201 4125 3230 4176 6
3273 4124 3516 4195 δαίμων;
3552 4126 3851 4198 Οὐδαμῶς,

2266 4227 2403 4282 ἀλλά
2422 4231 2515 4282 καὶ
2529 4230 2832 4298 γελάσεται.
2871 4228 2997 4282 Ἐἀν
3028 4229 3085 4282 δέ
3107 4228 3200 4282 τὸν
3239 4227 3444 4298 Ἰησοῦν
3479 4230 3724 4302 προσθῇς
3750 4231 3848 4288 τὸν

2266 4334 2605 4405 Νιζωραῖον,
2621 4334 2869 4406 καθάπερ
2890 4333 2998 4388 ἀπὸ
3022 4333 3192 4405 πυρός
3211 4350 3354 4397 τινος
3369 4335 3648 4403 φεύγουσι.
3665 4337 3733 4390 Τί
3748 4334 3847 4392 οὖν

2267 4437 2333 4491 ἂν
2365 4438 2567 4504 εῐποις;
2593 4437 2755 4502 πόθεν
2781 4439 3116 4510 ἐκράτησεν;
3147 4441 3230 4493 ὃτι
3253 4439 3451 4504 πλάνος
3474 4436 3573 4511 ἧν;
3609 4440 3754 4494 Ἀλλ’
3779 4443 3844 4497 οὐ

2264 4541 2488 4595 τοιαῦτα
2514 4541 2678 4595 αὑτοῦ
2697 4543 2764 4595 τὰ
2779 4543 3233 4613 παραγγέλματα·
3247 4543 3421 4607 ἄλλως
3443 4542 3519 4606 δέ,
3537 4543 3633 4596 καὶ
3647 4543 3846 4600 πλάνοι

2265 4646 2449 4699 πολλοὶ
2495 4645 2803 4714 γεγόνασιν.
2862 4645 2999 4698 Ἀλλ’
3026 4646 3108 4699 ὅτι
3144 4647 3347 4716 μάγος;
3399 4645 3539 4699 Ἀλλ’
3570 4647 3632 4700 οὐ
3681 4647 3848 4705 τοῦτο

2267 4733 2539 4822 μαρτυρεῖ
2553 4750 2620 4804 τὰ
2635 4751 2899 4822 δόγμαέω
2924 4751 3020 4805 καὶ
3050 4752 3240 4823 μάγων
3257 4751 3428 4824 πολλὴ
3451 4751 3710 4816 πολλάκις
3727 4753 3849 4823 ἐγέ-

2261 4872 2382 4909 νετο
2409 4857 2570 4926 φορά.
2588 4855 2726 4909 Ἀλλ’
2747 4856 2827 4909 ὅτι
2858 4856 3048 4925 σοφός;
3079 4855 3238 4909 ’Δλλά
3267 4867 3423 4925 σοφοὶ
3437 4858 3620 4909 πολλοὶ
3640 4857 3845 4913 πολλά-

2264 4978 2351 5024 κις
2375 4961 2644 5030 ἐγένοντο.
2667 4961 2762 5024 Τίς
2788 4955 2881 5014 οὖν
2901 4959 3074 5025 οὕτως
3101 4961 3436 5032 ἐκράτησεν;
3466 4961 3653 5025 Οὐδεὶς
3688 4962 3844 5017 οὐδέ-

2264 5067 2538 5131 ποτε,οὺδέ
2549 5068 2687 5122 κατά
2702 5068 2890 5139 μικρὸν
2909 5067 3532 5137 ἐγγύς.”Οθενδῆλον,ὄτι
3544 5069 3643 5121 οὐκ
3655 5068 3843 5140 ἐπειδὴ
3915 5063 3923 5070 ’

2266 5174 2436 5242 μάγος
2480 5168 2568 5244 ἦν,
2605 5173 2723 5226 οὐδὲ
2760 5174 2842 5226 ὅτι
2889 5172 3088 5236 πλάνος
3127 5169 3215 5245 ἦν,
3256 5172 3372 5226 ἀλλ’
3410 5175 3596 5244 ἐπειδὴ
3630 5175 3842 5231 τούτων

2261 5276 2572 5348 διορθωτὴς,
2616 5277 2710 5332 καὶ
2755 5278 2872 5330 θεία
2912 5277 3138 5347 δύναμίς
3189 5295 3270 5341 τις
3316 5278 3410 5332 καὶ
3465 5278 3696 5348 ἄμαχος,
3749 5279 3839 5334 διὰ

2261 5381 2419 5435 τοῦτο
2463 5383 2554 5436 κα)¹
2593 5384 2752 5447 αὐτὸς
2797 5383 3012 5437 πάντων
3051 5385 3415 5452 περιεγένετο,
3457 5385 3548 5438 καὶ
3586 5385 3662 5455 τῷ
3699 5403 3837 5458 σκη-

2263 5484 2458 5556 νοποιῷ
2479 5489 2651 5559 τούτῳ
2679 5488 2942 5560 τοσαύτην
2963 5490 3249 5542 ἐνέπνευσε
3271 5489 3517 5559 δύναμιν,
3543 5492 3673 5561 ὅσην
3694 5491 3838 5546 αὐτὰ

2261 5595 2330 5648 τὰ
2364 5595 2660 5665 πράγματα
2699 5598 2982 5668 μαρτυρεῖ.
3016 5597 3332 5666 Ἀνθρωπος
3359 5597 3462 5668 γὰρ
3504 5599 3588 5650 ἐπ’
3628 5599 3838 5670 ἀγορᾶς

2267 5699 2531 5774 έστηκὼς,
2572 5700 2699 5772 περὶ
2739 5699 2980 5772 δέρματα
3029 5700 3124 5773 τὴν
3167 5703 3358 5774 τέχνην
3393 5703 3550 5772 έχων,
3586 5694 3840 5774 τοσοῦτον
