4082 6424
251 347 351 407 489

244 475 389 520 runt.
414 461 468 518 In
487 478 627 520 novo
652 463 817 521 etiam
838 462 1189 519 Testamento
1210 459 1312 517 sub
1349 460 1630 532 praesentia
1668 461 1838 532 Ipsius

245 558 465 622 Christi,
517 557 653 612 latro
678 556 895 627 quidem
933 571 1055 611 cum
1088 554 1402 611 cruciﬁxum
1434 564 1703 618 cerneret,
1743 555 1839 610 ad-

239 649 448 714 oravit;
471 647 641 702 Judaei
664 661 793 703 vero
816 649 906 718 qui
926 662 1048 708 eum
1069 653 1442 717 spectaverant
1460 655 1702 703 mortuos
1721 661 1842 702 sus-

236 740 521 803 citantem,
545 746 600 792 et
614 738 918 804 vinxerunt,
940 749 994 794 et
1013 737 1304 794 affixerunt
1317 737 1486 795 cruci.

311 829 506 900 Tentpfi
515 828 927 899 Jerosolymitani
937 829 1238 883 instauratio
1251 829 1468 894 irrita,et
1482 829 1586 883 alia
1596 827 1834 897 quedam

230 923 404 992 signa.
448 917 718 975 Exercitus
741 918 941 974 Iuliani
983 920 1210 975 obsessus
1249 935 1283 974 a
1310 918 1573 974 Barbaris.
1603 949 1674 960 -—
1699 918 1838 987 Quid

231 1022 416 1067 autem
443 1019 624 1066 nostra
651 1026 862 1081 quoque
893 1018 1050 1066 aetate
1076 1009 1197 1083 (a)?
1220 1008 1408 1064 Nonne
1429 1025 1496 1064 ex
1524 1001 1852 1064 fundamen-.

236 1105 312 1158 tis
341 1103 546 1173 templi,
573 1103 718 1172 quod
745 1102 1094 1174 Jerusolymis
1132 1101 1248 1167 fuit,
1280 1102 1417 1171 ignis
1458 1102 1709 1157 exsiliens
1736 1117 1843 1157 au-

235 1195 434 1250 dentes
481 1195 610 1250 illud
651 1197 914 1251 aedificare
943 1195 1313 1266 consumpsit?
1341 1195 1523 1266 sicque
1551 1195 1740 1266 reliqui
1769 1196 1837 1252 ab

235 1287 435 1358 iniquis
460 1287 744 1343 conatibus
771 1286 1112 1348 destiterunt,
1143 1301 1243 1342 nec
1266 1295 1444 1342 tamen
1471 1288 1540 1341 ab
1565 1287 1838 1356 impietate

232 1394 331 1432 sua
363 1387 524 1448 atque
553 1379 794 1433 cmcitate
817 1378 1060 1433 conversi
1102 1387 1244 1432 sunt.
1274 1379 1482 1445 Quanta
1508 1393 1636 1434 vero
1675 1378 1837 1433 etiam

235 1478 359 1538 post
396 1469 510 1524 haec
539 1469 639 1522 alia
682 1469 818 1522 facta
863 1476 988 1523 sunt
1029 1468 1284 1523 miracula
1317 1468 1380 1522 ‘?
1435 1477 1493 1522 ut
1527 1484 1651 1523 cum
1675 1483 1839 1536 super

237 1559 427 1628 templi
464 1557 727 1628 Apollinis
754 1566 952 1613 tectum
981 1557 1180 1613 fulmen
1209 1559 1451 1626 illapsum
1475 1567 1556 1613 est
1585 1576 1600 1612 :
1631 1569 1690 1613 ut
1713 1573 1836 1613 cum

233 1648 404 1715 ipsius
451 1663 709 1717 responsa
745 1647 1003 1703 daemonis
1047 1646 1326 1703 transferri
1352 1663 1384 1702 a
1412 1662 1538 1718 rege
1561 1648 1830 1718 sepultum

228 1741 382 1809 juxta
429 1754 490 1795 se
517 1751 806 1810 martyrem
851 1741 1261 1810 compulerunt,
1292 1740 1521 1796 dicentis
1545 1756 1606 1796 se
1641 1740 1836 1810 alloqui

238 1829 464 1884 omnino
505 1844 612 1884 non
641 1845 820 1898 posse,
849 1829 1103 1899 quamdiu
1143 1830 1440 1899 proximam
1480 1830 1621 1884 illius
1656 1845 1836 1885 arcam

233 1919 443 1974 videret
469 1935 486 1978 ;
514 1930 633 1975 erat
660 1934 891 1990 namque
932 1919 1126 1974 vicina.
1172 1919 1302 1974 Post
1340 1935 1460 1990 quae
1489 1920 1656 1990 ipsius
1693 1921 1836 1990 regis

230 2010 549 2077 avunculus,
598 2010 687 2080 qui
733 2009 960 2079 profano
989 2018 1190 2068 attactu
1233 2019 1545 2066 consecrata
1574 2011 1683 2066 Deo
1710 2027 1835 2065 vasa

236 2108 636 2166 temeraverat,
683 2101 952 2155 vermibus
999 2115 1194 2156 exesus
1244 2101 1464 2154 interiit.
1511 2099 1836 2168 Prtepositus

236 2205 455 2260 quoque
479 2191 673 2260 regalis
697 2178 872 2245 aerarii
897 2190 968 2245 ob
992 2191 1150 2245 aliam
1175 2231 1191 2255 ,
1221 2205 1383 2260 quam
1415 2189 1667 2244 Ecclesia:
1696 2191 1836 2244 intu-

235 2281 399 2345 lerat,
449 2281 696 2351 injuriam
750 2281 957 2337 medius
1007 2290 1228 2351 repente
1265 2280 1508 2351 diruptus
1557 2289 1837 2338 estztunc

232 2371 397 2426 etiam
442 2371 676 2439 regionis
701 2379 900 2426 nostra!
943 2369 1151 2437 fontes,
1181 2372 1270 2440 qui
1303 2371 1449 2441 prius
1472 2369 1691 2424 flumina
1723 2371 1834 2440 ipsa

227 2475 390 2515 cursu
440 2461 732 2516 inundante
771 2461 1088 2528 vincebant,
1131 2461 1311 2516 subito
1355 2462 1407 2515 in
1447 2475 1507 2516 se
1546 2461 1836 2515 resiliendo

232 2554 505 2623 fugerunt,
534 2561 822 2623 numquam
853 2553 956 2608 hoc
985 2560 1111 2607 ante
1138 2552 1400 2622 perpessi,
1428 2552 1529 2605 nisi
1555 2560 1834 2622 postquam

229 2641 347 2697 loca
377 2641 465 2696 illa
509 2623 604 2697 réx
646 2642 923 2705 sacrificiis
952 2657 1016 2697 ac
1045 2641 1284 2709 victimis
1322 2640 1636 2712 inquinavit.
1694 2641 1834 2706 Quid

235 2748 368 2788 vero
392 2732 504 2802 jam
543 2747 837 2789 memorem
876 2731 1079 2788 famem
1124 2741 1236 2788 toto
1263 2746 1482 2802 prorsus
1507 2731 1638 2786 orbe
1665 2741 1836 2786 terra-

235 2824 376 2880 rum'
400 2840 523 2881 cum
567 2826 732 2896 impio
759 2842 885 2896 rege
911 2827 1261 2894 dominatam,
1305 2828 1444 2898 regis
1484 2829 1754 2884 interitum
1782 2830 1836 2882 in

228 2919 448 2986 regione
478 2918 764 2974 Persarum
795 2933 810 2973 :
839 2928 963 2975 ante
990 2927 1215 2974 mortem
1236 2935 1362 2973 vero
1381 2920 1575 2974 mentis
1596 2934 1834 2974 errorem

229 3022 577 3077 perpessum,
595 3009 889 3063 exercitum
914 3009 965 3062 in
994 3008 1170 3062 medio
1192 3009 1539 3062 barbarorum
1562 3009 1831 3071 relictum,

227 3108 282 3152 et
314 3099 546 3168 nudique
594 3101 736 3153 velut
785 3097 1016 3169 quodam
1066 3105 1179 3152 rete
1206 3098 1534 3163 conclusum,
1602 3098 1833 3152 reditum

229 3204 296 3242 ex
332 3188 438 3242 illis
466 3189 598 3243 locis
633 3189 978 3258 improvisum
1005 3199 1165 3258 atque
1189 3188 1518 3243 mirabilem?
1537 3186 1668 3242 Cum
1690 3189 1833 3242 enim

229 3294 357 3348 rege
403 3279 567 3348 impio
616 3279 992 3333 miserabiliter
1039 3280 1389 3348 interempto,
1439 3278 1576 3332 alter
1620 3278 1738 3348 pius
1781 3279 1831 3332 in

230 3370 354 3436 ejus
380 3370 727 3424 successisset
770 3369 1075 3440 imperium,
1107 3369 1329 3422 adversa
1360 3369 1536 3422 omnia
1580 3370 1834 3423 continuo

231 3460 492 3514 dissoluta
523 3470 665 3525 sunt,
695 3468 750 3514 et
777 3461 1045 3515 exercitus
1074 3459 1164 3529 qui
1210 3460 1354 3514 velut
1389 3460 1443 3514 in
1485 3459 1678 3514 mediis
1720 3467 1835 3514 erat

230 3552 436 3606 retibus
471 3552 758 3616 involutus,
789 3567 885 3606 nec
910 3553 1076 3606 ullutn
1117 3552 1318 3606 exitum
1344 3551 1628 3621 aliquando
1656 3566 1715 3606 se
1753 3553 1835 3606 in—

232 3651 512 3696 venturum
558 3657 678 3697 esse
726 3642 998 3708 credebat,
1048 3643 1141 3696 Dei
1188 3645 1298 3711 jam
1332 3652 1463 3696 nutu
1498 3643 1564 3697 ab
1592 3641 1833 3698 hostibus

231 3735 506 3801 liberatus,
535 3727 681 3788 omni
708 3749 828 3787 cum
853 3735 1136 3789 securitate
1162 3733 1436 3788 remeavit.
1466 3733 1532 3787 Et
1557 3732 1674 3788 hinc
1710 3735 1833 3803 qui-

231 3825 354 3879 dem
385 3841 545 3895 quem
573 3841 678 3879 non
705 3825 915 3880 valeant
942 3824 1008 3880 ad
1053 3835 1257 3896 partem
1290 3827 1500 3895 pietatis
1524 3826 1834 3882 attrahere?

231 3915 371 3981 Quid
405 3931 534 3969 vero
561 3915 883 3983 praesentia?
910 3930 1089 3970 nonne
1128 3916 1287 3970 etiam
1319 3917 1486 3970 multo
1510 3917 1833 3974 mirabiliora

232 4006 459 4061 dicenda
507 4007 679 4060 sunt?
716 4021 894 4062 nonne
935 4021 1067 4061 crux
1114 4007 1466 4076 praedicatur,
1493 4016 1548 4063 et
1587 4015 1730 4063 totus
1765 4008 1835 4078 ad

231 4097 564 4152 credendum
590 4097 821 4152 mundus
842 4097 1117 4152 accurrit?
1147 4112 1325 4152 nonne
1352 4114 1500 4154 mors
1525 4101 1838 4170 ignominio-

233 4203 291 4241 sa
337 4187 635 4252 nuntiatur,
675 4197 729 4241 et
753 4202 942 4242 omnes
966 4188 1294 4244 convolant?
1333 4191 1590 4261 numquid
1621 4207 1725 4246 non
1755 4193 1837 4247 in-

237 4276 448 4330 numeri
499 4278 740 4331 crucifixi
787 4279 953 4332 sunt?
991 4280 1249 4349 numquid
1298 4297 1405 4336 non
1452 4283 1560 4338 duo
1600 4284 1835 4341 latrones

231 4382 358 4422 cum
413 4368 640 4424 Domino
683 4370 1087 4439 pependerunt?
1116 4373 1370 4443 numquid
1400 4389 1506 4429 non
1545 4376 1699 4430 multi
1743 4391 1835 4431 sa-

235 4459 485 4528 pientes?
529 4461 785 4530 numquid
836 4475 942 4516 non
991 4463 1144 4517 multi
1182 4464 1503 4522 exstiterunt
1545 4469 1835 4538 potentes?

233 4550 388 4619 citius
431 4549 592 4622 igitur
631 4551 920 4622 aliquando
950 4553 1029 4609 sic
1075 4569 1270 4610 nomen
1313 4557 1542 4612 obtinuit
1565 4559 1588 4613 ?
1613 4569 1671 4615 et
1706 4559 1834 4629 quid

231 4641 356 4696 dico
382 4650 632 4712 potentes
669 4653 831 4713 atque
859 4644 1130 4715 sapientes
1148 4647 1174 4700 ?
1204 4649 1458 4717 numquid
1487 4664 1595 4705 non
1623 4652 1835 4707 fuerunt

233 4746 388 4804 reges
411 4732 635 4803 inclyti?
661 4734 782 4803 quis
808 4732 879 4798 ita
909 4734 1010 4789 sibi
1034 4743 1302 4800 terrarum
1320 4737 1516 4794 orbem
1543 4748 1652 4795 tam
1682 4739 1834 4796 brevi

235 4835 480 4896 tempore
530 4825 874 4898 subjugavit?
918 4826 1035 4883 Non
1081 4828 1224 4884 enim
1269 4831 1444 4887 varias
1497 4832 1629 4889 mihi
1673 4842 1834 4905 atque

232 4912 476 4969 diversas
501 4927 740 4985 opponas
770 4915 1024 4972 haereses.
1054 4916 1252 4974 Omnes
1277 4920 1541 4990 siquidem
1580 4924 1831 4980 eumdem

235 5005 530 5075 praedicant
551 5005 844 5072 Christum,
871 5010 972 5065 etsi
1013 5025 1121 5068 non
1158 5026 1346 5069 omnes
1386 5029 1516 5071 sane
1542 5017 1835 5087 praedicent

234 5103 393 5166 atque
420 5096 676 5167 legitime.
721 5097 874 5153 lllum
903 5102 1048 5156 enim
1073 5117 1260 5158 omnes
1296 5105 1604 5175 praedicant,
1648 5109 1738 5180 qui
1777 5111 1830 5166 in

237 5188 520 5244 Palaestina
561 5200 740 5255 natus,
771 5202 824 5249 et
851 5208 1060 5263 passus,
1092 5197 1182 5266 qui
1213 5197 1404 5254 Pontio
1445 5198 1613 5256 Pilato
1638 5202 1831 5272 dijudi-

232 5289 390 5335 cante
418 5282 705 5377 crucifixus
724 5293 824 5377 est.
854 5286 980 5342 Haec
1003 5288 1161 5359 igitur
1176 5299 1387 5359 cuncta,
1409 5308 1528 5362 quae
1554 5296 1826 5377 prqposui,

236 5385 416 5426 nonne
442 5372 604 5428 etiam
631 5374 808 5444 majus
847 5377 1058 5434 virtutis
1084 5380 1202 5450 ejus
1241 5383 1486 5439 videntur
1513 5372 1709 5442 habere
1732 5387 1831 5443 do-

232 5472 561 5530 cumentum,
589 5481 750 5536 quam
792 5467 882 5524 illa
926 5484 1028 5525 vox
1073 5472 1228 5528 allata
1255 5474 1324 5529 de
1351 5476 1526 5532 caelo?
1550 5477 1659 5534 Cur
1682 5480 1826 5536 enim

297 5625 312 5697 ξ
348 5629 689 5697 versit)
712 5630 859 5687 addit,
885 5638 932 5682 et
953 5631 1076 5684 nihil
1098 5634 1212 5687 inde
1235 5638 1410 5692 lucratt'
1433 5648 1556 5691 siml.

295 5686 1075 5774 92.935.95.821'3‘331919ﬂw
1093 5686 1236 5774 ςειςιιε
1256 5686 1412 5774 ft
1432 5686 1653 5774 ῐιὶίέεδιιεε
1678 5713 1823 5774 ante

224 5750 535 5812 contigerant
552 5750 704 5803 fusius
724 5752 879 5806 refert
894 5750 1131 5821 Chrjsost.
1157 5759 1280 5812 infra
1304 5762 1426 5814 libro
1444 5750 1817 5830 {assius-15.1132

1097 345 1186 403 ns
1224 306 1562 404 musteus
1598 345 1654 402 s.
1697 346 1900 406 PAULI
1940 343 2296 410 APOSTOL'l.
2338 354 2569 412 uouit.
2620 358 2710 416 tv.

3432 377 3542 433 ιω

1953 465 2133 560 nullus
2157 484 2341 541 regum
2375 471 2447 527 ita
2498 475 2644 540 vicit,
2669 486 2726 532 ut
2769 478 2857 536 hic
2897 486 3187 554 superavit,
3217 487 3378 560 ldque
3415 507 3538 552 ωιιι

1944 556 2227 616 innumera
2270 577 2333 618 ex
2375 563 2602 622 adverso
2628 569 3005 639 impedimenta
3033 556 3369 650 pugnarent?
3404 585 3538 645 Nam

1947 658 2002 749 et
2197 665 2384 710 contra
2425 655 2773 730 Evangelium
2820 669 3042 735 pnnliati
3069 683 3213 738 sunt,
3245 685 3300 731 et
3326 683 3538 749 tyranni

1945 736 2086 796 bella
2125 756 2429 814 gesserunt,
2476 758 2532 803 et
2571 753 2751 820 populi
2783 772 2973 814 omnes
3019 736 3443 835 insurrexerunt,
3484 781 3538 827 et

1945 838 2127 885 nostra
2173 847 2342 904 usque
2383 836 2519 893 adeo
2555 843 2733 898 attrita
2773 861 2880 900 non
2923 861 3064 916 sunt,
3113 864 3168 909 ut
3198 856 3322 914 inde
3348 860 3541 918 fierent

1944 920 2194 980 clariora.

2018 1014 2164 1086 Magi
2185 1034 2366 1075 nomen
2408 1021 2610 1080 Christo
2634 1029 2902 1098 objectum.
2931 1031 3188 1106 Reliquias
3231 1038 3539 1098 Sanctorum

1944 1104 2118 1206 tinwnt
2152 1109 2431 1206 cremantes.
2465 1145 2537 1157 —-
2563 1116 2714 1175 Unde
2761 1122 2920 1192 igitur
2969 1104 3084 1183 haec
3134 1139 3276 1187 tanta
3322 1143 3538 1206 tamque

1943 1195 2272 1298 admirabilis
2318 1202 2529 1260 virtus?
2569 1207 2749 1279 Magus
2795 1215 2997 1272 scilicet
3023 1222 3172 1275 erat?
3208 1222 3365 1280 Solus
3405 1195 3538 1298 ergo

1947 1286 2048 1340 iste
2069 1303 2261 1385 magus
2306 1302 2413 1347 tam
2443 1306 2634 1364 potens
2662 1300 2800 1356 fuit?
2837 1307 3075 1364 Audistis
3113 1327 3305 1383 nempe
3330 1318 3450 1385 quia
3470 1286 3537 1374 ct

1943 1377 2085 1480 apud
2114 1379 2306 1480 Persas
2347 1387 2486 1455 magi
2516 1398 2571 1442 et
2598 1397 2737 1456 υνυς]
2782 1393 2940 1452 ludos
2973 1377 3294 1473 exstiterint,
3326 1377 3536 1480 sintque

1942 1470 2106 1524 etiam
2143 1474 2304 1528 modo
2332 1491 2351 1529 :
2374 1478 2468 1532 sed
2511 1497 2577 1536 ne
2605 1499 2798 1541 nomen
2823 1490 3037 1558 quidem
3080 1470 3289 1552 eorum’
3310 1470 3531 1573 usquam

1943 1563 2208 1668 sonandi:
2236 1567 2327 1624 ille
2355 1571 2567 1668 quidem
2595 1591 2661 1631 ex
2700 1571 2992 1651 Fyanorum
3021 1589 3151 1644 urbe
3173 1589 3248 1660 (η)
3279 1563 3531 1668 deceptor

1943 1667 2007 1707 ac
2034 1655 2307 1760 maleficus
2333 1660 2511 1733 aliquo
2538 1665 2639 1721 loci
2683 1675 2963 1742 apparuit,
2995 1693 3059 1734 ac
3087 1655 3238 1739 brevi
3260 1655 3534 1760 aliquanto

1945 1751 2186 1814 tempore
2232 1749 2284 1803 in
2310 1753 2498 1823 exigua
2532 1767 2681 1824 parte
2710 1764 2855 1820 orbis
2879 1769 3086 1825 refulsit
3117 1787 3133 1833 ;
3164 1775 3258 1830 sed
3284 1749 3535 1838 ceieriter

1943 1841 2239 1928 exstinctus
2274 1851 2434 1914 atque
2461 1847 2667 1905 deletus
2695 1862 2794 1917 est,
2826 1859 2916 1928 qui
2957 1875 3064 1916 non
3093 1863 3386 1924 Ecclesium
3412 1886 3532 1927 om-

1944 1924 2092 2028 nino,
2126 1944 2232 2028 non
2259 1935 2533 2003 populum,
2565 1955 2673 1995 non
2699 1924 2897 2015 aliquid
2925 1949 3115 2008 horum
3148 1956 3382 2028 reliquit.

1942 2018 2070 2086 quid
2112 2020 2234 2076 divo
2276 2041 2460 2124 magos
2488 2039 2649 2124 atque
2675 2037 2946 2096 maleficos
2975 2018 3310 2113 exstinctos?
3351 2057 3492 2114 unde
3513 2097 3532 2124 ,

1942 2125 2145 2215 quam),
2191 2118 2429 2174 omnium
2471 2122 2696 2181 deorum
2743 2132 2937 2202 templa
2984 2140 3243 2197 exstincta
3291 2154 3435 2215 sunt,
3479 2118 3534 2204 et

1945 2200 2262 2299 Uwonmus,
2287 2216 2341 2263 et
2365 2210 2586 2280 Clarius,
2614 2225 2670 2272 et
2698 2200 2885 2278 omnes
2910 2225 3026 2282 ista:
3052 2231 3383 2299 profanitatis

1941 2293 2281 2403 cinae-silent,
2322 2315 2385 2357 ac
2411 2307 2624 2372 penitus
2666 2311 2954 2372 obstructa:
2982 2293 3150 2376 sunt?
3182 2325 3332 2384 Unde
3375 2293 3533 2403 igitur

1943 2402 2048 2440 non
2080 2388 2223 2491 hun-c
2251 2393 2423 2451 solum
2448 2400 2781 2472 crucifixum,
2808 2409 2904 2463 sed
2933 2413 3093 2468 etiam
3116 2432 3214 2487 pro
3244 2419 3361 2491 ipso
3385 2388 3531 2480 oeci;

1941 2491 2121 2580 eorum
2174 2481 2380 2540 favillas
2430 2487 2702 2548 daemones
2749 2481 3210 2563 contremiscunt?
3256 2481 3408 2582 cujus
3454 2517 3532 2571 rei

1939 2570 2117 2672 gratia“
2136 2573 2324 2628 Saltem
2355 2593 2546 2634 nomen
2575 2584 2852 2644 audientes
2881 2594 3076 2662 crucis,
3111 2597 3163 2653 in
3193 2570 3368 2672 fugam
3395 2570 3532 2662 resi;

1941 2658 2117 2714 liunt?
2145 2679 2265 2718 cum
2292 2679 2438 2724 certe
2466 2670 2510 2724 si
2552 2686 2614 2728 se
2653 2691 2742 2732 res
2768 2679 2986 2739 haberet
3012 2658 3186 2754 aliter,
3229 2658 3410 2764 magis:
3430 2658 3536 2753 eos

1940 2762 2235 2856 oporteret.
2259 2757 2481 2856 irridere
2509 2777 2666 2832 quam
2698 2767 2900 2838 fugere.
2936 2777 3018 2831 An
3063 2778 3200 2834 forte
3249 2757 3378 2838 crux
3407 2788 3535 2856 quid

1940 2841 2140 2897 clarum
2191 2845 2419 2915 videtur,
2468 2868 2533 2908 ac
2566 2856 2788 2915 nobile?
2830 2862 2943 2917 ltno
2969 2881 3000 2921 e
3025 2872 3315 2939 contrario,
3369 2841 3536 2946 tui-pits

1940 2938 1994 3037 et
2022 2937 2406 3004 exprobrahilis
2453 2959 2618 3037 mors.
2671 2949 2771 3006 Est
2819 2955 2962 3011 enim
3007 2961 3188 3031 utique
3241 2937 3307 3019 eti
3346 2937 3535 3037 pinna-

1941 3020 2220 3122 lis-mors,
2277 3037 2330 3083 et
2373 3036 2591 3090 omnino
2651 3044 2959 3111 teterrima,
3019 3058 3074 3103 et
3102 3020 3266 3122 -apud
3319 3020 3535 3115 .l'udaeos

1940 3111 2258 3211 maledicta,
2311 3129 2376 3211 et
2439 3124 2579 3178 inter
2646 3132 2873 3198 gentiles
2933 3111 3308 3199 abominanda.

1941 3201 2101 3271 igitur
2151 3205 2292 3262 illam
2346 3209 2618 3270 dtemones
2666 3221 3053 3293 reformidant,
3121 3235 3219 3288 nisi
3283 3237 3351 3291 de

1938 3771 2140 3855 mon—ne
2169 3761 2303 3855 forte
2335 3765 2544 3821 timebit
2576 3784 2638 3823 ac
2670 3772 2870 3842 fugiet?
2894 3775 3263 3850 Nequaquam,
3293 3787 3532 3855 quinimo

1940 3847 2155 3906 ridebit.
2181 3852 2237 3908 Si
2267 3869 2395 3909 vero
2415 3857 2597 3912 Jesum
2626 3861 2896 3919 addideris
2924 3847 3280 3939 Nazarenum,
3305 3847 3448 3931 velut
3466 3881 3534 3934 ab

2092 3956 2311 4040 repente
2335 3947 2632 4020 diffugient.
2660 3953 2795 4020 Quid
2824 3957 2984 4028 igitur
3011 3963 3128 4017 ais?
3159 3966 3298 4021 unde
3324 3984 3533 4040 praeva-

1939 4033 2071 4088 luit?
2095 4035 2267 4132 Quia_,
2314 4041 2529 4110 inquis,
2574 4045 2824 4103 seductor
2869 4049 2984 4106 fuit.
3026 4057 3092 4108 At
3136 4073 3241 4110 non
3274 4033 3388 4115 haec
3416 4063 3534 4132 ejus

1941 4136 2205 4196 pnncepta
2236 4128 2548 4200 loquuntur.
2581 4136 2785 4194 Deinde
2804 4143 3054 4210 quoniam
3078 4147 3386 4205 seductores
3413 4128 3532 4208 fue-

2093 4219 2266 4312 multi,
2295 4231 2349 4276 et
2378 4233 2552 4280 tamen
2581 4228 2757 4284 nullus
2786 4230 3034 4288 obtinuit.
3064 4235 3167 4292 Sed
3195 4240 3315 4308 quia
3343 4258 3540 4312 magna

1940 4307 2077 4364 fuit?
2110 4310 2308 4368 Verum
2344 4315 2502 4387 longe
2541 4319 2682 4375 aliud
2718 4321 2835 4391 ejus
2867 4325 3113 4395 dogmata
3143 4307 3532 4391 contestantur.

1940 4399 2046 4456 Sed
2067 4411 2434 4497 ethmagornm
2471 4409 2638 4464 multa
2663 4425 2806 4482 saepe
2843 4415 2942 4470 fuit
2966 4421 3116 4488 copia
3139 4463 3152 4485 ,
3184 4421 3423 4497 (b)'[nec
3455 4437 3525 4483 ta-

1939 4509 2062 4592 men
2094 4495 2260 4592 ullum
2289 4496 2593 4568 hujusmodi
2623 4507 2872 4573 potentiae
2900 4524 3101 4567 nomen
3133 4495 3370 4572 auditum
3401 4519 3530 4592 est].

1940 4584 2049 4641 Sed
2077 4586 2200 4679 quia
2225 4591 2441 4659 sapiens
2469 4591 2612 4647 fuit?
2638 4597 2707 4649 At
2731 4598 2882 4652 multi
2913 4598 3130 4658 fuerunt
3154 4619 3304 4675 stepe
3320 4584 3534 4679 sapien-

1940 4683 2041 4731 tes.
2069 4676 2199 4745 Quis
2235 4679 2416 4751 itaque
2451 4685 2698 4741 similiter
2730 4687 3025 4748 obtinuisse
3066 4694 3314 4758 dicetur?
3345 4676 3536 4757 Nullus

1938 4766 2081 4822 enim
2108 4767 2396 4839 aliquando
2432 4774 2618 4831 saltem
2658 4793 2724 4834 ex
2751 4790 2903 4849 parte
2925 4783 3100 4855 aliqua
3131 4787 3255 4844 huic
3280 4793 3532 4860 potentias

1937 4860 2401 4931 appropinquavit.
2423 4863 2580 4924 Unde
2600 4868 2803 4939 liquido
2827 4882 2992 4942 patet,
3014 4879 3267 4948 quoniam
3282 4880 3532 4938 Christus

1938 4965 2046 5006 non
2072 4952 2230 5009 fuerit
2261 4971 2450 5027 magus
2472 5001 2488 5024 ,
2510 4975 2618 5017 non
2645 4963 2896 5022 seductor
2913 5009 2929 5036 ,
2962 4969 3058 5025 sed
3087 4973 3176 5042 qui
3203 4988 3234 5029 e
3260 4978 3533 5033 contrario

1938 5043 2129 5101 horttm
2157 5049 2361 5104 exstitit
2389 5053 2719 5119 emendator,
2751 5065 2807 5112 et
2834 5075 2958 5114 vere
2988 5061 3166 5118 divina
3193 5066 3362 5122 virtus
3385 5110 3402 5135 ,
3431 5085 3532 5128 nec

1937 5135 2028 5189 ulli
2056 5138 2278 5194 omnino
2304 5144 2624 5211 superabilis
2644 5188 2658 5212 ,
2691 5146 2893 5204 idcirco
2918 5161 2972 5206 et
3007 5153 3120 5222 ipse
3145 5167 3334 5213 cuncta
3362 5161 3487 5215 vicit
3511 5202 3528 5228 ,

1936 5237 2097 5297 atque
2121 5231 2443 5301 perdomuit,
2473 5245 2525 5290 et
2551 5237 2716 5294 Paulo
2744 5245 3092 5300 tentoriorum
3123 5250 3296 5319 opifici
3328 5262 3528 5309 tantam

1939 5321 2110 5388 potuit
2135 5321 2394 5392 inspirare
2422 5326 2698 5395 virtutem,
2731 5343 2984 5401 quantam
3019 5338 3131 5407 ipse
3159 5355 3336 5395 rerum
3367 5351 3529 5398 testa-

1937 5417 2023 5464 tur
2050 5410 2292 5468 effectus.
2321 5413 2493 5473 llomo
2519 5420 2714 5475 etenim
2754 5423 3004 5494 ignobilis
3023 5469 3038 5493 ,
3071 5428 3310 5498 abjectus
3341 5441 3395 5488 et
3419 5436 3530 5489 cir-

1935 5502 2328 5571 cumforaneus,
2358 5509 2448 5577 qui
2469 5519 2637 5566 artem
2659 5515 2942 5571 exercebat
2969 5517 3022 5572 in
3042 5519 3290 5588 pellibus,
3322 5525 3374 5580 in
3408 5536 3528 5580 tan-

1937 5601 2048 5648 tum
2074 5595 2268 5651 virtute
2298 5613 2609 5670 progressus
2651 5614 2733 5659 est
2755 5647 2770 5672 ,
2804 5617 2861 5662 ut
2889 5609 2976 5664 vix
3019 5612 3230 5681 triginta
3261 5631 3524 5676 annorum

1998 5703 2075 5832 (ag
2110 5708 2642 5782 Apolloniusj’yaneus.

2006 5767 2054 5830 (b
2110 5779 2222 5830 Qua:
2246 5786 2432 5824 unctuts
2455 5774 2642 5828 claudut

2006 5767 2075 5832 (b)
2110 5767 2222 5830 Qua:
2246 5767 2738 5829 uttciuis'clauduntur
2756 5779 2932 5834 desunt
2954 5783 3008 5834 in
3023 5786 3208 5837 Graeco.
