4082 6438
540 381 632 435 ιρι
1243 367 1300 423 s.
1341 348 1622 423 JOANNIS
1657 353 2144 427 CHRYSOSTOMI
2177 352 2500 412 ARCHIEP.
2539 345 3075 409 consumma.

543 490 713 560 spatio
737 493 790 544 et
816 488 1117 561 Romanos,
1146 490 1199 537 et
1227 480 1439 544 Persas,
1467 484 1522 532 et
1559 474 1806 541 Parthos,
1838 481 1892 527 et
1915 467 2117 532 Medos,

529 593 595 638 .ct
622 578 795 643 Indos,
819 585 873 631 et
901 573 1148 646 Scythas,
1176 580 1229 625 et
1257 567 1539 636 EtliiOpes
1561 606 1574 630 ,
1603 573 1656 620 et
1679 563 2041 648 Sauromatas,
2067 566 2122 613 et

539 670 851 733 Saracenos,
878 657 932 723 et
967 681 1129 722 omne
1156 659 1382 733 prorsus
1411 661 1698 722 humanum
1726 669 1893 726 genus
1915 653 2014 707 sub
2037 652 2122 721 ju-

537 775 660 829 gnm
684 758 916 812 mitteret
935 755 1193 811 veritatis.
1218 749 1505 821 Responde
1527 749 1703 818 igitur,
1727 743 1868 798 unde
1888 743 1986 797 iste
2007 740 2122 811 opi-

541 852 625 904 tes
655 849 775 903 vilis
803 864 864 903 ac
894 833 1131 917 publicus
1157 853 1304 898 stans
1331 844 1384 896 in
1423 841 1541 896 loco
1570 837 1699 892 artis
1719 852 1829 891 suae
1849 877 1864 900 ,
1894 849 1958 889 ac
1977 834 2118 888 scal-

541 923 741 1006 pellum
770 939 820 992 in
851 926 1009 994 manu
1035 950 1250 1004 gerens,
1274 934 1343 986 ita
1373 942 1429 987 et
1448 931 1559 1000 ipse
1587 926 1989 1006 philosophatus
2013 924 2118 990 sit,

538 999 594 1081 et
618 1027 750 1081 alios
775 1025 1016 1082 docuerit
1038 999 1408 1095 ‘pliiIOSOphari
1429 1062 1444 1086 ,
1475 999 1658 1090 gentes
1688 999 1932 1080 scilicet,
1959 1015 2122 1069 urbes

539 1128 700 1188 atque
724 1117 990 1187 regiones,
1021 1115 1249 1169 maxime
1274 1110 1550 1182 imperitus
1575 1124 1675 1164 nec
1704 1109 1810 1162 vim
1841 1107 1894 1161 in
1923 1119 1982 1161 se
2007 1119 2122 1159 ser-

539 1209 714 1264 monis
735 1207 1069 1264 ostendens?
1108 1205 1243 1259 Audi
1270 1205 1411 1259 enim
1439 1203 1610 1270 ipsum
1646 1200 1981 1269 loquentem:
2005 1193 2121 1249 Etsi

538 1290 797 1372 imperitus
825 1315 1053 1354 sermone
1073 1297 1158 1369 (2.
1191 1295 1308 1352 Cor.
1341 1297 1426 1351 ll.
1452 1293 1544 1363 6).
1582 1291 1694 1348 Nec
1724 1291 1973 1362 pecunias
1997 1303 2120 1358 pos-

540 1393 720 1448 sidens
757 1409 772 1445 :
818 1407 938 1447 nam
983 1392 1086 1446 hoc
1119 1403 1339 1460 quoque
1385 1387 1500 1456 ipse
1544 1393 1809 1441 testatur:
1843 1381 2012 1452 Usque
2052 1379 2121 1433 ad

540 1485 706 1551 hanc,
738 1482 939 1554 inquit,
971 1481 1147 1535 horam
1174 1489 1222 1533 et
1258 1481 1504 1533 esurimus
1523 1519 1537 1542 ,
1571 1485 1616 1530 et
1644 1476 1841 1530 sitimus
1864 1515 1879 1539 ,
1912 1481 1958 1527 et
1995 1470 2122 1525 nudi

539 1576 708 1628 sumus
731 1614 748 1640 ,
775 1582 820 1627 et
857 1572 1085 1642 colaphis
1113 1569 1355 1625 credimur
1386 1566 1407 1639 (
1423 1569 1476 1622 l.
1510 1566 1628 1622 Gor.
1660 1567 1716 1621 4.
1747 1562 1871 1635 ll).
1902 1562 1968 1616 Et
1994 1560 2119 1631 quid

538 1662 658 1716 dico
685 1661 960 1733 pecunias,
987 1675 1110 1716 cum
1141 1659 1230 1714 ille
1258 1672 1401 1727 saape
1425 1672 1496 1711 ne
1523 1653 1880 1711 necessarium
1906 1651 2120 1722 quidem

538 1748 757 1806 haberet
777 1751 954 1806 cibum
974 1792 990 1816 ,
1025 1764 1125 1804 nec
1143 1763 1247 1819 quo
1268 1763 1328 1804 se
1353 1745 1709 1802 circumdaret
1732 1744 2118 1797 indumentum.

535 1841 673 1909 Quia
692 1857 819 1897 vero
847 1857 947 1896 nec
969 1839 1038 1896 de
1067 1839 1397 1911 professione
1429 1839 1606 1892 clarus
1639 1833 1818 1896 fuerit,
1850 1830 2015 1902 ipsius
2040 1830 2122 1885 di-

536 1931 772 2000 scipulus
815 1931 1081 1996 ostendit,
1121 1929 1305 1984 dicens
1347 1946 1360 1982 :
1410 1915 1661 1996 Quoniam
1704 1925 1934 1978 manebat
1978 1921 2119 1994 apud

538 2023 778 2092 Aquilam
816 2029 862 2074 et
903 2019 1228 2085 Priscillam,
1263 2028 1526 2088 propterea
1571 2016 1705 2086 quod
1745 2013 1971 2085 ejusdem
1999 2014 2122 2067 artis

535 2119 695 2164 essent
733 2127 752 2165 :
793 2119 932 2164 erant
969 2111 1100 2163 enim
1141 2109 1513 2179 scenofactoriaz
1555 2106 1677 2160 artis
1707 2105 1856 2174 (Act.
1902 2103 1991 2158 l8.
2024 2103 2116 2170 '5).

535 2201 650 2256 Non
677 2202 878 2272 igitura
899 2202 1112 2272 proavis
1131 2200 1344 2266 nobilis,
1373 2199 1566 2270 quippe
1582 2198 1669 2268 qui
1693 2206 1797 2250 tam
1819 2196 1937 2250 vilis
1959 2195 2120 2250 fuisse

530 2291 662 2345 artis
682 2289 974 2344 ostenditur
997 2308 1010 2343 :
1033 2305 1138 2343 non
1160 2304 1186 2340 a
1211 2289 1400 2359 patria,
1422 2303 1526 2341 non
1544 2302 1572 2339 a
1594 2295 1772 2356 gente,
1794 2295 1967 2339 tamen
1988 2299 2119 2352 pro-

533 2396 752 2452 gressus
779 2383 833 2436 in
865 2383 1094 2437 medium
1120 2423 1134 2445 ,
1161 2395 1224 2435 ac
1250 2378 1616 2435 tantummodo
1654 2391 1914 2445 apparens
1944 2375 2120 2428 inimi-

533 2489 716 2526 corum
737 2481 925 2527 cuncta
954 2471 1202 2534 turbavit,
1239 2470 1485 2526 universa
1515 2467 1752 2522 c0nl'udit
1777 2483 1792 2519 :
1823 2475 1876 2520 et
1905 2466 2040 2519 sicut
2063 2465 2116 2519 in

532 2563 756 2631 stipulas
785 2572 875 2618 aut
905 2564 957 2616 in
988 2563 1188 2616 foenum
1219 2559 1675 2630 ignisimmissus,
1708 2558 1884 2610 omnia
1913 2555 2113 2610 dieme-

531 2668 656 2706 nnm
685 2666 842 2721 opera
884 2650 1233 2718 consumpsit,
1270 2656 1428 2719 atque
1457 2648 1509 2701 in
1537 2646 1675 2716 quod
1706 2645 1905 2710 voluit,
1939 2644 2117 2699 omnia

530 2744 813 2798 convertit.
840 2742 1020 2812 Neque
1048 2755 1176 2796 vero
1204 2741 1305 2794 hoc
1330 2738 1502 2794 solum
1530 2737 1878 2791 admiratione
1899 2735 2114 2804 dignum

531 2843 634 2898 est,
655 2832 796 2902 quod
815 2841 1009 2886 tantam
1033 2831 1320 2902 potentiam
1342 2828 1461 2883 talis
1479 2827 1706 2882 obtinuit
1725 2845 1737 2882 :
1757 2826 1850 2881 sed
1867 2827 2114 2896 quoniam

529 2924 907 2994 discipulorum
928 2939 1140 2993 quoque
1170 2922 1311 2977 illius
1334 2920 1542 2991 plurimi
1565 2935 1842 2990 pauperes,
1860 2921 2112 2991 imperiti,

527 3032 592 3072 ac
621 3018 782 3072 t0tius
814 3027 966 3071 erant
1006 3014 1320 3071 eruditionis
1353 3013 1624 3079 extranei,
1659 3013 1708 3066 in
1738 3012 1877 3068 fame
1905 3022 1959 3067 et
1994 3028 2116 3084 ege-

529 3116 664 3160 state
689 3108 953 3172 viventes,
989 3107 1264 3176 ignobiles,
1288 3120 1352 3160 ac
1375 3104 1443 3159 de
1470 3103 1785 3174 ignobilibus
1812 3105 2072 3173 procreati
2097 3121 2113 3159 :

531 3197 673 3262 quod
705 3205 849 3251 certe
877 3196 1037 3251 etiam
1074 3197 1185 3266 ipse
1213 3194 1538 3266 praedicavit,
1571 3209 1669 3249 nec
1694 3195 1905 3250 erubuit
1928 3209 2113 3249 eorum

530 3302 951 3340 commemorare
978 3288 1282 3356 pauperiem
1303 3327 1317 3352 ,
1348 3287 1454 3339 imo
1481 3300 1547 3340 ne
1574 3286 1872 3341 necessaria
1898 3286 2111 3355 quidem

531 3391 715 3428 eorum
748 3376 904 3429 victui
939 3377 1227 3444 postulare.
1258 3374 1582 3444 Proﬁciscar,
1614 3375 1804 3445 inquit,
1829 3373 2113 3430 Jerusalem

529 3471 810 3524 ministrare
834 3469 1020 3522 sanctis
1048 3467 1228 3539 (Rom.
1257 3468 1343 3523 15.
1386 3468 1514 3536 25).
1547 3468 1615 3522 Et
1655 3483 1841 3524 rursus
1870 3485 1883 3521 :
1917 3467 2113 3524 Secun-

529 3561 650 3612 dum
688 3576 840 3612 unam
868 3558 1060 3612 sabbati
1090 3559 1428 3627 unusquisque
1454 3566 1673 3612 uestrum
1699 3568 1946 3627 reponat,
1977 3560 2112 3628 quod

529 3657 573 3708 ei
600 3657 719 3708 bene
743 3653 1005 3721 placuerit,
1036 3664 1090 3705 ut
1113 3669 1212 3706 non
1237 3669 1349 3706 cum
1375 3667 1568 3707 uenero.
1598 3662 1717 3706 tunc
1739 3651 1960 3706 collecta:
1983 3653 2110 3720 [iant

530 3747 620 3812 (l.
655 3745 769 3798 Cor.
804 3744 889 3798 l6.
922 3744 1014 3814 2).
1059 3743 1188 3808 Quia
1228 3758 1356 3796 vero
1400 3742 1580 3812 plures
1621 3741 2000 3813 discipulorum
2043 3758 2109 3797 ex

531 3838 898 3907 imperitorum
931 3850 1154 3889 numero
1190 3841 1515 3900 constarent,
1548 3833 1614 3888 ad
1631 3832 1945 3890 Corinthios
1974 3833 2108 3888 scri-

530 3928 659 3982 bens
681 3968 693 3991 ,
733 3927 804 3980 ait
835 3943 848 3980 :
890 3925 1062 3979 Videte
1105 3925 1410 3979 vocationem
1448 3933 1696 3992 vestram,
1727 3925 1962 3994 quoniam
2008 3941 2109 3980 non

532 4019 678 4070 multi
704 4017 949 4085 sapientes
990 4017 1261 4069 secundum
1288 4031 1508 4081 carnem,
1535 4030 1637 4068 non
1673 4015 1818 4068 multi
1863 4023 2104 4085 potentes,

530 4125 628 4160 non
657 4107 799 4159 multi
815 4105 1038 4176 nobiles(
1061 4106 1114 4160 1.
1136 4105 1250 4159 Cor.
1278 4106 1327 4158 1.
1351 4104 1456 4176 26)
1478 4122 1492 4169 ;
1517 4105 1608 4160 sed
1628 4115 1680 4160 et
1699 4105 1853 4160 valde
1872 4106 2104 4174 obscuri,

531 4200 735 4252 etviles
778 4199 1008 4251 fuerunt.
1060 4195 1197 4249 Nam
1237 4196 1445 4264 inﬁrma
1489 4197 1694 4262 mundi,
1733 4196 1936 4266 inquit,
1965 4197 2112 4269 elegit

533 4290 688 4351 Deus,
715 4300 761 4343 et
788 4305 897 4358 qua:
924 4304 1021 4341 non
1046 4298 1181 4354 sunt,
1213 4298 1348 4342 utea
1367 4301 1481 4358 qua:
1498 4295 1612 4341 sunt
1637 4287 1908 4342 destrueret
1929 4290 1946 4358 (
1972 4288 2108 4344 Ibid.

539 4396 585 4432 υ.
616 4379 703 4430 27.
732 4377 862 4448 28).
896 4379 964 4432 At
993 4377 1188 4431 nobilis
1208 4419 1222 4442 ,
1245 4387 1299 4431 ct
1326 4377 1565 4433 eruditus
1589 4388 1702 4434 erat
1729 4378 1865 4434 forte
1893 4396 2112 4449 persua-

533 4485 622 4522 snr
650 4470 706 4520 ‘?
732 4454 841 4522 Nec
867 4468 1006 4522 istud
1033 4468 1246 4537 quidem
1273 4485 1287 4530 ;
1315 4485 1436 4523 nam
1476 4469 1577 4524 hoc
1603 4486 1814 4541 quoque
1843 4471 1954 4540 ipse
1983 4488 2112 4527 con-

535 4562 780 4628 lirmavit,
814 4561 996 4616 dicens
1025 4580 1036 4613 :
1071 4561 1133 4614 Et
1155 4578 1244 4631 ego
1278 4563 1385 4614 ueni
1414 4563 1481 4615 ad
1503 4578 1588 4616 vos
1610 4579 1709 4616 non
1731 4563 1782 4617 in
1808 4563 2112 4619 sublimitate

532 4651 773 4704 sermonis
793 4695 807 4715 ,
837 4662 923 4704 aut
959 4652 1250 4721 sapientiae,
1287 4654 1591 4706 annuntians
1619 4653 1752 4707 vobis
1779 4655 2112 4710 testimonium

534 4743 740 4797 Christi.
778 4742 898 4796 Non
929 4743 1058 4795 enim
1081 4743 1312 4814 judicavi
1349 4760 1427 4796 me
1467 4745 1593 4809 scire
1624 4744 1813 4814 aliquid
1841 4745 1968 4798 inter
2003 4763 2108 4815 vos,

535 4837 631 4888 nisi
667 4835 844 4889 Iesum
882 4833 1172 4901 Christum,
1217 4845 1263 4888 et
1311 4831 1439 4887 hunc
1486 4837 1801 4903 cruciﬁxum.
1846 4835 1913 4891 Et
1949 4855 2112 4896 sermo

539 4945 694 4992 meus,
719 4939 762 4980 et
785 4928 1072 4998 praedicatio
1099 4945 1227 4992 mea,
1255 4927 1420 4980 nonin
1436 4927 1838 4998 persuasibilibus
1854 4931 2114 4998 sapientia:

537 5021 691 5093 verbis
741 5014 827 5085 (1.
868 5014 989 5070 Cor.
1031 5017 1084 5071 2.
1146 5022 1193 5074 1.
1223 5019 1275 5072 2.
1301 5019 1391 5088 4).
1419 5019 1523 5074 Sed
1551 5035 1706 5074 causa
1729 5023 1975 5076 nimirum
2001 5025 2112 5093 ipsa

535 5092 922 5180 praedicationis
943 5120 1054 5164 erat
1081 5111 1269 5164 idonea
1294 5150 1309 5174 ,
1343 5125 1459 5179 quae
1488 5109 1553 5163 ad
1583 5124 1639 5164 se
1665 5113 1995 5179 pertraheret
2019 5092 2114 5166 au-

533 5203 757 5256 dientes.
790 5201 984 5268 Accipe
1025 5200 1148 5267 quid
1191 5202 1349 5252 etiam
1390 5214 1552 5267 super
1593 5200 1689 5254 hac
1733 5217 1791 5254 re
1837 5202 1948 5270 ipse
1992 5219 2113 5271 pro—

537 5291 762 5345 nuntiet.
791 5291 1059 5356 Quoniam,
1086 5291 1272 5360 inquit,
1299 5290 1469 5344 Judaei
1496 5291 1638 5361 signa
1661 5303 1850 5363 petunt,
1877 5303 1921 5346 et
1949 5293 2112 5348 Graeci

533 5385 834 5448 sapientiam
861 5392 1087 5452 quaerunt
1114 5401 1132 5437 :
1165 5400 1254 5436 nos
1282 5392 1450 5441 autem
1487 5384 1818 5452 prtedicamus
1857 5380 2110 5440 Christum

534 5478 830 5544 crucifixum
853 5516 867 5537 ,
897 5475 1094 5530 J-udtcis
1131 5475 1329 5547 quidem
1368 5475 1696 5539 scandalum,
1731 5475 1919 5529 ercis
1947 5489 2112 5531 autem

535 5571 796 5623 stultitiam
835 5563 919 5635 (l.
979 5562 1103 5620 Cor.
1153 5571 1203 5623 1.
1227 5568 1315 5621 22.
1345 5567 1460 5637 23).
1496 5567 1600 5623 Sed
1630 5568 1933 5634 securitate,
1965 5585 2024 5623 ac
2047 5571 2111 5624 li-

601 5682 613 5711 ι
651 5688 817 5736 arma,
857 5684 908 5727 Αι
928 5677 1076 5743 idiota
1099 5677 1293 5743 quidem
1315 5683 1362 5730 et
1385 5677 1672 5740 ineruditus,
1714 5677 1799 5728 sed
1827 5679 1894 5728 ad
1919 5692 2115 5742 persua-

535 5743 749 5791 dendum
767 5747 903 5801 aptus
921 5738 947 5790 ?

3711 349 3815 406 ‘92

2229 464 2452 530 bertate,
2474 465 2670 534 inquis,
2695 464 2887 520 truitus
2905 473 3006 520 est.
3023 467 3090 519 At
3102 466 3319 521 omnino
3337 478 3366 518 a
3391 464 3646 534 periculis
3663 482 3815 521 num-

2226 570 2384 625 quam
2408 555 2708 625 reSpiravit.
2733 555 2802 609 Et
2826 573 2937 627 ego,
2963 557 3153 626 inquit,
3184 557 3237 611 in
3255 557 3550 624 inﬁrmitate
3571 569 3618 612 et
3639 560 3817 613 timore

2227 655 2274 700 et
2303 657 2516 699 tremore
2553 648 2712 701 multo
2753 648 2833 718 fui
2860 647 2999 717 apud
3040 664 3126 702 vos
3157 648 3239 718 (l.
3268 648 3386 704 Cor.
3413 649 3474 720 2.
3503 649 3614 721 3):
3642 667 3815 720 neque

2227 749 2354 790 vero
2383 735 2497 805 ipse
2523 735 2718 801 solum,
2745 737 2840 792 sed
2870 738 3027 793 etiam
3059 739 3304 810 discipuli
3335 741 3449 811 ejus
3478 741 3816 810 passionibns

2224 828 2570 900 subiacebant
2609 847 2622 882 :
2655 829 2981 897 Mementote,
3014 831 3221 900 inquit,
3252 833 3445 886 dierum
3477 835 3728 901 priorum,
3760 835 3814 888 in

2223 921 2399 990 quibus
2422 922 2694 976 illuminati
2729 939 2968 993 magnum
2999 932 3248 977 certamen
3273 924 3580 979 sustinuistis
3609 927 3812 994 passio-

2224 1030 2366 1066 num.
2396 1013 2462 1066 In
2487 1014 2646 1068 altero
2669 1013 2868 1084 quidem
2893 1008 3180 1085 opprobriis
3205 1025 3252 1068 et
3279 1015 3816 1083 tribulationibusspc-

2224 1103 2475 1175 ctaculum
2501 1104 2623 1175 facti
2647 1146 2662 1171 ,
2689 1103 2742 1157 in
2779 1105 2940 1158 altero
2967 1106 3118 1158 etiam
3155 1105 3281 1158 socii
3321 1105 3488 1157 taliter
3511 1109 3811 1158 conversan-

2224 1191 2346 1245 tium
2384 1194 2504 1262 facti
2527 1209 2547 1247 :
2575 1209 2695 1246 nam
2724 1202 2770 1247 et
2813 1195 2988 1248 uinctis
3031 1193 3282 1263 compassi
3321 1193 3439 1247 estis
3458 1233 3472 1259 ,
3502 1203 3548 1246 et
3576 1195 3812 1262 rapinam
3854 1263 3856 1265 _

2226 1282 2469 1336 bonorum
2496 1292 2772 1337 uestrorum
2797 1300 2914 1337 cum
2953 1285 3138 1354 gaudio
3166 1285 3451 1353 suscepistis
3481 1281 3501 1350 (
3524 1282 3685 1337 Hebr.
3719 1285 3808 1339 1ο.

2222 1373 2451 1446 32-34).
2483 1375 2549 1430 Et
2575 1391 2761 1440 rursus
2785 1376 2852 1431 ad
2882 1377 3387 1431 Tbessalonicenscs
3403 1377 3662 1440 scribens,
3691 1377 3768 1431 ait
3792 1394 3809 1433 :

2232 1461 2334 1518 Vos
2352 1465 2485 1519 enim
2511 1467 2683 1518 eadem
2710 1467 2843 1535 passi
2873 1467 2991 1520 estis
3015 1483 3046 1519 a
3075 1466 3436 1520 contribulibus
3460 1467 3651 1530 uestris,
3681 1468 3811 1520 sicut

2224 1565 2270 1610 et
2289 1556 2387 1626 ipsi
2407 1572 2438 1608 a
2456 1555 2674 1622 Iudicis,
2701 1557 2787 1626 qui
2811 1565 2857 1610 et
2883 1555 3162 1611 Dominum
3187 1567 3412 1611 nostrum
3433 1556 3741 1620 occiderunt,
3764 1565 3813 1610 et

2227 1645 2499 1715 prophetas
2519 1661 2638 1700 suos
2664 1646 2949 1718 persequuti
2986 1655 3104 1699 sunt
3130 1647 3147 1678 ¹
3176 1645 3253 1716 (1.
3283 1645 3462 1700 Thess.
3491 1645 3546 1699 2.
3573 1647 3660 1700 11.
3691 1646 3810 1716 15).

2225 1735 2429 1790 Rursus
2450 1735 2517 1791 ad
2537 1736 2844 1793 Corinthios
2863 1738 3122 1804 scribens,
3147 1737 3312 1804 Sicut,
3343 1738 3533 1808 inquit,
3551 1737 3811 1810 abundant

2224 1830 2481 1898 passiones
2510 1827 2701 1884 Christi
2725 1831 2776 1884 in
2806 1830 2944 1885 vobis
2970 1875 2984 1898 ,
3014 1840 3061 1884 et
3089 1831 3511 1902 quemadmodum
3537 1831 3660 1884 socii
3694 1832 3811 1885 estis

2224 1919 2518 1989 passionum
2542 1963 2556 1987 ,
2585 1921 2656 1974 ita
2696 1922 2832 1976 eritis
2874 1931 2922 1976 et
2962 1922 3324 1976 consolationis
3355 1922 3448 1993 (1.
3490 1921 3609 1976 Cor.
3641 1924 3691 1977 l.
3719 1922 3807 1993 5).

2222 2008 2290 2088 Et
2318 2009 2384 2063 ad
2412 2010 2624 2066 Galatas
2654 2027 2667 2063 :
2704 2011 2866 2064 Tanta
2889 2053 2904 2076 ,
2934 2013 3102 2082 inquit
3127 2053 3140 2074 ,
3172 2013 3309 2083 passi
3336 2013 3453 2066 estis
3481 2013 3590 2066 sine
3614 2029 3769 2066 causa
3788 2053 3806 2080 ,

2223 2101 2268 2154 si
2296 2111 2462 2155 tamen
2486 2103 2593 2155 sine
2617 2119 2770 2176 causa
2801 2103 2818 2173 (
2841 2103 2957 2156 Gal.
2992 2105 3044 2157 '5.
3069 2103 3160 2174 1).

2294 2193 2617 2264 Gomparatio
2664 2193 2929 2264 Evangelii
2975 2211 3089 2247 cum
3144 2195 3315 2258 bello;
3361 2195 3653 2250 seductores
3691 2205 3806 2251 ante

2223 2281 2476 2338 Christum
2501 2301 2591 2337 cur
2613 2285 2891 2355 permiserit
2922 2284 3079 2340 Deus.
3109 2314 3182 2325 -—
3208 2285 3340 2340 Cum
3367 2287 3526 2355 igitur
3553 2287 3810 2354 praedica-

2223 2382 2308 2429 tor
2336 2376 2632 2445 imperitus,
2663 2391 2784 2431 cum
2829 2377 2989 2432 etiam
3039 2392 3240 2447 pauper
3280 2387 3452 2441 esset,
3493 2367 3547 2433 et
3586 2392 3808 2448 prorsus

2222 2467 2487 2536 ignobilis,
2519 2478 2572 2523 et
2598 2468 2740 2538 quod
2767 2469 3168 2540 praedicabatur,
3201 2484 3308 2524 non
3336 2469 3496 2525 modo
3523 2485 3810 2526 commen-

2221 2555 2433 2611 datione
2458 2556 2539 2612 sui
2566 2568 2711 2613 esset
2739 2573 2981 2622 vacuum,
3006 2559 3354 2613 verumetiam
3376 2559 3672 2615 offensione
3691 2560 3810 2630 ple-

2219 2648 2522 2713 nissimum,
2551 2657 2607 2705 et
2631 2650 2903 2705 auditores
2933 2651 3031 2721 ipsi
3063 2652 3269 2720 inopes,
3300 2650 3613 2716 imbecilles,
3645 2660 3810 2722 atque

2219 2740 2440 2794 omnino
2470 2740 2620 2808 nulli,
2646 2750 2702 2795 et
2733 2740 2963 2810 pericula
2992 2737 3097 2794 iam
3123 2741 3331 2806 crebra,
3364 2749 3469 2795 tam
3495 2743 3667 2809 varia,
3698 2757 3808 2797 non

2219 2828 2527 2884 doctoribus
2564 2831 2768 2898 solum,
2799 2833 2890 2887 sed
2922 2832 3081 2886 etiam
3128 2832 3400 2901 discipulis
3439 2834 3809 2897 imminerent.

2218 2928 2272 2976 et
2300 2922 2584 2976 cruciﬁxus
2613 2932 2775 2987 esset,
2797 2922 2890 2993 qui
2920 2924 3266 2978 annuntiatur
3288 2925 3591 2982 adorandus
3614 2945 3628 2983 :
3651 2928 3809 2998 quid-

2217 3026 2340 3065 nam
2370 3012 2502 3066 illud
2543 3022 2645 3078 est,
2679 3014 2819 3082 quod
2865 3013 3021 3084 hujus
3063 3017 3371 3085 praedicatio
3401 3020 3632 3088 poluerit
3660 3021 3808 3076 obti-

2219 3102 2386 3157 nere?
2430 3101 2618 3156 Nonne
2656 3102 2981 3160 lucidissime
3007 3105 3173 3161 claret
3199 3106 3374 3162 divina
3405 3107 3508 3164 hoc
3535 3120 3590 3164 et
3619 3111 3810 3167 inclia-

2217 3191 2310 3247 bili
2359 3192 2587 3262 quadam
2634 3194 2826 3249 virtute
2873 3194 3212 3264 perfectum?
3252 3197 3404 3265 Quod
3452 3207 3600 3254 certe
3643 3203 3806 3258 etiam

2217 3281 2552 3337 inimicorum
2583 3285 2985 3352 comparatione
3014 3295 3186 3354 potest
3209 3287 3415 3357 liquido
3441 3274 3813 3358 comprobari.

2215 3371 2346 3428 Cum
2390 3374 2532 3428 enim
2558 3374 2755 3429 videris
2780 3378 3044 3431 contraria
3076 3377 3263 3433 horum
3299 3380 3543 3435 universa
3572 3397 3808 3437 concur-

2215 3478 2336 3518 rere
2366 3464 2417 3517 in
2451 3480 2611 3518 unum
2639 3483 2654 3520 :
2687 3465 2736 3519 id
2763 3474 2862 3532 est,
2894 3476 2948 3522 et
2975 3483 3125 3537 opes,
3157 3478 3210 3524 et
3239 3470 3594 3538 nobilitatem,
3624 3484 3678 3528 et
3707 3490 3807 3544 pa-

2216 3554 2330 3608 triae
2356 3554 2746 3622 claritudinem,
2769 3564 2822 3610 et
2842 3560 3088 3613 oratoriae
3113 3560 3244 3613 artis
3272 3575 3542 3632 pompam,
3573 3575 3628 3618 et
3651 3570 3803 3634 pacis

2215 3646 2580 3711 securitatem,
2604 3655 2658 3700 et
2686 3647 2967 3717 plurimam
2999 3649 3054 3704 in
3081 3650 3194 3719 ipsa
3224 3653 3601 3721 superstitione
3624 3657 3808 3710 cultu-

2214 3751 2347 3802 ram,
2368 3737 2621 3792 continuo
2643 3747 2816 3793 tamen
2844 3753 3045 3794 morem
3076 3739 3409 3809 profanitatis
3433 3745 3756 3799 exstinctum
3783 3765 3798 3813 ;

2213 3827 2312 3882 hos
2345 3844 2470 3884 vero
2497 3830 2586 3899 qui
2623 3839 2747 3884 sunt
2784 3845 2850 3886 ex
2885 3831 3108 3887 adversa
3156 3842 3304 3902 parte
3348 3847 3606 3903 superare
3639 3854 3653 3890 :
3681 3853 3808 3907 qua:

2214 3922 2401 3976 borum
2427 3937 2583 3976 causa
2608 3923 2696 3988 sit,
2721 3923 3000 3992 responde.
3029 3923 3159 3980 Tale
3183 3931 3266 3980 est
3289 3926 3450 3992 enim,
3474 3935 3532 3981 ut
3556 3941 3678 3982 cum
3706 3944 3801 3983 rex

2213 4014 2476 4083 quispiam
2510 4015 2796 4068 instructus
2825 4016 3009 4081 armis,
3039 4016 3201 4071 fretus
3229 4019 3466 4072 exercitu
3492 4059 3506 4082 ,
3539 4022 3794 4087 potentis-

2214 4103 2378 4157 simas
2399 4103 2450 4157 in
2480 4103 2619 4158 bello
2645 4104 2787 4158 acies
2814 4104 3083 4160 instruens
3116 4108 3295 4161 hostes
3328 4122 3581 4174 superare
3604 4110 3801 4178 nequi-

2215 4194 2370 4259 verit,
2403 4194 2576 4248 nudus
2599 4194 2810 4263 aliquis,
2830 4203 2883 4250 et
2911 4205 3208 4272 pauper,.et
3227 4199 3393 4264 solus,
3415 4214 3481 4253 ne
3511 4199 3655 4254 brevi
3677 4203 3802 4270 qni-

2215 4283 2334 4339 dem
2361 4284 2539 4353 jaculo
2568 4294 2822 4352 armatus,
2847 4295 2936 4340 aut
2956 4287 3183 4356 simplici
3210 4289 3397 4343 saltem
3425 4299 3574 4344 veste
3601 4301 3797 4358 lectus,

2214 4385 2482 4432 certamen
2507 4377 2666 4443 ineat,
2691 4393 2859 4447 eaque
2885 4388 3101 4449 peragat
3122 4395 3239 4448 qua:
3269 4382 3355 4435 alii
3381 4397 3479 4436 nec
3501 4398 3621 4436 cum
3654 4386 3804 4440 mille

2215 4470 2427 4538 quidem
2453 4471 2836 4525 munitionibus
2860 4481 3067 4540 patrare
3092 4483 3394 4540 potuerunt.
3422 4473 3535 4527 Noli
3565 4475 3726 4544 igitur
3746 4478 3800 4530 in

2215 4577 2374 4632 prava
2422 4578 2735 4630 permanere
2786 4565 3070 4628 sententia,
3117 4565 3211 4617 sed
3255 4564 3502 4619 virtutem
3541 4583 3803 4624 venerare

2215 4654 2472 4708 crucifixi.
2505 4655 2689 4722 Neque
2714 4656 2855 4710 enim
2884 4656 2930 4709 si
2957 4671 3134 4725 regem
3165 4657 3395 4727 aliquem
3409 4659 3597 4714 videas
3624 4661 3804 4715 civita-

2217 4753 2296 4798 tes
2339 4745 2440 4800 sibi
2484 4745 2725 4799 excelsas
2769 4755 3067 4814 parantem,
3113 4747 3560 4819 circumagentem
3603 4751 3800 4820 fossas,

2217 4838 2383 4892 muris
2425 4837 2698 4900 machinas
2750 4838 3157 4905 admoventem,
3203 4841 3538 4897 innumeram
3587 4860 3804 4916 quoque

2217 4927 2500 4982 habentem
2530 4929 2754 4982 militum
2784 4930 3197 4994 multitudinem,
3225 4948 3374 4988 arma
3401 4935 3674 5004 fulgentia,
3709 4953 3805 5006 pe-

2217 5020 2399 5073 cunias
2417 5019 2668 5082 infinitas,
2691 5035 2956 5090 urnamque
2980 5021 3211 5076 hostium
3234 5024 3500 5080 civitatem
3522 5025 3806 5083 destruere

2217 5125 2320 5169 non
2355 5110 2621 5164 valentem
2648 5126 2662 5169 ;
2703 5109 2925 5164 alterum
2952 5127 3081 5165 vero
3121 5113 3264 5167 nudo
3290 5129 3516 5184 corpore
3538 5115 3804 5170 dimican-

2219 5209 2347 5265 tem,
2375 5202 2606 5271 solisque
2635 5195 2878 5256 manibus
2906 5211 3164 5269 utentem,
3188 5218 3292 5258 non
3321 5221 3500 5271 unam,
3532 5215 3624 5259 aut
3649 5206 3804 5274 duas,

2218 5302 2307 5360 ant
2337 5308 2550 5362 paucas,
2585 5293 2678 5348 sed
2703 5309 2925 5364 prorsus
2951 5295 3257 5350 innumeras
3287 5306 3506 5367 totoque
3535 5299 3668 5352 orbe
3699 5299 3805 5354 dif-

2221 5383 2363 5438 fusas
2407 5386 2565 5440 urbes
2609 5396 3008 5454 percurrentem
3047 5387 3315 5452 celeriter,
3358 5397 3688 5457 cunctasque
3718 5406 3780 5443 ca

2221 5476 2470 5543 pientem,
2505 5475 2750 5529 humana:
2796 5475 2898 5530 hoc
2941 5475 3089 5530 dicas
3138 5492 3258 5531 esse
3293 5477 3521 5531 virtutis.
3566 5478 3653 5533 Sic
3682 5495 3807 5548 ergo

2222 5568 2404 5637 procul
2435 5567 2595 5621 dubio
2623 5569 2674 5620 in
2709 5568 2955 5637 praesenti
2985 5583 3144 5622 causa
3174 5569 3508 5623 sentiendum
3538 5579 3639 5622 est.
3671 5569 3800 5622 Pro-

2291 5681 2304 5710 ι
2341 5687 2416 5747 gr.
2443 5680 2589 5747 addit,
2628 5687 2673 5747 et
2709 5692 2794 5729 nos
2831 5679 3137 5747 expulerintt,
3176 5687 3221 5733 ct
3251 5689 3362 5732 .Dco
3398 5691 3488 5731 non
3513 5679 3721 5744 placent,
3760 5693 3803 5732 rt

2226 5741 2442 5791 omnibus
2462 5741 2726 5793 hominibus
2754 5742 2983 5794 contrarii
2998 5749 3133 5817 sunt.‘
