4082 6428
308 376 406 435 491

292 494 529 561 ισχυσεν,
570 488 648 554 ὡς
688 488 781 543 καὶ
830 486 1155 565 Ῥωμαίους,
1200 490 1298 543 καὶ
1347 488 1585 561 Πέρσας,
1630 490 1727 543 καὶ
1780 485 1879 541 Ἰν-

286 581 432 647 δοὺς,
466 582 564 636 καὶ
607 580 838 644 Σκύθας,
881 581 977 634 καὶ
1020 581 1307 645 Αἰθίοπας,
1355 580 1449 634 καὶ
1491 579 1877 652 Σαυρομάτας,

288 673 383 727 καὶ
430 672 701 745 Πάρθους,
758 670 853 724 καὶ
901 672 1144 742 Μήδους,
1198 671 1293 725 καὶ
1351 672 1726 743 Σαρακηνοὺς,
1779 670 1879 724 καὶ

286 762 433 817 ἆπαν
459 761 650 825 ἀπλῶς
678 761 742 814 τὸ
773 761 880 815 τῶν
914 760 1219 832 ἀνθρώπων
1247 760 1403 830 γένος
1437 760 1575 832 πρὸς
1606 760 1706 832 τὴν
1739 760 1874 832 ἀλή-

284 855 439 908 θειαν
482 856 853 923 ἐπαναγαγεῖν
900 854 958 907 ἐν
1003 853 1178 906 ἔτεσιν
1217 853 1339 906 οὐδὲ
1380 853 1523 916 ὅλοις
1556 853 1876 925 τριάκοντα.

284 945 458 999 Πόθεν
489 941 615 1009 οὖν,
642 944 762 999 ειπέ
805 962 917 1016 μοι,
954 945 982 997 ὁ
1019 946 1305 1017 ἀγοραῖος,
1333 944 1429 998 καὶ
1466 944 1559 997 ἐπὶ
1604 945 1877 1015 ἐργαστη-

284 1036 407 1104 ρίου
453 1033 727 1106 ἑστηκὼς,
764 1036 858 1089 καὶ
893 1034 1092 1107 σμίλην
1141 1032 1555 1105 μεταχειρίζων,
1588 1035 1683 1088 καὶ
1717 1033 1879 1097 αὐτὸς

281 1124 512 1180 τοιαῦτα
563 1125 893 1196 ἐφιλοσόφει,
950 1126 1047 1179 καὶ
1091 1126 1220 1190 τοὺς
1266 1126 1463 1192 ἀλλους
1517 1128 1722 1192 ἔπεισε,
1783 1126 1880 1181 καὶ

283 1216 437 1289 ἐθνη,
476 1217 571 1271 καὶ
610 1217 815 1281 πόλεις,
860 1218 954 1271 καὶ
994 1216 1200 1289 χώρας,
1237 1218 1297 1272 οὐ
1340 1218 1514 1288 λόγων
1557 1220 1710 1290 ἰσχὺν
1756 1221 1879 1274 ἐπι-

281 1308 655 1380 δεικνύμενος,
689 1309 825 1363 άλλά
854 1310 948 1364 καὶ
987 1308 1299 1364 τούναντίον
1325 1310 1493 1375 ἅπαν,
1520 1310 1619 1380 τὴν
1643 1310 1879 1382 ἐσχάτην

281 1401 527 1473 ἀμαθίαν
559 1401 775 1472 ἀμαθὴς
805 1400 910 1467 ὢνς
940 1401 1207 1456 Ἄκουσον
1238 1401 1370 1471 γοῦν
1406 1402 1570 1457 αὐτοῦ
1602 1402 1875 1472 λέγοντος,

281 1492 380 1546 καὶ
416 1493 518 1546 οὐκ
552 1492 940 1563 αἰσχυνομένου
964 1508 980 1524 ο
1024 1495 1093 1546 ιιι
1133 1492 1233 1547 καὶ
1287 1492 1522 1561 ἰδιώτης
1568 1492 1649 1559 τῷ
1696 1493 1875 1563 λόγῳ,

280 1586 426 1639 ἀλλ’
461 1586 535 1637 οὐ
568 1581 645 1650 τῇ
678 1581 917 1652 γνώσει.
958 1583 1032 1636 Οὐ
1067 1583 1328 1655 χρήματα
1370 1585 1726 1653 κεκτημένος.
1767 1584 1880 1638 Καὶ

281 1666 396 1745 γάρ
435 1673 530 1729 καὶ⁸
570 1673 730 1728 τοῦτο
766 1674 928 1737 αὐτός
965 1674 1349 1744 φησινΜέχρι
1394 1674 1507 1744 τῆς
1548 1675 1678 1743 ἄρτι
1723 1674 1880 1747 ὥρας

281 1767 382 1819 καὶ
401 1762 718 1834 πεινῶμεν,
737 1765 835 1819 καί
854 1763 1146 1834 διψῶμεν,
1162 1765 1263 1819 καί
1289 1767 1762 1836 τυμνητεύομεν,
1782 1762 1884 1820 καὶ

283 1852 741 1923 κολαφιζόμεθα.
772 1852 883 1906 Καὶ
919 1852 973 1905 τί
1006 1852 1150 1921 λέγω
1187 1855 1466 1925 χρήματα,
1499 1855 1634 1909 ὅπου
1667 1872 1731 1925 γε
1759 1856 1880 1909 οὐδὲ

280 1944 383 2013 τῆς
409 1942 712 2011 ἀναγκαίας
740 1942 999 2007 πολλάκις
1019 1944 1243 2016 εὐπόρει
1268 1946 1497 2017 τροφῆς,
1523 1947 1645 2001 οὐδέ
1667 1947 1880 2015 ἱμάτιον

284 2033 681 2106 περιϐαλέσθαι
717 2027 903 2102 εἷχεν;
937 2032 1058 2087 Ὅτι
1101 2034 1158 2087 δὲ
1192 2035 1313 2088 οὐδὲ
1352 2032 1412 2102 ἐξ
1447 2035 1881 2106 ἐπιτηδεύματος

282 2124 538 2196 λαμπρὸς
574 2118 663 2194 ἦν,
706 2125 803 2177 καὶ⁸
847 2121 1004 2177 τοῦτο
1048 2126 1077 2177 ό
1125 2124 1375 2195 μαθητὴς
1424 2125 1590 2179 αὐτοῦ
1636 2126 1879 2181 δείκνυσι

282 2216 481 2283 λέγων,
511 2216 595 2268 ὃτι
627 2217 865 2284 Ἔμεινε
894 2214 1046 2283 πρὸς
1087 2215 1344 2269 Ἀκύλαν
1370 2217 1471 2270 καὶ
1502 2218 1881 2285 Πρίσκιλλαν

282 2307 382 2362 διὰ
439 2305 506 2361 τὸ
556 2306 884 2375 ὁμότεχνον
909 2321 925 2336 ο
975 2299 1140 2375 ἦσαν
1186 2304 1297 2374 γὰρ
1344 2305 1703 2372 σκηνοποιοὶ
1762 2306 1880 2374 τὴν

286 2396 531 2468 τέχνην.
582 2397 694 2450 Οὐκ
734 2396 841 2450 ἀπὸ
896 2396 1171 2467 προγόνων
1226 2394 1517 2465 ἐπίσημος.
1568 2395 1693 2457 Πῶς
1741 2395 1875 2466 γὰρ,

282 2486 527 2541 τοιοῦτον
567 2484 906 2555 ἐπιτήδευμα
943 2484 1115 2555 ἔχων.
1150 2482 1268 2538 Οὐκ
1309 2483 1419 2536 ἀπὸ
1457 2484 1734 2553 πατρίδος,
1780 2485 1880 2539 οὐκ

282 2577 393 2630 ἀπὸ
425 2576 631 2639 ἔθνους.
672 2574 812 2629 Ἀλλ’
846 2576 998 2645 ὅμως
1030 2572 1199 2628 ἐλθὼν
1231 2575 1310 2637 είς
1346 2574 1530 2643 μέσον,
1566 2574 1659 2628 καὶ
1692 2575 1881 2643 φανεὶς

286 2667 469 2737 μόνον,
499 2666 676 2720 πάντα
705 2662 935 2736 ἐτάραξε
959 2664 1028 2718 τὰ
1055 2664 1163 2717 τῶν
1201 2663 1481 2729 ἐναντίων,
1514 2664 1691 2717 πάντα
1726 2663 1877 2735 [495]

285 2758 530 2829 συνέχεε,
562 2759 656 2812 καὶ⁹
695 2758 946 2826 καθάπερ
981 2755 1093 2826 πῦρ
1119 2756 1199 2818 είς
1229 2755 1484 2826 καλάμην
1516 2756 1755 2826 ἐμπεσὸν
1784 2759 1881 2811 καὶ

283 2848 502 2919 χόρτον,
523 2846 665 2901 οὕτω
685 2846 990 2901 κατέκαυσε
1010 2845 1079 2898 τὰ
1097 2844 1206 2898 τῶν
1220 2844 1511 2916 δαιμόνων,
1534 2846 1626 2899 καὶ
1641 2846 1722 2910 είς
1738 2846 1880 2917 άπερ

286 2938 559 3002 ἐϐούλετο,
617 2938 795 2992 πάντα
858 2936 1178 3009 μετέστησε.
1239 2936 1350 2989 Καὶ
1396 2936 1458 2989 οὐ
1509 2935 1667 2990 τοῦτο
1720 2936 1881 3005 μόνον

285 3030 405 3083 ἐστὶ
444 3031 506 3083 τὸ
545 3027 878 3098 θαυμαστὸν,
920 3028 1002 3081 ὅτι
1041 3026 1204 3089 αὐτὸς
1241 3025 1482 3095 τοιοῦτος
1526 3024 1600 3079 ὢν
1640 3024 1881 3080 τοσαῦτα

288 3120 528 3191 ἴσχυσεν,
562 3118 677 3172 ἀλλ’
707 3119 789 3172 ὅτι
820 3118 914 3172 καὶ
943 3116 992 3170 οἱ
1023 3117 1241 3179 πλείους
1261 3114 1370 3170 τῶν
1400 3115 1878 3187 μαθητευομένων,

284 3211 537 3280 πένητες,
578 3207 803 3273 ἰδιῶται,
843 3207 1181 3271 ἀπαίδευτοι,
1221 3205 1366 3276 λιμῷ
1411 3203 1705 3270 συζῶντες,
1742 3206 1879 3276 ἄση-

288 3316 380 3371 μοι
413 3299 509 3352 καὶ
536 3297 596 3363 ἐξ
635 3298 884 3367 ἀσήμων.
924 3297 1037 3349 Καὶ
1069 3295 1243 3349 ταῦτα
1276 3295 1371 3349 καὶ
1408 3294 1572 3358 αὐτὸς
1598 3295 1878 3365 κηρύττει,

283 3389 382 3444 καὶ
418 3389 519 3441 οὐκ
553 3386 869 3456 αἰσχύνεται
909 3385 1085 3454 λέγων
1123 3384 1303 3438 αὐτῶν
1339 3384 1439 3456 τὴν
1479 3386 1669 3441 πενίαν
1694 3401 1707 3415 °
1741 3385 1880 3456 μᾶλ-

283 3479 377 3533 λον
405 3479 463 3532 δὲ
493 3477 615 3531 οὐδὲ
640 3476 955 3549 προσαιτῶν
991 3476 1133 3547 ὑπὲρ
1159 3475 1358 3530 αὐτῶν.
1394 3476 1725 3545 Πορεύομαι
1747 3476 1878 3546 γὰρ,

286 3570 472 3641 φησὶν,
502 3571 589 3635 εὶς
624 3567 1021 3637 Ἰερουσαλὴμ
1051 3564 1347 3621 διακονῶν
1371 3566 1497 3633 τοῖς
1525 3568 1717 3636 ἁγίοις
1740 3584 1755 3613 .-
1784 3566 1881 3620 καὶ

212 3700 229 3708 -
287 3662 469 3721 πάλιν,
495 3658 659 3714 Κατὰ
686 3660 834 3728 μίαν
859 3656 1174 3731 σαϐϐάτων
1194 3657 1454 3723 ἕκαστος
1479 3656 1645 3726 ὑμῶν
1674 3656 1881 3711 τιθέτω

288 3751 430 3818 παρ’
464 3747 657 3813 ἑαυτῷ
685 3746 1075 3815 θησαυρίζων,
1102 3730 1205 3799 ἵνα
1234 3746 1344 3816 μὴ,
1374 3747 1521 3800 ὅταν
1542 3746 1718 3807 ἔλθω,
1746 3747 1881 3799 τότε

284 3839 485 3909 λογίαι
529 3838 828 3909 γίνωνται.
869 3837 991 3890 Ὅτι
1030 3836 1089 3890 δέ
1132 3837 1227 3890 καὶ
1270 3836 1334 3889 τὺ
1383 3835 1564 3889 πλεῖον
1596 3836 1776 3889 αὐτῶν
1820 3835 1881 3901 ἐξ

290 3928 521 3984 ἰδιωτῶν
560 3929 926 3999 συνειστήκει,
973 3927 1282 3999 Κορινθίοις
1318 3928 1669 3992 ἐπιστέλλων,
1705 3928 1876 3998 φησι⁹

286 4020 553 4075 Βλέπετε
588 4019 704 4088 τὴν
726 4018 955 4087 κλῆσιν
990 4016 1176 4087 ὑμῶν,
1207 4017 1299 4071 ὅτι
1335 4020 1409 4072 οὐ
1450 4017 1670 4071 πολλοὶ
1698 4017 1880 4086 σοφοὶ

287 4115 443 4168 κατὰ
462 4112 681 4181 σάρκα·
699 4111 797 4166 καὶ
820 4111 913 4165 ὅτι
940 4110 1010 4175 ἐξ
1025 4109 1298 4179 ἀσήμων,
1312 4112 1403 4164 τοὺ
1424 4111 1665 4173 πολλοὶ,
1690 4111 1875 4180 φησὶν,

287 4202 555 4270 εὐγενεῖς
584 4219 599 4233 ·
649 4204 744 4256 καὶ
789 4202 853 4256 οὐ
912 4202 1075 4271 μόνον
1124 4202 1227 4256 οὐκ
1275 4202 1540 4270 εὐγενεῖς,
1596 4200 1735 4255 ἀλλά
1786 4202 1881 4256 καὶ

290 4292 499 4363 σφόδρα
542 4290 797 4353 εὐτελεῖς.
839 4291 951 4343 Καὶ
994 4290 1105 4359 γὰρ
1145 4290 1218 4344 td
1257 4289 1519 4359 ἀσθενῆ,
1566 4290 1736 4362 φησι,
1772 4291 1879 4345 τοῦ

289 4383 522 4452 κόσμου
541 4380 859 4446 ἐξελέξατο
883 4382 917 4435 ό
939 4380 1105 4446 Θεὸς,
1140 4380 1241 4434 καί
1268 4380 1340 4434 τὰ
1360 4379 1447 4451 μὴ
1483 4380 1645 4443 ὄντα,
1682 4383 1785 4435 ἵνα
1808 4382 1881 4435 τὰ

290 4473 438 4528 ὄντα
461 4471 834 4543 καταργήσῃ.
873 4472 1014 4526 Ἀλλ’
1043 4470 1260 4543 ίδιιίιτης
1291 4473 1391 4544 μὲν
1414 4475 1508 4528 καλ⁸
1534 4473 1877 4538 ἀπαίδευτος,

289 4566 515 4629 πιθανὸς
545 4566 603 4619 δέ
635 4564 888 4619 ὃττωσοῦν
925 4554 1136 4632 είπεῖν;
1181 4565 1313 4620 Οὐδὲ
1354 4564 1532 4620 τοῦτο.
1580 4566 1691 4619 Καὶ
1721 4563 1881 4618 τοῦτο

290 4644 456 4722 αὐτὸς
508 4656 670 4711 πάλιν
718 4656 961 4711 δείκνυσι
1008 4656 1185 4725 λέγων
1206 4673 1221 4687 ο
1262 4656 1436 4727 Κάγὼ
1484 4654 1679 4728 ἦλθον
1730 4658 1882 4725 πρὸς

289 4749 470 4820 ὑμᾶς,
500 4750 575 4804 οὐ
599 4752 730 4807 καθ’
763 4750 1076 4819 ὑπεροχὴν
1109 4751 1295 4820 λόγου
1324 4750 1361 4819 ἢ
1391 4753 1636 4820 σοφίας.
1665 4767 1882 4819 κατατ-

290 4841 530 4910 τέλλων
574 4839 715 4910 ὑμῖν
767 4841 835 4896 τὸ
874 4841 1222 4911 μαρτύριον.
1276 4843 1359 4895 Οὐ
1408 4842 1521 4910 τὰρ
1568 4840 1777 4909 ἔκρινά
1826 4858 1883 4894 τι

289 4931 512 4987 ειδέναι
542 4932 614 4987 ἐν
646 4930 809 5002 ὑμῖν,
843 4935 895 4987 ει
912 4931 999 5001 μὴ
1038 4929 1274 5000 Ἰησοῦν
1301 4932 1577 4999 Χριστόν,
1609 4933 1705 4987 καί
1741 4932 1881 4987 τοῦ·

292 5040 401 5077 τον
430 5022 888 5092 ἐσταυρωμένον
912 5039 925 5052 °
964 5022 1065 5079 καὶ
1104 5025 1138 5078 ὁ
1175 5023 1358 5093 λόγος
1387 5041 1507 5091 μου
1546 5023 1643 5077 καὶ
1677 5024 1745 5078 τό
1778 5022 1884 5091 κή-

290 5115 490 5183 ρυγμά
543 5131 657 5183 μου
706 5116 819 5180 οὐκ
864 5114 936 5167 ἐν
986 5114 1289 5181 πειθανοῖς
1321 5126 1347 5154 ει
1383 5116 1607 5184 σοφίας
1656 5116 1881 5185 λόγοις.

307 5204 472 5258 Ἀλλὰ
509 5204 571 5258 τὸ
608 5204 1013 5277 κηρυττόμενον
1054 5206 1235 5261 ἱκανὸν
1277 5206 1700 5261 ἐπισπάσασθαι.
1744 5208 1883 5261 Ἀλλ’

294 5294 527 5348 ἄκουσον
550 5295 643 5347 καὶ⁵
666 5294 794 5365 περὶ
820 5294 983 5347 αὐτοῦ
1005 5295 1057 5348 τί
1082 5312 1248 5366 φησιν
1268 5313 1280 5325 ο
1300 5296 1455 5350 Ἐπεὶ
1484 5297 1581 5350 καὶ
1609 5297 1884 5353 Ἰουδαῖοι

296 5385 518 5454 σημεῖα
551 5386 810 5450 αἰτοῦσι,
856 5387 953 5440 καὶ
982 5387 1276 5455 Ἕλληνες
1312 5389 1538 5457 σοφίαν
1570 5386 1882 5457 ζητοῦσιν,

300 5476 471 5544 ἡμεῖς
527 5476 597 5530 δὲ
662 5480 1029 5547 κηρύττομεν
1089 5482 1347 5549 Χριστὸν
1406 5481 1883 5552 ἐσταυρωμένον,

314 5566 614 5632 Ἰουδαίοις
659 5566 775 5636 μὲν
815 5565 1184 5635 σκάνδαλον,
1230 5570 1494 5639 Ἕλλησι
1527 5568 1595 5624 δὲ
1635 5571 1882 5641 μωρίαν.

380 5749 409 5784 ³
423 5752 573 5804 51V“.
595 5758 648 5805 et
662 5753 788 5805 Bibl.
819 5755 1008 5811 πειθοῖς.

1165 377 1256 434 DE
1295 378 1643 438 LAUDIBUS
1684 379 1743 437 S.
1791 332 2399 438 ΡΑυιιἈΡοδτοιιι.
2442 382 2675 439 HOMIL.
2710 383 2798 441 IV.

3477 375 3585 430 492

2001 483 2160 539 Ἀλλά
2203 487 2386 553 ἀδείας
2433 487 2782 560 ἀπήλαυσεν;
2832 488 2971 543 Ἀλλ’
3012 473 3135 544 οὐδέ
3176 488 3398 544 ἀνέπνει
3448 500 3579 542 ποτε

1986 586 2095 640 τῶν
2132 589 2413 644 κινδύνων.
2448 587 2704 659 Καὶ-γὰρ
2734 586 2805 641 ἐν
2847 588 3152 655 ἀσθενείᾳ,
3192 588 3346 659 φησὶ,
3376 589 3475 643 καὶ
3509 590 3580 642 ἐν

1985 690 2151 758 φόϐῳ
2186 690 2286 744 καὶ
2321 690 2393 745 ἐν
2414 691 2606 763 τρόμῳ
2643 686 2855 754 πολλῷ
2878 689 3171 759 ἐγενόμην
3196 689 3346 758 πρὸς
3384 690 3542 759 ὑμᾶς

1985 790 2086 843 οὐκ
2118 788 2282 855 αὐτὸς
2325 789 2383 844 δὲ
2428 789 2610 861 μόνον,
2639 788 2774 844 ἀλλά
2816 789 2912 843 καὶ
2953 790 3000 842 οί
3047 788 3290 859 μαθηταὶ
3328 789 3398 843 τά
3437 789 3577 843 αὐτὰ

1987 892 2246 963 ἔπασχον.
2276 892 2597 963 Μέμνησθε
2632 890 2762 963 γὰρ,
2799 890 2954 963 φησὶ,
2979 890 3089 956 τὰς
3119 889 3410 958 πρότερον
3438 890 3577 958 ήμέο

1978 1010 2116 1061 ρας,
2156 993 2229 1047 ἐν
2263 988 2360 1061 ατς
2397 993 2815 1063 φωτισθέντες,
2857 990 3102 1059 πολλὴν
3154 990 3419 1058 ἄθλησιν
3471 992 3577 1045 ὐπ-

1987 1097 2258 1167 εμεινατε
2289 1094 2651 1165 παθημάτων
2671 1109 2685 1124 ⁸
2717 1094 2895 1149 τοῦτο
2910 1094 3050 1163 μὲν,
3090 1091 3452 1161 ὀνειδισμοῖς
3475 1091 3575 1146 και

1987 1198 2238 1267 θλίψεσι
2279 1180 2728 1265 θεατριζόμενοι,
2778 1192 2954 1249 τοῦτο
2998 1191 3068 1246 δὲ
3109 1191 3404 1255 κοινωνοὶ,
3455 1188 3560 1242 τῶν

1987 1301 2140 1355 οὕτω
2175 1300 2540 1369 πασχόντων
2552 1294 3074 1367 γεννηθέντες-,Καὶ
3106 1293 3215 1365 γὰρ
3244 1293 3361 1362 τὴν
3388 1294 3569 1362 ἅρπαι

1986 1401 2107 1473 τὴν
2126 1400 2246 1456 τῶν
2271 1402 2666 1470 ὑπαρχόντων
2695 1397 2867 1468 ὑμῶν
2881 1396 3034 1467 μετὰ
3063 1392 3253 1466 χαρᾶς
3280 1393 3561 1463 προσεδέ-

1989 1502 2195 1567 ξασθε.
2242 1500 2356 1555 Καὶ
2399 1499 2561 1553 πάλιν
2607 1494 3059 1552 Θεσσαλονικεῦσι
3107 1493 3335 1565 γράφων
3380 1492 3530 1561 λέγει
3554 1508 3574 1523 ·

2000 1602 2196 1672 Ὑμεῖς
2232 1600 2343 1671 ⁴ι’ἀρ
2370 1599 2442 1654 τὰ
2471 1596 2626 1653 αὑτά
2654 1595 2903 1651 ἐπάθετε
2928 1594 3048 1651 ὑπὸ
3076 1593 3199 1649 τῶν
3227 1592 3392 1647 ιδίων
3420 1606 3570 1662 συμο

1987 1702 2284 1775 φυλετῶν,
2330 1701 2522 1767 καθὼς
2569 1698 2670 1755 καὶ
2708 1700 2881 1753 αὐτοι
2919 1698 3043 1754 ὑπὸ
3078 1696 3199 1752 τῶν
3245 1696 3570 1760 Ἰουδαίων,

1987 1802 2107 1859 τῶν
2156 1805 2255 1858 καὶ
2302 1802 2411 1857 τὸν
2455 1802 2676 1870 Κύριον
2723 1796 3244 1864 ἀποκτεινάντων,
3287 1795 3385 1850 καὶ
3438 1794 3576 1859 τοὺς

1987 1907 2177 1970 ιδιους
2202 1902 2532 1973 προφήτας,
2556 1901 2656 1956 καὶ
2682 1898 2841 1969 ἡμᾶς
2860 1897 3291 1964 ἐκδιωξάντων,
3317 1896 3416 1951 καὶ
3452 1894 3576 1961 Θεῷ

1982 2004 2069 2075 μὴ
2102 2005 2506 2073 ἀρεσκόντων,
2537 2001 2637 2057 καὶ
2666 2000 2857 2056 πᾶσιν
2888 1999 3224 2069 ἀνθρώποις
3261 1995 3576 2051 ἐναντίων.

1988 2105 2100 2159 Καὶ⁵
2152 2102 2460 2175 Κορινθίοις
2510 2099 2773 2179 δένπάλιν
2826 2098 3159 2154 ἐπιστέλλων
3209 2096 3415 2164 ἔλεγεν,
3451 2089 3578 2148 Ὅτι

1988 2204 2335 2273 περισσεύει
2373 2201 2445 2257 τὰ
2480 2200 2800 2271 παθήματα
2835 2200 2942 2254 τοῦ
2979 2196 3238 2268 Χριστοῦ
3272 2197 3360 2262 είς
3394 2194 3575 2265 ὑμᾶς,

1989 2305 2089 2358 καί
2118 2302 2321 2372 ὥσπερ
2360 2303 2635 2357 κοινωνοί
2679 2303 2820 2357 ἐστε
2861 2300 2977 2355 τῶν
3007 2298 3389 2368 παθημάτων,
3424 2296 3580 2351 οὕτω

1988 2406 2088 2460 καὶ
2120 2405 2231 2471 τῆς
2262 2403 2703 2473 παρακλήσεως
2726 2421 2740 2435 ·
2795 2403 2890 2456 καὶ
2939 2402 3208 2469 Γαλάταις
3234 2439 3250 2464 ,
3302 2397 3579 2454 Τοσαῦτα

1989 2505 2237 2573 ἐπάθετε
2264 2502 2418 2572 εικῆ,
2441 2503 2625 2575 φησὶν,
2654 2502 2710 2556 ει
2730 2518 2797 2571 γε
2818 2499 2918 2555 καὶ
2948 2497 3099 2567 εικῆ.

2066 2608 2232 2661 Ὅταν
2263 2602 2357 2659 οὖν
2380 2604 2473 2659 καὶ
2495 2605 2524 2657 ό
2543 2600 2828 2674 κηρύττων
2858 2598 3072 2669 ἰδιώτης
3162 2597 3256 2650 καὶ
3285 2594 3454 2666 πένης
3484 2594 3579 2648 καὶ

1988 2708 2200 2778 ἄσημος
2219 2746 2234 2770 ,
2271 2706 2365 2759 καὶ
2399 2705 2461 2757 τὸ
2500 2700 2903 2773 κηρυττόμενον
2942 2699 3044 2752 οὐκ
3084 2695 3392 2765 ἐπαγωγὸν,
3439 2693 3581 2747 ἀλλά

1988 2804 2083 2858 καὶ
2118 2803 2417 2858 σκάνδαλον
2456 2802 2598 2872 ἐχον,
2630 2798 2726 2854 καὶ
2764 2800 2815 2851 οἱ
2854 2797 3142 2858 ἀκούοντες
3183 2793 3316 2847 αὐτὸ
3346 2792 3580 2862 πένητες

1988 2906 2083 2957 καὶ
2129 2904 2376 2967 ἀσθενεῖς
2423 2902 2519 2955 καὶ
2565 2899 2801 2962 οὐδένες,
2854 2897 2949 2949 καὶ
2997 2894 3231 2949 κίνδυνοι
3288 2891 3581 2961 ἐπάλληλοι

1989 3006 2083 3055 καὶ
2116 3004 2359 3073 συνεχεῖς
2390 2997 2542 3073 [496]
2582 2999 2676 3053 καὶ
2710 2998 2823 3060 τοῖς
2851 2992 3189 3055 διδασκάλοις
3212 2992 3444 3054 καὶτοῖς
3471 3007 3579 3061 μα-

1989 3101 2200 3172 θηταῖς,
2232 3101 2326 3155 καὶ
2364 3102 2392 3153 ὁ
2431 3098 2927 3167 καταγγελλόμενος
2957 3091 3393 3163 ἐσταυρωμένος,
3423 3089 3478 3142 τί
3518 3089 3582 3141 τὸ

1990 3203 2221 3273 ποιῆσαν
2266 3200 2592 3273 κρατήσειν;
2637 3197 2752 3251 Οὐκ
2792 3194 3011 3265 εὔδηλον
3051 3194 3135 3247 ὄτι
3180 3185 3304 3246 θεία
3345 3206 3431 3253 τις
3482 3186 3579 3242 καὶ

1988 3300 2298 3371 ἀπόρρητος
2322 3298 2585 3369 δύναμις;
2616 3295 2795 3350 Παντί
2820 3310 2921 3347 που
2942 3293 3099 3364 δῆλον
3125 3309 3139 3323 ·
3173 3291 3269 3347 καὶ
3296 3289 3456 3343 τοῦτο
3484 3288 3582 3341 καὶ

1987 3400 2098 3455 άπὸ
2127 3398 2237 3453 τῶν
2275 3397 2532 3451 ἐναντίων
2562 3396 2681 3449 ἐστὶ⁸
2717 3393 2976 3447 κατιδεῖν.
3017 3392 3188 3444 Ὅταν
3220 3389 3330 3460 γὰρ
3367 3388 3483 3459 ίδῃς
3512 3385 3584 3439 τά

1988 3500 2208 3554 ἐναντία
2229 3497 2434 3552 τούτων
2464 3494 2862 3565 συνδραμόντα,
2893 3490 2990 3545 καὶ
3017 3488 3270 3553 πλοῦτον,
3301 3486 3398 3541 καὶ
3425 3483 3583 3552 εὐγέ-

1987 3614 2158 3667 νειαν,
2195 3597 2290 3652 καὶ⁹
2326 3594 2587 3667 πατρίδος
2629 3592 2897 3666 μέγεθος,
2940 3590 3037 3645 καὶ
3088 3585 3375 3660 ῥητορείας
3414 3583 3584 3636 δεινό-

1987 3715 2145 3770 τητα,
2176 3696 2273 3751 καὶ
2304 3695 2488 3751 ἄδειαν
2522 3694 2618 3749 καὶ
2657 3690 2956 3764 θεραπείαν
2987 3687 3208 3759 πολλὴν,
3248 3685 3343 3739 καὶ
3378 3682 3582 3745 εὐθέως

1989 3797 2282 3853 σϐεσθέντα
2320 3796 2390 3850 τὰ
2432 3792 2917 3866 καινοτομηθέντα,
2960 3790 3185 3851 τούτους
3227 3787 3283 3839 δὲ
3320 3782 3428 3840 ἀπὸ
3471 3785 3583 3837 τῶν

1986 3901 2244 3953 ἐναντίων
2298 3900 2775 3968 περιγενομένους,
2820 3894 2876 3948 τί
2920 3892 2983 3948 τὸ
3028 3891 3224 3954 αίτιον,
3274 3887 3398 3941 εἰπέ
3448 3900 3580 3952 μοις

1988 4004 2196 4057 Ταύτὸν
2226 4003 2335 4072 γὰρ
2380 3998 2602 4070 συνέϐη,
2645 3992 2756 4051 οἷον
2805 3997 2872 4052 ἂν
2910 3998 2959 4049 εί
3010 3992 3149 4066 μετά
3198 3987 3583 4062 στρατοπέδων

1987 4102 2086 4157 καὶ
2140 4102 2321 4156 ὅπλων
2368 4101 2464 4155 καὶ
2518 4096 2879 4169 παρατάξεως
2931 4093 3025 4147 τοῦ
3080 4090 3453 4163 βασιλεύοντος
3504 4085 3581 4155 μὴ

1984 4201 2302 4275 δυνηθέντος
2356 4199 2630 4271 κρατῆσαι
2688 4195 2799 4250 τῶν
2860 4193 3174 4265 βαρϐάρων,
3231 4187 3446 4259 πτωχός
3496 4200 3582 4247 τις

1987 4301 2194 4372 γυμνὸς
2228 4300 2324 4355 καὶ
2362 4299 2543 4371 μόνος,
2577 4296 2675 4352 καὶ
2709 4295 2847 4368 μηδέ
2879 4293 3130 4351 ἀκόντιον
3159 4284 3578 4361 μεταχειρίζων,

1990 4407 2127 4481 μηδέ
2176 4406 2394 4479 ἱμάτιον
2443 4403 2604 4476 έχων,
2660 4400 2919 4456 εἰσελθὼν
2967 4395 3319 4469 διαπράξοιτο
3359 4394 3398 4449 ἀ
3440 4391 3581 4462 μετά

1985 4513 2167 4568 ὃπλων
2186 4511 2283 4565 καὶ
2303 4508 2659 4582 παρασκευῆς
2681 4507 2784 4561 οὐκ
2811 4506 3039 4576 ἴσχυσαν
3058 4502 3258 4572 ἕτεροι.
3285 4498 3378 4569 Μὴ
3400 4497 3582 4551 τοίνυν

1987 4618 2317 4691 ἀγνωμόνει,
2356 4612 2495 4670 ἀλλὰ
2530 4613 2652 4669 καθ’
2683 4608 3085 4681 ἐκάστηνφέρε
3113 4606 3213 4677 τὴν
3250 4604 3454 4674 ψῆφον.
3485 4600 3582 4654 καὶ

1988 4722 2286 4798 προσκύνει
2311 4719 2407 4775 τοῦ
2442 4716 2844 4790 σταυρωθέντος
2875 4715 2974 4786 τὴν
3000 4710 3251 4782 δύναμιν.
3288 4708 3424 4762 Οὐδὲ
3446 4706 3579 4777 γάρ,

1987 4817 2056 4871 ἂν
2104 4816 2222 4887 ἴδῃς
2262 4813 2384 4868 τινὰ
2427 4810 2611 4874 πόλεις
2643 4804 3144 4870 κατασκευάζοντα,
3194 4801 3293 4855 καὶ
3337 4800 3580 4870 τάφρους

1990 4917 2413 4995 περιελαύνοντα
2432 4958 2449 4984 ,
2501 4914 2598 4970 καὶ
2653 4912 3024 4985 μηχανήματα
3077 4907 3422 4978 προσάγοντα
3475 4903 3580 4956 τεί-

1990 5038 2133 5091 χεσι,
2185 5018 2281 5073 καὶ
2328 5016 2469 5072 ὅπλα
2523 5013 2879 5087 χαλκεύοντα,
2936 5010 3033 5064 καὶ
3091 5004 3428 5079 στρατιώτας
3476 5020 3578 5056 κα-

1989 5125 2308 5195 ταλέγοντα,
2373 5122 2471 5177 καὶ
2512 5122 2773 5193 χρήματα
2831 5116 3025 5187 ἔχοντα
3068 5113 3293 5183 ἄπειρα,
3359 5108 3453 5162 καὶ
3503 5106 3580 5178 μὴ

1990 5231 2290 5303 δυνάμενον
2321 5227 2478 5282 πόλιν
2513 5225 2641 5297 μίαν
2670 5222 2810 5278 ἐλεῖν
2828 5239 2843 5256 ·
2871 5220 3029 5277 ἄλλον
3056 5217 3115 5272 δέ
3143 5212 3336 5286 γυμνῷ
3365 5210 3580 5283 σώματι

1993 5336 2390 5409 προσϐαλόντα,
2424 5333 2519 5387 καὶ
2545 5332 2701 5402 χερσὶ
2739 5328 2925 5401 μόναις
2955 5324 3255 5397 χρώμενον,
3294 5320 3414 5391 οὐχ).
3448 5318 3578 5388 μίαν

1992 5440 2088 5493 καὶ
2130 5436 2389 5507 δευτέραν
2433 5433 2528 5489 καὶ
2580 5431 2752 5485 είκοσι
2785 5427 2989 5490 πόλεις,
3029 5424 3166 5479 ἀλλά
3211 5420 3406 5493 μυρίας
3440 5418 3581 5472 κατά

1993 5543 2093 5612 τὴν
2120 5538 2443 5610 οἰκουμένην
2473 5532 2847 5605 ἐπιτρέχοντα,
2878 5528 2973 5583 καὶ
3004 5524 3335 5593 αὐτάνδρους
3363 5517 3580 5589 λαμσά-

1995 5662 2175 5707 νοντα,
2217 5641 2566 5714 ἀνθρωπίνης
2601 5636 2669 5691 ἂν
2704 5636 2878 5696 εἷποις
2914 5629 3052 5685 εἶναι
3089 5627 3247 5680 τοῦτο
3274 5621 3578 5692 δυνάμεως.

1998 5751 2155 5807 Οὕτω
2183 5751 2342 5820 δῆλον
2367 5750 2446 5804 ὃτι
2480 5747 2571 5803 καὶ
2599 5743 2712 5800 νῦν.
2748 5742 2845 5798 Διά
2877 5741 2985 5813 γὰρ
3012 5737 3170 5794 τοῦτο
3203 5731 3579 5807 συνεχώρησεν
