4082 6424
223 397 334 452 493

224 519 409 580 pterea
433 510 576 565 enim
598 510 860 566 concessit
891 510 1030 564 Deus
1059 520 1114 564 et
1142 510 1378 565 latrones
1397 525 1518 565 cum
1541 509 1816 565 Salvatore

225 602 484 672 crucifigi,
519 610 574 657 ct
599 613 725 656 ante
753 601 1043 656 Salvatoris
1069 602 1356 656 adventum
1380 601 1691 656 seductores
1717 601 1819 656 ali-

224 708 364 761 quos
388 708 669 762 apparere,
692 700 748 745 ut
772 693 930 746 etiam
951 708 1014 747 ex
1037 693 1434 762 comparatione
1457 707 1635 746 rerum
1659 691 1817 745 nimis

225 783 604 854 insipientibus
656 783 1033 838 ostenderetur
1085 784 1398 838 excellentia
1449 783 1818 839 veritatiszet

223 874 500 928 discerent
527 874 648 943 quia
678 873 764 927 hic
799 889 902 927 non
934 889 1067 926 unus
1107 889 1168 927 ex
1215 875 1358 941 illis,
1397 873 1488 929 sed
1520 875 1721 943 grande
1747 875 1817 929 sit

223 966 366 1018 inter
391 971 496 1017 tam
519 964 777 1034 dispares,
793 964 1162 1034 inlinitmuque
1179 965 1486 1021 discrimen.
1511 965 1650 1019 Nihil
1673 966 1815 1021 enim

223 1054 421 1109 Christi
450 1054 674 1122 gloriam
703 1056 873 1126 potuit
901 1055 1227 1121 inumbrare,
1263 1057 1348 1111 vel
1376 1057 1686 1112 earumdem
1722 1073 1820 1128 op-

223 1147 524 1216 portunitas
555 1157 850 1218 temporum
873 1190 889 1214 ,
925 1149 1007 1205 vel
1031 1149 1337 1205 communio
1363 1151 1670 1220 passionum
1703 1168 1717 1205 :
1751 1165 1818 1208 ne

220 1247 345 1309 quis
371 1241 512 1294 enim
544 1251 777 1311 putaret,
805 1242 928 1311 quia
952 1241 1225 1297 daemones
1250 1257 1463 1298 crucem
1488 1257 1544 1298 et
1567 1259 1671 1298 non
1699 1257 1821 1298 cru-

223 1331 370 1385 citixi
403 1341 659 1401 paverent
681 1331 951 1398 virtutem,
991 1334 1252 1389 obstruxit
1276 1349 1371 1389 ora
1401 1334 1499 1389 ista
1529 1335 1815 1390 dicentium

224 1436 326 1490 par
352 1421 640 1476 latronum.
669 1422 818 1489 Quod
847 1423 893 1478 si
922 1432 1220 1492 temporum
1239 1426 1609 1493 opportunitas
1626 1437 1818 1481 cuncta

224 1510 418 1566 fecisse
460 1511 690 1577 dicatur,
736 1513 805 1568 ad
847 1513 1214 1584 repellendum
1262 1514 1514 1570 Thendas
1555 1526 1612 1570 et
1655 1516 1818 1572 Judas

225 1605 585 1673 proferentur,
616 1605 706 1675 qui
731 1621 850 1661 cum
872 1606 1074 1660 eisdem
1099 1605 1230 1669 fere,
1253 1606 1446 1676 quibus
1474 1607 1634 1662 etiam
1662 1607 1819 1663 Citri-

223 1704 338 1746 stus
367 1695 694 1764 temporibus
713 1697 1060 1761 exstitissent,
1085 1705 1140 1751 et
1160 1697 1436 1752 veritatem
1459 1712 1554 1766 per
1571 1698 1815 1767 quaedam

223 1783 384 1836 ctiam
429 1786 578 1854 signa
619 1785 929 1855 impugnare
973 1795 1286 1852 tentassent,
1314 1796 1530 1857 repente
1558 1787 1817 1844 destructi

223 1885 370 1928 sunt.
414 1876 565 1942 Quod
607 1877 750 1931 enim
773 1877 881 1944 jam
911 1887 1032 1931 ante
1062 1879 1372 1943 memoravi,
1403 1877 1522 1933 ideo
1549 1879 1814 1933 interdum

225 1965 356 2020 falsa
390 1967 503 2020 fieri
535 1967 673 2021 Deus
703 1968 852 2038 signa
884 1969 1184 2035 concessit,
1213 1976 1273 2022 ut
1308 1968 1664 2024 abundantius
1690 1985 1814 2025 vera

225 2063 567 2111 monstraret.
613 2057 899 2127 Propterea
945 2067 1000 2112 et
1040 2058 1532 2128 pseudoprophetas
1572 2067 1817 2130 tempore

227 2150 629 2216 prophetarum,
654 2158 706 2203 ct
733 2148 1207 2218 pseudoapostolos
1232 2164 1352 2203 cum
1375 2150 1629 2219 apostolis
1650 2165 1816 2219 appa-

227 2253 346 2290 rere
374 2240 630 2306 permisit,
652 2249 705 2293 ut
731 2240 965 2295 disceres
981 2241 1097 2309 quia
1118 2240 1456 2308 splendentes
1481 2241 1597 2310 ejus
1623 2241 1816 2311 ubique

231 2329 457 2381 virtutes
504 2344 835 2398 nequaquam
876 2330 1164 2384 obscurare
1203 2338 1384 2400 posset
1427 2330 1716 2387 similitudo
1761 2340 1816 2387 et

227 2417 414 2470 umbra
436 2420 672 2487 qumdam
700 2421 972 2473 virtutum.

301 2507 497 2561 Paulus
528 2509 704 2564 Roma:
733 2519 959 2564 vexatur.
982 2540 1051 2550 —-
1078 2513 1188 2580 Age
1221 2511 1331 2580 jam
1358 2527 1424 2566 ex
1457 2511 1575 2566 aliis
1602 2527 1814 2582 quoque

226 2599 565 2659 documentis
595 2589 880 2670 probemus
918 2615 1038 2656 esse
1077 2601 1213 2657 hanc
1257 2604 1544 2671 potentiam
1575 2605 1816 2673 singula-

227 2705 343 2744 rem
368 2699 423 2744 et
455 2691 772 2760 praecipuam
801 2700 958 2761 atque
983 2692 1300 2746 mirabilem.
1332 2693 1645 2748 Docebimus
1671 2695 1812 2748 enim

227 2781 425 2836 Christi
459 2781 683 2850 gloriam
711 2783 820 2852 ipsa
847 2784 1016 2853 magis
1042 2783 1377 2838 inimicorum
1417 2785 1815 2854 impugnatione

225 2874 484 2927 crevisse.
510 2873 643 2927 Cum
668 2875 808 2929 enim
835 2874 974 2929 hunc
1005 2876 1175 2943 ipsum
1204 2875 1415 2929 beatum
1445 2877 1662 2930 Paulum
1703 2876 1815 2930 Ro-

228 2977 332 3015 ma:
345 2963 556 3032 quidam
573 2972 1036 3033 persequerentur,
1059 2965 1344 3034 aliquando
1367 2966 1470 3022 hoc
1486 2968 1655 3036 ipsum
1683 2967 1817 3038 dog-

229 3068 319 3106 ma
365 3055 652 3122 inquietius
701 3054 1080 3124 praedicabant.
1123 3054 1407 3124 Cupientes
1460 3057 1604 3115 enim
1644 3057 1815 3112 Nero-

231 3159 353 3198 nem
377 3144 796 3214 impugnatorem
819 3146 966 3219 Pauli
983 3147 1157 3200 acrius
1180 3149 1230 3201 in
1252 3147 1368 3216 ejus
1386 3149 1565 3202 odium
1586 3164 1818 3205 commo-

227 3248 391 3299 vere,
421 3237 551 3288 mira
578 3235 805 3306 quadam
845 3244 962 3291 arte
1005 3236 1230 3291 laedendi
1260 3249 1610 3310 susceperunt
1636 3249 1691 3295 et
1715 3240 1815 3310 ipsi

227 3326 552 3394 evangelica:
595 3328 986 3396 prmdicationis
1014 3326 1270 3392 officium,
1303 3339 1360 3382 ut
1399 3330 1569 3400 magis
1613 3331 1816 3386 scilicet

231 3416 358 3470 fidei
385 3431 634 3472 sermone
663 3416 919 3485 fervente,
947 3427 1001 3473 et
1027 3417 1406 3487 discipulorum
1423 3430 1698 3476 crescente
1715 3437 1816 3478 nu-

229 3522 404 3573 mero,
437 3507 490 3561 in
516 3507 834 3563 immensum
862 3510 1160 3580 ignesceret
1182 3508 1328 3567 furor
1357 3514 1586 3584 tyranni,
1616 3524 1670 3569 et
1703 3514 1815 3570 fera

229 3595 433 3664 majora
462 3596 636 3651 adhuc
671 3598 945 3668 colligeret
981 3598 1313 3656 incrementa
1348 3602 1590 3658 feritatis.
1621 3603 1688 3658 Et
1715 3605 1817 3660 hoc

228 3685 347 3754 ipse
384 3685 452 3740 ad
495 3687 866 3757 Philippeuses
893 3689 1088 3745 Paulus
1114 3691 1383 3758 scribens,
1411 3693 1486 3748 ait
1516 3710 1530 3748 :
1563 3695 1708 3749 Scire
1731 3712 1817 3750 vos

227 3782 420 3838 autem,
451 3775 653 3846 inquit,
687 3775 801 3830 volo
821 3818 838 3843 ,
870 3783 1077 3850 fratres,
1102 3781 1236 3850 quod
1259 3797 1374 3850 quia
1400 3783 1534 3836 circa
1558 3801 1638 3836 me
1661 3797 1813 3851 sunt,

229 3867 394 3937 magis
427 3879 665 3922 venerunt
697 3869 766 3922 ad
794 3874 1073 3941 profectum
1099 3870 1386 3942 Evangelii,
1414 3874 1486 3926 ita
1514 3884 1570 3927 ut
1599 3876 1768 3944 plures
1792 3892 1820 3930 e

229 3959 474 4028 fratribus
489 3958 794 4027 conﬁdentes
814 3960 1025 4013 vinculis
1046 3961 1188 4026 meis,
1208 3961 1549 4016 abundantius
1573 3963 1816 4016 auderent

227 4049 339 4102 sine
366 4049 544 4103 timore
562 4051 762 4104 verbum
786 4050 884 4105 Dei
912 4051 1067 4122 loqui.
1094 4051 1316 4117 Quidam
1335 4053 1535 4122 quidem
1557 4055 1709 4108 etiam
1729 4071 1819 4124 per

226 4140 471 4193 inuidiam
504 4149 551 4194 et
587 4144 970 4208 contentionem,
1000 4144 1207 4214 quidam
1231 4145 1378 4198 etiam
1404 4162 1494 4216 per
1517 4145 1700 4199 bonam
1726 4164 1817 4200 vo-

227 4230 475 4284 luntatem
513 4231 766 4286 Christum
807 4235 1084 4303 pradicant
1113 4235 1354 4304 :quidam
1390 4246 1557 4290 autem
1594 4253 1656 4290 ea:
1693 4253 1817 4290 con.

228 4322 452 4375 tentione
475 4321 730 4377 Christum
754 4325 1058 4378 annuntiant
1101 4342 1202 4379 non
1217 4327 1448 4390 1incere,
1477 4328 1817 4382 existimantes

229 4428 522 4482 pressater
547 4414 792 4468 suscitare
815 4415 1025 4469 vinculis
1047 4417 1167 4470 meis
1187 4432 1206 4470 :
1223 4419 1432 4484 quidam
1457 4428 1624 4472 autem
1645 4437 1706 4473 ea:
1733 4437 1818 4473 ca-

226 4503 396 4566 ritate,
414 4504 643 4571 scientes,
665 4507 798 4574 quod
815 4506 868 4558 in
885 4506 1173 4576 defensione
1194 4507 1455 4578 Evangelii
1474 4512 1666 4576 positus
1682 4527 1814 4564 sum.

233 4591 371 4660 Quid
387 4593 519 4646 enim
531 4593 557 4647 2’
575 4596 620 4648 si
640 4597 769 4649 omni
783 4597 954 4660 modo,
972 4597 1075 4650 sive
1090 4613 1177 4665 per
1188 4599 1517 4664 occasionem,
1533 4601 1636 4653 sive
1645 4617 1734 4669 per
1747 4618 1818 4654 ve-

239 4685 443 4739 ritatem
474 4684 700 4741 Christus
725 4689 1048 4742 annuntietur
1079 4688 1338 4760 (Philipp.
1364 4689 1644 4762 1.1248).
1679 4691 1818 4745 Vidi-

226 4775 296 4829 sti
312 4786 482 4842 certe,
497 4777 942 4846 quemadmodum
958 4779 1059 4834 etsi
1081 4794 1148 4834 ex
1164 4780 1502 4835 contentione
1514 4781 1674 4850 aliqui
1692 4797 1818 4850 prte-

226 4867 486 4933 dicarent,
517 4877 697 4924 tamen
723 4869 884 4924 etiam
915 4869 1009 4940 per
1033 4870 1275 4925 inimicos
1305 4871 1508 4925 veritas
1523 4871 1813 4926 obtinebat.

297 4960 576 5014 Christiani
595 4961 852 5016 calumnia
868 4963 1100 5034 appetiti.
1127 4991 1201 5003 —-
1225 4963 1395 5032 Supra
1411 4978 1538 5018 vero
1555 4963 1692 5018 banc
1719 4965 1818 5019 ini-

226 5051 490 5114 micorum
518 5051 858 5108 calliditatem
901 5053 1002 5107 alia
1042 5069 1254 5124 quoque
1280 5069 1360 5141 9x
1394 5053 1622 5110 adverso
1653 5057 1816 5111 multa

225 5143 534 5200 veniebant.
559 5143 692 5199 Nam
720 5155 776 5200 et
803 5146 1037 5215 antiquae
1067 5147 1212 5216 leges
1235 5161 1342 5201 non
1372 5147 1534 5202 modo
1561 5163 1666 5202 non
1696 5150 1816 5218 opi-

227 5235 558 5300 tulabantur,
581 5250 767 5291 verum
798 5235 962 5291 etiam
1001 5235 1424 5292 adversabantur
1463 5255 1477 5291 :
1526 5247 1818 5309 contraque

227 5325 467 5379 veritatis
495 5334 701 5396 partem
728 5341 833 5381 non
859 5326 1033 5382 solum
1065 5327 1264 5381 malitia
1292 5327 1690 5398 obloquentium
1718 5329 1816 5383 ini-

226 5416 513 5483 micorum,
543 5419 892 5473 verumetiam
929 5417 1227 5487 ignorantia
1253 5416 1541 5472 dimicabat
1571 5435 1586 5472 :
1617 5417 1817 5488 Regem

225 5512 393 5576 enim,
426 5512 690 5581 inquiunt,
718 5511 916 5568 habent
935 5511 1227 5569 Christum.
1249 5512 1364 5568 Non
1385 5513 1529 5568 enim
1557 5525 1819 5569 noverant

227 5605 346 5673 ejus
371 5603 587 5658 caeleste
636 5619 880 5675 regnum,
925 5605 1164 5659 terribile
1200 5604 1342 5660 istud
1386 5613 1442 5660 et
1478 5605 1679 5675 absque
1706 5607 1818 5666 ullo

229 5699 460 5752 termino
478 5696 770 5768 gloriosum
801 5716 816 5752 :
847 5698 942 5754 sed
969 5699 1120 5768 quasi
1149 5699 1482 5770 tyrannidem
1515 5701 1643 5770 ipsis
1681 5700 1815 5756 infe-

228 5791 467 5847 rentibus
493 5806 587 5862 per
612 5791 932 5847 calumniam
968 5792 1353 5864 repugnabant,
1380 5793 1508 5850 etin
1529 5807 1815 5850 commune

1046 397 1132 452 DE
1175 396 1516 454 LAUDIBUS
1556 395 1614 452 S.
1657 393 1860 452 PAULI
1905 395 2258 452 APOSTOLI.
2301 396 2532 454 HOMIL.
2575 399 2662 456 ιν.

3415 409 3518 465 898

1927 524 2137 576 omnes,
2161 518 2214 565 et
2239 510 2543 580 Specialiter
2569 510 2824 566 adversus
2849 526 2942 568 eos
2971 512 3166 585 singuli
3193 517 3518 574 dimicando.

1927 600 1984 654 In
2005 601 2273 666 communi
2300 601 2536 671 quidem,
2577 602 2727 672 quasi
2772 612 2956 656 contra
2997 619 3111 671 eos,
3155 608 3244 676 qui
3295 607 3521 678 publicae

1926 689 2223 760 disciplinae
2276 699 2332 744 et
2375 691 2550 760 legum
2597 692 2733 746 scita
2783 692 3124 749 destruerent
3171 698 3522 766 :specialiter

1924 793 2072 843 vero,
2101 781 2252 850 quasi
2291 781 2620 851 singulorum
2659 781 2849 836 domos
2879 784 3228 841 divisionibus
3251 787 3520 842 ditorttis-

1925 885 2028 939 que
2071 869 2446 926 dissolverent.
2500 870 2634 926 Nam
2675 880 2732 926 et
2787 873 2955 927 lilium
3005 883 3132 929 tunc
3179 877 3522 948 iutpuguahat

1924 970 2096 1031 pater,
2124 971 2176 1016 ct
2204 961 2343 1016 filius
2369 974 2574 1033 patrem
2599 963 2846 1030 negabat,
2875 975 2928 1019 et
2953 969 3201 1022 maritum
3225 985 3358 1024 uxor
3381 971 3515 1025 ode-

1926 1063 2028 1120 rat,
2059 1064 2115 1108 et
2143 1069 2364 1108 uxorem
2407 1055 2665 1119 maritus;
2699 1054 2818 1109 filia:
2843 1071 3056 1127 quoque
3088 1072 3211 1113 cum
3259 1061 3520 1116 matribus

1924 1145 2291 1212 dissidebant;
2353 1146 2561 1216 cognati
2609 1157 2902 1219 cognatos,
2941 1151 3098 1205 amici
3143 1153 3520 1222 oppugnabant

1922 1236 2163 1291 amicos:
2195 1245 2416 1307 eratque
2452 1252 2548 1307 per
2573 1237 2810 1292 omnium
2846 1239 3038 1295 domos
3066 1242 3272 1296 varium
3305 1243 3440 1298 istud
3462 1254 3518 1300 et

1923 1327 2251 1383 multiforme
2281 1328 2502 1397 bellum,
2532 1330 2859 1400 propinquos
2894 1344 3176 1400 separaris,
3201 1332 3518 1407 dispergens

1921 1420 2150 1487 curiam,
2196 1420 2396 1490 judicia
2425 1423 2750 1478 conturbans
2785 1438 2800 1477 :
2832 1437 2952 1478 cum
2985 1425 3169 1496 utique
3197 1441 3377 1482 mores
3417 1441 3506 1497 pa-

1924 1509 2012 1564 trii
2042 1511 2398 1578 solverentur,
2445 1511 2707 1568 festivitas
2745 1520 2800 1568 et
2827 1514 3036 1568 cultura
3063 1515 3366 1572 dzemonum
3398 1517 3504 1586 pel-

1924 1605 2144 1668 leretur,
2176 1620 2295 1674 quae
2316 1605 2517 1675 antiqui
2547 1605 2921 1676 legumlatores
2939 1607 3022 1662 vel
3051 1607 3102 1661 in
3130 1607 3317 1678 primis
3335 1617 3518 1664 custo-

1921 1694 2118 1749 dienda
2145 1694 2528 1758 decreverant;
2557 1710 2678 1750 cmn
2722 1697 2806 1750 his
2852 1698 3101 1752 omnibus
3137 1699 3299 1753 etiam
3332 1708 3513 1771 tyran-

1923 1783 2061 1839 nidis
2085 1784 2287 1838 odiosaa
2316 1787 2554 1856 suspicio
2595 1787 2829 1856 undique
2880 1787 3108 1843 faciebat
3151 1804 3248 1846 eos
3275 1791 3513 1859 explodi.

1921 1874 2104 1944 Neque
2134 1890 2260 1930 vero
2285 1876 2466 1931 dicere
2495 1876 2759 1946 quispiam
2789 1885 2960 1947 potest
2978 1893 3007 1932 a
3033 1877 3292 1934 Gentibus
3313 1892 3510 1950 quanta

1922 1965 2322 2033 inferebantur,
2369 1983 2398 2022 a
2455 1977 2604 2036 parte
2649 1983 2778 2022 vero
2823 1967 3128 2026 Judzeorum
3174 1972 3411 2025 omnium
3461 1972 3514 2026 in

1927 2056 2107 2124 quiete
2129 2067 2302 2123 erant,
2326 2072 2445 2112 cum
2474 2065 2621 2112 certe
2651 2057 2911 2112 istietiam
2939 2058 3132 2114 suavius
3155 2059 3515 2127 imminerent,

1922 2161 2151 2216 cumque
2177 2157 2231 2202 et
2261 2148 2360 2216 ipsi
2404 2148 2452 2202 ei
2483 2147 2901 2203 destructionem
2945 2149 3076 2219 legis
3119 2150 3512 2220 impingerent:

1923 2233 2046 2290 Non
2071 2237 2203 2289 enim
2231 2245 2410 2304 cessat,
2444 2236 2709 2306 inquiunt,
2741 2237 2947 2306 loquens
2971 2247 3147 2292 contra
3175 2240 3332 2311 legem
3359 2249 3404 2294 et
3436 2240 3513 2293 lo-

1921 2340 2037 2378 cum
2066 2335 2293 2380 sanctum
2321 2327 2456 2397 (Act.
2494 2328 2542 2383 5.
2592 2326 2704 2399 15).
2753 2327 3134 2384 Verumtamen
3162 2331 3396 2401 undique
3426 2333 3510 2386 itt-

1920 2416 2078 2470 vidiae
2134 2416 2254 2486 igne
2292 2432 2583 2482 succenso,
2633 2433 2661 2472 a
2710 2417 2996 2483 domibus,
3050 2421 3119 2474 ab
3156 2420 3406 2489 urbibus,
3447 2423 3516 2476 ab

1919 2506 2082 2576 agris,
2115 2521 2144 2559 a
2172 2507 2476 2574 solitudine,
2505 2523 2534 2561 a
2558 2516 2718 2572 terra,
2756 2521 2786 2561 a
2818 2509 2971 2571 mari,
3000 2523 3029 2561 a
3059 2507 3338 2574 Gentibus,
3366 2526 3394 2563 a
3420 2510 3516 2566 Ju-

1920 2598 2071 2662 dzcis,
2099 2613 2128 2652 a
2162 2600 2511 2668 principibus,
2546 2615 2574 2653 a
2605 2599 2851 2670 plebibus
2877 2601 2918 2664 ί,
2943 2615 2973 2653 a
3003 2601 3238 2670 regibus,
3268 2617 3297 2655 a
3326 2617 3510 2673 regum

1921 2691 2178 2745 minisu-is
2207 2707 2221 2743 :
2253 2706 2375 2745 cum
2405 2706 2591 2747 omnes
2619 2693 2684 2746 ad
2716 2690 3088 2746 crudelitatem
3119 2707 3178 2747 se
3205 2701 3390 2747 mutuo
3417 2709 3509 2747 co-

1919 2781 2281 2848 hortarentur,
2309 2791 2366 2837 et
2389 2797 2574 2837 omnes
2596 2783 2926 2838 ferocissime
2953 2785 3250 2853 saeviusque
3280 2799 3505 2839 consur-

1918 2879 2106 2941 gerent
2145 2888 2159 2926 :
2189 2872 2374 2927 beatus
2393 2879 2569 2926 tamen
2591 2873 2786 2928 Paulus
2807 2876 2863 2929 in
2884 2881 3058 2927 tantos
3081 2874 3230 2943 ignes
3251 2873 3512 2942 insiliens,

1919 2975 2080 3035 atque
2129 2964 2182 3018 in
2227 2964 2405 3019 medio
2447 2964 2631 3019 talium
2673 2965 2918 3034 luporum
2968 2966 3292 3030 consistens,
3319 2980 3511 3034 quam-

1919 3073 2079 3127 quam
2105 3058 2241 3111 ictus
2271 3057 2507 3111 omnium
2536 3057 2824 3128 exciperet,
2850 3075 2955 3114 non
2983 3055 3142 3110 modo
3165 3064 3338 3110 tamen
3357 3055 3511 3110 obru-

1921 3156 2005 3202 tus
2032 3148 2149 3216 ipse
2179 3162 2284 3200 non
2313 3155 2417 3214 est,
2465 3145 2559 3205 sed
2602 3151 2763 3205 etiam
2810 3164 3000 3205 omnes
3053 3144 3174 3200 illos
3209 3145 3263 3199 in
3306 3154 3510 3214 partem

1921 3237 2192 3293 transtulit
2219 3237 2480 3298 veritatis.
2508 3240 2574 3294 Et
2601 3241 2717 3295 haec
2740 3249 2793 3295 et
2821 3241 2920 3294 alia
2948 3250 3163 3310 quoque
3190 3235 3370 3306 praelia
3392 3251 3508 3291 non

1924 3329 2102 3384 minus
2127 3345 2267 3384 sasva
2295 3329 2606 3385 memorabo
2633 3347 2646 3384 :
2681 3337 2740 3384 ut
2783 3329 2911 3384 illud
2934 3323 3076 3400 quod
3117 3343 3147 3383 a
3172 3323 3510 3401 pseudoapo-

1921 3422 2076 3477 stolis
2120 3421 2466 3487 inferebatur,
2519 3421 2766 3491 quodque
2814 3436 2939 3477 eum
2985 3435 3149 3491 super
3189 3420 3368 3476 omnia
3405 3419 3510 3476 alia

1922 3501 2201 3583 torquebat
2227 3553 2244 3578 ,
2288 3513 2702 3568 domesticorum
2748 3513 2924 3581 dolus,
2968 3514 3120 3568 ruina
3159 3513 3459 3570 nutantium
3495 3531 3510 3568 :

1921 3605 2074 3659 multi
2094 3607 2237 3660 enim
2266 3619 2332 3659 ex
2359 3587 2594 3658 fidelium
2618 3619 2843 3659 numero
2868 3604 3201 3666 labebantur.
3225 3604 3319 3660 sed
3340 3605 3506 3659 etiam

1920 3706 2104 3750 contra
2125 3697 2222 3748 ista
2244 3694 2543 3765 praevaluit.
2575 3693 2743 3758 Unde,
2765 3709 2969 3764 quaeso,
2989 3711 3054 3749 ex
3082 3709 3253 3765 quave
3272 3695 3469 3750 virtute
3492 3697 3511 3747 ν

1925 3786 2077 3854 Quia,
2122 3787 2324 3857 inquit,
2357 3803 2498 3840 arma
2535 3797 2708 3841 nostra
2754 3803 2855 3840 non
2883 3786 3131 3854 carnalia,
3162 3787 3252 3840 sed
3288 3788 3512 3857 potentia

1920 3889 2038 3934 sunt
2058 3879 2126 3932 ad
2147 3879 2534 3933 destructionem
2581 3878 2939 3945 munitionum,
2965 3878 3178 3933 consilia
3204 3877 3514 3932 destruentes

1921 3981 1969 4025 et
2007 3987 2205 4025 omnem
2246 3971 2564 4024 altitudinem
2607 3970 2928 4024 «stellantem
2977 3986 3030 4024 se
3058 3969 3302 4023 adversus
3346 3969 3513 4023 scien-

1924 4061 2050 4113 tiam
2081 4059 2174 4113 Dei
2202 4058 2278 4131 (9..
2309 4057 2430 4114 Cor.
2459 4058 2546 4114 10.
2578 4059 2632 4114 4.
2676 4059 2757 4128 5).
2802 4059 3090 4128 Propterea
3133 4059 3294 4128 igitur
3333 4059 3386 4113 in
3425 4058 3511 4112 di-

1922 4165 2134 4206 versum
2161 4151 2340 4205 omnia
2378 4150 2723 4205 vertebantur
2763 4164 2828 4204 ac
2864 4150 3205 4205 mutabantur
3234 4158 3458 4220 repente
3490 4165 3508 4201 :

1920 4257 1985 4296 ac
2014 4242 2151 4297 sicut
2179 4242 2298 4311 igne
2328 4254 2589 4295 succenso
2626 4239 2876 4310 paulatim
2922 4239 3088 4308 spina:
3124 4246 3513 4292 consumuntur

1923 4345 1976 4388 et
2003 4333 2221 4396 cedunt,
2249 4331 2585 4402 ﬂammisque
2611 4341 2949 4400 superantur,
2977 4345 3042 4385 ac
3069 4331 3251 4384 mundi
3280 4329 3514 4385 reddun-

1923 4434 2013 4479 tur
2063 4426 2280 4479 novales
2325 4443 2338 4477 :
2390 4425 2466 4478 sic
2502 4425 2660 4478 etiam
2704 4424 2853 4478 Pauli
2905 4425 3186 4477 insonante
3231 4423 3513 4492 lingua,et

1921 4517 2068 4571 omni
2115 4517 2234 4585 igne
2283 4515 2648 4570 vehementius
2691 4515 2964 4577 irruente,
3012 4513 3274 4567 cedebant
3308 4513 3512 4578 omnia,

1923 4606 2300 4677 fugiebantque
2330 4613 2384 4658 et
2409 4606 2711 4658 daemonum
2752 4605 2948 4666 cultus,
2986 4613 3039 4656 et
3082 4602 3366 4656 celebritas
3396 4617 3513 4655 om-

1923 4699 2026 4762 nis,
2055 4707 2215 4768 atque
2258 4697 2536 4761 festivitas,
2566 4705 2620 4749 ct
2657 4710 2834 4749 mores
2873 4694 3026 4763 patrii
3052 4696 3162 4759 ’,ει
3197 4693 3513 4762 populorum

1922 4792 2149 4856 furores,
2178 4799 2232 4844 et
2254 4799 2599 4859 tyrannorum
2640 4786 2819 4850 minae,
2856 4795 2909 4839 et
2941 4785 3148 4838 insidize
3189 4783 3514 4837 domestico-

1921 4899 2077 4949 rum,
2123 4891 2178 4937 et
2231 4878 2805 4951 pseudoapostolorum
2852 4877 3190 4945 operationcs
3240 4873 3508 4944 malignae.

1922 4972 2034 5028 lmo
2057 4987 2185 5027 vero
2218 4973 2358 5025 sicut
2392 4970 2553 5027 radiis
2588 4969 2717 5024 solis
2745 4967 3041 5021 orientibus
3069 4975 3122 5020 et
3149 4964 3383 5019 tenebrae
3420 4965 3508 5018 fu-

1920 5072 2134 5133 gantur,
2182 5069 2236 5116 et
2271 5061 2396 5114 ferae
2432 5059 2661 5121 latitant,
2707 5054 2982 5124 foveisque
3007 5052 3326 5117 conduntur,
3352 5061 3409 5108 et
3435 5053 3513 5108 la-

1923 5163 2104 5208 trones
2129 5150 2404 5213 recedunt,
2435 5159 2490 5204 et
2515 5145 2798 5202 homicidae
2825 5143 2893 5218 ad
2925 5152 3076 5199 antra
3116 5142 3427 5213 suffugium,
3457 5151 3514 5198 et

1922 5253 2240 5300 amoveatur
2276 5243 2484 5312 piratae,
2527 5247 2582 5294 et
2618 5237 2986 5308 sepulcrorum
3010 5233 3298 5290 violatores
3328 5233 3516 5305 fugane

1923 5346 2028 5400 tur,
2061 5345 2114 5391 et
2139 5332 2366 5388 atlulteri
2411 5339 2467 5386 et
2507 5329 2652 5384 fures
2677 5338 2732 5383 et
2755 5326 3086 5398 perfossores
3108 5325 3389 5380 domorum
3416 5324 3513 5378 de-

1927 5425 2176 5496 prehensi
2205 5439 2234 5476 a
2260 5422 2374 5477 sole
2408 5435 2472 5476 ac
2499 5418 2749 5488 redargui
2788 5415 3150 5487 periclitantes
3189 5416 3408 5478 abeunt,
3436 5427 3515 5468 se-

1923 5534 2027 5588 que
2076 5515 2274 5572 alicubi
2321 5512 2508 5585 procul
2546 5511 2840 5574 occultant,
2879 5507 3165 5578 omniaque
3196 5507 3367 5563 lucida
3397 5505 3513 5561 effl-

1923 5611 2134 5666 ciuntur
2161 5616 2215 5662 et
2240 5605 2408 5671 clara,
2440 5602 2827 5660 illustrantibus
2851 5600 3082 5672 desuper
3106 5599 3267 5656 radiis
3290 5605 3516 5667 terr-sim

1989 5745 2004 5775 ί
2041 5750 2117 5791 Gr.
2143 5740 2296 5805 addit,
2319 5752 2349 5787 a
2371 5747 2602 5805 cognatas.
2737 5794 2767 5805 Α,

1989 5807 2008 5837 ³
2041 5811 2116 5853 Gr.
2138 5802 2283 5852 addit.
2307 5807 2352 5853 et
2370 5799 2529 5866 legunt
2550 5799 2896 5862 carrum.
