4082 6418
631 353 731 407 495

626 465 864 535 pelagus,
890 476 952 518 ac
982 471 1208 527 montes,
1239 459 1397 516 urbes
1437 461 1594 514 simul
1618 471 1776 530 atque
1804 461 2043 530 regiones
2072 477 2084 512 :
2118 460 2199 514 sic

625 564 753 609 tunc
799 553 1171 623 praedicatione
1219 552 1473 621 fulgente,
1513 562 1569 606 et
1617 552 1812 621 ubique
1854 552 2196 620 Evangelium

626 646 1005 700 disseminante
1042 643 1226 706 Paulo,
1261 642 1536 710 fugabattu-
1572 659 1743 709 error,
1786 643 2086 711 veritasque
2125 658 2203 698 re.

629 736 869 798 meabat;
901 733 1091 787 favillze
1117 747 1266 797 vero,
1296 731 1577 803 fumusque
1605 732 1944 802 templorum,
1979 743 2035 797 et
2063 747 2203 803 cym-

628 827 748 881 bala
777 825 977 892 omnia,
1008 834 1064 880 et
1104 833 1373 895 tympana,
1404 833 1458 878 et
1493 824 1797 888 ebrietates,
1848 832 1904 877 et
1945 837 2205 877 comessa-

630 919 824 974 tiones.
851 927 905 971 et
929 926 1132 986 stupra,
1156 926 1210 972 et
1237 916 1515 982 adulteria,
1542 925 1595 969 et
1617 915 1716 968 alia
1739 914 1881 968 dictu
1905 913 2065 980 forda,
2088 930 2204 982 qua:

633 1012 684 1066 in
710 1010 878 1063 sacris
905 1008 1016 1062 suis
1039 1007 1313 1062 celebrare
1340 1013 1745 1070 consueverant,
1777 1004 2110 1071 defecerunt,
2135 1014 2207 1058 at-

631 1117 736 1170 que
765 1107 1075 1168 consumpta
1107 1107 1252 1162 sunt,
1284 1099 1452 1151 instar
1465 1111 1605 1150 cerze
1629 1095 1761 1164 ignis
1778 1109 1973 1164 vapore
1987 1110 2201 1165 pereun-

634 1192 723 1253 tis,
750 1198 804 1244 et
832 1189 1100 1259 palearum
1140 1188 1278 1254 vice,
1315 1202 1433 1257 qua:
1473 1187 1648 1241 subito
1671 1195 2083 1240 concremantur
2118 1188 2203 1240 in-

632 1280 842 1335 cendio.
864 1280 1018 1334 Clara
1039 1295 1164 1335 vero
1185 1280 1323 1333 inter
1343 1278 1456 1333 haac
1474 1278 1708 1332 veritatis
1729 1278 1942 1332 flamma
1961 1279 2208 1348 surgebat

633 1371 1001 1440 resplendens,
1045 1381 1099 1425 et
1146 1371 1316 1440 ipsum
1355 1369 1420 1423 ad
1461 1383 1627 1439 usque
1655 1371 1843 1424 calum
1885 1371 2215 1425 sublimitate

634 1463 1004 1517 conscendens
1042 1462 1109 1516 ah
1147 1463 1212 1516 iis
1255 1462 1585 1531 potissimum
1629 1463 1899 1517 sublevata
1925 1503 1938 1526 ,
1968 1464 2056 1532 qui
2088 1477 2206 1517 eam

636 1552 939 1606 nitebantur
962 1553 1279 1621 opprimere,
1310 1566 1508 1622 perque
1539 1552 1660 1606 illos
1691 1552 1859 1621 magis
1881 1552 2209 1606 incrementa

637 1641 955 1709 suscipiens,
999 1641 1089 1710 qui
1131 1642 1270 1696 illam
1301 1643 1627 1696 exstinctum
1667 1643 1730 1696 iri
1760 1644 2061 1712 cupiebant.
2102 1641 2210 1696 Nec

638 1732 870 1800 pericula
900 1733 1042 1787 enim
1071 1748 1407 1803 progressum
1430 1735 1566 1803 ejus,
1595 1744 1685 1788 aut
1711 1735 1938 1802 impetus
1963 1748 2211 1788 coercere

640 1829 944 1890 potuerunt,
989 1838 1093 1876 non
1127 1823 1364 1892 tyrannis
1393 1824 1636 1893 quaedam
1665 1824 1966 1879 inveterata:
1997 1838 2212 1878 consue-

641 1910 858 1974 tudinis,
888 1924 991 1963 non
1018 1911 1176 1977 patrii
1205 1912 1370 1964 moris
1413 1913 1720 1985 auctoritas,
1763 1928 1868 1967 non
1915 1914 2088 1982 legum
2125 1928 2214 1984 po—

639 2008 824 2065 testas,
855 2013 962 2052 non
991 1999 1080 2053 illa
1123 2000 1236 2069 ipsa
1265 2001 1602 2056 custodiendi
1635 2002 1750 2072 ejus
1777 2004 1917 2073 quod
1958 2003 2215 2072 praedica-

637 2090 795 2144 batur
822 2091 1078 2159 evangelii
1109 2091 1415 2159 diflicultas,
1447 2108 1545 2148 nec
1571 2093 1857 2163 quidquam
1887 2111 2069 2149 eorum
2097 2109 2216 2164 qua:

639 2180 1074 2248 impedimentum
1106 2182 1297 2236 afferre
1343 2194 1583 2252 possunt,
1621 2185 1944 2253 prolicientis
1971 2186 2216 2240 celeriter

638 2271 877 2325 veritatis
903 2287 1115 2325 cursum
1137 2282 1227 2327 aut
1253 2274 1486 2329 incidere
1505 2283 1595 2329 aut
1612 2276 1884 2331 retardare
1907 2285 2211 2345 potuerunt.

639 2362 813 2430 Atque
865 2371 923 2416 ut
970 2373 1223 2433 quantam
1281 2365 1418 2420 istud
1471 2367 1577 2419 vim
1625 2367 1853 2432 habeat,
1899 2384 2212 2438 cognoscas,

639 2452 968 2506 comminare
1017 2453 1310 2518 Gentibus,
1353 2469 1460 2508 non
1499 2455 1619 2510 dico
1677 2458 1945 2526 pericula,
1999 2458 2212 2523 famem,

642 2551 891 2606 mortem,
935 2544 1028 2597 sed
1062 2545 1315 2598 damnum
1361 2546 1578 2616 aliquod
1622 2549 1902 2617 exiguum,
1934 2559 1987 2603 et
2015 2549 2218 2605 videbis

639 2647 733 2687 eos
759 2642 978 2701 repente
1008 2643 1256 2689 mutatos.
1290 2636 1358 2689 At
1387 2651 1492 2690 non
1523 2639 1642 2691 talia
1677 2639 2017 2694 inveniuntur
2041 2651 2096 2695 et
2130 2657 2219 2696 no-

641 2729 775 2789 stra,
805 2724 898 2779 sed
937 2726 1165 2780 concisis
1192 2727 1490 2797 occisisque
1515 2729 1783 2793 omnibus,
1819 2739 1875 2785 et
1900 2730 2098 2800 ubique
2117 2731 2218 2786 im-

640 2816 886 2883 pugnatis
908 2816 1058 2870 vario
1081 2831 1276 2886 genere
1299 2817 1579 2887 bellorum,
1608 2820 1698 2876 illa
1720 2829 1894 2876 tamen
1911 2821 2217 2879 ﬂorentiora

641 2917 856 2973 semper
881 2905 1067 2960 effecta
1088 2915 1229 2962 sunt.

713 2991 874 3047 Error
915 3005 1091 3066 suopte
1133 3007 1258 3051 nutu
1300 2999 1443 3068 perit.
1483 3028 1557 3039 —
1598 3000 1663 3055 Et
1701 3001 1826 3070 quid
1876 3017 1974 3072 ego
2023 3011 2220 3058 nostrae

643 3085 815 3137 atatis
864 3099 1228 3141 commemoro
1269 3088 1492 3157 gentiles
1537 3091 1669 3146 viles
1709 3092 1867 3158 istos,
1908 3101 1960 3147 et
1999 3093 2222 3150 omnino

641 3183 948 3243 contemptu
968 3175 1187 3231 faciles?
1209 3178 1275 3231 Et
1302 3179 1476 3247 potius
1503 3181 1591 3251 qui
1616 3182 1755 3250 apud
1785 3184 1904 3238 illos
1928 3193 2082 3238 erant
2117 3186 2219 3240 ali-

643 3263 856 3332 quando
881 3264 1151 3321 mirabiles
1173 3269 1227 3320 in
1251 3268 1482 3323 medium
1499 3270 1848 3340 proferamus,
1867 3273 2219 3345 philosophia:

644 3354 851 3410 scilicet
889 3353 1093 3410 honore
1137 3357 1459 3423 celebratos,
1510 3359 1808 3428 Platonem,
1837 3363 2216 3434 Pythagoram,

643 3443 943 3513 Diagoram,
975 3447 1372 3503 Clazomenium
1402 3447 1499 3522 (ιι),
1534 3452 1835 3522 multosque
1873 3454 2004 3509 alios
2036 3455 2222 3524 hujus-

644 3534 808 3598 modi,
839 3546 893 3590 et
931 3545 1059 3592 tunc
1093 3537 1308 3593 demum
1347 3542 1664 3610 evangelicae
1693 3543 2084 3611 prtedicationis
2113 3546 2220 3600 vir—

646 3635 811 3681 tutem
845 3627 1112 3695 probabis.
1140 3629 1270 3683 Nam
1303 3639 1422 3699 post
1447 3632 1684 3688 Socratis
1709 3650 1970 3689 venenum
1994 3636 2080 3690 alii
2106 3637 2224 3706 qui-

641 3717 764 3770 dem
785 3716 992 3786 Megara
1018 3719 1397 3788 discesserunt,
1416 3722 1608 3776 similia
1629 3724 1862 3792 patiendi
1884 3734 2058 3791 metu;
2087 3727 2222 3781 alter

644 3815 822 3860 autem
847 3817 903 3862 et
928 3809 1092 3877 patria
1118 3819 1174 3865 et
1211 3810 1452 3866 libertate
1488 3814 1726 3881 privatus
1749 3815 1853 3882 est,
1899 3830 1999 3870 nec
2025 3826 2221 3885 praeter

647 3911 806 3950 unam
883 3899 1160 3954 mulierem
1232 3901 1581 3971 philosophia:
1648 3918 1966 3975 quemquam
2031 3906 2222 3969 studiis

644 3986 979 4055 subjugavit;
1025 3988 1176 4042 Plato
1217 3999 1394 4045 autem
1427 3993 1693 4061 depictam
1734 3994 1789 4049 in
1837 3995 2040 4066 paginis
2065 3994 2226 4049 disci-

704 4097 782 4160 (a)
813 4105 1137 4162 Anaxagoram
1156 4099 1525 4154 clazomenium.

1365 349 1424 407 S.
1464 349 1740 406 JOANNIS
1775 343 2242 406 CllRYSOSTOllIl
2279 343 2599 406 ARCIIIEP.
2639 345 3170 407 CONSTANTINOP.

3780 350 3879 405 (96

2303 462 2501 532 plinam
2547 462 2849 532 relinquens
2893 461 2944 514 in
2986 467 3212 513 mortem
3258 457 3465 514 solutus
3507 469 3614 514 est.
3655 461 3719 515 Et
3746 471 3880 518 certe

2303 552 2434 606 nihil
2460 552 2540 607 eis
2576 560 2702 606 tunc
2725 550 3106 620 impedimento
3130 559 3404 616 erat,mon
3439 551 3759 619 periculum,
3782 569 3880 608 nun

2303 650 2533 712 egestas,
2563 657 2667 694 non
2692 639 2948 707 imperitia
2972 639 3236 693 sermonis
3266 657 3278 692 :
3306 639 3400 693 sed
3419 649 3573 694 erant
3594 650 3650 694 et
3668 640 3882 694 dicendo

2302 739 2571 799 potentes,
2614 739 2668 782 et
2715 729 2905 798 Opibus
2942 727 3243 792 affluentes,
3292 737 3344 782 et
3398 729 3680 783 nobilitate
3712 731 3882 798 patria-

2305 818 2618 887 gloriantes.
2662 817 2858 873 Verum
2906 831 3241 885 nequaquam
3281 817 3526 871 obtinere
3559 830 3882 887 potuerunt;

2306 907 2424 961 talis
2448 916 2533 960 est
2557 907 2699 960 enim
2725 906 2960 962 conditio
2989 908 3188 961 erroris
3214 947 3229 973 ,
3262 907 3422 962 etiam
3449 910 3598 962 nullo
3628 909 3728 962 sibi
3750 909 3883 963 obsi-

2306 1006 2478 1053 stente
2505 1001 2860 1064 consenescit,
2888 1013 2950 1052 ac
2989 997 3176 1052 defluit
3204 1015 3219 1053 :
3265 996 3384 1052 talis
3419 1010 3599 1060 autem
3630 1015 3661 1053 e
3687 1002 3888 1055 diverso

2307 1088 2546 1142 veritatis
2584 1097 2774 1153 status,
2807 1089 2966 1144 etiam
3007 1089 3187 1142 multis
3213 1089 3652 1158 impugnantibus
3676 1091 3889 1143 suscita-

2308 1188 2394 1234 tur
2417 1188 2471 1234 et
2495 1181 2708 1234 crescit.
2741 1180 2867 1235 Herc
2897 1189 3071 1234 autem
3108 1181 3179 1233 ita
3204 1195 3322 1234 esse
3351 1181 3550 1234 veritas
3581 1195 3762 1234 rerum
3785 1183 3890 1250 ipsa

2308 1272 2622 1340 proclamat,
2643 1270 2879 1338 nihilque
2901 1271 2987 1323 hic
3006 1285 3139 1338 opus
3160 1278 3242 1324 est
3261 1269 3560 1324 assertione
3588 1269 3889 1335 verborum,

2308 1375 2428 1415 eum
2475 1374 2661 1414 vocem
2717 1360 3113 1429 quodammodo
3180 1369 3323 1414 totus
3378 1360 3615 1429 undique
3673 1360 3898 1415 mundus

2311 1454 2539 1517 emittat,
2569 1453 2729 1506 urbes
2757 1451 2980 1518 scilicet,
3011 1459 3066 1505 et
3092 1451 3227 1520 agri,
3259 1459 3314 1506 et
3340 1460 3519 1515 terrae,
3549 1463 3604 1506 et
3635 1453 3821 1515 maria,
3848 1461 3900 1506 et

2311 1544 2425 1597 loca
2451 1543 2590 1597 culta
2618 1549 2777 1608 atque
2807 1540 3040 1606 deserta,
3072 1540 3201 1610 ipsa:
3221 1556 3430 1611 quoque
3455 1543 3619 1596 etiam
3643 1541 3899 1595 montium

2311 1633 2666 1686 summitates.
2717 1630 2901 1700 Neque
2941 1631 3082 1685 enim
3131 1631 3470 1686 solitudinem
3523 1631 3779 1685 beneficii
3823 1632 3900 1684 sui

2313 1721 2526 1791 reliquit
2557 1730 2848 1786 exsortem,
2880 1719 2974 1774 sed
3017 1721 3182 1788 ipsam
3215 1720 3444 1774 maxime
3482 1721 3569 1786 iis,
3599 1737 3721 1789 quae
3755 1721 3902 1774 nobis

2313 1814 2382 1869 de
2432 1814 2564 1867 cmlo
2609 1813 2831 1865 veniens
2869 1812 3081 1877 detulit,
3128 1813 3279 1866 bonis
3330 1812 3587 1881 replevit,
3621 1827 3721 1881 per
3760 1812 3901 1864 Pauli

2315 1903 2579 1972 prtecipue
2609 1902 2860 1971 linguam,
2892 1917 3090 1971 perque
3117 1902 3280 1967 illam,
3311 1918 3465 1970 quam
3490 1903 3542 1955 in
3578 1903 3754 1971 ipsum
3781 1917 3902 1955 con-

2319 1993 2457 2058 tulit,
2487 1991 2733 2061 gratiam.
2772 1991 2903 2057 Quia
2933 1992 3075 2044 enim
3116 1990 3327 2059 dignam
3353 1991 3439 2043 tali
3479 1990 3626 2043 dono
3669 1989 3902 2044 devotio-

2317 2096 2438 2135 nem
2461 2080 2701 2150 gerebat,
2735 2081 2948 2149 copiosa
2986 2079 3038 2132 in
3067 2079 3156 2132 illo
3184 2080 3342 2133 etiam
3385 2080 3556 2148 gratia
3583 2079 3903 2142 coruscavit,

2317 2173 2650 2243 plurimaque
2694 2172 2916 2234 horum,
2963 2186 3081 2241 qum
3127 2171 3401 2240 hucusque
3442 2172 3861 2224 memoravimus
3891 2210 3903 2226 .

2318 2264 2482 2334 ipsius
2507 2279 2601 2318 ore
2627 2278 2690 2317 ac
2709 2277 2955 2317 sermone
2979 2263 3240 2331 completa
3267 2269 3408 2316 sunt.

2393 2378 2557 2432 Paulo
2585 2376 2772 2431 similes
2798 2393 2902 2430 esse
2932 2375 3575 2444 possumus.-—Quoniam
3621 2375 3783 2443 igitur
3829 2374 3892 2426 ita

2318 2481 2487 2537 genus
2517 2477 2756 2522 noswum
2790 2464 3087 2518 nobilitavit
3129 2465 3268 2518 Deus
3291 2505 3306 2528 ,
3357 2473 3416 2517 ut
3445 2480 3609 2518 unum
3641 2463 3905 2517 hominem

2318 2558 2626 2627 dignaretur
2649 2565 2913 2610 tantorum
2935 2570 3150 2608 causam
3179 2553 3350 2608 facere
3372 2555 3658 2617 bonorum,
3693 2554 3904 2609 studea-

2320 2661 2439 2701 mus
2465 2653 2520 2699 et
2544 2659 2643 2697 nos
2685 2644 2800 2713 ejus
2847 2644 3048 2697 similes
3087 2644 3329 2697 inveniri.
3374 2643 3557 2711 Neque
3600 2659 3732 2696 vero
3777 2642 3907 2697 istud

2321 2733 2650 2804 impossibile
2680 2741 2961 2802 putemus:
2985 2732 3234 2802 quoniam
3255 2773 3271 2798 ,
3299 2741 3357 2785 ut
3385 2746 3528 2800 saape
3556 2731 3668 2785 dixi
3695 2743 3748 2786 et
3778 2746 3908 2785 nunc

2323 2825 2594 2879 inculcare
2632 2837 2737 2878 non
2783 2837 2970 2887 cesso,
3021 2823 3121 2876 tale
3165 2823 3272 2887 illi,
3315 2823 3469 2893 quale
3513 2824 3679 2876 etiam
3725 2822 3906 2884 nobis,

2320 2928 2516 2984 corpus
2544 2913 2661 2979 fuit,
2693 2914 2809 2968 talis
2834 2914 3030 2978 anima,
3057 2915 3187 2967 tales
3210 2914 3336 2980 cibi,
3368 2913 3460 2966 sed
3489 2914 3746 2968 voluntas
3772 2915 3822 2967 in
3849 2929 3910 2968 co

2322 3005 2582 3062 mirabilis
2605 3047 2621 3069 ,
2667 3013 2719 3059 et
2747 3004 2998 3072 praeclara
3043 3004 3289 3068 devotio,
3334 3014 3389 3058 et
3420 3003 3556 3057 istud
3587 3014 3676 3057 est
3703 3018 3911 3073 prorsus

2323 3097 2464 3154 unde
2488 3097 2574 3152 ille
2603 3096 2721 3151 talis
2747 3096 2966 3150 effectus
2990 3104 3090 3149 est.
3119 3094 3284 3149 Nemo
3305 3095 3469 3164 igitur
3499 3093 3733 3158 diflidat,
3760 3110 3910 3149 nemo

2324 3190 2610 3259 desperet:
2634 3189 2675 3242 si
2708 3186 2946 3241 intendas
2971 3187 3206 3239 animum
3235 3194 3288 3239 et
3322 3199 3620 3252 praepares,
3654 3186 3793 3238 nihil
3829 3191 3905 3238 est

2324 3283 2465 3353 quod
2498 3290 2550 3335 te
2575 3280 2643 3335 ab
2671 3278 2908 3348 ejusdem
2937 3277 3121 3347 gratim
3157 3275 3328 3347 possit
3365 3274 3644 3343 prohibere
3679 3275 3912 3364 muneri-

2324 3372 2425 3427 bus
2453 3388 2466 3423 :
2491 3384 2595 3424 non
2625 3377 2708 3424 est
2739 3366 2881 3422 enim
2912 3380 3259 3435 persunarmn
3291 3372 3542 3432 acceptor
3571 3364 3741 3419 Deus.
3776 3364 3911 3418 Idem

2325 3463 2475 3517 illum
2488 3462 2653 3529 'teque
2680 3457 2927 3512 formavit
2950 3474 2964 3510 :
2989 3466 3043 3510 et
3065 3455 3510 3525 quemadmodum
3540 3455 3707 3520 illius,
3738 3455 3808 3508 ita
3831 3464 3907 3507 cst

2327 3556 2488 3610 etiam
2517 3563 2640 3607 tuus
2665 3551 2834 3615 Deus;
2877 3563 2941 3603 ac
2969 3549 3104 3602 sicut
3132 3547 3279 3602 illum
3318 3545 3510 3600 merito
3548 3545 3819 3610 laudavit,
3848 3545 3913 3598 ita

2325 3649 2485 3704 etiam
2513 3647 2604 3701 tibi
2620 3644 2774 3700 otl'ert
2787 3656 3060 3697 coronam.
3083 3638 3454 3708 Spondeamus
3481 3638 3640 3708 igitur
3663 3648 3905 3692 nosmet-

2326 3740 2471 3808 ipsos
2497 3737 2629 3800 Deo,
2659 3745 2818 3804 atque
2843 3731 3183 3797 mundemus,
3214 3739 3274 3783 ut
3304 3743 3402 3781 nos
3427 3743 3639 3798 quoque
3670 3727 3917 3783 eamdem

2328 3828 2550 3900 gratiam
2590 3831 2979 3893 consequentes
3001 3861 3017 3887 ,
3048 3819 3237 3874 eadem
3266 3818 3432 3872 etiam"
3459 3817 3674 3886 prtcmia
3722 3818 3912 3872 sortia-

2329 3933 2469 3983 mur,
2489 3916 2658 3986 gratia
2677 3923 2732 3968 et
2750 3911 3114 3967 misericordia
3131 3908 3340 3964 Domini
3363 3911 3528 3962 nostri
3551 3908 3676 3962 Jesu
3693 3908 3912 3971 Christi,

2328 4006 2416 4062 cui
2456 4014 2540 4061 est
2577 4004 2743 4076 gloria
2788 4011 2843 4058 et
2893 4002 3175 4072 imperium
3229 3999 3280 4054 in
3329 3999 3524 4053 sazeula
3573 4000 3910 4053 SiEClllOl'Ilm.

2331 4099 2526 4154 Amen.

653 4215 3912 4241 __________________________________________________________

1491 4324 1630 4396 DE
1683 4324 2220 4398 LAUDIBUS
2278 4324 2668 4398 SANCTI
2717 4322 3039 4394 PAULI

2108 4499 2430 4546 Διόετοιι.

1988 4648 2217 4664 ἠ

1280 4773 1496 4815 ΠοιηιιΑ
1535 4777 1590 4816 ν.

718 4843 820 4903 libi
869 4862 1009 4903 nunc
1058 4847 1132 4903 illi
1172 4860 1333 4917 sunt,
1377 4852 1465 4921 qui
1514 4852 1738 4922 querulo
1782 4867 1993 4923 semper
2045 4853 2224 4908 animo

645 4942 871 4989 mortem
913 4939 1117 4992 causari
1164 4940 1368 5006 solent,
1412 4949 1466 4995 et
1505 4942 1844 5012 corruptibile
1884 4943 1986 4997 hoc
2029 4957 2224 5011 corpus

646 5035 805 5096 atque
843 5028 1092 5095 passibile
1140 5031 1518 5100 impedimento
1560 5034 1658 5087 sibi
1703 5049 1823 5089 esse
1865 5035 1930 5089 ad
1976 5036 2223 5089 virtutem

651 5114 876 5182 putant?
900 5117 1132 5171 Audiant
1157 5117 1303 5172 Pauli
1332 5119 1467 5173 facta
1497 5124 1749 5189 prmclara
1771 5163 1787 5188 ,
1819 5124 1961 5178 etab
2001 5124 2098 5178 hac
2125 5124 2222 5178 ob—

647 5207 958 5261 trectatione
983 5207 1360 5277 malignissima
1389 5213 1789 5279 conquiescant.
1805 5213 1938 5280 Quid
1959 5215 2100 5268 enim
2121 5214 2223 5268 hu-

649 5311 808 5350 mano
837 5301 1014 5366 generi
1055 5315 1201 5355 mors
1232 5302 1448 5356 nocuit?
1492 5303 1615 5372 quid
1663 5320 1788 5360 vero
1815 5306 2058 5359 virtutem
2103 5321 2226 5361 cor-

649 5389 822 5457 ruptio
850 5390 1091 5459 corporis
1119 5393 1436 5461 impedivit?
1463 5393 1753 5450 Considera
1783 5395 1955 5466 itaque
1980 5396 2220 5464 Paulum,

647 5485 702 5531 et
727 5477 962 5546 videbis,
993 5483 1113 5551 quia
1150 5484 1300 5538 nobis
1327 5485 1486 5540 etiam
1529 5487 1594 5541 ad
1639 5488 1919 5541 maximam
1949 5489 2224 5545 utilitatem

654 5568 890 5637 proticiet
918 5571 1016 5625 ista
1046 5575 1360 5630 mortalitas.
1406 5578 1500 5632 llic
1528 5573 1668 5632 enim
1701 5580 1799 5633 nisi
1831 5581 2070 5635 mortalis
2100 5581 2226 5637 fuis-

655 5667 760 5724 set,
791 5674 1114 5734 nequaquam
1147 5664 1322 5720 dicere
1365 5669 1653 5735 potuisset,
1705 5669 1872 5737 magis
1916 5681 2091 5723 autem
2134 5686 2226 5725 ne-

652 5753 851 5820 quisset
875 5749 1174 5825 ostendere,
1195 5756 1336 5828 quod
1363 5759 1526 5828 ipsius
1550 5760 1798 5831 operibus
1828 5770 1907 5816 est
1932 5761 2181 5832 loquutus
2209 5781 2221 5817 :

2340 4643 2562 4657 —_

2337 4760 2589 4831 quoniam
2613 4757 2849 4822 Quotidie
2887 4757 3073 4811 morior
3101 4771 3193 4826 pro
3210 4764 3371 4809 vestra
3387 4754 3570 4825 gloria,
3587 4768 3740 4823 quant
3751 4749 3906 4805 habeo

2325 4850 2381 4905 in
2408 4850 2608 4904 Christo
2644 4848 2771 4902 Iesu
2806 4849 2883 4917 (l.
2911 4847 3029 4903 Cor.
3070 4847 3157 4902 15.
3198 4845 3314 4916 3t).
3344 4845 3550 4914 Ubique
3593 4846 3738 4899 enim
3767 4843 3914 4898 nobis

2329 4944 2620 4999 intentione
2659 4940 2822 4995 animi
2862 4955 2925 4995 ac
2971 4948 3211 5008 prompta
3257 4951 3391 5007 opus
3431 4945 3516 4992 est
3555 4936 3911 4991 voluntate‘:

2331 5049 2450 5104 qua:
2476 5034 2521 5087 si
2551 5032 2796 5088 atl‘ucrint
2818 5073 2832 5097 ,
2862 5033 2995 5087 nihil
3023 5030 3125 5086 erit
3153 5030 3293 5100 quod
3343 5045 3442 5084 nos
3470 5031 3640 5100 possit
3667 5046 3696 5085 a
3726 5030 3915 5083 virtute

2333 5123 2617 5192 prohibere
2636 5164 2651 5188 ,
2684 5123 2820 5179 sicut
2849 5123 3096 5194 superior
3121 5122 3228 5192 jam
3255 5137 3434 5178 sermo
3459 5129 3787 5177 memoratus
3813 5129 3909 5174 est.

2330 5213 2519 5268 Nonne
2565 5224 2681 5268 erat
2719 5214 2820 5268 iste
2868 5212 3145 5267 mortalis?
3189 5229 3365 5267 nonne
3412 5212 3698 5283 ignobilis?
3744 5224 3913 5266 nonne

2333 5320 2564 5375 pauper,
2593 5312 2647 5358 et
2669 5304 2974 5373 quotidiano
3001 5318 3164 5373 Opere
3206 5305 3406 5358 victum
3432 5301 3719 5372 qutcrens?
3742 5315 3914 5357 nonne

2333 5378 2529 5465 corpus
2555 5395 2737 5449 habuit
2766 5397 2970 5451 cunctis
2998 5407 3199 5450 natura:
3229 5395 3634 5450 necessitatibus
3663 5395 3912 5464 subjuga-

2335 5488 2482 5542 tum?
2509 5487 2647 5554 Quid
2668 5501 2794 5556 ergo
2815 5501 2937 5540 eum
2959 5488 3124 5542 vetuit
3145 5487 3270 5552 illis,
3298 5487 3488 5555 quibus
3514 5485 3711 5549 ﬂoruit,
3735 5485 3912 5554 splen-

2333 5578 2463 5634 dere
2489 5577 2807 5633 virtutibus?
2839 5577 3080 5633 Profecto
3116 5578 3266 5633 nihil.
3311 5577 3499 5632 Nullus
3537 5590 3666 5646 ergo
3696 5582 3912 5629 intereat

2401 5704 2416 5734 ι
2447 5705 2517 5769 ln_
2536 5704 2721 5769 Gnaeo,
2749 5713 2812 5769 et_
2833 5718 2926 5752 non
2960 5714 3027 5755 est
3057 5706 3444 5769 innwdimcntum
3462 5745 3473 5767 ,
3500 5707 3549 5756 in
3575 5706 3750 5768 primis
3773 5707 3900 5760 orat-

2332 5765 2468 5815 nibus
2491 5765 2640 5830 fuisse
2663 5765 2955 5815 constitutus.
