4082 6420
208 489 281 525 τα
308 467 538 537 πελάγη,
569 465 637 519 τὰ
667 466 788 537 ὄρη,
822 465 920 529 τὰς
954 466 1158 538 χώρας,
1184 465 1285 529 τάς
1316 466 1495 530 πόλεις
1517 482 1531 499 ο
1565 465 1708 521 οῦτω
1726 465 1790 537 δὴ

206 560 308 622 καὶ
344 560 466 612 τότε
501 557 594 611 τοῦ
628 556 978 629 κηρύγματος
1010 557 1287 627 φανέντος,
1323 559 1417 611 καὶ
1446 556 1541 611 τοῦ
1574 557 1790 611 Παύλου

207 650 491 720 πανταχοῦ
520 650 679 704 τοῦτο
716 651 1142 720 διασπείροντος,
1172 650 1436 725 ἠλαύνετο
1464 650 1565 717 μὲν
1597 650 1630 721 ἡ
1658 650 1794 705 πλά-

206 761 299 813 νη,
346 741 571 811 ἐπανῄει
612 742 672 795 δὲ
717 743 752 811 ἡ
796 741 1043 811 ἀλήθεια,
1082 739 1298 800 κνίσσαι
1338 741 1394 793 δὲ
1438 741 1532 795 καὶ
1564 741 1790 809 καπνὸς,

207 833 307 886 καὶ
353 832 607 901 κύμϐαλα
651 832 745 885 καὶ
784 830 1063 901 τύμπανα,
1102 831 1198 884 καὶ
1249 831 1413 902 μέθαι
1448 832 1543 886 καὶ
1590 832 1788 902 κῶμοι,

208 924 311 976 καὶ
350 926 617 993 πορνεῖαι.
646 924 734 978 καὶ
776 926 1031 994 μοιχεῖαι,
1066 924 1161 976 καὶ
1196 922 1269 975 τὰ
1298 922 1454 985 ἄλλα,
1486 922 1521 977 ἃ
1554 923 1688 993 μηδὲ
1714 926 1792 977 εί-

206 1016 337 1066 πετν
369 1014 551 1077 καλὸν,
583 1015 652 1066 τά
676 1016 733 1066 ἐν
760 1017 873 1076 τοῖς
908 1015 1073 1085 ίεροτς
1098 1012 1207 1065 τῶν
1236 1012 1471 1067 εἰδώλων
1497 1014 1791 1084 τελούμενα

205 1101 374 1171 ἔληγε
426 1103 518 1155 καὶ
570 1102 896 1165 ἐδαπανᾶτο,
938 1103 1189 1175 καθάπερ
1229 1105 1400 1173 κηρὸς
1443 1104 1547 1157 ὐπὸ
1598 1104 1787 1174 πυρὸς,

207 1194 509 1261 τηκόμενα,
536 1191 789 1261 καθάπερ
816 1191 1014 1262 ἄχυρα,
1048 1193 1150 1245 ὐπὸ
1177 1193 1373 1261 φλογὸς
1395 1192 1758 1262 δαπανώμενα
1777 1211 1789 1226 ·

208 1283 243 1350 ἡ
291 1282 347 1334 δὲ
379 1282 609 1351 λαμπρὰ
641 1282 739 1352 τῆς
779 1283 1034 1351 ἀληθείας
1078 1283 1211 1352 φλὸξ
1253 1284 1405 1355 ἀνῄει
1452 1284 1651 1355 φαιδρὰ
1696 1284 1792 1337 καὶ

208 1372 392 1441 ὑψηλὴ
434 1371 571 1440 πρὸς
611 1373 773 1425 αὐτὸν
818 1374 908 1425 τὸν
947 1373 1194 1443 οὐρανὸν,
1226 1374 1317 1426 ὐπ’
1337 1374 1516 1427 αὐτῶν
1546 1372 1653 1427 τῶν
1681 1391 1792 1427 κω-

206 1461 445 1515 λυόντων
488 1464 774 1533 αίρομένη,
804 1465 897 1525 καὶ
929 1464 1015 1522 διὰ
1046 1464 1155 1516 τῶν
1188 1464 1587 1535 ἐμποδιζόντων
1628 1464 1795 1530 αὐξα-

209 1552 443 1623 νομένη’
480 1554 573 1605 καὶ
616 1554 735 1607 οὐδὲ
769 1554 1014 1617 κίνδυνος
1042 1556 1255 1627 ἐπεῖχεν
1288 1556 1460 1623 αὐτῆς
1486 1555 1586 1623 τὴν
1620 1554 1791 1625 φοράν

211 1646 307 1697 καὶ
326 1644 424 1714 τὴν
454 1644 517 1714 ρύ
526 1661 632 1713 μην
652 1645 750 1713 τὴν
778 1644 1101 1708 ἀκάθεκτον,
1129 1645 1191 1696 οὐ
1221 1643 1510 1712 συνηθείας
1536 1644 1791 1714 τυραννὶς

210 1735 601 1803 παλαιοτάτης,
627 1734 687 1786 οὐ
716 1735 959 1804 πατρίων
989 1734 1127 1787 ἐθῶν
1171 1735 1265 1787 καὶ
1313 1734 1494 1804 νόμων
1529 1735 1699 1805 ἰσχὺς,
1730 1737 1792 1789 οὐ

208 1825 272 1877 τὸ
315 1824 413 1893 τῆς
456 1824 800 1887 διδασκαλίας
843 1824 950 1875 τῶν
997 1824 1177 1893 νόμων
1207 1824 1665 1894 δυσπαράδεκτον,
1694 1825 1795 1878 οὐκ

209 1916 341 1968 ἄλλο
390 1914 498 1966 τῶν
554 1911 704 1983 1499]
756 1914 1059 1983 εἰρημένων
1116 1911 1291 1964 οὐδέν.
1321 1914 1430 1966 Καὶ
1482 1914 1569 1965 ἵνα
1618 1913 1795 1984 μάθῃς

208 2006 400 2076 ἡλίκον
427 2003 587 2057 τοῦτό
613 2007 778 2066 ἐστιν,
809 2004 1101 2074 ἀπείλησον
1123 2006 1236 2066 τοῖς
1257 2002 1534 2074 Ἕλλησιν,
1558 2003 1620 2055 οὐ
1651 2003 1796 2071 λέγω

212 2096 494 2158 κινδύνους
519 2096 611 2149 καὶ
635 2094 897 2151 θανάτους
923 2096 1017 2147 καὶ
1038 2094 1214 2163 λιμὸν,
1244 2094 1360 2147 ἀλλ’
1380 2095 1568 2163 ὀλίγην
1594 2094 1795 2164 ζημίαν

210 2186 533 2256 χρημάτων,
568 2186 661 2240 καὶ
706 2184 826 2253 ὄψει
868 2183 1371 2254 μεταϐαλλομένους
1414 2183 1794 2246 εὐθέως.“Αλλ⁹

210 2266 273 2330 οὐ
302 2276 373 2328 τά
411 2277 656 2346 ἡμέτερα
692 2275 935 2339 τοιαῦτα,
965 2274 1099 2327 ἀλλὰ
1132 2274 1799 2344 πάντωνικατακοπτομέ-

212 2386 321 2421 νων
354 2366 449 2420 καὶ
482 2366 853 2436 σφαζομένων,
885 2366 981 2419 καὶ
1028 2365 1304 2436 πανταχοῦ
1351 2366 1795 2437 πολεμουμένων,

210 2457 309 2509 καὶ
348 2456 610 2520 ποικίλοις
650 2456 873 2528 τρόποις
919 2454 1189 2526 πολέμων,
1238 2455 1576 2528 ἀνθηρότερα
1623 2455 1798 2510 ταῦτα

210 2545 443 2612 ἐγίνετο.

286 2634 400 2686 Καὶ
447 2633 499 2686 τί
543 2633 687 2701 λέγω
732 2633 858 2697 τούς
909 2634 1184 2704 παρόντας
1208 2633 1475 2705 Ἕλληνας
1526 2636 1641 2700 νῦν,
1672 2636 1799 2701 τοὺς

209 2724 453 2787 εὐτελεῖς
476 2724 570 2777 καὶ
595 2724 1099 2795 εὐκαταφρονήτους
1120 2741 1134 2789 ς
1159 2726 1287 2787 τούς
1306 2726 1428 2778 τότε
1450 2725 1798 2796 θαυμαστοὺς

209 2815 629 2885 παραγάγωμεν
657 2817 736 2877 εἰς
775 2814 958 2885 μέσον,
992 2817 1116 2877 τοὺς
1160 2817 1253 2869 ἐπὶ
1282 2816 1570 2888 φιλοσοφία
1602 2818 1800 2889 βεϐοην-

213 2905 436 2975 μένους,
459 2904 553 2957 τὸν
588 2904 871 2970 Πλάτωνα,
896 2906 987 2960 τὸν
1017 2906 1323 2977 Διαγόρανει
1342 2944 1356 2971 ,
1384 2907 1474 2961 τὸν
1512 2908 1800 2979 Κλαζομέ-

207 2986 352 3059 νιον,
388 2994 485 3048 καὶ
513 2996 734 3067 ἑτέρους
768 2997 997 3059 πολλοὺς
1042 2997 1339 3064 τοιούτους,
1376 3000 1471 3051 καὶ
1514 2998 1634 3067 ὄψει
1677 3000 1799 3052 τότε

209 3088 312 3142 τοῦ
342 3086 697 3159 κηρύγματος
722 3088 821 3154 τὴν
846 3087 1020 3158 ἰσχύν.
1048 3090 1202 3143 Μετὰ
1232 3089 1340 3161 γὰρ
1369 3091 1430 3143 τὸ
1456 3090 1679 3145 κώνειον
1706 3092 1799 3144 τοῦ

211 3180 562 3250 Σωκράτους,
593 3180 642 3231 οἱ
679 3178 779 3249 μὲν
818 3180 899 3243 είς
941 3182 1171 3252 Μέγαρα
1207 3182 1469 3252 ἀπῆλθον,
1504 3182 1802 3247 δεδοικότες

216 3272 297 3342 μὴ
317 3273 387 3324 τά
408 3272 548 3325 αὐτά
576 3270 823 3324 πάθωσιν
845 3287 859 3299 ·
884 3272 936 3324 οἰ
958 3272 1014 3324 δὲ
1040 3275 1133 3326 καὶ
1165 3276 1265 3345 τῆς
1296 3274 1553 3344 πατρίδος
1584 3274 1679 3327 καὶ
1702 3276 1801 3345 τῆς

214 3363 527 3435 ἐλευθερίας
563 3364 841 3434 ἐξέπεσον,
879 3365 971 3417 καὶ⁸
1006 3364 1145 3435 πλὴν
1182 3366 1312 3434 μιᾶς
1346 3368 1619 3433 γυναικὸς,
1650 3367 1798 3421 οὐδε-

213 3456 308 3518 νὸς
356 3456 546 3525 ἐτέρου
607 3456 1019 3527 περιεγένοντω
1069 3459 1099 3509 6
1146 3458 1203 3510 δὲ
1243 3455 1539 3521 Κιττιεύςδ
1582 3460 1640 3511 ἐν
1686 3462 1798 3521 τοῖς

211 3543 538 3615 γράμμασιν
562 3545 723 3614 ἀφεὶς
751 3543 849 3615 τὴν
875 3545 1170 3607 πολιτείαν,
1196 3545 1338 3598 οὕτω
1358 3546 1637 3599 κατέλυσε.
1664 3548 1799 3600 Καί-

279 3723 309 3786 ξι
333 3722 480 3786 ξονὶι.
508 3722 558 3771 in
575 3734 729 3785 marg.
754 3723 835 3772 τὸν
854 3724 1150 3786 Πυθαγόραν.

277 3783 309 3823 δ
332 3783 539 3834 Ciuieus
580 3791 659 3833 est.
680 3783 831 3836 Zeno.
876 3783 1095 3836 Anianus
1114 3788 1279 3835 autem
1319 3784 1577 3843 Platonem
1610 3784 1801 3835 inlelli-

212 3844 384 3923 gebat.

1058 348 1147 405 DE
1182 349 1533 420 LAUDIBUS
1567 352 1624 407 S.
1665 354 1871 406 PAULI
1913 357 2278 417 APOSTOLI.
2322 362 2559 420 HOMIL.
2619 366 2685 422 ν.

3358 356 3523 415 ιοο·

1889 483 1972 521 τοι
2003 465 2154 521 οὐδὲν
2179 461 2249 539 ἦν
2273 467 2393 522 τότε
2417 466 2479 519 τὸ
2503 466 2811 537 ἐμποδίζον,
2840 466 2901 520 οὐ
2924 468 3183 537 κίνδυνος,
3204 467 3303 521 οὐκ
3325 468 3471 524 ἰδιω-

1890 556 2031 624 τεία,
2061 558 2197 613 ἀλλά
2245 558 2339 623 καὶ
2390 558 2551 612 δεινοὶ
2601 558 2779 627 λέγειν
2822 554 2985 629 ἦσαν,
3030 560 3124 613 καὶ
3172 558 3474 630 χρημάτων

1890 649 2184 721 εὐπόρουν,
2217 650 2315 704 καὶ
2364 650 2465 720 τῆς
2507 650 2658 721 παρὰ
2702 650 2839 708 πᾶσι
2892 649 3179 720 βοωμένης
3219 648 3474 720 πατρίδος

1889 742 2186 813 ἐτύγχανον
2214 742 2367 807 ὄντες
2388 758 2403 771 ·
2433 741 2549 795 ἀλλ’
2581 740 2735 795 οὐδὲν
2769 742 2971 809 ἴσχυον.
2999 738 3250 793 Τοιοῦτον
3292 739 3401 809 γὰρ
3437 741 3473 809 ἡ

1891 834 2090 905 πλάνη,
2121 833 2216 888 καὶ
2252 833 2478 905 μηδενὸς
2506 830 2876 903 ἐνοχλοῦντος,
2905 831 3171 902 καταρρεῖ
3192 847 3206 863 ο
3235 830 3475 884 τοιοῦτον

1890 926 1925 995 ἠ
1973 907 2218 995 ἀλήθεια,
2256 926 2353 979 καὶ
2408 921 2619 976 πολλῶν
2670 922 3074 991 πολεμούντων,
3127 920 3473 994 διεγείρεται.

1891 1015 2003 1073 Καὶ
2038 1014 2213 1069 ταῦτα
2243 1015 2382 1086 αὐτὴ
2410 1016 2445 1085 ἡ
2471 1013 2581 1068 τῶν
2614 1012 2957 1085 πραγμάτων
2983 1010 3208 1082 ἀλήθεια
3250 1011 3477 1081 Boiam!

1891 1106 2041 1160 οὐδὲν
2066 1106 2147 1159 δεῖ
2174 1098 2375 1173 λόγων,
2408 1104 2530 1158 οὐδὲ
2550 1105 2833 1175 ῥημάτων,
2863 1104 2963 1173 τῆς
2991 1101 3314 1171 οἰκουμένης
3336 1102 3476 1155 πάν-

1892 1196 2046 1251 τοθεν
2080 1194 2265 1264 φωνὴν
2292 1193 2566 1264 ἀφιείσης,
2600 1191 2711 1247 τῶν
2742 1190 2970 1253 πόλεων,
3009 1190 3118 1243 τῶν
3142 1188 3349 1261 ἀγρῶν,
3378 1190 3479 1258 τῆς

1891 1288 2015 1358 γῆς,
2046 1288 2147 1357 τῆς
2193 1285 2483 1356 θαλάττης,
2515 1285 2613 1354 τῆς
2658 1284 3011 1355 οἰκουμένης.
3052 1282 3154 1352 τῆς
3199 1282 3475 1351 ἀοικήτουν

1891 1382 2000 1435 τῶν
2028 1381 2088 1434 ἐν
2114 1382 2234 1443 ταῖς
2269 1378 2622 1450 ἀκρωρείαις.
2651 1376 2787 1429 Οὐδὲ
2820 1376 2929 1446 γὰρ
2982 1374 3077 1446 τὴν
3122 1374 3327 1445 ἔρημον
3373 1374 3481 1441 ἀφ-

1892 1473 2027 1541 ῆκεν
2058 1471 2285 1541 ἄμοιρον
2314 1469 2411 1539 τῆς
2440 1466 2761 1537 εὐεργεσίας
2808 1464 2997 1529 αὐτοῦ,
3027 1464 3162 1517 ἀλλὰ
3196 1464 3287 1516 καὶ
3312 1463 3481 1535 αὐτὴν

1898 1564 2131 1634 μάλιστα
2165 1560 2479 1632 ἐνέπλησεν,
2513 1553 2589 1613 ὧν
2620 1560 2683 1611 ἐκ
2714 1557 2809 1611 τοῦ
2850 1558 3079 1628 οὐρανοῦ
3112 1557 3292 1625 φέρων
3316 1550 3481 1625 ἦλθεν

1897 1659 2030 1727 ἡμῖν
2064 1654 2303 1722 ἀγαθῶν,
2332 1654 2423 1707 διὰ
2456 1655 2556 1722 τῆς
2586 1650 2801 1704 Παύλου
2834 1648 3103 1718 γλώττης,
3132 1647 3220 1699 διὰ
3248 1646 3346 1715 τῆς
3377 1646 3477 1715 χάο

1900 1765 2044 1818 ριτος
2074 1746 2175 1817 τῆς
2222 1745 2529 1813 ἐντεθείσης
2575 1742 2743 1813 αὐτῷ.
2762 1740 2981 1809 Ἐπειδὴ
3034 1738 3144 1810 γὰρ
3193 1737 3349 1802 ἀξίαν
3381 1736 3483 1806 τῆς

1893 1840 2102 1909 δωρεᾶς
2139 1836 2449 1907 προθυμίαν
2496 1834 2823 1905 παρέσχετο,
2857 1831 2955 1893 καὶ
2990 1829 3220 1899 δαψιλὴς
3254 1830 3287 1898 ἠ
3322 1827 3483 1897 χάρις

1896 1928 2186 1998 ἐξέλαμψε,
2214 1928 2309 1980 καὶ
2356 1924 2426 1979 τά
2467 1925 2690 1977 πλείονα
2740 1923 2847 1975 τῶν
2897 1920 3204 1991 εἰρημένων
3248 1918 3335 1970 διά
3384 1917 3483 1988 τῆς

1895 2020 2086 2074 τούτου
2120 2017 2460 2089 κατωρθώθη
2494 2014 2766 2084 γλώττης.

1981 2110 2135 2164 Ἐπεὶ
2177 2104 2270 2162 οὖν
2316 2107 2460 2161 οὐτω
2496 2106 2559 2159 τὸ
2602 2106 2759 2173 γένος
2788 2104 2945 2174 ἡμῶν
2979 2103 3239 2173 ἐτίμησεν
3272 2104 3301 2155 6
3330 2100 3482 2181 Θεὸς,

1896 2205 1972 2268 ὡς
1993 2203 2091 2257 ἕνα
2118 2203 2405 2273 ἄνθρωπον
2426 2198 2763 2264 καταξιῶσαι
2783 2198 3054 2251 τοσούτων
3080 2195 3333 2263 γενέσθαι
3356 2211 3487 2247 κατ-

1898 2294 2233 2366 ορθωμάτων
2268 2292 2459 2357 αἴτιον,
2496 2290 2851 2361 ζηλώσωμεν,
2894 2286 3287 2359 μιμησώμεθα,
3318 2302 3485 2339 σπουο

1896 2388 2150 2455 δάσωμεν
2196 2384 2449 2452 γενέσθαι
2503 2382 2623 2445 κατ’
2647 2383 2853 2435 ἐκεῖνον
2904 2380 2998 2431 καὶ
3045 2380 3228 2447 ἡμεῖς,
3256 2377 3353 2430 καὶ
3408 2378 3484 2446 μὴ

1898 2476 2159 2531 ἀδύνατον
2190 2474 2347 2527 τοῦτο
2375 2472 2512 2527 εἶναι
2546 2470 2955 2542 νομίζωμεν.“0
2987 2468 3097 2541 γάρ
3129 2469 3385 2531 πολλάκις
3415 2463 3487 2519 εἷ-

1900 2584 2023 2632 πον,
2052 2567 2211 2621 τοῦτο
2229 2566 2405 2633 λέγων
2430 2566 2489 2618 οὐ
2522 2563 2821 2633 παύσομαι,
2838 2564 2919 2615 δτι
2943 2562 3037 2615 καὶ
3066 2560 3224 2629 σῶμα
3252 2560 3309 2611 ἐν
3335 2556 3485 2625 αὐτῷ

1898 2662 1959 2713 τὸ
1987 2659 2119 2713 αὐτὸ
2148 2654 2217 2729 ἧν
2249 2658 2343 2711 καὶ
2378 2657 2531 2726 ἡμῖν,
2566 2656 2660 2708 καὶ
2682 2656 2880 2724 τροφαὶ
2912 2655 2965 2706 αἱ
2992 2652 3173 2714 αὐταὶ,
3216 2650 3309 2706 καὶ
3341 2648 3485 2717 ψυχὴ

1898 2754 1931 2820 ὴ
1963 2750 2127 2819 αὐτή·
2159 2748 2273 2802 ἀλλ’
2301 2749 2335 2817 ἡ
2367 2746 2683 2818 προαίρεσις
2717 2743 2948 2814 μεγάλη,
2981 2743 3076 2795 καὶ
3122 2742 3156 2809 ὴ
3206 2737 3488 2809 προθυμία

1900 2840 2160 2911 λαμπρά·
2192 2838 2286 2891 καὶ
2315 2836 2475 2893 τοῦτο
2502 2839 2708 2889 ἐκεῖνον
2739 2834 2976 2887 τοιοῦτον
3010 2830 3254 2901 ἐποίησε.
3282 2827 3487 2898 Μηδεὶς

1899 2936 2080 2989 τοίνυν
2106 2930 2549 2999 ἀπογινωσκέτω,
2574 2926 2761 2998 μηδεὶς
2792 2922 3199 2995 ἁπαγορευέτω.
3219 2921 3345 2974 Ἐὰν
3379 2920 3490 2989 γάρ

1900 3024 2259 3095 παραστήσῃς
2302 3038 2397 3074 σου
2431 3020 2530 3089 τὴν
2567 3018 2827 3080 διάνοιαν,
2867 3016 3021 3070 οὐδὲν
3058 3015 3117 3069 τὸ
3150 3013 3361 3068 κωλύον
3389 3014 3487 3082 τὴν

1900 3116 2068 3185 αὐτὴν
2107 3112 2359 3177 δέξασθαι
2388 3112 2570 3181 χάριν.
2600 3111 2673 3163 Οὐ
2708 3112 2817 3177 γάρ
2848 3109 2963 3160 ἐστι
3012 3103 3489 3176 προσωπολήπτης

1899 3209 1928 3261 6
1957 3206 2091 3269 Θεός
2110 3220 2124 3235 ’
2156 3204 2249 3259 καὶ
2275 3204 2481 3261 ἐκεῖνον
2508 3200 2670 3263 αὐτὸς
2698 3199 2921 3261 ἔπλασε,
2946 3196 3043 3249 καὶ
3069 3195 3127 3248 σὲ
3157 3189 3320 3257 αὐτὸς
3346 3208 3490 3263 παρ-

1902 3298 2077 3367 ήγαγε
2103 3311 2115 3325 ·
2158 3293 2253 3348 καὶ
2275 3292 2464 3362 ὥσπερ
2494 3290 2705 3345 ἐκείνου
2733 3289 3029 3356 Δεσπότης,
3056 3284 3201 3343 οὕτω
3232 3284 3327 3338 καὶ
3358 3282 3449 3346 σός
3470 3296 3487 3312 ·
3564 3318 3567 3323 μ

1903 3388 2091 3456 ῶσπερ
2115 3386 2321 3441 ἐκεῖνον
2343 3379 2699 3451 ἀνεκήρυξεν,
2728 3377 2871 3431 οὓτω
2898 3378 2993 3430 καὶ
3025 3377 3083 3429 σὲ
3105 3374 3351 3445 βούλεται
3372 3372 3490 3429 στέ-

1904 3480 2023 3548 ψαι.
2042 3478 2399 3545 ’Υπόσχωμεν
2424 3474 2604 3527 τοίνυν
2636 3471 2859 3534 ἑαυτοὺς
2893 3470 2987 3524 καὶ
3019 3469 3371 3541 καθάρωμεν,
3402 3466 3491 3520 ενα

1907 3570 2002 3646 καὶ.
2045 3568 2205 3638 ἡμεῖς
2251 3563 2446 3633 δαψιλῆ
2488 3560 2772 3629 δεξάμενοι
2817 3560 2916 3630 τὴν
2949 3558 3127 3630 χάριν,
3154 3556 3264 3609 τῶν
3312 3555 3491 3646 αὐτῶν

1908 3644 2256 3728 ἐπιτύχωμεν
2304 3654 2547 3723 ἀγαθῶν,
2593 3652 2778 3721 χάριτι
2822 3652 2918 3703 καὶ
2966 3646 3345 3717 φιλανθρωπίᾳ¹
3394 3644 3489 3696 τοῦ

1906 3747 2061 3820 [590]
2090 3745 2297 3817 Κυρίου
2322 3742 2485 3814 ἡμῶν
2518 3740 2695 3813 Ἰησοῦ
2724 3738 2981 3811 Χριστοῦ,
3022 3732 3066 3805 ᾧ
3094 3739 3127 3806 ἡ
3152 3736 3278 3801 δόξα
3309 3734 3403 3788 καὶ
3430 3734 3492 3787 τὸ

1904 3839 2107 3912 κράτος
2140 3837 2219 3901 εἰς
2252 3836 2379 3898 τοὺς
2407 3834 2611 3897 αἰῶνας
2640 3833 2749 3887 τῶν
2778 3831 3011 3889 αἰώνων.
3028 3830 3221 3900 Ἀμήν.

226 4046 3462 4080 ______________________________________________..

1123 4257 1233 4311 ΕΙΣ
1268 4254 1408 4311 TON
1443 4254 1651 4310 ΛΓΙΟΝ
1688 4251 2099 4308 ΑΠΟΣΤΟΛΟΝ
2136 4248 2442 4313 ΠΔΥΔΩΝ.

866 4653 1054 4721 Λόγος
1084 4659 1151 4706 ε’.

291 4833 407 4889 Ποῦ
442 4832 538 4886 νῦν
570 4832 721 4884 εἰσιν.
752 4830 802 4883 οἱ
846 4831 937 4883 τὸν
969 4831 1198 4884 θάνατον
1235 4830 1571 4901 αἰτιώμενοι,
1610 4833 1704 4884 καὶ
1742 4833 1803 4885 τὸ

220 4937 467 5009 παθητὸν
491 4935 651 4989 τοῦτο
680 4934 839 5004 σῶμα
869 4935 963 4988 καὶ
992 4934 1232 5009 φθαρτὸν
1260 4936 1515 5006 ἐμπόδιον
1555 4932 1692 4990 εἶναι
1717 4938 1803 4992 λέ-

221 5060 413 5116 γοντες
441 5043 627 5103 αὐτοῖς
653 5039 790 5111 πρὸς
811 5040 1013 5110 ἀρετήν
1039 5057 1054 5106 ;
1089 5040 1504 5095 Ἀκουσάτωσαν
1533 5041 1639 5095 τῶν
1664 5042 1809 5100 Παύ-

222 5148 315 5202 λου
366 5142 828 5217 κατορθωμάτων,
861 5143 955 5195 καὶ
1006 5142 1361 5196 παυέσθωσαν
1410 5144 1506 5212 τῆς
1560 5147 1801 5216 πονηρᾶς

221 5249 429 5319 ταύτης
457 5246 729 5318 διαϐολῆς.
759 5246 824 5298 Τί
868 5245 976 5315 γάρ
1018 5246 1079 5298 τὸ
1127 5245 1282 5314 γένος
1323 5246 1483 5316 ἡμῶν
1519 5246 1747 5316 ἔϐλαψεν
1771 5251 1799 5301 6

224 5354 498 5416 θάνατος;
552 5351 605 5403 τί
652 5351 707 5404 δὲ
757 5352 789 5421 ὴ
840 5350 1015 5421 φθορὰ
1058 5350 1193 5420 πρὸς
1228 5351 1427 5421 ἀρετὴν
1458 5352 1803 5417 ἐνεπόδισεν;

239 5456 520 5523 Ἐννόησον
548 5453 777 5517 Παῦλον,
807 5455 899 5506 καὶ
924 5453 1046 5522 ὄψει
1074 5452 1154 5505 ὅτι
1188 5454 1284 5505 καὶ
1326 5453 1533 5524 ὤνησεν
1564 5456 1710 5524 ἡμᾶς
1738 5455 1807 5507 τὰ

230 5558 462 5629 μέγιστα
508 5555 569 5607 τὸ
612 5554 863 5622 γενέσθαι
892 5553 1138 5624 θνητούς.
1162 5554 1226 5607 El
1259 5554 1368 5626 γάρ
1409 5556 1482 5625 μὴ
1514 5554 1703 5625 θνητὸς
1738 5551 1805 5625 ἦν

224 5654 405 5727 οὗτος,
431 5660 533 5713 οὐκ
562 5656 627 5711 ἂν
655 5657 884 5728 ἐδυνήθη
917 5659 1113 5720 εἰπεῖν,
1150 5656 1347 5726 μᾶλλον
1374 5659 1429 5712 δὲ
1456 5660 1555 5714 οὐκ
1582 5660 1648 5715 ἂν
1679 5661 1802 5714 ἐπι-

547 5755 818 5825 l’nnoL.
868 5752 985 5811 Gn.
1041 5753 1105 5823 Ι..

1912 4647 2187 4714 δείξασθαι
2218 4638 2470 4711 ἐδυνήθη,
2500 4638 2529 4691 ὃ
2552 4636 2641 4690 διὰ
2679 4633 2788 4691 τῶν
2817 4634 2994 4706 ἔργων
3032 4625 3205 4697 εἶπεν,
3240 4629 3322 4684 ὄτι
3351 4629 3491 4685 Καθ’

1909 4751 2139 4827 ἡμέραν
2164 4741 2550 4814 ἀποθνήσκω,
2579 4738 2657 4806 νὴ
2695 4739 2810 4806 τὴν
2837 4736 3133 4807 ὑμετέραν
3163 4736 3488 4805 καύχησιν,

1910 4851 1989 4919 ἢν
2018 4852 2135 4920 ἔχω
2160 4851 2231 4903 ἐν
2263 4843 2495 4917 Χριστῷ
2525 4842 2753 4911 Ἰησοῦ.
2783 4838 3067 4911 Πανταχοῦ
3094 4838 3204 4910 γὰρ
3233 4841 3367 4908 ἡμῖν
3390 4837 3491 4907 ψυ-

1909 4954 2012 5024 χῆς
2054 4952 2148 5006 καὶ
2182 4948 2487 5020 προθυμίας
2515 4947 2616 5010 δεῖ,
2646 4947 2739 4999 καὶ
2775 4944 2836 4997 τὸ
2874 4942 3082 4996 κωλύον
3111 4941 3261 4995 οὐδὲν
3288 4945 3347 4995 ἐν
3379 4944 3493 5004 τοῖς

1908 5059 2147 5132 πρώτοις
2171 5054 2448 5126 τετάχθαι.
2481 5053 2615 5121 Οὐχὶ
2644 5052 2834 5122 θνητὸς
2868 5046 2936 5121 ἦν
2968 5042 3153 5113 οὐτοςς
3193 5048 3315 5117 οὐχὶ
3347 5045 3492 5100 ἰδιώ-

1906 5180 2036 5234 της;
2069 5162 2189 5231 οὐχὶ
2218 5160 2385 5227 πένης
2409 5156 2503 5209 καὶ
2530 5157 2594 5207 ἐκ
2624 5155 2723 5224 τῆς
2753 5153 2875 5206 καθ’
2896 5154 3134 5221 ἑκάστην
3160 5152 3374 5222 ⁴ἡμέραν
3401 5152 3492 5221 ἐρ-

1906 5268 2102 5338 γασίας
2137 5262 2457 5331 ποιούμενος
2488 5260 2587 5329 τὴν
2618 5259 2853 5328 τροφήν;
2893 5256 3015 5325 οὐχὶ
3049 5256 3207 5326 σῶμα
3238 5248 3351 5325 εἶχε
3386 5255 3492 5309 πά-

1908 5385 2029 5429 σαις
2073 5365 2339 5432 ἀνάγκαις
2372 5359 2730 5429 ὑποκείμενον
2773 5360 3063 5426 φυσικαῖς;
3102 5356 3167 5408 Τί
3198 5351 3291 5409 οὖν
3328 5355 3490 5409 αὐτὸν

1905 5469 2143 5523 ἐκώλυσε
2175 5464 2423 5537 γενέσθαι
2456 5462 2716 5524 τοιοῦτον,
2740 5456 2849 5523 οἷος
2873 5460 3099 5528 γέγονεν
3123 5477 3136 5524 ;
3159 5459 3343 5512 Οὐδέν.
3362 5460 3489 5530 Μη-

1903 5573 2011 5635 δεὶς
2059 5572 2235 5624 τοίνυν
2282 5566 2560 5637 ἀθυμείτω
2606 5562 2795 5631 πένης,
2846 5562 3036 5633 μηδεὶς
3080 5561 3489 5633 δυσχεραινέτω

1908 5660 2141 5730 ἰδιώτης,
2178 5659 2366 5730 μηδεὶς
2414 5656 2648 5727 ἀλγείτω
2693 5654 2801 5707 τῶν
2846 5653 3099 5721 εὐτελῶν,
3133 5653 3257 5794 ἕλῖ
3288 5654 3486 5707 ἐκεῖνοι
