4082 6422
661 356 767 412 ⁸9⁷
1387 380 1445 431 s.
1490 371 1777 430 JOANNIS
1812 372 2299 434 CHRYSOSTOMI
2342 372 2662 430 ARCHIEP.
2703 367 3253 427 CONSTANTINOP.
3793 354 3888 411 ωε

661 471 833 542 μόνοι,
863 470 973 523 ὅσοι
1002 467 1175 539 ψυχὴν
1200 470 1678 540 μεμαλακισμένην
1703 470 1797 523 καὶ
1824 469 2055 523 διάνοιαν
2074 471 2225 538 έχου-

662 577 746 613 σιν
772 546 1273 629 ἐκνενευρισμένην.
1304 558 1472 612 Τοῦτο
1494 560 1603 630 γὰρ
1634 559 1838 626 γίνεται
1870 558 2096 628 κώλυμα
2125 560 2223 629 μόο

657 667 746 703 νον
773 649 907 719 πρὸς
931 648 1149 719 ἀρετὴν,
1176 648 1341 702 κακία
1359 649 1554 717 ψυχῆς,
1581 648 1676 702 καὶ
1703 649 1941 719 μαλακία
1966 648 2184 718 γνώμης
2207 667 2217 678 ·

654 737 857 807 ταύτης
889 737 945 791 δὲ
989 740 1114 792 ἄνευ
1162 737 1268 791 τῶν
1315 737 1488 791 ἄλλων
1537 738 1708 791 οὐδέν.
1742 739 1851 792 Καὶ
1881 736 2036 791 τοῦτο
2065 739 2221 809 δῆλον

653 827 761 880 ἀπὸ
783 828 877 880 τοῦ
903 828 1171 899 μακαρίου
1195 827 1383 881 τούτου
1404 827 1499 881 τοῦ
1520 827 1615 881 νῦν
1639 827 2030 895 συναγαγόντος
2053 830 2217 933 ήμέἄς.

657 920 865 990 Ὠσπερ
908 920 1017 991 γὰρ
1060 919 1246 972 τοῦτον
1292 918 1441 971 οὐδὲν
1472 918 1649 972 ταῦτα
1680 918 2047 987 παρέϐλαψεν,
2080 918 2221 970 οὕτω
2264 959 2269 966 .

650 1008 777 1070 τοὺς
803 1006 999 1073 ἔξωθεν
1021 1008 1174 1061 οὐδὲν
1199 1007 1268 1060 τά
1288 1006 1503 1058 ἐναντία
1522 1006 1820 1077 ώφέλησεν,
1838 1006 1897 1057 οὑ
1921 1006 2092 1073 λόγων
2114 1006 2221 1059 δει-

652 1104 831 1174 νότης,
862 1106 920 1157 οὑ
952 1108 1246 1176 χρημάτων
1278 1105 1499 1175 πλῆθος,
1532 1108 1593 1160 οὑ
1641 1105 1966 1177 περιφάνεια
2010 1106 2215 1174 γένους,

654 1203 715 1255 οὑ
743 1203 901 1273 δόξης
938 1204 1187 1275 μέγεθος,
1218 1204 1278 1257 οὐ
1312 1205 1371 1259 τὸ
1399 1206 1456 1257 ἐν
1479 1205 1762 1277 δυναστείᾳ
1791 1201 1951 1258 εἶναι.

717 1306 783 1358 Τί
830 1305 973 1375 λέγω
1012 1307 1138 1369 τοὺς
1180 1306 1532 1379 ἀνθρώπους;
1581 1308 1778 1377 μᾶλλον
1807 1308 1863 1361 δὲ
1893 1309 2055 1380 μέχρι
2087 1308 2214 1361 πότε

647 1407 739 1458 ἐπὶ
764 1407 863 1477 τῆς
892 1408 995 1477 γῆς
1022 1407 1233 1477 κατέχω
1259 1407 1349 1460 τὸν
1371 1405 1545 1474 λόγον,
1574 1405 1691 1471 ἐξὸν
1734 1409 1906 1460 είπεῖν
1942 1408 2039 1471 τὰς
2071 1408 2213 1460 ἀνω-

645 1502 808 1573 τέρας
849 1504 1124 1572 δυνάμεις,
1165 1505 1261 1567 τὰς
1306 1504 1498 1575 ἀρχὰς,
1542 1506 1635 1559 καὶ⁵
1681 1506 1777 1569 τὰς
1824 1506 2091 1573 ἐξουσίας,
2124 1507 2214 1560 καὶ

641 1604 768 1664 τοὺς
797 1605 1243 1675 κοσμοκράτορας
1277 1604 1369 1657 τοῦ
1404 1606 1624 1668 σκότους
1648 1605 1741 1658 τοῦ
1770 1607 1964 1669 αίῶνος
1986 1606 2209 1672 τούτου;

640 1706 694 1757 τί
723 1704 830 1775 γάρ
853 1704 1028 1773 ὢνησε
1052 1706 1271 1768 τούτους
1297 1708 1357 1760 τὸ
1382 1706 1540 1776 φύσιν
1568 1709 1819 1780 τοιαύτην
1840 1710 2021 1779 λαχεῖν
2043 1727 2057 1774 ;
2092 1711 2212 1780 οὐχὶ¹

645 1802 892 1871 ἔρχονται
931 1805 1101 1857 πᾶσαι
1130 1806 1184 1856 αί
1220 1804 1476 1874 δυνάμεις
1509 1807 1821 1876 κρινόμεναι
1856 1807 1942 1860 διὰ
1975 1807 2209 1871 Παύλου,

641 1908 733 1957 καὶ
777 1905 883 1957 τῶν
932 1908 1310 1970 κατ’ἐκεῖνον;
1356 1910 1476 1959 Οὐκ
1509 1906 1708 1961 οἴδατε
1751 1908 1859 1978 γὰρ
1901 1909 2086 1979 φησὶν,
2120 1908 2211 1962 ὅτι

640 2008 938 2077 ἀγγέλους
965 2009 1301 2079 κρινοῦμεν,
1326 2011 1469 2080 μήτι
1498 2028 1564 2080 τε
1588 2012 1869 2076 βιωτικά;
1901 2014 1991 2081 Μὴ
2031 2012 2209 2066 τοίνυν

639 2110 910 2180 δι’έτερον
958 2112 1123 2182 μηδὲν
1173 2113 1443 2183 ἀλγῶμεν,
1472 2114 1605 2169 ἀλλά
1653 2114 1742 2167 διά
1786 2116 1981 2167 κακίαν
2027 2115 2204 2184 μόνον,

645 2210 780 2279 μηδὲ
809 2210 1021 2265 δι’ἄλλο
1054 2214 1330 2284 χαίρωμεν
1366 2217 1454 2267 καὶ
1482 2217 1920 2287 εὐφραινώμεθα,
1956 2217 2090 2270 ἀλλά
2139 2216 2204 2269 δι’

636 2310 857 2381 ἁρετὴνί
883 2313 1059 2381 μόνον.
1079 2315 1204 2368 Ἐάν
1233 2316 1435 2386 ταύτην
1466 2318 1816 2390 ζηλώσωμεν,
1840 2321 1991 2373 οὐδὲν
2014 2322 2073 2374 τὸ
2103 2339 2208 2374 κω-

636 2411 761 2467 λύον
803 2416 1051 2482 γενέσθαι
1096 2420 1235 2473 κατά
1276 2422 1505 2475 Παῦλον.
1524 2423 1758 2489 Ἐκεῖνος
1800 2425 1905 2497 γάρ
1947 2428 2066 2497 οὑχὶ
2099 2429 2205 2481 ἀπὸ

634 2515 733 2584 τῆς
768 2519 989 2588 χάριτος
1040 2522 1199 2591 μόνον
1247 2524 1487 2586 τοιοῦτος
1535 2528 1769 2594 ἐγένετο,
1806 2530 1939 2583 ἀλλὰ
1972 2533 2065 2584 καὶ
2099 2533 2205 2585 ἀπὸ

632 2618 735 2687 τῆς
760 2622 962 2685 οίκείας
996 2624 1331 2695 προθυμίας·
1363 2628 1456 2680 καὶ
1477 2628 1565 2681 διά
1591 2631 1747 2683 τοῦτο
1782 2631 1933 2703 [501]
1962 2635 2069 2687 ἀπὸ
2106 2638 2203 2705 τῆς

632 2720 875 2793 χάριτος,
912 2727 1095 2798 ἐπειδὴ
1130 2730 1223 2781 καὶ
1255 2730 1361 2782 ἀπὸ
1392 2730 1491 2800 τῆς
1524 2732 1849 2802 προθυμίας.
1887 2735 2022 2787 Μεθ’
2045 2738 2202 2807 ὑπερ-

631 2821 792 2894 ϐολῆς
819 2828 925 2897 γὰρ
953 2830 1205 2900 ἑκάτερα,
1248 2833 1340 2884 καὶ
1369 2832 1437 2884 τά
1463 2831 1554 2884 τοῦ
1581 2833 1714 2886 Θεοῦ
1744 2835 2002 2890 έπνευσεν
2029 2838 2197 2909 αὑτῷ,

631 2925 721 2976 καὶ
758 2926 826 2978 τά
852 2928 950 2996 τῆς
977 2931 1181 2993 οίκείας
1206 2932 1585 3001 προαιρέσεως
1617 2936 1845 3004 ὑπῆρξε.
1878 2935 2063 2989 Βούλει
2097 2956 2201 3008 μα-

630 3028 740 3080 θεῖν
771 3029 841 3082 τὰ
867 3029 959 3082 τοῦ
988 3031 1119 3085 Θεοῦ
1144 3050 1158 3099 ;
1183 3034 1264 3086 Τά
1292 3035 1482 3104 ἱμάτια
1507 3036 1670 3088 αὑτοῦ
1698 3037 2051 3093 ἐδεδοίκεισαν
2085 3041 2196 3093 δαί-

632 3148 809 3199 μονες.
842 3132 980 3187 Ἀλλ’
1007 3136 1067 3188 οὑ
1105 3136 1368 3207 θαυμάζω
1404 3138 1581 3203 τοῦτο,
1626 3140 1813 3212 ὥσπερ
1862 3143 1965 3194 οὐδ’
1990 3144 2071 3197 ὃτι
2103 3144 2199 3215 τὴν

629 3236 788 3288 σκιάν
820 3238 1025 3308 Πέτρου
1052 3239 1121 3291 τά
1150 3242 1427 3311 νοσήματα
1464 3242 1662 3309 ἔφυγεν
1682 3260 1695 3273 °
1735 3245 1868 3298 ἀλλά
1912 3246 2195 3317 θαυμάζω,

626 3340 707 3391 ὅτι
754 3342 815 3391 τὸ
861 3340 1171 3411 θαυμαστὸν
1208 3344 1363 3397 τοῦτο
1406 3348 1510 3413 πρὸ
1548 3348 1647 3418 τῆς
1688 3349 1926 3421 χάριτος,
1956 3354 2047 3405 καὶ
2092 3355 2198 3407 ἀπὸ

628 3441 870 3507 βαλϐῖδος
913 3446 1080 3515 αὑτῆς
1113 3447 1206 3499 καὶ
1246 3449 1545 3518 προοιμίων
1586 3451 1763 3503 αὑτῶν
1795 3452 1964 3522 ἐφάνη
1996 3454 2193 3507 ποιῶνο

625 3542 742 3595 οὑδὲ
780 3543 878 3613 τὴν
918 3545 1147 3615 δύναμιν
1177 3547 1379 3616 ταύτην
1411 3550 1568 3618 ἔχων,
1607 3552 1725 3604 οὑδὲ
1754 3556 2082 3623 χειροτονίαν
2108 3556 2197 3608 δε-

628 3643 872 3714 ξάμενος,
906 3648 1046 3701 οὑτω
1086 3652 1163 3721 τῷ
1217 3654 1351 3723 πρὸς
1396 3654 1624 3723 Χριστὸν
1674 3655 1878 3727 ἐξήφθη
1930 3657 2093 3729 ζήλῳ,
2121 3660 2197 3724 ώς

623 3747 797 3799 πάντα
846 3748 953 3801 τῶν
989 3751 1255 3806 Ἰουδαίων
1293 3754 1381 3807 τὸν
1412 3757 1581 3827 δῆμον
1625 3760 1884 3831 διεγεῖραι
1918 3763 2038 3816 καθ’
2072 3765 2194 3817 ἐαυ-

621 3849 745 3901 τοῦ·
776 3851 834 3913 ὃς
878 3852 971 3904 καὶ
1009 3853 1131 3906 ίδὼν
1162 3857 1319 3909 αὑτὸν
1355 3861 1411 3911 ὲν
1445 3860 1717 3925 τοσούτοις
1751 3863 1881 3917 ὅντα
1909 3865 2191 3931 κινδύνοις,

620 3954 696 4017 ὠς
728 3956 821 4007 καὶ
840 3955 937 4026 τὴν
962 3958 1114 4011 πόλιν
1140 3962 1560 4033 πολιορκεῖσθαι,
1586 3966 1671 4018 διὰ
1694 3966 1903 4037 θυρίδος
1924 3970 2192 4041 ἐχαλάσθη

622 4051 711 4104 διὰ
738 4053 831 4107 τοῦ
862 4057 1092 4127 τείχους,
1129 4061 1223 4111 καὶ
1251 4060 1546 4130 διαφυγὼν,
1573 4066 1692 4117 ούδέ
1724 4066 1894 4131 οὕτως
1933 4071 2013 4131 είς
2041 4070 2195 4123 ὄκνον

621 4157 897 4224 ἐνέπεσεν,
935 4164 1054 4215 οὑδέ
1097 4167 1176 4227 είς
1223 4166 1420 4219 δειλίαν
1454 4171 1548 4221 καὶ
1584 4172 1769 4239 φόϐον,
1798 4174 1931 4227 ἀλλὰ
1977 4176 2194 4229 πλείονα

620 4262 929 4332 προθυμίαν
979 4267 1227 4321 ἐντεῦθεν
1278 4271 1507 4340 ἐδέχετο,
1552 4278 1895 4347 παραχωρῶν
1934 4279 2033 4349 μὲν
2082 4284 2193 4343 τοῖς

620 4364 881 4430 κινδύνοις
911 4367 977 4419 δι’
1008 4370 1335 4440 οἰκονομίαν,
1370 4373 1428 4424 οὑ
1461 4378 1805 4448 παραχωρῶν
1833 4379 1889 4432 δὲ
1917 4382 2015 4451 τῆς
2056 4381 2193 4434 διδα-

618 4466 845 4529 σκαλίας
892 4471 1086 4534 οὐδενὶ,
1136 4474 1270 4526 ἀλλὰ
1314 4474 1402 4527 τὶν
1459 4481 1684 4550 σταυρὸν
1730 4482 1889 4535 πάλιν
1936 4486 2190 4555 ἀρπάσας

618 4569 927 4638 ἠκολούθει⁵
961 4574 1137 4627 καίτοι
1178 4593 1237 4643 γε
1269 4580 1419 4647 παρὰ
1449 4582 1610 4644 πόδας
1637 4584 1773 4653 ἔχων
1808 4586 1889 4638 ἔτι
1919 4587 1979 4638 τδ
2008 4591 2185 4658 παρά-

614 4670 809 4742 δειγμα
849 4674 908 4727 τὸ
957 4678 1097 4731 κατά
1134 4680 1222 4732 τὸν
1251 4683 1541 4751 Στέφανον,
1570 4688 1660 4739 καὶ
1701 4689 1841 4758 ὁρῶν
1876 4695 1993 4743 κατ’
2023 4694 2185 4745 αὑτοῦ

618 4773 849 4842 μάλιστα
882 4777 1098 4831 πάντων
1138 4782 1297 4849 φόνου
1328 4784 1586 4849 πνέοντας
1624 4788 1923 4852 Ἰουδαίους,
1959 4793 2054 4843 καὶ
2087 4794 2185 4845 αὑ-

613 4874 722 4926 τῶν
750 4876 1147 4949 ἐπιθυμοῦντας
1171 4885 1335 4937 αὑτοῦ
1365 4888 1472 4939 τῶν
1502 4890 1723 4958 σαρκῶν
1752 4890 2183 4960 ἀπογεύσασθαι.

612 4974 751 5028 Οὔτε
779 4973 872 5030 οὖν
903 4982 1134 5049 ἀφειδῶς
1168 4986 1421 5040 ἐνέπιπτε
1456 4992 1566 5052 τοῖς
1599 4990 1883 5057 κινδύνοις,
1927 4994 2048 5047 οὑδὲ
2078 4994 2187 5048 δια-

613 5078 831 5147 φεύγων
851 5083 1241 5157 μαλακώτερος
1262 5092 1479 5159 ἐγένετο
1500 5094 1682 5149 πάλιν.
1703 5096 1915 5167 Σφόδρα
1934 5098 2033 5167 τῆς
2054 5116 2186 5171 παρ-

610 5183 778 5253 ούσης
798 5188 907 5257 ἦρα
933 5188 1077 5260 ζωῆς
1100 5191 1186 5244 διὰ
1208 5194 1267 5246 τὸ
1289 5197 1479 5266 κέρδος
1509 5200 1567 5251 τὸ
1602 5200 1662 5262 ἐξ
1694 5202 1864 5270 αὐτῆς
1886 5220 1899 5232 ’
1932 5204 2025 5256 καὶ
2055 5205 2183 5271 σφό-

611 5289 712 5354 δρα
733 5290 900 5361 αὑτῆς
929 5294 1217 5367 ὑπερεώρα
1244 5299 1330 5351 διά
1360 5300 1458 5370 τὴν
1483 5303 1798 5371 φιλοσοφίαν
1825 5306 1925 5375 τὴν
1954 5308 2060 5360 ἀπὸ
2086 5310 2183 5379 τῆς

614 5395 912 5467 ὑπεροψίας
942 5403 1235 5472 γινομένην
1265 5405 1429 5475 αὐτῷ,
1454 5407 1485 5476 ἦ
1518 5407 1604 5461 διὰ
1627 5409 1686 5460 τὸ
1717 5394 1919 5480 σφόδρα
1963 5413 2181 5480 ἐπείγε-

614 5499 736 5554 σθαι
774 5503 911 5572 πρὸς
938 5505 1027 5558 τὸν
1064 5507 1270 5577 Ἰησοῦν
1290 5510 1565 5564 ἀπελθεῖν.
1597 5513 1771 5583 Ὅπερ
1800 5514 1907 5584 γὰρ
1928 5516 2014 5568 ἀεὶ
2038 5517 2181 5586 λέγω

613 5604 742 5673 περὶ⁸
779 5605 965 5669 αὑτοῦ,
998 5609 1089 5663 καὶ
1133 5610 1387 5665 οὐδέποτε
1430 5615 1712 5686 παύσομαι
1746 5614 1918 5685 λέγων
1941 5658 1955 5683 ,
2007 5619 2179 5684 οὐδεὶς

610 5705 784 5771 οὑτως
816 5710 893 5771 είς
914 5711 1129 5767 ἐναντία
1156 5717 1457 5791 πράγματα
1478 5720 1753 5791 ἐμπεσὼν,
1779 5722 2012 5791 ἑκάτερα
2044 5725 2178 5792 πρὸς

2334 472 2615 541 ἀκρίϐειαν
2647 470 2919 540 ἤσκησεν*
2950 470 3122 533 οὐδεὶς
3153 470 3279 539 γοῦν
3307 468 3449 522 οὑτω
3493 468 3595 539 τῆς
3627 472 3892 542 παρούσης

2335 574 2649 643 ἐπεθύμησε
2696 571 2841 641 ζωῆς
2864 612 2877 633 ,
2908 572 3027 623 οὑδὲ
3056 571 3164 623 τῶν
3208 572 3412 641 σφόδρα
3446 571 3886 640 φιλοψυχοῦντων·

2330 674 2512 737 οὐδεὶς
2546 672 2716 735 οὕτως
2758 672 2926 742 αὐτῆς
2959 672 3255 743 ὑπερεῖδεν,
3287 671 3408 723 οὐδὲ
3444 673 3555 726 τῶν
3587 672 3705 741 μεθ’
3735 672 3891 743 ὑπερ-

2328 775 2490 845 ϐολῆς
2515 775 2867 829 θανατώντων
2902 786 2950 828 ⁸.
2986 774 3144 828 Οὕτω
3174 774 3352 844 πάσης
3396 775 3691 844 ἐπιθυμίας
3732 774 3889 829 καθα-

2330 879 2418 949 ρὸς
2442 875 2511 949 ἦν
2534 881 2760 942 ἐκεῖνος,
2786 880 2877 931 καὶ
2897 879 3071 932 οὐδενὶ
3094 879 3440 949 προσέπασχε
3458 878 3566 930 τῶν
3593 879 3885 949 παρόντων,

2323 984 2460 1037 ἀλλά
2497 981 2771 1053 πανταχοῦ
2806 984 2870 1052 τῇ
2928 980 3091 1051 βουλῇ
3120 980 3215 1033 τοῦ
3262 979 3397 1033 Θεοῦ
3452 980 3549 1051 τὴν
3604 980 3888 1051 ἐπιθυμίαν

2322 1086 2513 1157 ἐκίρνα
2540 1084 2638 1155 τὴν
2666 1083 2862 1136 ἑαυτοῦ
2880 1099 2892 1113 ·
2924 1083 3018 1136 καὶ
3047 1083 3145 1135 νῦν
3181 1084 3278 1154 μὲν
3308 1083 3477 1154 αὑτὴν
3510 1083 3607 1136 καὶ
3640 1084 3738 1151 τῆς
3760 1086 3889 1154 μετά

2320 1187 2557 1256 Χριστοῦ
2594 1185 2880 1247 συνουσίας
2918 1185 3014 1237 καὶ
3045 1184 3264 1253 ὁμιλίας
3298 1187 3733 1256 ἀναγκαιοτέραν
3755 1182 3887 1241 εἷναί

2320 1304 2473 1357 φησι,
2504 1288 2595 1341 νῦν
2620 1288 2676 1339 δὲ
2714 1286 2859 1339 οὑτω
2889 1284 3112 1357 βαρεῖαν
3133 1288 3227 1339 καὶ
3266 1287 3501 1356 ἐπαχθῆ,
3540 1288 3619 1350 ὡς
3648 1289 3741 1340 καὶ
3774 1305 3889 1341 στε-

2319 1392 2500 1456 νάζειν
2531 1392 2624 1444 καὶ
2651 1390 2967 1458 ἐπείγεσθαι
2998 1389 3137 1459 πρὸς
3172 1389 3273 1460 τὴν
3316 1390 3596 1444 ἀνάλυσιν.
3641 1391 3888 1445 Ἐκείνων

2318 1493 2425 1563 γὰρ
2472 1494 2729 1564 ἐπιθυμεῖ
2783 1493 2967 1563 μόνον,
3025 1492 3134 1543 τῶν
3166 1492 3307 1544 κατά
3340 1492 3473 1545 Θεὸν
3516 1493 3709 1565 κέρδος
3746 1492 3891 1562 αὐτῷ

2318 1596 2613 1666 φερόντων,
2642 1599 2689 1649 εί
2719 1597 2815 1649 καὶ
2843 1596 3061 1649 ἐναντία
3090 1595 3263 1648 ταῦτα
3284 1590 3422 1647 εἶναι
3467 1595 3754 1648 συνέϐαινε
3782 1599 3890 1658 τοῖς

2317 1700 2623 1772 προτέροις.
2661 1702 2773 1753 Καὶ
2797 1700 2905 1772 γὰρ
2928 1700 3172 1763 ποικίλος
3201 1718 3285 1762 τις
3313 1695 3381 1771 ἦν
3404 1701 3499 1753 καὶ
3531 1699 3888 1767 παντοδαπὸς,

2318 1804 2419 1872 οὑχ
2440 1804 2890 1872 ὑποκρινόμενος,
2918 1802 2992 1873 μὴ
3024 1803 3256 1871 γένοιτο,
3286 1802 3423 1855 ἀλλά
3455 1804 3637 1857 πάντα
3676 1803 3889 1874 γινόμε-

2314 1923 2424 1969 νος,
2457 1906 2599 1975 ἆπερ
2628 1908 2661 1977 ἡ
2696 1905 2788 1958 τοῦ
2816 1905 3173 1977 κηρύγματος
3199 1906 3292 1958 καὶ
3326 1907 3427 1977 τῆς
3469 1906 3749 1976 σωτηρίας
3787 1904 3887 1957 τῶν

2314 2007 2612 2078 ἀνθρώπων
2643 2010 2799 2078 χρεία
2828 2010 3045 2079 ἀπῄτει,
3096 2011 3195 2062 κάν
3244 2010 3419 2081 τούτῳ
3467 2010 3559 2063 τὸν
3616 2010 3889 2077 Δεσπότην

2312 2111 2405 2163 τὸν
2434 2110 2625 2164 ἐαυτοῦ
2661 2110 3017 2181 μιμούμενος.
3048 2112 3159 2164 Καὶ
3187 2112 3294 2182 γὰρ
3329 2114 3355 2164 ό
3378 2112 3511 2176 Θεὸς
3543 2113 3642 2165 καὶ
3684 2112 3889 2182 ἀνθρω-

2312 2233 2411 2279 πος
2439 2217 2728 2285 ἐφαίνετο,
2770 2216 2857 2271 ὅτε
2887 2216 2993 2269 ἔδει
3033 2217 3268 2286 φανῆναι
3303 2216 3497 2271 τοῦτο’
3536 2219 3635 2271 καὶ
3675 2218 3733 2271 ἐν
3762 2220 3889 2287 πυρί

2310 2318 2476 2371 πάλαι
2525 2320 2613 2371 ὅτε
2659 2321 2688 2371 ὁ
2752 2319 2939 2389 καιρὸς
2996 2318 3155 2372 τοῦτο
3212 2320 3441 2390 ἀπῄτει·
3496 2322 3593 2374 καὶ
3652 2322 3737 2375 νῦν
3796 2322 3887 2391 μὲν

2308 2423 2365 2474 ἐν
2414 2423 2633 2476 ὁπλίτου
2699 2424 2940 2493 σχήματι
2995 2424 3090 2475 καὶ
3139 2424 3472 2493 στρατιώτου
3502 2463 3516 2489 ,
3568 2424 3667 2477 νῦν
3729 2425 3785 2477 δέ
3829 2424 3886 2479 ἐν

2308 2526 2474 2579 εἰκόνι
2508 2525 2810 2598 πρεσϐύτου
2841 2566 2855 2590 ,
2899 2526 2995 2579 νῦν
3021 2527 3077 2579 δὲ
3102 2529 3159 2579 ἐν
3205 2527 3376 2599 αὔρᾳ,
3413 2527 3510 2581 νῦν
3546 2528 3608 2580 δὲ
3639 2528 3717 2590 ὡς

2306 2630 2602 2700 ὁδοιπόρος,
2633 2630 2727 2683 νῦν
2764 2632 2821 2683 δὲ
2849 2632 3292 2703 αὐτοάνθρωπος,
3334 2633 3428 2686 καὶ
3457 2633 3577 2686 οὑδὲ
3603 2633 3885 2687 ἀποθανεῖν

2306 2731 2448 2785 οὑτω
2479 2735 2850 2805 παρῃτήσατο.
2879 2734 2953 2785 Τὸ
2972 2733 3050 2796 δὲ,
3075 2734 3196 2788 ἔδει
3222 2734 3419 2798 τοῦτο,
3452 2736 3584 2789 ὅταν
3604 2736 3766 2797 εἷται),
3793 2752 3883 2805 μη-

2304 2838 2413 2900 δεὶς
2453 2841 2695 2908 ἀνάγκην
2725 2834 2864 2891 εἶναι
2911 2835 3180 2907 νομιζέτω
3209 2837 3321 2889 τῶν
3367 2836 3561 2904 λόγων,
3621 2838 3759 2890 ἀλλά
3786 2837 3879 2904 τῆς

2305 2941 2469 2993 αὑτοῦ
2501 2942 2909 3012 φιλανθρωπίας
2934 2942 3112 3017 μόνον.
3162 2942 3268 2993 Καὶ
3316 2940 3443 2993 ποτὲ
3471 2941 3570 3010 μὲν
3602 2943 3662 2993 ἐν
3689 2940 3879 3011 θρόνῳ,

2306 3046 2433 3097 ποτὲ
2455 3046 2510 3097 δὲ
2545 3047 2635 3098 ἐπὶ
2668 3046 2776 3099 τῶν
2806 3046 3087 3115 Χερουϐὶμ
3115 3045 3373 3115 κάθηται.
3404 3044 3589 3097 Πάντα
3623 3045 3683 3097 δέ
3715 3043 3881 3099 ταῦτα

2306 3149 2441 3218 πρὸς
2463 3147 2560 3210 τὰς
2606 3148 2969 3218 ὑποκειμένας
2997 3147 3311 3215 οἰκονομίας
3362 3146 3621 3216 ἔπραττε.
3654 3149 3745 3200 Διὸ
3792 3148 3881 3200 καὶ

2304 3248 2389 3300 διὰ
2414 3249 2505 3301 τοῦ
2534 3250 2811 3320 προφήτου
2846 3249 3052 3316 ἔλεγεν·
3100 3248 3241 3316 Ἐγὼ
3271 3247 3512 3313 ὁράσεις
3544 3247 3877 3316 ἐπλήθυνα,

2302 3347 2400 3399 καί
2433 3349 2501 3399 ὲν
2530 3348 2699 3417 χερσί
2736 3346 3055 3415 προφητῶν
3082 3346 3406 3415 ὠμοιώθην.
3441 3345 3598 3399 Οὕτω
3624 3350 3718 3401 καὶ¹
3742 3346 3880 3401 Παῦ-

2302 3450 2392 3513 λος
2415 3452 2505 3503 τὸν
2544 3450 2737 3503 ἐαυτοῦ
2766 3451 3103 3521 μιμούμενος
3160 3452 3454 3521 Δεσπότην,
3493 3454 3598 3505 οὑκ
3642 3454 3710 3507 ἂν
3757 3469 3878 3506 κατ-

2302 3554 2567 3625 εγνώσθη,
2604 3554 2697 3608 νῦν
2727 3555 2823 3624 μὲν
2849 3555 2923 3617 ὡς
2974 3554 3219 3617 Ἰουδαῖος
3252 3556 3553 3625 γινόμενος,
3592 3556 3692 3610 νῦν
3728 3557 3781 3611 δὲ
3808 3556 3878 3618 ὡς

2302 3658 2499 3728 ἄνομος
2518 3675 2532 3689 ο
2560 3660 2652 3711 καὶ
2677 3658 2770 3711 νῦν
2798 3660 2895 3727 μὲν
2916 3659 3080 3729 νόμον
3116 3661 3407 3728 ἐφύλαττε,
3435 3661 3528 3715 νῦν
3553 3662 3613 3714 δὲ
3640 3660 3878 3733 ὑπερεώ-

2303 3776 2372 3828 ρα
2400 3759 2600 3827 νόμου·
2663 3759 2758 3812 καὶ
2792 3759 2923 3811 ποτὲ
2974 3759 3073 3828 μὲν
3125 3761 3404 3831 ἀντείχετο
3455 3762 3556 3833 τῆς
3598 3763 3876 3835 παρούσης

2302 3863 2465 3932 ζωῆς,
2513 3863 2642 3915 ποτὲ
2684 3862 2743 3915 δὲ
2783 3863 3102 3933 κατεφρόνει
3128 3864 3295 3933 αὐτῆς
3318 3882 3331 3894 ο
3366 3866 3461 3918 καὶ
3488 3864 3585 3919 νῦν
3624 3867 3726 3937 μὲν
3761 3867 3872 3939 ᾔτει

2300 3968 2577 4037 χρήματα,
2628 3966 2722 4019 νὺν
2766 3966 2823 4019 δὲ
2853 3968 2945 4019 καὶ
2974 3967 3230 4037 διδόμενα
3262 3969 3598 4041 διεκρούετο·
3632 3973 3729 4025 καὶ
3758 3971 3873 4025 ἔθυε

2301 4072 2392 4124 καὶ
2427 4072 2675 4141 ἐξυρᾶτο,
2703 4072 2796 4125 καὶ
2829 4070 2991 4125 πάλιν
3015 4056 3371 4141 ἀνεθεμάτιξε
3398 4075 3524 4136 τοὺς
3547 4075 3836 4137 ποιοῦντας
3857 4090 3870 4105 ⁸

2300 4175 2394 4227 καὶ
2433 4174 2528 4229 νῦν
2563 4175 2662 4244 μὲν
2710 4176 3025 4245 περιέτεμε,
3073 4175 3167 4229 νῦν
3195 4175 3252 4228 δὲ
3293 4177 3595 4248 περιτομὴν
3630 4178 3869 4245 ἐξέϐαλε.

2299 4279 2409 4331 Καὶ
2437 4279 2503 4330 τὰ
2530 4280 2627 4348 μὲν
2680 4280 2940 4349 γινόμενα
2968 4278 3185 4331 ἐναντία
3212 4272 3300 4350 ἦν,
3328 4280 3361 4349 ἡ
3395 4279 3449 4332 δέ
3472 4280 3664 4350 γνώμη
3699 4281 3793 4335 καὶ
3838 4281 3871 4349 ἡ

2297 4382 2521 4445 διάνοια,
2560 4384 2653 4451 ἀφ’
2680 4378 2743 4452 ἧς
2775 4382 2947 4434 ταῦτα
2969 4383 3204 4450 ἐγίνετο,
3230 4382 3435 4453 σφόδρα
3462 4382 3757 4446 ἀκόλουθος
3782 4383 3870 4436 καὶ

2296 4487 2460 4554 ἑαυτῇ
2486 4485 2820 4554 συνημμένη.

2371 4590 2465 4639 ’Ἑν
2488 4588 2595 4657 γάρ
2622 4588 2831 4657 ἐζήτει,
2868 4588 2975 4640 τῶν
3019 4589 3190 4642 ταῦτα
3239 4590 3546 4644 ἀκουόντων
3575 4592 3669 4645 καὶ
3708 4591 3867 4663 ὁρών-

2291 4704 2398 4739 των
2429 4689 2527 4757 τὴν
2555 4689 2859 4758 σωτηρίαν.
2896 4688 2995 4741 Διὰ
3026 4689 3089 4759 δὴ
3148 4690 3303 4743 τοῦτο
3351 4690 3444 4744 νῦν
3502 4692 3598 4761 μὲν
3659 4693 3867 4762 ἐπαίρει

2293 4790 2475 4857 νόμον,
2511 4788 2605 4839 νῦν
2651 4788 2705 4839 δὲ
2739 4789 2900 4841 αὑτὸν
2962 4790 3232 4859 καθαιρεῖ.
3271 4792 3345 4843 UO
3391 4792 3500 4861 γάρ
3525 4793 3589 4863 δὴ
3624 4795 3784 4863 μόνον
3813 4794 3865 4845 ἐν

2290 4888 2369 4954 οἷς
2402 4891 2690 4961 ἔπραττεν,
2718 4891 2853 4943 ἀλλὰ
2877 4892 2973 4943 καὶ
3007 4894 3064 4944 ἐν
3093 4888 3176 4955 οἷς
3198 4893 3370 4961 ἔλεγε,
3412 4896 3651 4959 ποικίλος
3685 4892 3753 4967 ἦν
3778 4895 3865 4949 καὶ

2290 4993 2649 5055 παντοδαπὸς,
2682 4994 2801 5063 οὑχὶ
2828 4994 3298 5066 μεταϐαλλόμενος
3337 4998 3435 5069 τὴν
3469 5000 3720 5070 γνώμην,
3751 4998 3864 5054 οὑδέ

2290 5096 2474 5166 ἕτερος
2494 5096 2552 5159 ἐξ
2576 5096 2660 5149 ἑτέ
2672 5113 2764 5165 ρου
2794 5097 3097 5167 γινόμενος,
3129 5099 3265 5153 ἀλλὰ
3294 5101 3470 5169 μένων
3494 5103 3633 5172 ὅπερ
3660 5099 3750 5172 ἦν,
3773 5102 3862 5157 καὶ

2288 5201 2394 5253 τῶν
2418 5203 2462 5253 εί
2473 5219 2536 5271 ρη
2546 5202 2732 5271 μένων
2764 5203 2993 5257 ἕκαστον
3020 5206 3157 5276 πρὸς
3176 5206 3276 5277 τὴν
3304 5207 3581 5278 παροῦσαν
3617 5226 3861 5280 μεταχει-

2292 5309 2451 5382 ρίζων
2478 5312 2686 5382 χρείαν.
2743 5311 2836 5380 Μὴ
2864 5311 3041 5365 τοίνυν
3073 5310 3235 5365 αὑτὸν
3276 5311 3363 5366 διὰ
3384 5313 3557 5367 ταῦτα
3585 5316 3817 5385 κακίσῃς
3842 5350 3856 5375 .

2347 5550 2372 5577 ³
2400 5550 2620 5616 (ξὺδεὶςη.
2646 5549 2902 5616 ὑπερεῖδεν.
2929 5586 2944 5599 .
2985 5550 3304 5616 θανατώντων.
3332 5548 3425 5616 γει
3467 5546 3709 5616 ζὶΐοῐιὶβυε
3730 5550 3856 5616 ρξιει

2285 5610 2658 5658 rescribendum
2708 5610 2820 5659 eSse
2864 5612 3203 5667 θανατιῶντων,
3244 5612 3389 5658 utsic
3431 5610 3491 5657 ad
3526 5610 3731 5657 verbum
3772 5610 3856 5667 ista

2287 5672 2517 5733 pericope
2542 5670 2789 5733 reddenda
2809 5673 2875 5718 sit
2901 5690 2912 5719 :
2940 5670 3115 5733 Νιιιίιιε
3134 5671 3206 5733 εἰς
3224 5684 3330 5720 eam
3353 5666 3854 5733 (vium_prmn}em)

2286 5728 2519 5793 Hesperii,
2532 5732 2674 5782 etiam
2695 5731 2892 5783 illorum
2912 5730 2995 5795 qui
3018 5732 3232 5784 maxinw
3251 5728 3451 5783 mortem
3466 5728 3710 5795 ‘all‘écmu.
3726 5728 3852 5781 Enn.
