  <div class='ocr_page' id='page_1' title='image "/cluster/home/n/w/nwhite01/storage/ocr_20150623/50/ien.35556001660778/096.png"; bbox 0 0 4082 6448; ppageno 0'>
   <div class='ocr_carea' id='block_1_1' title="bbox 130 445 2544 516">
    <p class='ocr_par' dir='ltr' id='par_1_1' title="bbox 130 445 2544 516">
     <span class='ocr_line' id='line_1_1' title="bbox 130 445 2544 516; baseline -0.006 -1"><span class='ocrx_word' id='word_1_1' title='bbox 130 459 222 516; x_wconf 66' lang='grc'><strong>437</strong></span> <span class='ocrx_word' id='word_1_2' title='bbox 947 452 1036 509; x_wconf 86' lang='lat' dir='ltr'><strong>DE</strong></span> <span class='ocrx_word' id='word_1_3' title='bbox 1073 449 1418 509; x_wconf 79' lang='lat' dir='ltr'><strong>LAUDIBUS</strong></span> <span class='ocrx_word' id='word_1_4' title='bbox 1457 449 1518 509; x_wconf 84' lang='lat' dir='ltr'><strong>S.</strong></span> <span class='ocrx_word' id='word_1_5' title='bbox 1560 445 1768 507; x_wconf 74' lang='lat' dir='ltr'><strong>PAULI</strong></span> <span class='ocrx_word' id='word_1_6' title='bbox 1805 448 2162 507; x_wconf 75' lang='lat' dir='ltr'><strong>APOSTOLI.</strong></span> <span class='ocrx_word' id='word_1_7' title='bbox 2206 447 2437 506; x_wconf 81' lang='lat' dir='ltr'><strong>HOMIL.</strong></span> <span class='ocrx_word' id='word_1_8' title='bbox 2480 447 2544 502; x_wconf 79' lang='grc' dir='ltr'><strong>ν.</strong></span> 
     </span>
    </p>
   </div>
   <div class='ocr_carea' id='block_1_2' title="bbox 126 562 1706 641">
    <p class='ocr_par' dir='ltr' id='par_1_2' title="bbox 126 562 1706 641">
     <span class='ocr_line' id='line_1_2' title="bbox 126 562 1706 641; baseline -0.003 -18"><span class='ocrx_word' id='word_1_9' title='bbox 126 587 337 641; x_wconf 84' lang='lat' dir='ltr'><strong>pauper,</strong></span> <span class='ocrx_word' id='word_1_10' title='bbox 365 571 542 626; x_wconf 80' lang='lat' dir='ltr'><strong>nullus</strong></span> <span class='ocrx_word' id='word_1_11' title='bbox 571 575 794 639; x_wconf 88' lang='lat' dir='ltr'><strong>angatur</strong></span> <span class='ocrx_word' id='word_1_12' title='bbox 822 567 1104 637; x_wconf 80' lang='lat' dir='ltr'><strong>inglorius,</strong></span> <span class='ocrx_word' id='word_1_13' title='bbox 1132 565 1310 620; x_wconf 91' lang='lat' dir='ltr'><strong>nullus</strong></span> <span class='ocrx_word' id='word_1_14' title='bbox 1339 580 1402 620; x_wconf 85' lang='lat' dir='ltr'><strong>ex</strong></span> <span class='ocrx_word' id='word_1_15' title='bbox 1432 562 1706 619; x_wconf 73' lang='lat' dir='ltr'><strong>vilioribus</strong></span> 
     </span>
    </p>
   </div>
   <div class='ocr_carea' id='block_1_3' title="bbox 125 654 1711 728">
    <p class='ocr_par' dir='ltr' id='par_1_3' title="bbox 125 654 1711 728">
     <span class='ocr_line' id='line_1_3' title="bbox 125 654 1711 728; baseline -0.004 -18"><span class='ocrx_word' id='word_1_16' title='bbox 125 661 455 728; x_wconf 82' lang='lat' dir='ltr'><strong>ingemiscat;</strong></span> <span class='ocrx_word' id='word_1_17' title='bbox 503 662 600 717; x_wconf 85' lang='lat' dir='ltr'><strong>sed</strong></span> <span class='ocrx_word' id='word_1_18' title='bbox 653 659 1023 716; x_wconf 88' lang='lat' dir='ltr'><strong>tantummodo</strong></span> <span class='ocrx_word' id='word_1_19' title='bbox 1060 657 1171 722; x_wconf 84' lang='lat' dir='ltr'><strong>illi,</strong></span> <span class='ocrx_word' id='word_1_20' title='bbox 1213 657 1305 726; x_wconf 92' lang='lat' dir='ltr'><strong>qui</strong></span> <span class='ocrx_word' id='word_1_21' title='bbox 1349 654 1536 710; x_wconf 89' lang='lat' dir='ltr'><strong>molles</strong></span> <span class='ocrx_word' id='word_1_22' title='bbox 1585 661 1711 708; x_wconf 86' lang='lat' dir='ltr'><strong>sunt</strong></span> 
     </span>
    </p>
   </div>
   <div class='ocr_carea' id='block_1_4' title="bbox 124 743 1711 819">
    <p class='ocr_par' dir='ltr' id='par_1_4' title="bbox 124 743 1711 819">
     <span class='ocr_line' id='line_1_4' title="bbox 124 743 1711 819; baseline -0.005 -15"><span class='ocrx_word' id='word_1_23' title='bbox 124 753 298 807; x_wconf 87' lang='lat' dir='ltr'><strong>animo</strong></span> <span class='ocrx_word' id='word_1_24' title='bbox 320 792 338 819; x_wconf 87' lang='lat'><strong>,</strong></span> <span class='ocrx_word' id='word_1_25' title='bbox 379 764 436 809; x_wconf 89' lang='lat' dir='ltr'><strong>et</strong></span> <span class='ocrx_word' id='word_1_26' title='bbox 463 753 701 808; x_wconf 90' lang='lat' dir='ltr'><strong>enervati</strong></span> <span class='ocrx_word' id='word_1_27' title='bbox 742 762 925 806; x_wconf 84' lang='lat' dir='ltr'><strong>meme</strong></span> <span class='ocrx_word' id='word_1_28' title='bbox 969 757 1093 803; x_wconf 91' lang='lat' dir='ltr'><strong>sunt</strong></span> <span class='ocrx_word' id='word_1_29' title='bbox 1122 756 1282 817; x_wconf 88' lang='lat' dir='ltr'><strong>atque</strong></span> <span class='ocrx_word' id='word_1_30' title='bbox 1326 744 1565 801; x_wconf 77' lang='lat' dir='ltr'><strong>reSUIuti.</strong></span> <span class='ocrx_word' id='word_1_31' title='bbox 1598 743 1711 797; x_wconf 76' lang='lat' dir='ltr'><strong>[loc</strong></span> 
     </span>
    </p>
   </div>
   <div class='ocr_carea' id='block_1_5' title="bbox 124 837 1710 912">
    <p class='ocr_par' dir='ltr' id='par_1_5' title="bbox 124 837 1710 912">
     <span class='ocr_line' id='line_1_5' title="bbox 124 837 1710 912; baseline -0.008 -15"><span class='ocrx_word' id='word_1_32' title='bbox 124 858 260 897; x_wconf 82' lang='lat' dir='ltr'><strong>enim</strong></span> <span class='ocrx_word' id='word_1_33' title='bbox 303 844 476 898; x_wconf 89' lang='lat' dir='ltr'><strong>solum</strong></span> <span class='ocrx_word' id='word_1_34' title='bbox 523 854 608 898; x_wconf 88' lang='lat' dir='ltr'><strong>est</strong></span> <span class='ocrx_word' id='word_1_35' title='bbox 647 843 788 912; x_wconf 87' lang='lat' dir='ltr'><strong>quod</strong></span> <span class='ocrx_word' id='word_1_36' title='bbox 828 855 927 895; x_wconf 90' lang='lat' dir='ltr'><strong>nos</strong></span> <span class='ocrx_word' id='word_1_37' title='bbox 963 855 992 894; x_wconf 89' lang='lat' dir='ltr'><strong>a</strong></span> <span class='ocrx_word' id='word_1_38' title='bbox 1034 839 1228 892; x_wconf 90' lang='lat' dir='ltr'><strong>virtute</strong></span> <span class='ocrx_word' id='word_1_39' title='bbox 1271 837 1445 890; x_wconf 84' lang='lat' dir='ltr'><strong>valeat</strong></span> <span class='ocrx_word' id='word_1_40' title='bbox 1485 845 1710 898; x_wconf 90' lang='lat' dir='ltr'><strong>arcere,</strong></span> 
     </span>
    </p>
   </div>
   <div class='ocr_carea' id='block_1_6' title="bbox 125 923 1713 1004">
    <p class='ocr_par' dir='ltr' id='par_1_6' title="bbox 125 923 1713 1004">
     <span class='ocr_line' id='line_1_6' title="bbox 125 923 1713 1004; baseline -0.005 -19"><span class='ocrx_word' id='word_1_41' title='bbox 125 935 379 1001; x_wconf 82' lang='lat' dir='ltr'><strong>vitiositas</strong></span> <span class='ocrx_word' id='word_1_42' title='bbox 399 935 590 990; x_wconf 71' lang='lat' dir='ltr'><strong>anima:</strong></span> <span class='ocrx_word' id='word_1_43' title='bbox 618 945 777 1004; x_wconf 90' lang='lat' dir='ltr'><strong>atque</strong></span> <span class='ocrx_word' id='word_1_44' title='bbox 799 931 1078 987; x_wconf 89' lang='lat' dir='ltr'><strong>mollitudo</strong></span> <span class='ocrx_word' id='word_1_45' title='bbox 1106 929 1405 991; x_wconf 75' lang='lat' dir='ltr'><strong>sententiae,</strong></span> <span class='ocrx_word' id='word_1_46' title='bbox 1434 941 1534 980; x_wconf 89' lang='lat' dir='ltr'><strong>nec</strong></span> <span class='ocrx_word' id='word_1_47' title='bbox 1561 923 1713 994; x_wconf 85' lang='lat' dir='ltr'><strong>quid-</strong></span> 
     </span>
    </p>
   </div>
   <div class='ocr_carea' id='block_1_7' title="bbox 122 1017 1716 1093">
    <p class='ocr_par' dir='ltr' id='par_1_7' title="bbox 122 1017 1716 1093">
     <span class='ocr_line' id='line_1_7' title="bbox 122 1017 1716 1093; baseline -0.007 -16"><span class='ocrx_word' id='word_1_48' title='bbox 122 1039 280 1092; x_wconf 86' lang='lat' dir='ltr'><strong>quam</strong></span> <span class='ocrx_word' id='word_1_49' title='bbox 324 1026 546 1079; x_wconf 85' lang='lat' dir='ltr'><strong>omnino</strong></span> <span class='ocrx_word' id='word_1_50' title='bbox 573 1022 1046 1093; x_wconf 73' lang='lat' dir='ltr'><strong>przeterea:idque</strong></span> <span class='ocrx_word' id='word_1_51' title='bbox 1076 1021 1216 1073; x_wconf 80' lang='lat' dir='ltr'><strong>beati</strong></span> <span class='ocrx_word' id='word_1_52' title='bbox 1265 1017 1453 1086; x_wconf 80' lang='lat' dir='ltr'><strong>hujus,</strong></span> <span class='ocrx_word' id='word_1_53' title='bbox 1495 1024 1716 1083; x_wconf 86' lang='lat' dir='ltr'><strong>prepter</strong></span> 
     </span>
    </p>
   </div>
   <div class='ocr_carea' id='block_1_8' title="bbox 122 1105 1713 1186">
    <p class='ocr_par' dir='ltr' id='par_1_8' title="bbox 122 1105 1713 1186">
     <span class='ocr_line' id='line_1_8' title="bbox 122 1105 1713 1186; baseline -0.006 -19"><span class='ocrx_word' id='word_1_54' title='bbox 122 1131 281 1182; x_wconf 89' lang='lat' dir='ltr'><strong>quem</strong></span> <span class='ocrx_word' id='word_1_55' title='bbox 327 1116 486 1171; x_wconf 88' lang='lat' dir='ltr'><strong>hodie</strong></span> <span class='ocrx_word' id='word_1_56' title='bbox 510 1114 818 1186; x_wconf 73' lang='lat' dir='ltr'><strong>congregati</strong></span> <span class='ocrx_word' id='word_1_57' title='bbox 849 1127 1069 1175; x_wconf 82' lang='lat' dir='ltr'><strong>smnus,</strong></span> <span class='ocrx_word' id='word_1_58' title='bbox 1121 1113 1412 1164; x_wconf 90' lang='lat' dir='ltr'><strong>illustratur</strong></span> <span class='ocrx_word' id='word_1_59' title='bbox 1447 1105 1713 1173; x_wconf 86' lang='lat' dir='ltr'><strong>exemplo.</strong></span> 
     </span>
    </p>
   </div>
   <div class='ocr_carea' id='block_1_9' title="bbox 120 1201 1714 1270">
    <p class='ocr_par' dir='ltr' id='par_1_9' title="bbox 120 1201 1714 1270">
     <span class='ocr_line' id='line_1_9' title="bbox 120 1201 1714 1270; baseline -0.009 -10"><span class='ocrx_word' id='word_1_60' title='bbox 120 1206 274 1260; x_wconf 82' lang='lat' dir='ltr'><strong>Sicut</strong></span> <span class='ocrx_word' id='word_1_61' title='bbox 297 1209 437 1262; x_wconf 90' lang='lat' dir='ltr'><strong>enim</strong></span> <span class='ocrx_word' id='word_1_62' title='bbox 462 1207 628 1261; x_wconf 80' lang='lat' dir='ltr'><strong>Paulo</strong></span> <span class='ocrx_word' id='word_1_63' title='bbox 651 1205 778 1258; x_wconf 83' lang='lat' dir='ltr'><strong>nihil</strong></span> <span class='ocrx_word' id='word_1_64' title='bbox 801 1219 862 1256; x_wconf 77' lang='lat' dir='ltr'><strong>ea</strong></span> <span class='ocrx_word' id='word_1_65' title='bbox 884 1219 1001 1270; x_wconf 65' lang='lat' dir='ltr'><strong>quae</strong></span> <span class='ocrx_word' id='word_1_66' title='bbox 1022 1201 1266 1268; x_wconf 90' lang='lat' dir='ltr'><strong>superius</strong></span> <span class='ocrx_word' id='word_1_67' title='bbox 1281 1207 1403 1253; x_wconf 91' lang='lat' dir='ltr'><strong>sunt</strong></span> <span class='ocrx_word' id='word_1_68' title='bbox 1425 1202 1714 1249; x_wconf 88' lang='lat' dir='ltr'><strong>memorata</strong></span> 
     </span>
    </p>
   </div>
   <div class='ocr_carea' id='block_1_10' title="bbox 124 1283 1715 1362">
    <p class='ocr_par' dir='ltr' id='par_1_10' title="bbox 124 1283 1715 1362">
     <span class='ocr_line' id='line_1_10' title="bbox 124 1283 1715 1362; baseline -0.008 -14"><span class='ocrx_word' id='word_1_69' title='bbox 124 1306 443 1362; x_wconf 90' lang='lat' dir='ltr'><strong>nocuerunt,</strong></span> <span class='ocrx_word' id='word_1_70' title='bbox 470 1296 541 1349; x_wconf 89' lang='lat' dir='ltr'><strong>ita</strong></span> <span class='ocrx_word' id='word_1_71' title='bbox 569 1303 717 1348; x_wconf 89' lang='lat' dir='ltr'><strong>extra</strong></span> <span class='ocrx_word' id='word_1_72' title='bbox 749 1293 1058 1362; x_wconf 77' lang='lat' dir='ltr'><strong>religionem</strong></span> <span class='ocrx_word' id='word_1_73' title='bbox 1090 1301 1324 1343; x_wconf 87' lang='lat' dir='ltr'><strong>nostram</strong></span> <span class='ocrx_word' id='word_1_74' title='bbox 1357 1287 1558 1357; x_wconf 90' lang='lat' dir='ltr'><strong>positos</strong></span> <span class='ocrx_word' id='word_1_75' title='bbox 1584 1283 1715 1338; x_wconf 85' lang='lat' dir='ltr'><strong>nihil</strong></span> 
     </span>
    </p>
   </div>
   <div class='ocr_carea' id='block_1_11' title="bbox 125 1375 1717 1455">
    <p class='ocr_par' dir='ltr' id='par_1_11' title="bbox 125 1375 1717 1455">
     <span class='ocr_line' id='line_1_11' title="bbox 125 1375 1717 1455; baseline -0.007 -17"><span class='ocrx_word' id='word_1_76' title='bbox 125 1383 206 1438; x_wconf 89' lang='lat' dir='ltr'><strong>bis</strong></span> <span class='ocrx_word' id='word_1_77' title='bbox 232 1385 459 1439; x_wconf 88' lang='lat' dir='ltr'><strong>adversa</strong></span> <span class='ocrx_word' id='word_1_78' title='bbox 495 1385 780 1455; x_wconf 90' lang='lat' dir='ltr'><strong>juverunt,</strong></span> <span class='ocrx_word' id='word_1_79' title='bbox 808 1401 913 1436; x_wconf 91' lang='lat' dir='ltr'><strong>non</strong></span> <span class='ocrx_word' id='word_1_80' title='bbox 941 1381 1151 1450; x_wconf 84' lang='lat' dir='ltr'><strong>generis</strong></span> <span class='ocrx_word' id='word_1_81' title='bbox 1178 1378 1471 1444; x_wconf 81' lang='lat' dir='ltr'><strong>claritudo,</strong></span> <span class='ocrx_word' id='word_1_82' title='bbox 1502 1392 1605 1430; x_wconf 90' lang='lat' dir='ltr'><strong>non</strong></span> <span class='ocrx_word' id='word_1_83' title='bbox 1633 1375 1717 1428; x_wconf 87' lang='lat' dir='ltr'><strong>di-</strong></span> 
     </span>
    </p>
   </div>
   <div class='ocr_carea' id='block_1_12' title="bbox 123 1467 1720 1542">
    <p class='ocr_par' dir='ltr' id='par_1_12' title="bbox 123 1467 1720 1542">
     <span class='ocr_line' id='line_1_12' title="bbox 123 1467 1720 1542; baseline -0.004 -16"><span class='ocrx_word' id='word_1_84' title='bbox 123 1474 371 1528; x_wconf 88' lang='lat' dir='ltr'><strong>vitiarum</strong></span> <span class='ocrx_word' id='word_1_85' title='bbox 403 1474 672 1529; x_wconf 89' lang='lat' dir='ltr'><strong>aflluentia</strong></span> <span class='ocrx_word' id='word_1_86' title='bbox 693 1515 708 1538; x_wconf 95' lang='lat'><strong>,</strong></span> <span class='ocrx_word' id='word_1_87' title='bbox 741 1490 845 1528; x_wconf 89' lang='lat' dir='ltr'><strong>non</strong></span> <span class='ocrx_word' id='word_1_88' title='bbox 874 1472 1128 1542; x_wconf 78' lang='lat' dir='ltr'><strong>splendor</strong></span> <span class='ocrx_word' id='word_1_89' title='bbox 1154 1470 1367 1539; x_wconf 80' lang='lat' dir='ltr'><strong>eloquii,</strong></span> <span class='ocrx_word' id='word_1_90' title='bbox 1399 1484 1502 1522; x_wconf 88' lang='lat' dir='ltr'><strong>non</strong></span> <span class='ocrx_word' id='word_1_91' title='bbox 1534 1467 1720 1538; x_wconf 64' lang='lat' dir='ltr'><strong>gloria:</strong></span> 
     </span>
    </p>
   </div>
   <div class='ocr_carea' id='block_1_13' title="bbox 125 1565 1267 1635">
    <p class='ocr_par' dir='ltr' id='par_1_13' title="bbox 125 1565 1267 1635">
     <span class='ocr_line' id='line_1_13' title="bbox 125 1565 1267 1635; baseline -0.004 -16"><span class='ocrx_word' id='word_1_92' title='bbox 125 1565 458 1635; x_wconf 76' lang='lat' dir='ltr'><strong>magnitudo,</strong></span> <span class='ocrx_word' id='word_1_93' title='bbox 489 1580 595 1620; x_wconf 89' lang='lat' dir='ltr'><strong>non</strong></span> <span class='ocrx_word' id='word_1_94' title='bbox 621 1567 918 1619; x_wconf 76' lang='lat' dir='ltr'><strong>sublimitas</strong></span> <span class='ocrx_word' id='word_1_95' title='bbox 945 1573 1267 1633; x_wconf 84' lang='lat' dir='ltr'><strong>potentatus.</strong></span> 
     </span>
    </p>
   </div>
   <div class='ocr_carea' id='block_1_14' title="bbox 193 1651 1720 1722">
    <p class='ocr_par' dir='ltr' id='par_1_14' title="bbox 193 1651 1720 1722">
     <span class='ocr_line' id='line_1_14' title="bbox 193 1651 1720 1722; baseline -0.005 -12"><span class='ocrx_word' id='word_1_96' title='bbox 193 1656 467 1711; x_wconf 65' lang='lat' dir='ltr'><strong>Daemones</strong></span> <span class='ocrx_word' id='word_1_97' title='bbox 515 1659 587 1711; x_wconf 84' lang='lat' dir='ltr'><strong>nil</strong></span> <span class='ocrx_word' id='word_1_98' title='bbox 633 1659 771 1722; x_wconf 77' lang='lat' dir='ltr'><strong>iuvat</strong></span> <span class='ocrx_word' id='word_1_99' title='bbox 821 1653 1402 1708; x_wconf 81' lang='lat' dir='ltr'><strong>immortalitas.-—Sed</strong></span> <span class='ocrx_word' id='word_1_100' title='bbox 1450 1651 1576 1720; x_wconf 85' lang='lat' dir='ltr'><strong>quid</strong></span> <span class='ocrx_word' id='word_1_101' title='bbox 1620 1663 1720 1720; x_wconf 82' lang='lat' dir='ltr'><strong>ego</strong></span> 
     </span>
    </p>
   </div>
   <div class='ocr_carea' id='block_1_15' title="bbox 125 1741 1720 1812">
    <p class='ocr_par' dir='ltr' id='par_1_15' title="bbox 125 1741 1720 1812">
     <span class='ocr_line' id='line_1_15' title="bbox 125 1741 1720 1812; baseline -0.005 -12"><span class='ocrx_word' id='word_1_102' title='bbox 125 1745 192 1800; x_wconf 88' lang='lat' dir='ltr'><strong>de</strong></span> <span class='ocrx_word' id='word_1_103' title='bbox 217 1745 526 1800; x_wconf 87' lang='lat' dir='ltr'><strong>hominibus</strong></span> <span class='ocrx_word' id='word_1_104' title='bbox 559 1745 733 1798; x_wconf 88' lang='lat' dir='ltr'><strong>adhuc</strong></span> <span class='ocrx_word' id='word_1_105' title='bbox 761 1746 969 1812; x_wconf 92' lang='lat' dir='ltr'><strong>loquor,</strong></span> <span class='ocrx_word' id='word_1_106' title='bbox 999 1753 1050 1798; x_wconf 92' lang='lat' dir='ltr'><strong>et</strong></span> <span class='ocrx_word' id='word_1_107' title='bbox 1076 1741 1329 1812; x_wconf 91' lang='lat' dir='ltr'><strong>quamdiu</strong></span> <span class='ocrx_word' id='word_1_108' title='bbox 1356 1743 1496 1795; x_wconf 91' lang='lat' dir='ltr'><strong>circa</strong></span> <span class='ocrx_word' id='word_1_109' title='bbox 1527 1751 1720 1794; x_wconf 88' lang='lat' dir='ltr'><strong>terram</strong></span> 
     </span>
    </p>
   </div>
   <div class='ocr_carea' id='block_1_16' title="bbox 127 1834 1722 1901">
    <p class='ocr_par' dir='ltr' id='par_1_16' title="bbox 127 1834 1722 1901">
     <span class='ocr_line' id='line_1_16' title="bbox 127 1834 1722 1901; baseline -0.004 -11"><span class='ocrx_word' id='word_1_110' title='bbox 127 1835 380 1890; x_wconf 83' lang='lat' dir='ltr'><strong>contineo</strong></span> <span class='ocrx_word' id='word_1_111' title='bbox 424 1836 764 1888; x_wconf 81' lang='lat' dir='ltr'><strong>sermonem?</strong></span> <span class='ocrx_word' id='word_1_112' title='bbox 807 1835 909 1888; x_wconf 90' lang='lat' dir='ltr'><strong>Fas</strong></span> <span class='ocrx_word' id='word_1_113' title='bbox 948 1844 1029 1888; x_wconf 90' lang='lat' dir='ltr'><strong>est</strong></span> <span class='ocrx_word' id='word_1_114' title='bbox 1068 1834 1225 1886; x_wconf 88' lang='lat' dir='ltr'><strong>etiam</strong></span> <span class='ocrx_word' id='word_1_115' title='bbox 1276 1847 1533 1901; x_wconf 91' lang='lat' dir='ltr'><strong>supernas</strong></span> <span class='ocrx_word' id='word_1_116' title='bbox 1571 1845 1722 1885; x_wconf 89' lang='lat' dir='ltr'><strong>com-</strong></span> 
     </span>
    </p>
   </div>
   <div class='ocr_carea' id='block_1_17' title="bbox 128 1924 1724 1993">
    <p class='ocr_par' dir='ltr' id='par_1_17' title="bbox 128 1924 1724 1993">
     <span class='ocr_line' id='line_1_17' title="bbox 128 1924 1724 1993; baseline -0.002 -15"><span class='ocrx_word' id='word_1_117' title='bbox 128 1938 430 1979; x_wconf 87' lang='lat' dir='ltr'><strong>memorare</strong></span> <span class='ocrx_word' id='word_1_118' title='bbox 463 1927 723 1991; x_wconf 86' lang='lat' dir='ltr'><strong>virtutes,</strong></span> <span class='ocrx_word' id='word_1_119' title='bbox 777 1926 1103 1993; x_wconf 85' lang='lat' dir='ltr'><strong>principatus</strong></span> <span class='ocrx_word' id='word_1_120' title='bbox 1151 1924 1418 1989; x_wconf 70' lang='lat' dir='ltr'><strong>videlicet.</strong></span> <span class='ocrx_word' id='word_1_121' title='bbox 1469 1938 1532 1976; x_wconf 90' lang='lat' dir='ltr'><strong>ac</strong></span> <span class='ocrx_word' id='word_1_122' title='bbox 1574 1931 1724 1992; x_wconf 88' lang='lat' dir='ltr'><strong>pote-</strong></span> 
     </span>
    </p>
   </div>
   <div class='ocr_carea' id='block_1_18' title="bbox 128 2012 1720 2086">
    <p class='ocr_par' dir='ltr' id='par_1_18' title="bbox 128 2012 1720 2086">
     <span class='ocr_line' id='line_1_18' title="bbox 128 2012 1720 2086; baseline -0.003 -17"><span class='ocrx_word' id='word_1_123' title='bbox 128 2025 312 2080; x_wconf 81' lang='lat' dir='ltr'><strong>states,</strong></span> <span class='ocrx_word' id='word_1_124' title='bbox 329 2015 615 2086; x_wconf 83' lang='lat' dir='ltr'><strong>mundique</strong></span> <span class='ocrx_word' id='word_1_125' title='bbox 644 2027 878 2071; x_wconf 86' lang='lat' dir='ltr'><strong>rectores</strong></span> <span class='ocrx_word' id='word_1_126' title='bbox 901 2032 962 2071; x_wconf 88' lang='lat' dir='ltr'><strong>ac</strong></span> <span class='ocrx_word' id='word_1_127' title='bbox 988 2017 1326 2070; x_wconf 87' lang='lat' dir='ltr'><strong>tenebrarum</strong></span> <span class='ocrx_word' id='word_1_128' title='bbox 1345 2014 1498 2083; x_wconf 87' lang='lat' dir='ltr'><strong>hujus</strong></span> <span class='ocrx_word' id='word_1_129' title='bbox 1521 2012 1720 2068; x_wconf 65' lang='lat' dir='ltr'><strong>smeuli.</strong></span> 
     </span>
    </p>
   </div>
   <div class='ocr_carea' id='block_1_19' title="bbox 122 2109 1725 2178">
    <p class='ocr_par' dir='ltr' id='par_1_19' title="bbox 122 2109 1725 2178">
     <span class='ocr_line' id='line_1_19' title="bbox 122 2109 1725 2178; baseline -0.004 -14"><span class='ocrx_word' id='word_1_130' title='bbox 122 2109 263 2177; x_wconf 86' lang='lat' dir='ltr'><strong>Quid</strong></span> <span class='ocrx_word' id='word_1_131' title='bbox 303 2109 444 2162; x_wconf 87' lang='lat' dir='ltr'><strong>enim</strong></span> <span class='ocrx_word' id='word_1_132' title='bbox 486 2109 621 2177; x_wconf 86' lang='lat' dir='ltr'><strong>juvit</strong></span> <span class='ocrx_word' id='word_1_133' title='bbox 665 2124 758 2162; x_wconf 89' lang='lat' dir='ltr'><strong>eos</strong></span> <span class='ocrx_word' id='word_1_134' title='bbox 795 2109 1102 2178; x_wconf 83' lang='lat' dir='ltr'><strong>angelorum</strong></span> <span class='ocrx_word' id='word_1_135' title='bbox 1149 2109 1366 2161; x_wconf 91' lang='lat' dir='ltr'><strong>sortitos</strong></span> <span class='ocrx_word' id='word_1_136' title='bbox 1411 2121 1530 2163; x_wconf 79' lang='lat' dir='ltr'><strong>esse</strong></span> <span class='ocrx_word' id='word_1_137' title='bbox 1572 2114 1725 2159; x_wconf 83' lang='lat' dir='ltr'><strong>natu-</strong></span> 
     </span>
    </p>
   </div>
   <div class='ocr_carea' id='block_1_20' title="bbox 128 2198 1722 2263">
    <p class='ocr_par' dir='ltr' id='par_1_20' title="bbox 128 2198 1722 2263">
     <span class='ocr_line' id='line_1_20' title="bbox 128 2198 1722 2263; baseline 0 -11"><span class='ocrx_word' id='word_1_138' title='bbox 128 2199 288 2252; x_wconf 84' lang='lat' dir='ltr'><strong>ram?</strong></span> <span class='ocrx_word' id='word_1_139' title='bbox 335 2215 512 2254; x_wconf 85' lang='lat' dir='ltr'><strong>nonne</strong></span> <span class='ocrx_word' id='word_1_140' title='bbox 552 2201 766 2255; x_wconf 90' lang='lat' dir='ltr'><strong>venient</strong></span> <span class='ocrx_word' id='word_1_141' title='bbox 793 2217 980 2255; x_wconf 90' lang='lat' dir='ltr'><strong>omnes</strong></span> <span class='ocrx_word' id='word_1_142' title='bbox 1023 2200 1138 2255; x_wconf 63' lang='lat' dir='ltr'><strong>ista:</strong></span> <span class='ocrx_word' id='word_1_143' title='bbox 1181 2202 1406 2255; x_wconf 82' lang='lat' dir='ltr'><strong>virtutes</strong></span> <span class='ocrx_word' id='word_1_144' title='bbox 1451 2214 1481 2253; x_wconf 92' lang='lat' dir='ltr'><strong>a</strong></span> <span class='ocrx_word' id='word_1_145' title='bbox 1520 2198 1722 2263; x_wconf 87' lang='lat' dir='ltr'><strong>Paulo,</strong></span> 
     </span>
    </p>
   </div>
   <div class='ocr_carea' id='block_1_21' title="bbox 128 2289 1723 2359">
    <p class='ocr_par' dir='ltr' id='par_1_21' title="bbox 128 2289 1723 2359">
     <span class='ocr_line' id='line_1_21' title="bbox 128 2289 1723 2359; baseline 0.002 -19"><span class='ocrx_word' id='word_1_146' title='bbox 128 2289 357 2357; x_wconf 84' lang='lat' dir='ltr'><strong>ejusque</strong></span> <span class='ocrx_word' id='word_1_147' title='bbox 427 2290 689 2344; x_wconf 88' lang='lat' dir='ltr'><strong>similibus</strong></span> <span class='ocrx_word' id='word_1_148' title='bbox 759 2290 1106 2358; x_wconf 70' lang='lat' dir='ltr'><strong>judicandm?</strong></span> <span class='ocrx_word' id='word_1_149' title='bbox 1177 2290 1444 2356; x_wconf 78' lang='lat' dir='ltr'><strong>Nescitis,</strong></span> <span class='ocrx_word' id='word_1_150' title='bbox 1515 2290 1723 2359; x_wconf 89' lang='lat' dir='ltr'><strong>inquit,</strong></span> 
     </span>
    </p>
   </div>
   <div class='ocr_carea' id='block_1_22' title="bbox 128 2377 1725 2451">
    <p class='ocr_par' dir='ltr' id='par_1_22' title="bbox 128 2377 1725 2451">
     <span class='ocr_line' id='line_1_22' title="bbox 128 2377 1725 2451; baseline 0.001 -22"><span class='ocrx_word' id='word_1_151' title='bbox 128 2379 246 2443; x_wconf 74' lang='lat' dir='ltr'><strong>quia</strong></span> <span class='ocrx_word' id='word_1_152' title='bbox 299 2377 507 2448; x_wconf 78' lang='lat' dir='ltr'><strong>angelos</strong></span> <span class='ocrx_word' id='word_1_153' title='bbox 550 2379 933 2448; x_wconf 79' lang='lat' dir='ltr'><strong>judicabimus,</strong></span> <span class='ocrx_word' id='word_1_154' title='bbox 990 2391 1179 2451; x_wconf 84' lang='lat' dir='ltr'><strong>quanto</strong></span> <span class='ocrx_word' id='word_1_155' title='bbox 1237 2381 1398 2451; x_wconf 81' lang='lat' dir='ltr'><strong>magis</strong></span> <span class='ocrx_word' id='word_1_156' title='bbox 1457 2379 1725 2434; x_wconf 76' lang='lat' dir='ltr'><strong>swcularia</strong></span> 
     </span>
    </p>
   </div>
   <div class='ocr_carea' id='block_1_23' title="bbox 133 2466 1725 2540">
    <p class='ocr_par' dir='ltr' id='par_1_23' title="bbox 133 2466 1725 2540">
     <span class='ocr_line' id='line_1_23' title="bbox 133 2466 1725 2540; baseline 0.002 -20"><span class='ocrx_word' id='word_1_157' title='bbox 133 2469 208 2535; x_wconf 82' lang='lat' dir='ltr'><strong>(l.</strong></span> <span class='ocrx_word' id='word_1_158' title='bbox 252 2466 372 2522; x_wconf 89' lang='lat' dir='ltr'><strong>Cor.</strong></span> <span class='ocrx_word' id='word_1_159' title='bbox 416 2469 470 2522; x_wconf 87' lang='lat'><strong>6.</strong></span> <span class='ocrx_word' id='word_1_160' title='bbox 502 2469 598 2536; x_wconf 78' lang='lat'><strong>5)?</strong></span> <span class='ocrx_word' id='word_1_161' title='bbox 627 2468 742 2523; x_wconf 84' lang='lat' dir='ltr'><strong>Non</strong></span> <span class='ocrx_word' id='word_1_162' title='bbox 771 2471 927 2539; x_wconf 77' lang='lat' dir='ltr'><strong>igitur</strong></span> <span class='ocrx_word' id='word_1_163' title='bbox 954 2471 1023 2525; x_wconf 88' lang='lat' dir='ltr'><strong>ob</strong></span> <span class='ocrx_word' id='word_1_164' title='bbox 1046 2471 1178 2525; x_wconf 89' lang='lat' dir='ltr'><strong>alias</strong></span> <span class='ocrx_word' id='word_1_165' title='bbox 1202 2470 1489 2540; x_wconf 90' lang='lat' dir='ltr'><strong>aliquando</strong></span> <span class='ocrx_word' id='word_1_166' title='bbox 1535 2485 1725 2524; x_wconf 87' lang='lat' dir='ltr'><strong>causas</strong></span> 
     </span>
    </p>
   </div>
   <div class='ocr_carea' id='block_1_24' title="bbox 129 2559 1726 2626">
    <p class='ocr_par' dir='ltr' id='par_1_24' title="bbox 129 2559 1726 2626">
     <span class='ocr_line' id='line_1_24' title="bbox 129 2559 1726 2626; baseline 0.002 -15"><span class='ocrx_word' id='word_1_167' title='bbox 129 2559 232 2613; x_wconf 81' lang='lat' dir='ltr'><strong>nisi</strong></span> <span class='ocrx_word' id='word_1_168' title='bbox 253 2559 326 2614; x_wconf 89' lang='lat' dir='ltr'><strong>ob</strong></span> <span class='ocrx_word' id='word_1_169' title='bbox 354 2560 477 2614; x_wconf 85' lang='lat' dir='ltr'><strong>vitia</strong></span> <span class='ocrx_word' id='word_1_170' title='bbox 503 2561 618 2615; x_wconf 86' lang='lat' dir='ltr'><strong>sola</strong></span> <span class='ocrx_word' id='word_1_171' title='bbox 641 2560 949 2626; x_wconf 84' lang='lat' dir='ltr'><strong>doleamus;</strong></span> <span class='ocrx_word' id='word_1_172' title='bbox 980 2561 1170 2616; x_wconf 89' lang='lat' dir='ltr'><strong>horum</strong></span> <span class='ocrx_word' id='word_1_173' title='bbox 1195 2577 1292 2615; x_wconf 88' lang='lat' dir='ltr'><strong>nos</strong></span> <span class='ocrx_word' id='word_1_174' title='bbox 1317 2561 1581 2616; x_wconf 90' lang='lat' dir='ltr'><strong>studiosos</strong></span> <span class='ocrx_word' id='word_1_175' title='bbox 1606 2575 1726 2616; x_wconf 91' lang='lat' dir='ltr'><strong>esse</strong></span> 
     </span>
    </p>
   </div>
   <div class='ocr_carea' id='block_1_25' title="bbox 129 2652 1727 2723">
    <p class='ocr_par' dir='ltr' id='par_1_25' title="bbox 129 2652 1727 2723">
     <span class='ocr_line' id='line_1_25' title="bbox 129 2652 1727 2723; baseline 0.001 -19"><span class='ocrx_word' id='word_1_176' title='bbox 129 2652 392 2720; x_wconf 69' lang='lat' dir='ltr'><strong>paeniteat</strong></span> <span class='ocrx_word' id='word_1_177' title='bbox 421 2669 435 2704; x_wconf 89' lang='lat'><strong>:</strong></span> <span class='ocrx_word' id='word_1_178' title='bbox 462 2666 637 2722; x_wconf 89' lang='lat' dir='ltr'><strong>neque</strong></span> <span class='ocrx_word' id='word_1_179' title='bbox 677 2653 746 2707; x_wconf 91' lang='lat' dir='ltr'><strong>ob</strong></span> <span class='ocrx_word' id='word_1_180' title='bbox 777 2653 922 2707; x_wconf 89' lang='lat' dir='ltr'><strong>aliud</strong></span> <span class='ocrx_word' id='word_1_181' title='bbox 965 2653 1251 2722; x_wconf 89' lang='lat' dir='ltr'><strong>quidquam</strong></span> <span class='ocrx_word' id='word_1_182' title='bbox 1295 2654 1623 2723; x_wconf 87' lang='lat' dir='ltr'><strong>gaudeanms</strong></span> <span class='ocrx_word' id='word_1_183' title='bbox 1663 2667 1727 2707; x_wconf 91' lang='lat' dir='ltr'><strong>ac</strong></span> 
     </span>
    </p>
   </div>
   <div class='ocr_carea' id='block_1_26' title="bbox 128 2743 1725 2815">
    <p class='ocr_par' dir='ltr' id='par_1_26' title="bbox 128 2743 1725 2815">
     <span class='ocr_line' id='line_1_26' title="bbox 128 2743 1725 2815; baseline 0.001 -18"><span class='ocrx_word' id='word_1_184' title='bbox 128 2743 378 2798; x_wconf 66' lang='lat' dir='ltr'><strong>latemur</strong></span> <span class='ocrx_word' id='word_1_185' title='bbox 406 2744 505 2798; x_wconf 89' lang='lat' dir='ltr'><strong>nisi</strong></span> <span class='ocrx_word' id='word_1_186' title='bbox 533 2745 740 2800; x_wconf 83' lang='lat' dir='ltr'><strong>virtutis</strong></span> <span class='ocrx_word' id='word_1_187' title='bbox 769 2760 932 2800; x_wconf 87' lang='lat' dir='ltr'><strong>causa</strong></span> <span class='ocrx_word' id='word_1_188' title='bbox 964 2763 977 2798; x_wconf 89' lang='lat'>:</span> <span class='ocrx_word' id='word_1_189' title='bbox 1008 2746 1142 2800; x_wconf 88' lang='lat' dir='ltr'><strong>nihil</strong></span> <span class='ocrx_word' id='word_1_190' title='bbox 1171 2755 1252 2800; x_wconf 90' lang='lat' dir='ltr'><strong>est</strong></span> <span class='ocrx_word' id='word_1_191' title='bbox 1280 2747 1420 2815; x_wconf 89' lang='lat' dir='ltr'><strong>quod</strong></span> <span class='ocrx_word' id='word_1_192' title='bbox 1451 2760 1549 2799; x_wconf 93' lang='lat' dir='ltr'><strong>nos</strong></span> <span class='ocrx_word' id='word_1_193' title='bbox 1579 2744 1725 2799; x_wconf 85' lang='lat' dir='ltr'><strong>Pauli</strong></span> 
     </span>
    </p>
   </div>
   <div class='ocr_carea' id='block_1_27' title="bbox 126 2832 1724 2904">
    <p class='ocr_par' dir='ltr' id='par_1_27' title="bbox 126 2832 1724 2904">
     <span class='ocr_line' id='line_1_27' title="bbox 126 2832 1724 2904; baseline 0.003 -19"><span class='ocrx_word' id='word_1_194' title='bbox 126 2833 335 2886; x_wconf 79' lang='lat' dir='ltr'><strong>similes</strong></span> <span class='ocrx_word' id='word_1_195' title='bbox 362 2832 476 2887; x_wconf 85' lang='lat' dir='ltr'><strong>ﬁeri</strong></span> <span class='ocrx_word' id='word_1_196' title='bbox 499 2844 659 2889; x_wconf 85' lang='lat' dir='ltr'><strong>vetet.</strong></span> <span class='ocrx_word' id='word_1_197' title='bbox 683 2833 778 2889; x_wconf 89' lang='lat' dir='ltr'><strong>Ille</strong></span> <span class='ocrx_word' id='word_1_198' title='bbox 795 2837 935 2889; x_wconf 88' lang='lat' dir='ltr'><strong>enim</strong></span> <span class='ocrx_word' id='word_1_199' title='bbox 956 2850 1062 2890; x_wconf 91' lang='lat' dir='ltr'><strong>non</strong></span> <span class='ocrx_word' id='word_1_200' title='bbox 1093 2836 1264 2889; x_wconf 90' lang='lat' dir='ltr'><strong>solum</strong></span> <span class='ocrx_word' id='word_1_201' title='bbox 1295 2836 1461 2904; x_wconf 87' lang='lat' dir='ltr'><strong>gratia</strong></span> <span class='ocrx_word' id='word_1_202' title='bbox 1491 2835 1605 2900; x_wconf 90' lang='lat' dir='ltr'><strong>Dei,</strong></span> <span class='ocrx_word' id='word_1_203' title='bbox 1629 2834 1724 2889; x_wconf 91' lang='lat' dir='ltr'><strong>sed</strong></span> 
     </span>
    </p>
   </div>
   <div class='ocr_carea' id='block_1_28' title="bbox 127 2924 1723 2993">
    <p class='ocr_par' dir='ltr' id='par_1_28' title="bbox 127 2924 1723 2993">
     <span class='ocr_line' id='line_1_28' title="bbox 127 2924 1723 2993; baseline -0.001 -16"><span class='ocrx_word' id='word_1_204' title='bbox 127 2925 295 2977; x_wconf 89' lang='lat' dir='ltr'><strong>etiam</strong></span> <span class='ocrx_word' id='word_1_205' title='bbox 313 2937 408 2977; x_wconf 89' lang='lat' dir='ltr'><strong>sua</strong></span> <span class='ocrx_word' id='word_1_206' title='bbox 433 2924 703 2979; x_wconf 84' lang='lat' dir='ltr'><strong>voluntate</strong></span> <span class='ocrx_word' id='word_1_207' title='bbox 727 2925 844 2980; x_wconf 85' lang='lat' dir='ltr'><strong>talis</strong></span> <span class='ocrx_word' id='word_1_208' title='bbox 867 2926 1087 2980; x_wconf 86' lang='lat' dir='ltr'><strong>ell&#39;ectus</strong></span> <span class='ocrx_word' id='word_1_209' title='bbox 1113 2934 1214 2988; x_wconf 89' lang='lat' dir='ltr'><strong>est,</strong></span> <span class='ocrx_word' id='word_1_210' title='bbox 1240 2935 1292 2979; x_wconf 90' lang='lat' dir='ltr'><strong>et</strong></span> <span class='ocrx_word' id='word_1_211' title='bbox 1315 2924 1512 2979; x_wconf 91' lang='lat' dir='ltr'><strong>idcirco</strong></span> <span class='ocrx_word' id='word_1_212' title='bbox 1533 2925 1723 2993; x_wconf 80' lang='lat' dir='ltr'><strong>gratia,</strong></span> 
     </span>
    </p>
   </div>
   <div class='ocr_carea' id='block_1_29' title="bbox 125 3014 1723 3085">
    <p class='ocr_par' dir='ltr' id='par_1_29' title="bbox 125 3014 1723 3085">
     <span class='ocr_line' id='line_1_29' title="bbox 125 3014 1723 3085; baseline 0.002 -19"><span class='ocrx_word' id='word_1_213' title='bbox 125 3014 255 3082; x_wconf 76' lang='lat' dir='ltr'><strong>quia</strong></span> <span class='ocrx_word' id='word_1_214' title='bbox 287 3015 448 3068; x_wconf 88' lang='lat' dir='ltr'><strong>etiam</strong></span> <span class='ocrx_word' id='word_1_215' title='bbox 472 3014 540 3069; x_wconf 90' lang='lat' dir='ltr'><strong>de</strong></span> <span class='ocrx_word' id='word_1_216' title='bbox 569 3016 779 3085; x_wconf 90' lang='lat' dir='ltr'><strong>propria</strong></span> <span class='ocrx_word' id='word_1_217' title='bbox 816 3017 1104 3071; x_wconf 78' lang='lat' dir='ltr'><strong>voluntate.</strong></span> <span class='ocrx_word' id='word_1_218' title='bbox 1137 3015 1371 3084; x_wconf 86' lang='lat' dir='ltr'><strong>Utraque</strong></span> <span class='ocrx_word' id='word_1_219' title='bbox 1397 3016 1538 3069; x_wconf 89' lang='lat' dir='ltr'><strong>enim</strong></span> <span class='ocrx_word' id='word_1_220' title='bbox 1571 3015 1723 3083; x_wconf 82' lang='lat' dir='ltr'><strong>plena</strong></span> 
     </span>
    </p>
   </div>
   <div class='ocr_carea' id='block_1_30' title="bbox 127 3105 1722 3176">
    <p class='ocr_par' dir='ltr' id='par_1_30' title="bbox 127 3105 1722 3176">
     <span class='ocr_line' id='line_1_30' title="bbox 127 3105 1722 3176; baseline 0.001 -19"><span class='ocrx_word' id='word_1_221' title='bbox 127 3106 183 3158; x_wconf 85' lang='lat' dir='ltr'><strong>in</strong></span> <span class='ocrx_word' id='word_1_222' title='bbox 216 3105 312 3158; x_wconf 92' lang='lat' dir='ltr'><strong>illo</strong></span> <span class='ocrx_word' id='word_1_223' title='bbox 339 3105 550 3159; x_wconf 89' lang='lat' dir='ltr'><strong>fuerunt</strong></span> <span class='ocrx_word' id='word_1_224' title='bbox 591 3115 753 3176; x_wconf 90' lang='lat' dir='ltr'><strong>atque</strong></span> <span class='ocrx_word' id='word_1_225' title='bbox 784 3107 1046 3176; x_wconf 89' lang='lat' dir='ltr'><strong>perfecta,</strong></span> <span class='ocrx_word' id='word_1_226' title='bbox 1074 3117 1128 3162; x_wconf 92' lang='lat' dir='ltr'><strong>et</strong></span> <span class='ocrx_word' id='word_1_227' title='bbox 1155 3122 1215 3160; x_wconf 86' lang='lat' dir='ltr'><strong>ea</strong></span> <span class='ocrx_word' id='word_1_228' title='bbox 1243 3121 1362 3175; x_wconf 69' lang='lat' dir='ltr'><strong>qum</strong></span> <span class='ocrx_word' id='word_1_229' title='bbox 1400 3105 1665 3159; x_wconf 82' lang='lat' dir='ltr'><strong>donantur</strong></span> <span class='ocrx_word' id='word_1_230' title='bbox 1693 3119 1722 3158; x_wconf 86' lang='lat' dir='ltr'><strong>a</strong></span> 
     </span>
    </p>
   </div>
   <div class='ocr_carea' id='block_1_31' title="bbox 128 3195 1726 3267">
    <p class='ocr_par' dir='ltr' id='par_1_31' title="bbox 128 3195 1726 3267">
     <span class='ocr_line' id='line_1_31' title="bbox 128 3195 1726 3267; baseline 0.001 -19"><span class='ocrx_word' id='word_1_231' title='bbox 128 3195 265 3260; x_wconf 79' lang='lat' dir='ltr'><strong>Deo,</strong></span> <span class='ocrx_word' id='word_1_232' title='bbox 293 3204 349 3248; x_wconf 86' lang='lat' dir='ltr'><strong>et</strong></span> <span class='ocrx_word' id='word_1_233' title='bbox 388 3210 448 3248; x_wconf 89' lang='lat' dir='ltr'><strong>ea</strong></span> <span class='ocrx_word' id='word_1_234' title='bbox 489 3211 608 3265; x_wconf 65' lang='lat' dir='ltr'><strong>qua:</strong></span> <span class='ocrx_word' id='word_1_235' title='bbox 637 3198 908 3251; x_wconf 85' lang='lat' dir='ltr'><strong>voluntate</strong></span> <span class='ocrx_word' id='word_1_236' title='bbox 956 3207 1297 3267; x_wconf 70' lang='lat' dir='ltr'><strong>prazstantur.</strong></span> <span class='ocrx_word' id='word_1_237' title='bbox 1327 3196 1420 3250; x_wconf 84' lang='lat' dir='ltr'><strong>Vis</strong></span> <span class='ocrx_word' id='word_1_238' title='bbox 1447 3195 1584 3250; x_wconf 87' lang='lat' dir='ltr'><strong>dona</strong></span> <span class='ocrx_word' id='word_1_239' title='bbox 1630 3195 1726 3249; x_wconf 91' lang='lat' dir='ltr'><strong>Dei</strong></span> 
     </span>
    </p>
   </div>
   <div class='ocr_carea' id='block_1_32' title="bbox 125 3286 1722 3354">
    <p class='ocr_par' dir='ltr' id='par_1_32' title="bbox 125 3286 1722 3354">
     <span class='ocr_line' id='line_1_32' title="bbox 125 3286 1722 3354; baseline 0.001 -17"><span class='ocrx_word' id='word_1_240' title='bbox 125 3286 461 3354; x_wconf 77' lang='lat' dir='ltr'><strong>agnoscere?</strong></span> <span class='ocrx_word' id='word_1_241' title='bbox 477 3286 806 3342; x_wconf 83' lang='lat' dir='ltr'><strong>Vestimenta</strong></span> <span class='ocrx_word' id='word_1_242' title='bbox 826 3287 972 3341; x_wconf 88' lang='lat' dir='ltr'><strong>Pauli</strong></span> <span class='ocrx_word' id='word_1_243' title='bbox 995 3286 1322 3341; x_wconf 65' lang='lat' dir='ltr'><strong>daemonibus</strong></span> <span class='ocrx_word' id='word_1_244' title='bbox 1338 3287 1527 3339; x_wconf 85' lang='lat' dir='ltr'><strong>terrori</strong></span> <span class='ocrx_word' id='word_1_245' title='bbox 1550 3294 1722 3339; x_wconf 90' lang='lat' dir='ltr'><strong>erant.</strong></span> 
     </span>
    </p>
   </div>
   <div class='ocr_carea' id='block_1_33' title="bbox 129 3376 1723 3447">
    <p class='ocr_par' dir='ltr' id='par_1_33' title="bbox 129 3376 1723 3447">
     <span class='ocr_line' id='line_1_33' title="bbox 129 3376 1723 3447; baseline -0.001 -18"><span class='ocrx_word' id='word_1_246' title='bbox 129 3376 334 3431; x_wconf 73' lang='lat' dir='ltr'><strong>Verum</strong></span> <span class='ocrx_word' id='word_1_247' title='bbox 362 3391 462 3447; x_wconf 86' lang='lat' dir='ltr'><strong>ego</strong></span> <span class='ocrx_word' id='word_1_248' title='bbox 490 3393 821 3447; x_wconf 89' lang='lat' dir='ltr'><strong>nequaquam</strong></span> <span class='ocrx_word' id='word_1_249' title='bbox 848 3377 980 3431; x_wconf 90' lang='lat' dir='ltr'><strong>illud</strong></span> <span class='ocrx_word' id='word_1_250' title='bbox 1007 3377 1265 3442; x_wconf 88' lang='lat' dir='ltr'><strong>admiror,</strong></span> <span class='ocrx_word' id='word_1_251' title='bbox 1296 3377 1435 3430; x_wconf 89' lang='lat' dir='ltr'><strong>sicut</strong></span> <span class='ocrx_word' id='word_1_252' title='bbox 1467 3391 1566 3430; x_wconf 88' lang='lat' dir='ltr'><strong>nec</strong></span> <span class='ocrx_word' id='word_1_253' title='bbox 1596 3376 1723 3429; x_wconf 88' lang='lat' dir='ltr'><strong>illud</strong></span> 
     </span>
    </p>
   </div>
   <div class='ocr_carea' id='block_1_34' title="bbox 128 3467 1724 3539">
    <p class='ocr_par' dir='ltr' id='par_1_34' title="bbox 128 3467 1724 3539">
     <span class='ocr_line' id='line_1_34' title="bbox 128 3467 1724 3539; baseline -0.001 -17"><span class='ocrx_word' id='word_1_254' title='bbox 128 3468 370 3538; x_wconf 88' lang='lat' dir='ltr'><strong>quidem,</strong></span> <span class='ocrx_word' id='word_1_255' title='bbox 395 3470 517 3539; x_wconf 89' lang='lat' dir='ltr'><strong>quia</strong></span> <span class='ocrx_word' id='word_1_256' title='bbox 549 3470 734 3523; x_wconf 90' lang='lat' dir='ltr'><strong>umbra</strong></span> <span class='ocrx_word' id='word_1_257' title='bbox 779 3470 920 3524; x_wconf 86' lang='lat' dir='ltr'><strong>Petri</strong></span> <span class='ocrx_word' id='word_1_258' title='bbox 934 3484 1240 3539; x_wconf 45' lang='lat' dir='ltr'><strong>acorporum</strong></span> <span class='ocrx_word' id='word_1_259' title='bbox 1284 3468 1564 3538; x_wconf 86' lang='lat' dir='ltr'><strong>languores</strong></span> <span class='ocrx_word' id='word_1_260' title='bbox 1590 3467 1724 3521; x_wconf 78' lang='lat' dir='ltr'><strong>ellu-</strong></span> 
     </span>
    </p>
   </div>
   <div class='ocr_carea' id='block_1_35' title="bbox 127 3559 1725 3630">
    <p class='ocr_par' dir='ltr' id='par_1_35' title="bbox 127 3559 1725 3630">
     <span class='ocr_line' id='line_1_35' title="bbox 127 3559 1725 3630; baseline -0.002 -16"><span class='ocrx_word' id='word_1_261' title='bbox 127 3561 314 3630; x_wconf 87' lang='lat' dir='ltr'><strong>gabat.</strong></span> <span class='ocrx_word' id='word_1_262' title='bbox 343 3561 469 3615; x_wconf 68' lang='lat' dir='ltr'><strong>Haac</strong></span> <span class='ocrx_word' id='word_1_263' title='bbox 509 3570 634 3615; x_wconf 88' lang='lat' dir='ltr'><strong>sunt</strong></span> <span class='ocrx_word' id='word_1_264' title='bbox 675 3576 806 3614; x_wconf 90' lang='lat' dir='ltr'><strong>vero</strong></span> <span class='ocrx_word' id='word_1_265' title='bbox 854 3561 1129 3625; x_wconf 84' lang='lat' dir='ltr'><strong>miranda,</strong></span> <span class='ocrx_word' id='word_1_266' title='bbox 1172 3575 1291 3629; x_wconf 68' lang='lat' dir='ltr'><strong>qua:</strong></span> <span class='ocrx_word' id='word_1_267' title='bbox 1333 3559 1530 3614; x_wconf 86' lang='lat' dir='ltr'><strong>Paulus</strong></span> <span class='ocrx_word' id='word_1_268' title='bbox 1567 3560 1725 3612; x_wconf 88' lang='lat' dir='ltr'><strong>etiam</strong></span> 
     </span>
    </p>
   </div>
   <div class='ocr_carea' id='block_1_36' title="bbox 128 3652 1728 3723">
    <p class='ocr_par' dir='ltr' id='par_1_36' title="bbox 128 3652 1728 3723">
     <span class='ocr_line' id='line_1_36' title="bbox 128 3652 1728 3723; baseline -0.001 -17"><span class='ocrx_word' id='word_1_269' title='bbox 128 3662 261 3707; x_wconf 85' lang='lat' dir='ltr'><strong>ante</strong></span> <span class='ocrx_word' id='word_1_270' title='bbox 304 3653 530 3722; x_wconf 87' lang='lat' dir='ltr'><strong>gratiam</strong></span> <span class='ocrx_word' id='word_1_271' title='bbox 574 3668 796 3723; x_wconf 88' lang='lat' dir='ltr'><strong>magnus</strong></span> <span class='ocrx_word' id='word_1_272' title='bbox 836 3655 904 3707; x_wconf 86' lang='lat' dir='ltr'><strong>ab</strong></span> <span class='ocrx_word' id='word_1_273' title='bbox 943 3653 1070 3722; x_wconf 89' lang='lat' dir='ltr'><strong>ipsis</strong></span> <span class='ocrx_word' id='word_1_274' title='bbox 1114 3652 1450 3718; x_wconf 87' lang='lat' dir='ltr'><strong>rudimentis,</strong></span> <span class='ocrx_word' id='word_1_275' title='bbox 1492 3652 1559 3706; x_wconf 90' lang='lat' dir='ltr'><strong>ab</strong></span> <span class='ocrx_word' id='word_1_276' title='bbox 1601 3652 1728 3721; x_wconf 89' lang='lat' dir='ltr'><strong>ipsis</strong></span> 
     </span>
    </p>
   </div>
   <div class='ocr_carea' id='block_1_37' title="bbox 131 3743 1728 3814">
    <p class='ocr_par' dir='ltr' id='par_1_37' title="bbox 131 3743 1728 3814">
     <span class='ocr_line' id='line_1_37' title="bbox 131 3743 1728 3814; baseline 0.001 -17"><span class='ocrx_word' id='word_1_277' title='bbox 131 3745 263 3800; x_wconf 89' lang='lat' dir='ltr'><strong>lidei</strong></span> <span class='ocrx_word' id='word_1_278' title='bbox 289 3758 401 3798; x_wconf 73' lang='lat' dir='ltr'><strong>sua:</strong></span> <span class='ocrx_word' id='word_1_279' title='bbox 430 3745 698 3798; x_wconf 88' lang='lat' dir='ltr'><strong>invenitur</strong></span> <span class='ocrx_word' id='word_1_280' title='bbox 725 3744 916 3799; x_wconf 83' lang='lat' dir='ltr'><strong>fecisse</strong></span> <span class='ocrx_word' id='word_1_281' title='bbox 943 3743 1249 3814; x_wconf 85' lang='lat' dir='ltr'><strong>principiis,</strong></span> <span class='ocrx_word' id='word_1_282' title='bbox 1277 3743 1401 3812; x_wconf 88' lang='lat' dir='ltr'><strong>quia</strong></span> <span class='ocrx_word' id='word_1_283' title='bbox 1421 3758 1519 3797; x_wconf 89' lang='lat' dir='ltr'><strong>nec</strong></span> <span class='ocrx_word' id='word_1_284' title='bbox 1536 3743 1728 3798; x_wconf 91' lang='lat' dir='ltr'><strong>virtute</strong></span> 
     </span>
    </p>
   </div>
   <div class='ocr_carea' id='block_1_38' title="bbox 129 3835 1727 3904">
    <p class='ocr_par' dir='ltr' id='par_1_38' title="bbox 129 3835 1727 3904">
     <span class='ocr_line' id='line_1_38' title="bbox 129 3835 1727 3904; baseline 0 -16"><span class='ocrx_word' id='word_1_285' title='bbox 129 3835 256 3902; x_wconf 83' lang='lat' dir='ltr'><strong>hac,</strong></span> <span class='ocrx_word' id='word_1_286' title='bbox 289 3850 392 3904; x_wconf 91' lang='lat' dir='ltr'><strong>qua</strong></span> <span class='ocrx_word' id='word_1_287' title='bbox 438 3846 621 3904; x_wconf 88' lang='lat' dir='ltr'><strong>postea</strong></span> <span class='ocrx_word' id='word_1_288' title='bbox 659 3835 866 3904; x_wconf 89' lang='lat' dir='ltr'><strong>polluit,</strong></span> <span class='ocrx_word' id='word_1_289' title='bbox 896 3835 1352 3899; x_wconf 83' lang='lat' dir='ltr'><strong>illustratus,-nec</strong></span> <span class='ocrx_word' id='word_1_290' title='bbox 1397 3836 1727 3904; x_wconf 88' lang='lat' dir='ltr'><strong>apostolatus</strong></span> 
     </span>
    </p>
   </div>
   <div class='ocr_carea' id='block_1_39' title="bbox 129 3924 1730 3993">
    <p class='ocr_par' dir='ltr' id='par_1_39' title="bbox 129 3924 1730 3993">
     <span class='ocr_line' id='line_1_39' title="bbox 129 3924 1730 3993; baseline 0.001 -14"><span class='ocrx_word' id='word_1_291' title='bbox 129 3924 343 3982; x_wconf 84' lang='lat' dir='ltr'><strong>honore</strong></span> <span class='ocrx_word' id='word_1_292' title='bbox 372 3924 623 3992; x_wconf 90' lang='lat' dir='ltr'><strong>donatus,</strong></span> <span class='ocrx_word' id='word_1_293' title='bbox 654 3926 726 3980; x_wconf 83' lang='lat' dir='ltr'><strong>ita</strong></span> <span class='ocrx_word' id='word_1_294' title='bbox 752 3925 803 3980; x_wconf 92' lang='lat' dir='ltr'><strong>in</strong></span> <span class='ocrx_word' id='word_1_295' title='bbox 830 3925 1027 3980; x_wconf 84' lang='lat' dir='ltr'><strong>Christi</strong></span> <span class='ocrx_word' id='word_1_296' title='bbox 1050 3926 1220 3980; x_wconf 88' lang='lat' dir='ltr'><strong>zelum</strong></span> <span class='ocrx_word' id='word_1_297' title='bbox 1253 3935 1395 3980; x_wconf 89' lang='lat' dir='ltr'><strong>totus</strong></span> <span class='ocrx_word' id='word_1_298' title='bbox 1419 3927 1639 3993; x_wconf 82' lang='lat' dir='ltr'><strong>exarsit,</strong></span> <span class='ocrx_word' id='word_1_299' title='bbox 1673 3937 1730 3980; x_wconf 89' lang='lat' dir='ltr'><strong>ut</strong></span> 
     </span>
    </p>
   </div>
   <div class='ocr_carea' id='block_1_40' title="bbox 129 4016 1730 4089">
    <p class='ocr_par' dir='ltr' id='par_1_40' title="bbox 129 4016 1730 4089">
     <span class='ocr_line' id='line_1_40' title="bbox 129 4016 1730 4089; baseline 0.001 -18"><span class='ocrx_word' id='word_1_300' title='bbox 129 4031 352 4071; x_wconf 84' lang='lat' dir='ltr'><strong>omnem</strong></span> <span class='ocrx_word' id='word_1_301' title='bbox 381 4028 566 4071; x_wconf 90' lang='lat' dir='ltr'><strong>contra</strong></span> <span class='ocrx_word' id='word_1_302' title='bbox 590 4033 649 4073; x_wconf 87' lang='lat' dir='ltr'><strong>se</strong></span> <span class='ocrx_word' id='word_1_303' title='bbox 671 4018 988 4073; x_wconf 90' lang='lat' dir='ltr'><strong>accenderet</strong></span> <span class='ocrx_word' id='word_1_304' title='bbox 1016 4016 1292 4072; x_wconf 67' lang='lat' dir='ltr'><strong>Iudaicum</strong></span> <span class='ocrx_word' id='word_1_305' title='bbox 1314 4018 1568 4089; x_wconf 89' lang='lat' dir='ltr'><strong>populum</strong></span> <span class='ocrx_word' id='word_1_306' title='bbox 1594 4036 1608 4071; x_wconf 91' lang='lat'><strong>:</strong></span> <span class='ocrx_word' id='word_1_307' title='bbox 1640 4020 1730 4089; x_wconf 90' lang='lat' dir='ltr'><strong>qui</strong></span> 
     </span>
    </p>
   </div>
   <div class='ocr_carea' id='block_1_41' title="bbox 127 4109 1731 4180">
    <p class='ocr_par' dir='ltr' id='par_1_41' title="bbox 127 4109 1731 4180">
     <span class='ocr_line' id='line_1_41' title="bbox 127 4109 1731 4180; baseline 0.001 -18"><span class='ocrx_word' id='word_1_308' title='bbox 127 4124 254 4163; x_wconf 81' lang='lat' dir='ltr'><strong>eum</strong></span> <span class='ocrx_word' id='word_1_309' title='bbox 284 4124 347 4162; x_wconf 88' lang='lat' dir='ltr'><strong>se</strong></span> <span class='ocrx_word' id='word_1_310' title='bbox 377 4109 428 4162; x_wconf 92' lang='lat' dir='ltr'><strong>in</strong></span> <span class='ocrx_word' id='word_1_311' title='bbox 467 4110 630 4163; x_wconf 88' lang='lat' dir='ltr'><strong>tantis</strong></span> <span class='ocrx_word' id='word_1_312' title='bbox 657 4110 908 4179; x_wconf 89' lang='lat' dir='ltr'><strong>periculls</strong></span> <span class='ocrx_word' id='word_1_313' title='bbox 930 4119 984 4164; x_wconf 91' lang='lat' dir='ltr'><strong>et</strong></span> <span class='ocrx_word' id='word_1_314' title='bbox 1009 4109 1275 4162; x_wconf 88' lang='lat' dir='ltr'><strong>civitatem</strong></span> <span class='ocrx_word' id='word_1_315' title='bbox 1306 4119 1526 4180; x_wconf 87' lang='lat' dir='ltr'><strong>propter</strong></span> <span class='ocrx_word' id='word_1_316' title='bbox 1553 4126 1610 4164; x_wconf 89' lang='lat' dir='ltr'><strong>se</strong></span> <span class='ocrx_word' id='word_1_317' title='bbox 1637 4111 1731 4163; x_wconf 88' lang='lat' dir='ltr'><strong>ob-</strong></span> 
     </span>
    </p>
   </div>
   <div class='ocr_carea' id='block_1_42' title="bbox 128 4201 1727 4272">
    <p class='ocr_par' dir='ltr' id='par_1_42' title="bbox 128 4201 1727 4272">
     <span class='ocr_line' id='line_1_42' title="bbox 128 4201 1727 4272; baseline -0.001 -17"><span class='ocrx_word' id='word_1_318' title='bbox 128 4215 340 4255; x_wconf 75' lang='lat' dir='ltr'><strong>sessam</strong></span> <span class='ocrx_word' id='word_1_319' title='bbox 369 4210 637 4267; x_wconf 91' lang='lat' dir='ltr'><strong>cerneret,</strong></span> <span class='ocrx_word' id='word_1_320' title='bbox 671 4217 765 4272; x_wconf 90' lang='lat' dir='ltr'><strong>per</strong></span> <span class='ocrx_word' id='word_1_321' title='bbox 792 4217 1004 4255; x_wconf 91' lang='lat' dir='ltr'><strong>murum</strong></span> <span class='ocrx_word' id='word_1_322' title='bbox 1032 4201 1297 4259; x_wconf 89' lang='lat' dir='ltr'><strong>demissus</strong></span> <span class='ocrx_word' id='word_1_323' title='bbox 1321 4203 1373 4255; x_wconf 91' lang='lat' dir='ltr'><strong>in</strong></span> <span class='ocrx_word' id='word_1_324' title='bbox 1405 4210 1584 4271; x_wconf 89' lang='lat' dir='ltr'><strong>sporta</strong></span> <span class='ocrx_word' id='word_1_325' title='bbox 1612 4211 1727 4266; x_wconf 90' lang='lat' dir='ltr'><strong>est,</strong></span> 
     </span>
    </p>
   </div>
   <div class='ocr_carea' id='block_1_43' title="bbox 128 4291 1733 4363">
    <p class='ocr_par' dir='ltr' id='par_1_43' title="bbox 128 4291 1733 4363">
     <span class='ocr_line' id='line_1_43' title="bbox 128 4291 1733 4363; baseline -0.001 -17"><span class='ocrx_word' id='word_1_326' title='bbox 128 4293 325 4362; x_wconf 82' lang='lat' dir='ltr'><strong>sicque</strong></span> <span class='ocrx_word' id='word_1_327' title='bbox 345 4291 641 4362; x_wconf 88' lang='lat' dir='ltr'><strong>depositus,</strong></span> <span class='ocrx_word' id='word_1_328' title='bbox 671 4307 770 4347; x_wconf 90' lang='lat' dir='ltr'><strong>nec</strong></span> <span class='ocrx_word' id='word_1_329' title='bbox 794 4302 918 4346; x_wconf 92' lang='lat' dir='ltr'><strong>tunc</strong></span> <span class='ocrx_word' id='word_1_330' title='bbox 942 4292 1158 4363; x_wconf 88' lang='lat' dir='ltr'><strong>quidem</strong></span> <span class='ocrx_word' id='word_1_331' title='bbox 1187 4294 1238 4345; x_wconf 90' lang='lat' dir='ltr'><strong>in</strong></span> <span class='ocrx_word' id='word_1_332' title='bbox 1266 4292 1552 4361; x_wconf 87' lang='lat' dir='ltr'><strong>segnitiem</strong></span> <span class='ocrx_word' id='word_1_333' title='bbox 1580 4307 1642 4345; x_wconf 92' lang='lat' dir='ltr'><strong>ac</strong></span> <span class='ocrx_word' id='word_1_334' title='bbox 1670 4293 1733 4344; x_wconf 89' lang='lat' dir='ltr'><strong>ti-</strong></span> 
     </span>
    </p>
   </div>
   <div class='ocr_carea' id='block_1_44' title="bbox 130 4383 1730 4454">
    <p class='ocr_par' dir='ltr' id='par_1_44' title="bbox 130 4383 1730 4454">
     <span class='ocr_line' id='line_1_44' title="bbox 130 4383 1730 4454; baseline 0 -16"><span class='ocrx_word' id='word_1_335' title='bbox 130 4383 435 4438; x_wconf 79' lang='lat' dir='ltr'><strong>miditatem</strong></span> <span class='ocrx_word' id='word_1_336' title='bbox 485 4386 728 4454; x_wconf 89' lang='lat' dir='ltr'><strong>relapsus</strong></span> <span class='ocrx_word' id='word_1_337' title='bbox 783 4395 900 4451; x_wconf 87' lang='lat' dir='ltr'><strong>est;</strong></span> <span class='ocrx_word' id='word_1_338' title='bbox 949 4385 1046 4439; x_wconf 89' lang='lat' dir='ltr'><strong>sed</strong></span> <span class='ocrx_word' id='word_1_339' title='bbox 1095 4385 1353 4454; x_wconf 86' lang='lat' dir='ltr'><strong>majorem</strong></span> <span class='ocrx_word' id='word_1_340' title='bbox 1402 4383 1730 4438; x_wconf 87' lang='lat' dir='ltr'><strong>alacritatem</strong></span> 
     </span>
    </p>
   </div>
   <div class='ocr_carea' id='block_1_45' title="bbox 132 4473 1733 4543">
    <p class='ocr_par' dir='ltr' id='par_1_45' title="bbox 132 4473 1733 4543">
     <span class='ocr_line' id='line_1_45' title="bbox 132 4473 1733 4543; baseline 0 -15"><span class='ocrx_word' id='word_1_341' title='bbox 132 4473 340 4528; x_wconf 84' lang='lat' dir='ltr'><strong>mentis</strong></span> <span class='ocrx_word' id='word_1_342' title='bbox 364 4475 590 4543; x_wconf 90' lang='lat' dir='ltr'><strong>accepit,</strong></span> <span class='ocrx_word' id='word_1_343' title='bbox 625 4475 872 4543; x_wconf 89' lang='lat' dir='ltr'><strong>periculis</strong></span> <span class='ocrx_word' id='word_1_344' title='bbox 890 4475 1207 4543; x_wconf 87' lang='lat' dir='ltr'><strong>quibusdam</strong></span> <span class='ocrx_word' id='word_1_345' title='bbox 1238 4489 1296 4529; x_wconf 92' lang='lat' dir='ltr'><strong>se</strong></span> <span class='ocrx_word' id='word_1_346' title='bbox 1323 4489 1467 4543; x_wconf 82' lang='lat' dir='ltr'><strong>saepe</strong></span> <span class='ocrx_word' id='word_1_347' title='bbox 1499 4474 1733 4529; x_wconf 89' lang='lat' dir='ltr'><strong>subdens</strong></span> 
     </span>
    </p>
   </div>
   <div class='ocr_carea' id='block_1_46' title="bbox 130 4565 1735 4620">
    <p class='ocr_par' dir='ltr' id='par_1_46' title="bbox 130 4565 1735 4620">
     <span class='ocr_line' id='line_1_46' title="bbox 130 4565 1735 4620; baseline 0 0"><span class='ocrx_word' id='word_1_348' title='bbox 130 4566 191 4620; x_wconf 87' lang='lat' dir='ltr'><strong>in</strong></span> <span class='ocrx_word' id='word_1_349' title='bbox 236 4565 466 4619; x_wconf 90' lang='lat' dir='ltr'><strong>aliorum</strong></span> <span class='ocrx_word' id='word_1_350' title='bbox 502 4566 730 4620; x_wconf 87' lang='lat' dir='ltr'><strong>salutem</strong></span> <span class='ocrx_word' id='word_1_351' title='bbox 760 4583 773 4618; x_wconf 93' lang='lat'><strong>:</strong></span> <span class='ocrx_word' id='word_1_352' title='bbox 805 4567 936 4620; x_wconf 92' lang='lat' dir='ltr'><strong>nulli</strong></span> <span class='ocrx_word' id='word_1_353' title='bbox 979 4575 1157 4620; x_wconf 91' lang='lat' dir='ltr'><strong>autem</strong></span> <span class='ocrx_word' id='word_1_354' title='bbox 1206 4566 1383 4620; x_wconf 90' lang='lat' dir='ltr'><strong>studio</strong></span> <span class='ocrx_word' id='word_1_355' title='bbox 1416 4567 1613 4620; x_wconf 88' lang='lat' dir='ltr'><strong>cedens</strong></span> <span class='ocrx_word' id='word_1_356' title='bbox 1638 4567 1735 4620; x_wconf 93' lang='lat' dir='ltr'><strong>do-</strong></span> 
     </span>
    </p>
   </div>
   <div class='ocr_carea' id='block_1_47' title="bbox 131 4656 1736 4726">
    <p class='ocr_par' dir='ltr' id='par_1_47' title="bbox 131 4656 1736 4726">
     <span class='ocr_line' id='line_1_47' title="bbox 131 4656 1736 4726; baseline 0.001 -15"><span class='ocrx_word' id='word_1_357' title='bbox 131 4656 317 4720; x_wconf 88' lang='lat' dir='ltr'><strong>cendi,</strong></span> <span class='ocrx_word' id='word_1_358' title='bbox 374 4656 468 4711; x_wconf 91' lang='lat' dir='ltr'><strong>sed</strong></span> <span class='ocrx_word' id='word_1_359' title='bbox 498 4656 736 4726; x_wconf 89' lang='lat' dir='ltr'><strong>quotidie</strong></span> <span class='ocrx_word' id='word_1_360' title='bbox 781 4667 999 4726; x_wconf 89' lang='lat' dir='ltr'><strong>portans</strong></span> <span class='ocrx_word' id='word_1_361' title='bbox 1043 4672 1287 4722; x_wconf 90' lang='lat' dir='ltr'><strong>crucem,</strong></span> <span class='ocrx_word' id='word_1_362' title='bbox 1321 4657 1606 4711; x_wconf 90' lang='lat' dir='ltr'><strong>Dominum</strong></span> <span class='ocrx_word' id='word_1_363' title='bbox 1651 4673 1736 4712; x_wconf 88' lang='lat' dir='ltr'><strong>se-</strong></span> 
     </span>
    </p>
   </div>
   <div class='ocr_carea' id='block_1_48' title="bbox 134 4745 1732 4818">
    <p class='ocr_par' dir='ltr' id='par_1_48' title="bbox 134 4745 1732 4818">
     <span class='ocr_line' id='line_1_48' title="bbox 134 4745 1732 4818; baseline 0.001 -18"><span class='ocrx_word' id='word_1_364' title='bbox 134 4745 442 4818; x_wconf 85' lang='lat' dir='ltr'><strong>quebatur,</strong></span> <span class='ocrx_word' id='word_1_365' title='bbox 496 4756 553 4802; x_wconf 90' lang='lat' dir='ltr'><strong>et</strong></span> <span class='ocrx_word' id='word_1_366' title='bbox 595 4747 812 4816; x_wconf 91' lang='lat' dir='ltr'><strong>quidem</strong></span> <span class='ocrx_word' id='word_1_367' title='bbox 855 4763 975 4801; x_wconf 91' lang='lat' dir='ltr'><strong>cum</strong></span> <span class='ocrx_word' id='word_1_368' title='bbox 1024 4762 1212 4801; x_wconf 87' lang='lat' dir='ltr'><strong>recens</strong></span> <span class='ocrx_word' id='word_1_369' title='bbox 1259 4747 1434 4800; x_wconf 91' lang='lat' dir='ltr'><strong>adhuc</strong></span> <span class='ocrx_word' id='word_1_370' title='bbox 1477 4747 1732 4815; x_wconf 85' lang='lat' dir='ltr'><strong>Stephani</strong></span> 
     </span>
    </p>
   </div>
   <div class='ocr_carea' id='block_1_49' title="bbox 136 4836 1736 4907">
    <p class='ocr_par' dir='ltr' id='par_1_49' title="bbox 136 4836 1736 4907">
     <span class='ocr_line' id='line_1_49' title="bbox 136 4836 1736 4907; baseline 0.003 -18"><span class='ocrx_word' id='word_1_371' title='bbox 136 4846 269 4890; x_wconf 77' lang='lat' dir='ltr'><strong>ante</strong></span> <span class='ocrx_word' id='word_1_372' title='bbox 293 4837 481 4891; x_wconf 90' lang='lat' dir='ltr'><strong>oculos</strong></span> <span class='ocrx_word' id='word_1_373' title='bbox 508 4836 730 4891; x_wconf 87' lang='lat' dir='ltr'><strong>haberet</strong></span> <span class='ocrx_word' id='word_1_374' title='bbox 768 4838 1090 4906; x_wconf 85' lang='lat' dir='ltr'><strong>exemplum,</strong></span> <span class='ocrx_word' id='word_1_375' title='bbox 1124 4836 1436 4907; x_wconf 88' lang='lat' dir='ltr'><strong>videretque</strong></span> <span class='ocrx_word' id='word_1_376' title='bbox 1459 4849 1645 4895; x_wconf 88' lang='lat' dir='ltr'><strong>contra</strong></span> <span class='ocrx_word' id='word_1_377' title='bbox 1676 4853 1736 4893; x_wconf 89' lang='lat' dir='ltr'><strong>se</strong></span> 
     </span>
    </p>
   </div>
   <div class='ocr_carea' id='block_1_50' title="bbox 137 4926 1736 4999">
    <p class='ocr_par' dir='ltr' id='par_1_50' title="bbox 137 4926 1736 4999">
     <span class='ocr_line' id='line_1_50' title="bbox 137 4926 1736 4999; baseline 0.001 -19"><span class='ocrx_word' id='word_1_378' title='bbox 137 4941 334 4980; x_wconf 82' lang='lat' dir='ltr'><strong>omnes</strong></span> <span class='ocrx_word' id='word_1_379' title='bbox 382 4927 717 4994; x_wconf 89' lang='lat' dir='ltr'><strong>potissimum</strong></span> <span class='ocrx_word' id='word_1_380' title='bbox 762 4928 1058 4999; x_wconf 78' lang='lat' dir='ltr'><strong>concitatos</strong></span> <span class='ocrx_word' id='word_1_381' title='bbox 1098 4926 1334 4992; x_wconf 84' lang='lat' dir='ltr'><strong>Judaeos,</strong></span> <span class='ocrx_word' id='word_1_382' title='bbox 1379 4928 1579 4982; x_wconf 61' lang='lat' dir='ltr'><strong>caedem</strong></span> <span class='ocrx_word' id='word_1_383' title='bbox 1624 4929 1736 4998; x_wconf 90' lang='lat' dir='ltr'><strong>spi-</strong></span> 
     </span>
    </p>
   </div>
   <div class='ocr_carea' id='block_1_51' title="bbox 137 5016 1735 5086">
    <p class='ocr_par' dir='ltr' id='par_1_51' title="bbox 137 5016 1735 5086">
     <span class='ocr_line' id='line_1_51' title="bbox 137 5016 1735 5086; baseline 0.002 -17"><span class='ocrx_word' id='word_1_384' title='bbox 137 5025 348 5082; x_wconf 88' lang='lat' dir='ltr'><strong>rantes,</strong></span> <span class='ocrx_word' id='word_1_385' title='bbox 377 5017 626 5085; x_wconf 89' lang='lat' dir='ltr'><strong>ipsasque</strong></span> <span class='ocrx_word' id='word_1_386' title='bbox 647 5031 783 5086; x_wconf 88' lang='lat' dir='ltr'><strong>pene</strong></span> <span class='ocrx_word' id='word_1_387' title='bbox 803 5031 991 5070; x_wconf 89' lang='lat' dir='ltr'><strong>carnes</strong></span> <span class='ocrx_word' id='word_1_388' title='bbox 1011 5016 1129 5084; x_wconf 88' lang='lat' dir='ltr'><strong>ejus</strong></span> <span class='ocrx_word' id='word_1_389' title='bbox 1151 5017 1412 5071; x_wconf 90' lang='lat' dir='ltr'><strong>devorare</strong></span> <span class='ocrx_word' id='word_1_390' title='bbox 1433 5018 1735 5086; x_wconf 87' lang='lat' dir='ltr'><strong>cupientes.</strong></span> 
     </span>
    </p>
   </div>
   <div class='ocr_carea' id='block_1_52' title="bbox 141 5105 1737 5177">
    <p class='ocr_par' dir='ltr' id='par_1_52' title="bbox 141 5105 1737 5177">
     <span class='ocr_line' id='line_1_52' title="bbox 141 5105 1737 5177; baseline 0 -16"><span class='ocrx_word' id='word_1_391' title='bbox 141 5108 311 5176; x_wconf 89' lang='lat' dir='ltr'><strong>lgitur</strong></span> <span class='ocrx_word' id='word_1_392' title='bbox 341 5105 539 5160; x_wconf 87' lang='lat' dir='ltr'><strong>Paulus</strong></span> <span class='ocrx_word' id='word_1_393' title='bbox 568 5121 743 5176; x_wconf 88' lang='lat' dir='ltr'><strong>neque</strong></span> <span class='ocrx_word' id='word_1_394' title='bbox 774 5121 894 5162; x_wconf 88' lang='lat' dir='ltr'><strong>cum</strong></span> <span class='ocrx_word' id='word_1_395' title='bbox 926 5107 980 5160; x_wconf 89' lang='lat' dir='ltr'><strong>in</strong></span> <span class='ocrx_word' id='word_1_396' title='bbox 1014 5106 1251 5177; x_wconf 85' lang='lat' dir='ltr'><strong>pericula</strong></span> <span class='ocrx_word' id='word_1_397' title='bbox 1282 5107 1532 5174; x_wconf 90' lang='lat' dir='ltr'><strong>irrueret,</strong></span> <span class='ocrx_word' id='word_1_398' title='bbox 1563 5115 1737 5162; x_wconf 89' lang='lat' dir='ltr'><strong>teme-</strong></span> 
     </span>
    </p>
   </div>
   <div class='ocr_carea' id='block_1_53' title="bbox 141 5196 1740 5267">
    <p class='ocr_par' dir='ltr' id='par_1_53' title="bbox 141 5196 1740 5267">
     <span class='ocr_line' id='line_1_53' title="bbox 141 5196 1740 5267; baseline -0.001 -14"><span class='ocrx_word' id='word_1_399' title='bbox 141 5198 321 5253; x_wconf 86' lang='lat' dir='ltr'><strong>ritatis</strong></span> <span class='ocrx_word' id='word_1_400' title='bbox 364 5197 516 5266; x_wconf 86' lang='lat' dir='ltr'><strong>argui</strong></span> <span class='ocrx_word' id='word_1_401' title='bbox 560 5207 804 5266; x_wconf 88' lang='lat' dir='ltr'><strong>poterat:</strong></span> <span class='ocrx_word' id='word_1_402' title='bbox 847 5211 947 5251; x_wconf 91' lang='lat' dir='ltr'><strong>nec</strong></span> <span class='ocrx_word' id='word_1_403' title='bbox 994 5197 1228 5266; x_wconf 88' lang='lat' dir='ltr'><strong>pericula</strong></span> <span class='ocrx_word' id='word_1_404' title='bbox 1271 5196 1487 5267; x_wconf 88' lang='lat' dir='ltr'><strong>fugere,</strong></span> <span class='ocrx_word' id='word_1_405' title='bbox 1539 5199 1740 5252; x_wconf 88' lang='lat' dir='ltr'><strong>timidi-</strong></span> 
     </span>
    </p>
   </div>
   <div class='ocr_carea' id='block_1_54' title="bbox 143 5274 1740 5357">
    <p class='ocr_par' dir='ltr' id='par_1_54' title="bbox 143 5274 1740 5357">
     <span class='ocr_line' id='line_1_54' title="bbox 143 5274 1740 5357; baseline 0 -15"><span class='ocrx_word' id='word_1_406' title='bbox 143 5274 288 5343; x_wconf 85' lang='lat' dir='ltr'><strong>datis</strong></span> <span class='ocrx_word' id='word_1_407' title='bbox 338 5288 358 5320; x_wconf 78' lang='grc'><strong>⁸</strong></span> <span class='ocrx_word' id='word_1_408' title='bbox 410 5304 424 5340; x_wconf 90' lang='lat'><strong>:</strong></span> <span class='ocrx_word' id='word_1_409' title='bbox 475 5287 598 5356; x_wconf 89' lang='lat' dir='ltr'><strong>quia</strong></span> <span class='ocrx_word' id='word_1_410' title='bbox 650 5288 832 5357; x_wconf 85' lang='lat' dir='ltr'><strong>inique</strong></span> <span class='ocrx_word' id='word_1_411' title='bbox 877 5297 931 5342; x_wconf 93' lang='lat' dir='ltr'><strong>et</strong></span> <span class='ocrx_word' id='word_1_412' title='bbox 981 5285 1196 5340; x_wconf 87' lang='lat' dir='ltr'><strong>amabat</strong></span> <span class='ocrx_word' id='word_1_413' title='bbox 1246 5289 1377 5341; x_wconf 88' lang='lat' dir='ltr'><strong>satis</strong></span> <span class='ocrx_word' id='word_1_414' title='bbox 1421 5297 1740 5356; x_wconf 62' lang='lat' dir='ltr'><strong>praesentem</strong></span> 
     </span>
    </p>
   </div>
   <div class='ocr_carea' id='block_1_55' title="bbox 145 5376 1740 5440">
    <p class='ocr_par' dir='ltr' id='par_1_55' title="bbox 145 5376 1740 5440">
     <span class='ocr_line' id='line_1_55' title="bbox 145 5376 1740 5440; baseline 0.001 -10"><span class='ocrx_word' id='word_1_415' title='bbox 145 5380 333 5440; x_wconf 79' lang='lat' dir='ltr'><strong>vitam,</strong></span> <span class='ocrx_word' id='word_1_416' title='bbox 365 5376 436 5432; x_wconf 86' lang='lat' dir='ltr'><strong>ob</strong></span> <span class='ocrx_word' id='word_1_417' title='bbox 458 5377 667 5430; x_wconf 91' lang='lat' dir='ltr'><strong>lucrum</strong></span> <span class='ocrx_word' id='word_1_418' title='bbox 695 5376 960 5440; x_wconf 86' lang='lat' dir='ltr'><strong>docendi;</strong></span> <span class='ocrx_word' id='word_1_419' title='bbox 993 5386 1047 5431; x_wconf 91' lang='lat' dir='ltr'><strong>et</strong></span> <span class='ocrx_word' id='word_1_420' title='bbox 1074 5391 1288 5430; x_wconf 87' lang='lat' dir='ltr'><strong>rursum</strong></span> <span class='ocrx_word' id='word_1_421' title='bbox 1317 5376 1471 5431; x_wconf 87' lang='lat' dir='ltr'><strong>valde</strong></span> <span class='ocrx_word' id='word_1_422' title='bbox 1500 5393 1618 5433; x_wconf 89' lang='lat' dir='ltr'><strong>eam</strong></span> <span class='ocrx_word' id='word_1_423' title='bbox 1643 5379 1740 5432; x_wconf 88' lang='lat' dir='ltr'><strong>de-</strong></span> 
     </span>
    </p>
   </div>
   <div class='ocr_carea' id='block_1_56' title="bbox 146 5467 1742 5542">
    <p class='ocr_par' dir='ltr' id='par_1_56' title="bbox 146 5467 1742 5542">
     <span class='ocr_line' id='line_1_56' title="bbox 146 5467 1742 5542; baseline -0.002 -16"><span class='ocrx_word' id='word_1_424' title='bbox 146 5470 431 5542; x_wconf 85' lang='lat' dir='ltr'><strong>spiciebat,</strong></span> <span class='ocrx_word' id='word_1_425' title='bbox 477 5467 548 5522; x_wconf 90' lang='lat' dir='ltr'><strong>ob</strong></span> <span class='ocrx_word' id='word_1_426' title='bbox 591 5467 1019 5538; x_wconf 86' lang='lat' dir='ltr'><strong>philosophiam,</strong></span> <span class='ocrx_word' id='word_1_427' title='bbox 1061 5467 1128 5521; x_wconf 90' lang='lat' dir='ltr'><strong>ad</strong></span> <span class='ocrx_word' id='word_1_428' title='bbox 1167 5483 1326 5537; x_wconf 91' lang='lat' dir='ltr'><strong>quam</strong></span> <span class='ocrx_word' id='word_1_429' title='bbox 1371 5469 1518 5522; x_wconf 88' lang='lat' dir='ltr'><strong>illum</strong></span> <span class='ocrx_word' id='word_1_430' title='bbox 1559 5470 1742 5524; x_wconf 89' lang='lat' dir='ltr'><strong>mundi</strong></span> 
     </span>
    </p>
   </div>
   <div class='ocr_carea' id='block_1_57' title="bbox 148 5562 1741 5631">
    <p class='ocr_par' dir='ltr' id='par_1_57' title="bbox 148 5562 1741 5631">
     <span class='ocr_line' id='line_1_57' title="bbox 148 5562 1741 5631; baseline -0.003 -12"><span class='ocrx_word' id='word_1_431' title='bbox 148 5569 490 5631; x_wconf 82' lang='lat' dir='ltr'><strong>contemptus</strong></span> <span class='ocrx_word' id='word_1_432' title='bbox 511 5569 788 5627; x_wconf 77' lang='lat' dir='ltr'><strong>evexerat,</strong></span> <span class='ocrx_word' id='word_1_433' title='bbox 809 5570 1134 5629; x_wconf 87' lang='lat' dir='ltr'><strong>propterque</strong></span> <span class='ocrx_word' id='word_1_434' title='bbox 1149 5575 1388 5615; x_wconf 91' lang='lat' dir='ltr'><strong>amorem</strong></span> <span class='ocrx_word' id='word_1_435' title='bbox 1413 5575 1523 5630; x_wconf 89' lang='lat' dir='ltr'><strong>quo</strong></span> <span class='ocrx_word' id='word_1_436' title='bbox 1548 5562 1624 5615; x_wconf 91' lang='lat' dir='ltr'><strong>ire</strong></span> <span class='ocrx_word' id='word_1_437' title='bbox 1646 5577 1741 5615; x_wconf 89' lang='lat' dir='ltr'><strong>ur-</strong></span> 
     </span>
    </p>
   </div>
   <div class='ocr_carea' id='block_1_58' title="bbox 149 5649 1741 5724">
    <p class='ocr_par' dir='ltr' id='par_1_58' title="bbox 149 5649 1741 5724">
     <span class='ocr_line' id='line_1_58' title="bbox 149 5649 1741 5724; baseline -0.003 -13"><span class='ocrx_word' id='word_1_438' title='bbox 149 5657 374 5724; x_wconf 81' lang='lat' dir='ltr'><strong>gebatur</strong></span> <span class='ocrx_word' id='word_1_439' title='bbox 395 5651 462 5706; x_wconf 89' lang='lat' dir='ltr'><strong>ad</strong></span> <span class='ocrx_word' id='word_1_440' title='bbox 478 5650 771 5706; x_wconf 89' lang='lat' dir='ltr'><strong>Christum.</strong></span> <span class='ocrx_word' id='word_1_441' title='bbox 793 5649 946 5717; x_wconf 82' lang='lat' dir='ltr'><strong>Quod</strong></span> <span class='ocrx_word' id='word_1_442' title='bbox 968 5650 1109 5704; x_wconf 88' lang='lat' dir='ltr'><strong>enim</strong></span> <span class='ocrx_word' id='word_1_443' title='bbox 1138 5649 1205 5705; x_wconf 93' lang='lat' dir='ltr'><strong>de</strong></span> <span class='ocrx_word' id='word_1_444' title='bbox 1226 5650 1342 5719; x_wconf 88' lang='lat' dir='ltr'><strong>ipso</strong></span> <span class='ocrx_word' id='word_1_445' title='bbox 1365 5650 1488 5705; x_wconf 91' lang='lat' dir='ltr'><strong>dico</strong></span> <span class='ocrx_word' id='word_1_446' title='bbox 1508 5665 1741 5720; x_wconf 87' lang='lat' dir='ltr'><strong>semper,</strong></span> 
     </span>
    </p>
   </div>
   <div class='ocr_carea' id='block_1_59' title="bbox 214 5805 1745 5871">
    <p class='ocr_par' dir='ltr' id='par_1_59' title="bbox 214 5805 1745 5871">
     <span class='ocr_line' id='line_1_59' title="bbox 214 5805 1745 5871; baseline 0.005 -16"><span class='ocrx_word' id='word_1_447' title='bbox 214 5812 230 5842; x_wconf 77' lang='grc' dir='ltr'>ι</span> <span class='ocrx_word' id='word_1_448' title='bbox 266 5818 370 5871; x_wconf 47' lang='grc' dir='ltr'><strong>αντ,</strong></span> <span class='ocrx_word' id='word_1_449' title='bbox 399 5806 576 5856; x_wconf 79' lang='lat' dir='ltr'><strong>Paulus</strong></span> <span class='ocrx_word' id='word_1_450' title='bbox 599 5805 745 5871; x_wconf 77' lang='lat' dir='ltr'><strong>igitur</strong></span> <span class='ocrx_word' id='word_1_451' title='bbox 769 5820 918 5871; x_wconf 72' lang='lat' dir='ltr'><strong>neque</strong></span> <span class='ocrx_word' id='word_1_452' title='bbox 941 5806 1205 5871; x_wconf 72' lang='lat' dir='ltr'><strong>inconsulte</strong></span> <span class='ocrx_word' id='word_1_453' title='bbox 1229 5821 1279 5871; x_wconf 66' lang='lat' dir='ltr'><strong>se</strong></span> <span class='ocrx_word' id='word_1_454' title='bbox 1310 5807 1537 5871; x_wconf 72' lang='lat' dir='ltr'><strong>periculis</strong></span> <span class='ocrx_word' id='word_1_455' title='bbox 1576 5811 1745 5862; x_wconf 80' lang='lat' dir='ltr'><strong>trade-</strong></span> 
     </span>
    </p>
   </div>
   <div class='ocr_carea' id='block_1_60' title="bbox 155 5867 1559 5934">
    <p class='ocr_par' dir='ltr' id='par_1_60' title="bbox 155 5867 1559 5934">
     <span class='ocr_line' id='line_1_60' title="bbox 155 5867 1559 5934; baseline -0.002 -12"><span class='ocrx_word' id='word_1_456' title='bbox 155 5873 227 5922; x_wconf 66' lang='lat' dir='ltr'><strong>bat</strong></span> <span class='ocrx_word' id='word_1_457' title='bbox 245 5870 457 5929; x_wconf 66' lang='lat' dir='ltr'><strong>obm’um,</strong></span> <span class='ocrx_word' id='word_1_458' title='bbox 482 5867 635 5931; x_wconf 64' lang='lat' dir='ltr'><strong>neque</strong></span> <span class='ocrx_word' id='word_1_459' title='bbox 652 5867 700 5918; x_wconf 81' lang='lat' dir='ltr'><strong>in</strong></span> <span class='ocrx_word' id='word_1_460' title='bbox 725 5868 820 5920; x_wconf 75' lang='lat' dir='ltr'><strong>illis</strong></span> <span class='ocrx_word' id='word_1_461' title='bbox 843 5867 1088 5932; x_wconf 69' lang='lat' dir='ltr'><strong>fugiendis</strong></span> <span class='ocrx_word' id='word_1_462' title='bbox 1112 5867 1375 5922; x_wconf 66' lang='lat' dir='ltr'><strong>molliussc</strong></span> <span class='ocrx_word' id='word_1_463' title='bbox 1398 5867 1559 5934; x_wconf 74' lang='lat' dir='ltr'><strong>gessit.</strong></span> 
     </span>
    </p>
   </div>
   <div class='ocr_carea' id='block_1_61' title="bbox 3309 434 3410 488">
    <p class='ocr_par' dir='ltr' id='par_1_61' title="bbox 3309 434 3410 488">
     <span class='ocr_line' id='line_1_61' title="bbox 3309 434 3410 488; baseline 0.02 -3"><span class='ocrx_word' id='word_1_464' title='bbox 3309 434 3410 488; x_wconf 66' lang='grc'><strong>493</strong></span> 
     </span>
    </p>
   </div>
   <div class='ocr_carea' id='block_1_62' title="bbox 1820 549 3411 634">
    <p class='ocr_par' dir='ltr' id='par_1_62' title="bbox 1820 549 3411 634">
     <span class='ocr_line' id='line_1_62' title="bbox 1820 549 3411 634; baseline -0.012 -14"><span class='ocrx_word' id='word_1_465' title='bbox 1820 580 1924 620; x_wconf 86' lang='lat' dir='ltr'><strong>nec</strong></span> <span class='ocrx_word' id='word_1_466' title='bbox 1938 565 2125 621; x_wconf 88' lang='lat' dir='ltr'><strong>dicere</strong></span> <span class='ocrx_word' id='word_1_467' title='bbox 2168 564 2456 634; x_wconf 77' lang='lat' dir='ltr'><strong>aliquando</strong></span> <span class='ocrx_word' id='word_1_468' title='bbox 2487 561 2712 618; x_wconf 87' lang='lat' dir='ltr'><strong>cessabo</strong></span> <span class='ocrx_word' id='word_1_469' title='bbox 2743 578 2755 614; x_wconf 75' lang='grc' dir='ltr'>ε</span> <span class='ocrx_word' id='word_1_470' title='bbox 2787 557 2965 614; x_wconf 90' lang='lat' dir='ltr'><strong>nullus</strong></span> <span class='ocrx_word' id='word_1_471' title='bbox 2997 556 3068 610; x_wconf 86' lang='lat' dir='ltr'><strong>ita</strong></span> <span class='ocrx_word' id='word_1_472' title='bbox 3108 553 3162 608; x_wconf 90' lang='lat' dir='ltr'><strong>in</strong></span> <span class='ocrx_word' id='word_1_473' title='bbox 3202 549 3411 606; x_wconf 84' lang='lat' dir='ltr'><strong>diversa</strong></span> 
     </span>
    </p>
   </div>
   <div class='ocr_carea' id='block_1_63' title="bbox 1819 647 3411 726">
    <p class='ocr_par' dir='ltr' id='par_1_63' title="bbox 1819 647 3411 726">
     <span class='ocr_line' id='line_1_63' title="bbox 1819 647 3411 726; baseline -0.015 -12"><span class='ocrx_word' id='word_1_474' title='bbox 1819 674 2000 714; x_wconf 89' lang='lat' dir='ltr'><strong>rerum</strong></span> <span class='ocrx_word' id='word_1_475' title='bbox 2029 657 2270 713; x_wconf 88' lang='lat' dir='ltr'><strong>incidens</strong></span> <span class='ocrx_word' id='word_1_476' title='bbox 2296 667 2458 726; x_wconf 89' lang='lat' dir='ltr'><strong>atque</strong></span> <span class='ocrx_word' id='word_1_477' title='bbox 2496 653 2785 717; x_wconf 89' lang='lat' dir='ltr'><strong>contraria,</strong></span> <span class='ocrx_word' id='word_1_478' title='bbox 2814 659 3040 718; x_wconf 86' lang='lat' dir='ltr'><strong>utraque</strong></span> <span class='ocrx_word' id='word_1_479' title='bbox 3076 647 3128 700; x_wconf 91' lang='lat' dir='ltr'><strong>in</strong></span> <span class='ocrx_word' id='word_1_480' title='bbox 3171 656 3411 697; x_wconf 73' lang='lat' dir='ltr'><strong>commo-</strong></span> 
     </span>
    </p>
   </div>
   <div class='ocr_carea' id='block_1_64' title="bbox 1817 735 3417 813">
    <p class='ocr_par' dir='ltr' id='par_1_64' title="bbox 1817 735 3417 813">
     <span class='ocr_line' id='line_1_64' title="bbox 1817 735 3417 813; baseline -0.012 -10"><span class='ocrx_word' id='word_1_481' title='bbox 1817 749 1943 804; x_wconf 92' lang='lat' dir='ltr'><strong>dum</strong></span> <span class='ocrx_word' id='word_1_482' title='bbox 1990 763 2146 802; x_wconf 88' lang='lat' dir='ltr'><strong>suum</strong></span> <span class='ocrx_word' id='word_1_483' title='bbox 2189 747 2496 813; x_wconf 87' lang='lat' dir='ltr'><strong>transtulit,</strong></span> <span class='ocrx_word' id='word_1_484' title='bbox 2553 756 2776 813; x_wconf 87' lang='lat' dir='ltr'><strong>utraque</strong></span> <span class='ocrx_word' id='word_1_485' title='bbox 2815 741 2927 796; x_wconf 90' lang='lat' dir='ltr'><strong>suis</strong></span> <span class='ocrx_word' id='word_1_486' title='bbox 2979 735 3295 792; x_wconf 86' lang='lat' dir='ltr'><strong>utilitatibus</strong></span> <span class='ocrx_word' id='word_1_487' title='bbox 3325 746 3417 785; x_wconf 86' lang='lat' dir='ltr'><strong>co-</strong></span> 
     </span>
    </p>
   </div>
   <div class='ocr_carea' id='block_1_65' title="bbox 1820 821 3415 909">
    <p class='ocr_par' dir='ltr' id='par_1_65' title="bbox 1820 821 3415 909">
     <span class='ocr_line' id='line_1_65' title="bbox 1820 821 3415 909; baseline -0.012 -16"><span class='ocrx_word' id='word_1_488' title='bbox 1820 839 2041 909; x_wconf 89' lang='lat' dir='ltr'><strong>aptavit.</strong></span> <span class='ocrx_word' id='word_1_489' title='bbox 2078 838 2269 893; x_wconf 86' lang='lat' dir='ltr'><strong>Nullus</strong></span> <span class='ocrx_word' id='word_1_490' title='bbox 2299 838 2444 892; x_wconf 89' lang='lat' dir='ltr'><strong>enim</strong></span> <span class='ocrx_word' id='word_1_491' title='bbox 2466 836 2545 890; x_wconf 85' lang='lat' dir='ltr'><strong>sic</strong></span> <span class='ocrx_word' id='word_1_492' title='bbox 2565 848 2816 903; x_wconf 86' lang='lat' dir='ltr'><strong>umquam</strong></span> <span class='ocrx_word' id='word_1_493' title='bbox 2858 826 3139 899; x_wconf 77' lang='lat' dir='ltr'><strong>prmsentis</strong></span> <span class='ocrx_word' id='word_1_494' title='bbox 3167 825 3290 878; x_wconf 71' lang='lat' dir='ltr'><strong>vita:</strong></span> <span class='ocrx_word' id='word_1_495' title='bbox 3319 821 3415 874; x_wconf 89' lang='lat' dir='ltr'><strong>fuit</strong></span> 
     </span>
    </p>
   </div>
   <div class='ocr_carea' id='block_1_66' title="bbox 1821 912 3412 996">
    <p class='ocr_par' dir='ltr' id='par_1_66' title="bbox 1821 912 3412 996">
     <span class='ocr_line' id='line_1_66' title="bbox 1821 912 3412 996; baseline -0.01 -15"><span class='ocrx_word' id='word_1_496' title='bbox 1821 944 2008 983; x_wconf 90' lang='lat' dir='ltr'><strong>amans</strong></span> <span class='ocrx_word' id='word_1_497' title='bbox 2029 969 2045 996; x_wconf 91' lang='lat'><strong>,</strong></span> <span class='ocrx_word' id='word_1_498' title='bbox 2073 942 2177 983; x_wconf 90' lang='lat' dir='ltr'><strong>nec</strong></span> <span class='ocrx_word' id='word_1_499' title='bbox 2203 941 2393 982; x_wconf 90' lang='lat' dir='ltr'><strong>eorum</strong></span> <span class='ocrx_word' id='word_1_500' title='bbox 2422 924 2512 995; x_wconf 88' lang='lat' dir='ltr'><strong>qui</strong></span> <span class='ocrx_word' id='word_1_501' title='bbox 2539 933 2665 979; x_wconf 90' lang='lat' dir='ltr'><strong>sunt</strong></span> <span class='ocrx_word' id='word_1_502' title='bbox 2693 922 2826 976; x_wconf 91' lang='lat' dir='ltr'><strong>lucis</strong></span> <span class='ocrx_word' id='word_1_503' title='bbox 2855 921 3005 974; x_wconf 88' lang='lat' dir='ltr'><strong>istius</strong></span> <span class='ocrx_word' id='word_1_504' title='bbox 3035 912 3366 985; x_wconf 86' lang='lat' dir='ltr'><strong>cupidissimi</strong></span> <span class='ocrx_word' id='word_1_505' title='bbox 3399 929 3412 965; x_wconf 86' lang='lat'><strong>:</strong></span> 
     </span>
    </p>
   </div>
   <div class='ocr_carea' id='block_1_67' title="bbox 1821 1006 3416 1090">
    <p class='ocr_par' dir='ltr' id='par_1_67' title="bbox 1821 1006 3416 1090">
     <span class='ocr_line' id='line_1_67' title="bbox 1821 1006 3416 1090; baseline -0.011 -16"><span class='ocrx_word' id='word_1_506' title='bbox 1821 1029 1875 1075; x_wconf 87' lang='lat' dir='ltr'><strong>et</strong></span> <span class='ocrx_word' id='word_1_507' title='bbox 1904 1035 1936 1073; x_wconf 91' lang='lat' dir='ltr'><strong>e</strong></span> <span class='ocrx_word' id='word_1_508' title='bbox 1965 1019 2182 1088; x_wconf 87' lang='lat' dir='ltr'><strong>regione</strong></span> <span class='ocrx_word' id='word_1_509' title='bbox 2213 1015 2436 1090; x_wconf 89' lang='lat' dir='ltr'><strong>[nullus]</strong></span> <span class='ocrx_word' id='word_1_510' title='bbox 2465 1017 2542 1070; x_wconf 93' lang='lat' dir='ltr'><strong>sic</strong></span> <span class='ocrx_word' id='word_1_511' title='bbox 2578 1012 2866 1084; x_wconf 90' lang='lat' dir='ltr'><strong>aliquando</strong></span> <span class='ocrx_word' id='word_1_512' title='bbox 2892 1008 3140 1079; x_wconf 75' lang='lat' dir='ltr'><strong>despexit</strong></span> <span class='ocrx_word' id='word_1_513' title='bbox 3188 1006 3416 1060; x_wconf 84' lang='lat' dir='ltr'><strong>salutem</strong></span> 
     </span>
    </p>
   </div>
   <div class='ocr_carea' id='block_1_68' title="bbox 1823 1095 3419 1178">
    <p class='ocr_par' dir='ltr' id='par_1_68' title="bbox 1823 1095 3419 1178">
     <span class='ocr_line' id='line_1_68' title="bbox 1823 1095 3419 1178; baseline -0.009 -13"><span class='ocrx_word' id='word_1_514' title='bbox 1823 1113 2034 1165; x_wconf 91' lang='lat' dir='ltr'><strong>illorum</strong></span> <span class='ocrx_word' id='word_1_515' title='bbox 2065 1110 2155 1178; x_wconf 88' lang='lat' dir='ltr'><strong>qui</strong></span> <span class='ocrx_word' id='word_1_516' title='bbox 2187 1125 2246 1164; x_wconf 86' lang='lat' dir='ltr'><strong>se</strong></span> <span class='ocrx_word' id='word_1_517' title='bbox 2273 1111 2326 1164; x_wconf 91' lang='lat' dir='ltr'><strong>in</strong></span> <span class='ocrx_word' id='word_1_518' title='bbox 2355 1118 2582 1162; x_wconf 87' lang='lat' dir='ltr'><strong>mortem</strong></span> <span class='ocrx_word' id='word_1_519' title='bbox 2615 1113 2807 1175; x_wconf 89' lang='lat' dir='ltr'><strong>sponte</strong></span> <span class='ocrx_word' id='word_1_520' title='bbox 2835 1100 3190 1172; x_wconf 71' lang='lat' dir='ltr'><strong>prmcipitant.</strong></span> <span class='ocrx_word' id='word_1_521' title='bbox 3223 1095 3314 1151; x_wconf 91' lang='lat' dir='ltr'><strong>Sic</strong></span> <span class='ocrx_word' id='word_1_522' title='bbox 3348 1095 3419 1150; x_wconf 84' lang='lat' dir='ltr'><strong>ab</strong></span> 
     </span>
    </p>
   </div>
   <div class='ocr_carea' id='block_1_69' title="bbox 1823 1190 3421 1271">
    <p class='ocr_par' dir='ltr' id='par_1_69' title="bbox 1823 1190 3421 1271">
     <span class='ocr_line' id='line_1_69' title="bbox 1823 1190 3421 1271; baseline -0.012 -9"><span class='ocrx_word' id='word_1_523' title='bbox 1823 1207 1969 1262; x_wconf 91' lang='lat' dir='ltr'><strong>omni</strong></span> <span class='ocrx_word' id='word_1_524' title='bbox 2020 1219 2080 1260; x_wconf 90' lang='lat' dir='ltr'><strong>se</strong></span> <span class='ocrx_word' id='word_1_525' title='bbox 2123 1203 2379 1258; x_wconf 91' lang='lat' dir='ltr'><strong>mundum</strong></span> <span class='ocrx_word' id='word_1_526' title='bbox 2420 1202 2712 1271; x_wconf 88' lang='lat' dir='ltr'><strong>cupiditate</strong></span> <span class='ocrx_word' id='word_1_527' title='bbox 2759 1193 3124 1256; x_wconf 87' lang='lat' dir='ltr'><strong>abstrahebat,</strong></span> <span class='ocrx_word' id='word_1_528' title='bbox 3167 1190 3421 1257; x_wconf 87' lang='lat' dir='ltr'><strong>nullaque</strong></span> 
     </span>
    </p>
   </div>
   <div class='ocr_carea' id='block_1_70' title="bbox 1825 1281 3419 1368">
    <p class='ocr_par' dir='ltr' id='par_1_70' title="bbox 1825 1281 3419 1368">
     <span class='ocr_line' id='line_1_70' title="bbox 1825 1281 3419 1368; baseline -0.011 -16"><span class='ocrx_word' id='word_1_529' title='bbox 1825 1297 2168 1368; x_wconf 74' lang='lat' dir='ltr'><strong>pnesentium</strong></span> <span class='ocrx_word' id='word_1_530' title='bbox 2220 1294 2502 1350; x_wconf 88' lang='lat' dir='ltr'><strong>tenebatur</strong></span> <span class='ocrx_word' id='word_1_531' title='bbox 2528 1290 2798 1361; x_wconf 87' lang='lat' dir='ltr'><strong>passione,</strong></span> <span class='ocrx_word' id='word_1_532' title='bbox 2844 1286 2938 1342; x_wconf 90' lang='lat' dir='ltr'><strong>sed</strong></span> <span class='ocrx_word' id='word_1_533' title='bbox 2967 1284 3162 1354; x_wconf 89' lang='lat' dir='ltr'><strong>ubique</strong></span> <span class='ocrx_word' id='word_1_534' title='bbox 3201 1281 3419 1336; x_wconf 88' lang='lat' dir='ltr'><strong>deside-</strong></span> 
     </span>
    </p>
   </div>
   <div class='ocr_carea' id='block_1_71' title="bbox 1824 1370 3423 1443">
    <p class='ocr_par' dir='ltr' id='par_1_71' title="bbox 1824 1370 3423 1443">
     <span class='ocr_line' id='line_1_71' title="bbox 1824 1370 3423 1443; baseline -0.014 0"><span class='ocrx_word' id='word_1_535' title='bbox 1824 1389 1963 1443; x_wconf 86' lang='lat' dir='ltr'><strong>rium</strong></span> <span class='ocrx_word' id='word_1_536' title='bbox 1989 1403 2144 1442; x_wconf 91' lang='lat' dir='ltr'><strong>suum</strong></span> <span class='ocrx_word' id='word_1_537' title='bbox 2171 1402 2293 1441; x_wconf 90' lang='lat' dir='ltr'><strong>cum</strong></span> <span class='ocrx_word' id='word_1_538' title='bbox 2324 1385 2418 1440; x_wconf 89' lang='lat' dir='ltr'><strong>Dei</strong></span> <span class='ocrx_word' id='word_1_539' title='bbox 2447 1383 2720 1437; x_wconf 88' lang='lat' dir='ltr'><strong>voluntate</strong></span> <span class='ocrx_word' id='word_1_540' title='bbox 2747 1377 3024 1440; x_wconf 68' lang='lat' dir='ltr'><strong>misicebat,</strong></span> <span class='ocrx_word' id='word_1_541' title='bbox 3053 1385 3109 1429; x_wconf 89' lang='lat' dir='ltr'><strong>et</strong></span> <span class='ocrx_word' id='word_1_542' title='bbox 3135 1387 3276 1426; x_wconf 91' lang='lat' dir='ltr'><strong>nunc</strong></span> <span class='ocrx_word' id='word_1_543' title='bbox 3305 1370 3423 1439; x_wconf 92' lang='lat' dir='ltr'><strong>qni-</strong></span> 
     </span>
    </p>
   </div>
   <div class='ocr_carea' id='block_1_72' title="bbox 1824 1461 3421 1549">
    <p class='ocr_par' dir='ltr' id='par_1_72' title="bbox 1824 1461 3421 1549">
     <span class='ocr_line' id='line_1_72' title="bbox 1824 1461 3421 1549; baseline -0.012 -16"><span class='ocrx_word' id='word_1_544' title='bbox 1824 1479 1962 1533; x_wconf 50' lang='lat' dir='ltr'><strong>dem.</strong></span> <span class='ocrx_word' id='word_1_545' title='bbox 1975 1485 2293 1549; x_wconf 69' lang='lat' dir='ltr'><strong>praesentem</strong></span> <span class='ocrx_word' id='word_1_546' title='bbox 2321 1475 2483 1530; x_wconf 86' lang='lat' dir='ltr'><strong>vitam</strong></span> <span class='ocrx_word' id='word_1_547' title='bbox 2514 1473 2682 1542; x_wconf 84' lang='lat' dir='ltr'><strong>magis</strong></span> <span class='ocrx_word' id='word_1_548' title='bbox 2710 1467 3072 1525; x_wconf 88' lang='lat' dir='ltr'><strong>necessariam</strong></span> <span class='ocrx_word' id='word_1_549' title='bbox 3108 1477 3228 1518; x_wconf 91' lang='lat' dir='ltr'><strong>esse</strong></span> <span class='ocrx_word' id='word_1_550' title='bbox 3253 1461 3421 1515; x_wconf 87' lang='lat' dir='ltr'><strong>duce-</strong></span> 
     </span>
    </p>
   </div>
   <div class='ocr_carea' id='block_1_73' title="bbox 1827 1558 3425 1639">
    <p class='ocr_par' dir='ltr' id='par_1_73' title="bbox 1827 1558 3425 1639">
     <span class='ocr_line' id='line_1_73' title="bbox 1827 1558 3425 1639; baseline -0.011 -15"><span class='ocrx_word' id='word_1_551' title='bbox 1827 1571 1937 1636; x_wconf 90' lang='lat' dir='ltr'><strong>bat,</strong></span> <span class='ocrx_word' id='word_1_552' title='bbox 1966 1584 2126 1639; x_wconf 89' lang='lat' dir='ltr'><strong>quam</strong></span> <span class='ocrx_word' id='word_1_553' title='bbox 2153 1569 2462 1622; x_wconf 90' lang='lat' dir='ltr'><strong>societatem</strong></span> <span class='ocrx_word' id='word_1_554' title='bbox 2485 1563 2683 1619; x_wconf 81' lang='lat' dir='ltr'><strong>Christi</strong></span> <span class='ocrx_word' id='word_1_555' title='bbox 2705 1573 2864 1632; x_wconf 88' lang='lat' dir='ltr'><strong>atque</strong></span> <span class='ocrx_word' id='word_1_556' title='bbox 2885 1558 3210 1627; x_wconf 91' lang='lat' dir='ltr'><strong>colloquium</strong></span> <span class='ocrx_word' id='word_1_557' title='bbox 3234 1572 3249 1619; x_wconf 87' lang='lat'><strong>;</strong></span> <span class='ocrx_word' id='word_1_558' title='bbox 3279 1567 3425 1607; x_wconf 90' lang='lat' dir='ltr'><strong>nune</strong></span> 
     </span>
    </p>
   </div>
   <div class='ocr_carea' id='block_1_74' title="bbox 1827 1652 3426 1718">
    <p class='ocr_par' dir='ltr' id='par_1_74' title="bbox 1827 1652 3426 1718">
     <span class='ocr_line' id='line_1_74' title="bbox 1827 1652 3426 1718; baseline -0.008 -6"><span class='ocrx_word' id='word_1_559' title='bbox 1827 1676 1955 1713; x_wconf 87' lang='lat' dir='ltr'><strong>vero</strong></span> <span class='ocrx_word' id='word_1_560' title='bbox 1986 1668 2092 1713; x_wconf 90' lang='lat' dir='ltr'><strong>tam</strong></span> <span class='ocrx_word' id='word_1_561' title='bbox 2121 1663 2403 1713; x_wconf 89' lang='lat' dir='ltr'><strong>molestam</strong></span> <span class='ocrx_word' id='word_1_562' title='bbox 2432 1655 2535 1712; x_wconf 88' lang='lat' dir='ltr'><strong>sibi</strong></span> <span class='ocrx_word' id='word_1_563' title='bbox 2566 1657 2708 1710; x_wconf 90' lang='lat' dir='ltr'><strong>illam</strong></span> <span class='ocrx_word' id='word_1_564' title='bbox 2731 1653 2998 1708; x_wconf 82' lang='lat' dir='ltr'><strong>fatebatur</strong></span> <span class='ocrx_word' id='word_1_565' title='bbox 3018 1658 3071 1704; x_wconf 90' lang='lat' dir='ltr'><strong>et</strong></span> <span class='ocrx_word' id='word_1_566' title='bbox 3099 1660 3336 1718; x_wconf 85' lang='lat' dir='ltr'><strong>gravem,</strong></span> <span class='ocrx_word' id='word_1_567' title='bbox 3367 1652 3426 1699; x_wconf 85' lang='lat' dir='ltr'><strong>ut</strong></span> 
     </span>
    </p>
   </div>
   <div class='ocr_carea' id='block_1_75' title="bbox 1827 1739 3424 1821">
    <p class='ocr_par' dir='ltr' id='par_1_75' title="bbox 1827 1739 3424 1821">
     <span class='ocr_line' id='line_1_75' title="bbox 1827 1739 3424 1821; baseline -0.011 -15"><span class='ocrx_word' id='word_1_568' title='bbox 1827 1753 1988 1807; x_wconf 89' lang='lat' dir='ltr'><strong>etiam</strong></span> <span class='ocrx_word' id='word_1_569' title='bbox 2034 1750 2431 1821; x_wconf 89' lang='lat' dir='ltr'><strong>ingemisceret,</strong></span> <span class='ocrx_word' id='word_1_570' title='bbox 2473 1759 2633 1817; x_wconf 87' lang='lat' dir='ltr'><strong>atque</strong></span> <span class='ocrx_word' id='word_1_571' title='bbox 2664 1747 2716 1800; x_wconf 90' lang='lat' dir='ltr'><strong>in</strong></span> <span class='ocrx_word' id='word_1_572' title='bbox 2758 1746 2947 1799; x_wconf 91' lang='lat' dir='ltr'><strong>mortis</strong></span> <span class='ocrx_word' id='word_1_573' title='bbox 2982 1739 3306 1796; x_wconf 84' lang='lat' dir='ltr'><strong>desiderium</strong></span> <span class='ocrx_word' id='word_1_574' title='bbox 3326 1750 3424 1791; x_wconf 86' lang='lat' dir='ltr'><strong>co-</strong></span> 
     </span>
    </p>
   </div>
   <div class='ocr_carea' id='block_1_76' title="bbox 1828 1830 3424 1915">
    <p class='ocr_par' dir='ltr' id='par_1_76' title="bbox 1828 1830 3424 1915">
     <span class='ocr_line' id='line_1_76' title="bbox 1828 1830 3424 1915; baseline -0.013 -14"><span class='ocrx_word' id='word_1_575' title='bbox 1828 1855 2062 1915; x_wconf 88' lang='lat' dir='ltr'><strong>geretur.</strong></span> <span class='ocrx_word' id='word_1_576' title='bbox 2117 1845 2188 1899; x_wconf 88' lang='lat' dir='ltr'><strong>Ea</strong></span> <span class='ocrx_word' id='word_1_577' title='bbox 2229 1844 2371 1898; x_wconf 92' lang='lat' dir='ltr'><strong>enim</strong></span> <span class='ocrx_word' id='word_1_578' title='bbox 2407 1842 2522 1897; x_wconf 92' lang='lat' dir='ltr'><strong>sola</strong></span> <span class='ocrx_word' id='word_1_579' title='bbox 2569 1839 2839 1908; x_wconf 89' lang='lat' dir='ltr'><strong>cupiebat,</strong></span> <span class='ocrx_word' id='word_1_580' title='bbox 2872 1851 2990 1907; x_wconf 66' lang='lat' dir='ltr'><strong>quae</strong></span> <span class='ocrx_word' id='word_1_581' title='bbox 3029 1833 3104 1888; x_wconf 89' lang='lat' dir='ltr'><strong>illi</strong></span> <span class='ocrx_word' id='word_1_582' title='bbox 3128 1830 3424 1886; x_wconf 89' lang='lat' dir='ltr'><strong>secundum</strong></span> 
     </span>
    </p>
   </div>
   <div class='ocr_carea' id='block_1_77' title="bbox 1831 1922 3427 2003">
    <p class='ocr_par' dir='ltr' id='par_1_77' title="bbox 1831 1922 3427 2003">
     <span class='ocr_line' id='line_1_77' title="bbox 1831 1922 3427 2003; baseline -0.011 -12"><span class='ocrx_word' id='word_1_583' title='bbox 1831 1937 1999 1990; x_wconf 90' lang='lat' dir='ltr'><strong>Deum</strong></span> <span class='ocrx_word' id='word_1_584' title='bbox 2053 1937 2199 1989; x_wconf 91' lang='lat' dir='ltr'><strong>lucra</strong></span> <span class='ocrx_word' id='word_1_585' title='bbox 2248 1942 2517 2003; x_wconf 88' lang='lat' dir='ltr'><strong>parerent,</strong></span> <span class='ocrx_word' id='word_1_586' title='bbox 2548 1931 2755 1986; x_wconf 87' lang='lat' dir='ltr'><strong>etiamsi</strong></span> <span class='ocrx_word' id='word_1_587' title='bbox 2809 1927 3074 1998; x_wconf 88' lang='lat' dir='ltr'><strong>prioribus</strong></span> <span class='ocrx_word' id='word_1_588' title='bbox 3117 1922 3427 1977; x_wconf 87' lang='lat' dir='ltr'><strong>viderentur</strong></span> 
     </span>
    </p>
   </div>
   <div class='ocr_carea' id='block_1_78' title="bbox 1830 2020 3428 2093">
    <p class='ocr_par' dir='ltr' id='par_1_78' title="bbox 1830 2020 3428 2093">
     <span class='ocr_line' id='line_1_78' title="bbox 1830 2020 3428 2093; baseline -0.013 -7"><span class='ocrx_word' id='word_1_589' title='bbox 1830 2046 1950 2086; x_wconf 89' lang='lat' dir='ltr'><strong>esse</strong></span> <span class='ocrx_word' id='word_1_590' title='bbox 1977 2029 2265 2084; x_wconf 87' lang='lat' dir='ltr'><strong>contraria.</strong></span> <span class='ocrx_word' id='word_1_591' title='bbox 2296 2027 2424 2081; x_wconf 87' lang='lat' dir='ltr'><strong>Erat</strong></span> <span class='ocrx_word' id='word_1_592' title='bbox 2464 2025 2606 2080; x_wconf 88' lang='lat' dir='ltr'><strong>enim</strong></span> <span class='ocrx_word' id='word_1_593' title='bbox 2639 2022 2853 2093; x_wconf 83' lang='lat' dir='ltr'><strong>quidem</strong></span> <span class='ocrx_word' id='word_1_594' title='bbox 2902 2020 3080 2073; x_wconf 87' lang='lat' dir='ltr'><strong>varius</strong></span> <span class='ocrx_word' id='word_1_595' title='bbox 3123 2029 3337 2083; x_wconf 90' lang='lat' dir='ltr'><strong>semper</strong></span> <span class='ocrx_word' id='word_1_596' title='bbox 3361 2027 3428 2066; x_wconf 89' lang='lat' dir='ltr'><strong>ac</strong></span> 
     </span>
    </p>
   </div>
   <div class='ocr_carea' id='block_1_79' title="bbox 1831 2108 3424 2194">
    <p class='ocr_par' dir='ltr' id='par_1_79' title="bbox 1831 2108 3424 2194">
     <span class='ocr_line' id='line_1_79' title="bbox 1831 2108 3424 2194; baseline -0.011 -15"><span class='ocrx_word' id='word_1_597' title='bbox 1831 2125 2137 2194; x_wconf 76' lang='lat' dir='ltr'><strong>multiplex,</strong></span> <span class='ocrx_word' id='word_1_598' title='bbox 2168 2138 2274 2177; x_wconf 91' lang='lat' dir='ltr'><strong>non</strong></span> <span class='ocrx_word' id='word_1_599' title='bbox 2305 2122 2486 2191; x_wconf 89' lang='lat' dir='ltr'><strong>utique</strong></span> <span class='ocrx_word' id='word_1_600' title='bbox 2510 2116 2939 2173; x_wconf 84' lang='lat' dir='ltr'><strong>dissimulatione</strong></span> <span class='ocrx_word' id='word_1_601' title='bbox 2960 2109 3249 2174; x_wconf 91' lang='lat' dir='ltr'><strong>mutabilis,</strong></span> <span class='ocrx_word' id='word_1_602' title='bbox 3281 2108 3424 2178; x_wconf 83' lang='lat' dir='ltr'><strong>quod</strong></span> 
     </span>
    </p>
   </div>
   <div class='ocr_carea' id='block_1_80' title="bbox 1831 2203 3429 2284">
    <p class='ocr_par' dir='ltr' id='par_1_80' title="bbox 1831 2203 3429 2284">
     <span class='ocr_line' id='line_1_80' title="bbox 1831 2203 3429 2284; baseline -0.011 -12"><span class='ocrx_word' id='word_1_603' title='bbox 1831 2217 1989 2284; x_wconf 87' lang='lat' dir='ltr'><strong>absit,</strong></span> <span class='ocrx_word' id='word_1_604' title='bbox 2022 2216 2118 2270; x_wconf 91' lang='lat' dir='ltr'><strong>sed</strong></span> <span class='ocrx_word' id='word_1_605' title='bbox 2151 2214 2350 2269; x_wconf 87' lang='lat' dir='ltr'><strong>faciens</strong></span> <span class='ocrx_word' id='word_1_606' title='bbox 2372 2213 2550 2268; x_wconf 91' lang='lat' dir='ltr'><strong>omnia</strong></span> <span class='ocrx_word' id='word_1_607' title='bbox 2573 2227 2689 2281; x_wconf 72' lang='lat' dir='ltr'><strong>qua:</strong></span> <span class='ocrx_word' id='word_1_608' title='bbox 2711 2206 3107 2281; x_wconf 79' lang='lat' dir='ltr'><strong>praedicationis</strong></span> <span class='ocrx_word' id='word_1_609' title='bbox 3136 2203 3429 2270; x_wconf 83' lang='lat' dir='ltr'><strong>salutisque</strong></span> 
     </span>
    </p>
   </div>
   <div class='ocr_carea' id='block_1_81' title="bbox 1832 2294 3428 2376">
    <p class='ocr_par' dir='ltr' id='par_1_81' title="bbox 1832 2294 3428 2376">
     <span class='ocr_line' id='line_1_81' title="bbox 1832 2294 3428 2376; baseline -0.013 -11"><span class='ocrx_word' id='word_1_610' title='bbox 1832 2312 2110 2365; x_wconf 88' lang='lat' dir='ltr'><strong>hominum</strong></span> <span class='ocrx_word' id='word_1_611' title='bbox 2143 2308 2436 2363; x_wconf 87' lang='lat' dir='ltr'><strong>necessitas</strong></span> <span class='ocrx_word' id='word_1_612' title='bbox 2472 2305 2828 2376; x_wconf 87' lang='lat' dir='ltr'><strong>poposcisset,</strong></span> <span class='ocrx_word' id='word_1_613' title='bbox 2861 2302 2911 2354; x_wconf 92' lang='lat' dir='ltr'><strong>in</strong></span> <span class='ocrx_word' id='word_1_614' title='bbox 2949 2300 3053 2353; x_wconf 89' lang='lat' dir='ltr'><strong>hoc</strong></span> <span class='ocrx_word' id='word_1_615' title='bbox 3077 2311 3288 2366; x_wconf 88' lang='lat' dir='ltr'><strong>quoque</strong></span> <span class='ocrx_word' id='word_1_616' title='bbox 3315 2294 3428 2348; x_wconf 83' lang='lat' dir='ltr'><strong>Do-</strong></span> 
     </span>
    </p>
   </div>
   <div class='ocr_carea' id='block_1_82' title="bbox 1831 2385 3430 2456">
    <p class='ocr_par' dir='ltr' id='par_1_82' title="bbox 1831 2385 3430 2456">
     <span class='ocr_line' id='line_1_82' title="bbox 1831 2385 3430 2456; baseline -0.013 0"><span class='ocrx_word' id='word_1_617' title='bbox 1831 2402 1960 2456; x_wconf 89' lang='lat' dir='ltr'><strong>mini</strong></span> <span class='ocrx_word' id='word_1_618' title='bbox 2010 2403 2090 2455; x_wconf 92' lang='lat' dir='ltr'><strong>sni</strong></span> <span class='ocrx_word' id='word_1_619' title='bbox 2138 2401 2392 2455; x_wconf 89' lang='lat' dir='ltr'><strong>inventus</strong></span> <span class='ocrx_word' id='word_1_620' title='bbox 2439 2397 2692 2450; x_wconf 88' lang='lat' dir='ltr'><strong>imitator.</strong></span> <span class='ocrx_word' id='word_1_621' title='bbox 2740 2392 2874 2448; x_wconf 82' lang='lat' dir='ltr'><strong>Nam</strong></span> <span class='ocrx_word' id='word_1_622' title='bbox 2904 2401 2958 2444; x_wconf 89' lang='lat' dir='ltr'><strong>et</strong></span> <span class='ocrx_word' id='word_1_623' title='bbox 2991 2390 3128 2443; x_wconf 88' lang='lat' dir='ltr'><strong>Deus</strong></span> <span class='ocrx_word' id='word_1_624' title='bbox 3166 2395 3222 2441; x_wconf 89' lang='lat' dir='ltr'><strong>et</strong></span> <span class='ocrx_word' id='word_1_625' title='bbox 3265 2385 3430 2439; x_wconf 89' lang='lat' dir='ltr'><strong>homo</strong></span> 
     </span>
    </p>
   </div>
   <div class='ocr_carea' id='block_1_83' title="bbox 1832 2475 3428 2562">
    <p class='ocr_par' dir='ltr' id='par_1_83' title="bbox 1832 2475 3428 2562">
     <span class='ocr_line' id='line_1_83' title="bbox 1832 2475 3428 2562; baseline -0.013 -15"><span class='ocrx_word' id='word_1_626' title='bbox 1832 2494 2098 2562; x_wconf 87' lang='lat' dir='ltr'><strong>apparuit,</strong></span> <span class='ocrx_word' id='word_1_627' title='bbox 2129 2506 2250 2545; x_wconf 90' lang='lat' dir='ltr'><strong>cum</strong></span> <span class='ocrx_word' id='word_1_628' title='bbox 2278 2490 2329 2544; x_wconf 90' lang='lat' dir='ltr'><strong>id</strong></span> <span class='ocrx_word' id='word_1_629' title='bbox 2361 2504 2485 2544; x_wconf 86' lang='lat' dir='ltr'><strong>eum</strong></span> <span class='ocrx_word' id='word_1_630' title='bbox 2530 2484 2769 2557; x_wconf 86' lang='lat' dir='ltr'><strong>oportuit</strong></span> <span class='ocrx_word' id='word_1_631' title='bbox 2815 2494 3106 2552; x_wconf 63' lang='lat' dir='ltr'><strong>apparere,</strong></span> <span class='ocrx_word' id='word_1_632' title='bbox 3141 2487 3196 2533; x_wconf 88' lang='lat' dir='ltr'><strong>et</strong></span> <span class='ocrx_word' id='word_1_633' title='bbox 3224 2478 3276 2530; x_wconf 91' lang='lat' dir='ltr'><strong>in</strong></span> <span class='ocrx_word' id='word_1_634' title='bbox 3307 2475 3428 2543; x_wconf 82' lang='lat' dir='ltr'><strong>igne</strong></span> 
     </span>
    </p>
   </div>
   <div class='ocr_carea' id='block_1_84' title="bbox 1831 2563 3433 2650">
    <p class='ocr_par' dir='ltr' id='par_1_84' title="bbox 1831 2563 3433 2650">
     <span class='ocr_line' id='line_1_84' title="bbox 1831 2563 3433 2650; baseline -0.014 -12"><span class='ocrx_word' id='word_1_635' title='bbox 1831 2582 2043 2650; x_wconf 88' lang='lat' dir='ltr'><strong>quando</strong></span> <span class='ocrx_word' id='word_1_636' title='bbox 2070 2591 2282 2650; x_wconf 89' lang='lat' dir='ltr'><strong>tempus</strong></span> <span class='ocrx_word' id='word_1_637' title='bbox 2309 2581 2380 2634; x_wconf 90' lang='lat' dir='ltr'><strong>ita</strong></span> <span class='ocrx_word' id='word_1_638' title='bbox 2410 2577 2586 2648; x_wconf 76' lang='lat' dir='ltr'><strong>exegit</strong></span> <span class='ocrx_word' id='word_1_639' title='bbox 2611 2617 2626 2642; x_wconf 94' lang='lat'><strong>,</strong></span> <span class='ocrx_word' id='word_1_640' title='bbox 2655 2585 2709 2630; x_wconf 92' lang='lat' dir='ltr'><strong>et</strong></span> <span class='ocrx_word' id='word_1_641' title='bbox 2752 2589 2892 2629; x_wconf 92' lang='lat' dir='ltr'><strong>nunc</strong></span> <span class='ocrx_word' id='word_1_642' title='bbox 2916 2571 3129 2642; x_wconf 90' lang='lat' dir='ltr'><strong>quidem</strong></span> <span class='ocrx_word' id='word_1_643' title='bbox 3160 2583 3219 2623; x_wconf 91' lang='lat' dir='ltr'><strong>se</strong></span> <span class='ocrx_word' id='word_1_644' title='bbox 3245 2567 3297 2620; x_wconf 91' lang='lat' dir='ltr'><strong>in</strong></span> <span class='ocrx_word' id='word_1_645' title='bbox 3328 2566 3393 2618; x_wconf 92' lang='lat' dir='ltr'><strong>ha</strong></span> <span class='ocrx_word' id='word_1_646' title='bbox 3413 2563 3433 2605; x_wconf 64' lang='grc'><strong>-“</strong></span> 
     </span>
    </p>
   </div>
   <div class='ocr_carea' id='block_1_85' title="bbox 1830 2659 3430 2737">
    <p class='ocr_par' dir='ltr' id='par_1_85' title="bbox 1830 2659 3430 2737">
     <span class='ocr_line' id='line_1_85' title="bbox 1830 2659 3430 2737; baseline -0.009 -9"><span class='ocrx_word' id='word_1_647' title='bbox 1830 2672 1944 2728; x_wconf 88' lang='lat' dir='ltr'><strong>bitu</strong></span> <span class='ocrx_word' id='word_1_648' title='bbox 1974 2672 2165 2726; x_wconf 86' lang='lat' dir='ltr'><strong>armati</strong></span> <span class='ocrx_word' id='word_1_649' title='bbox 2191 2671 2398 2737; x_wconf 90' lang='lat' dir='ltr'><strong>militis,</strong></span> <span class='ocrx_word' id='word_1_650' title='bbox 2431 2683 2574 2724; x_wconf 88' lang='lat' dir='ltr'><strong>nunc</strong></span> <span class='ocrx_word' id='word_1_651' title='bbox 2602 2668 2654 2721; x_wconf 91' lang='lat' dir='ltr'><strong>in</strong></span> <span class='ocrx_word' id='word_1_652' title='bbox 2681 2665 2860 2736; x_wconf 89' lang='lat' dir='ltr'><strong>specie</strong></span> <span class='ocrx_word' id='word_1_653' title='bbox 2885 2663 3052 2728; x_wconf 89' lang='lat' dir='ltr'><strong>senis,</strong></span> <span class='ocrx_word' id='word_1_654' title='bbox 3081 2675 3223 2715; x_wconf 92' lang='lat' dir='ltr'><strong>nunc</strong></span> <span class='ocrx_word' id='word_1_655' title='bbox 3251 2659 3304 2713; x_wconf 92' lang='lat' dir='ltr'><strong>in</strong></span> <span class='ocrx_word' id='word_1_656' title='bbox 3332 2673 3430 2713; x_wconf 89' lang='lat' dir='ltr'><strong>au-</strong></span> 
     </span>
    </p>
   </div>
   <div class='ocr_carea' id='block_1_86' title="bbox 1831 2752 3429 2829">
    <p class='ocr_par' dir='ltr' id='par_1_86' title="bbox 1831 2752 3429 2829">
     <span class='ocr_line' id='line_1_86' title="bbox 1831 2752 3429 2829; baseline -0.011 -11"><span class='ocrx_word' id='word_1_657' title='bbox 1831 2779 1909 2829; x_wconf 91' lang='lat' dir='ltr'><strong>ra,</strong></span> <span class='ocrx_word' id='word_1_658' title='bbox 1945 2778 2088 2818; x_wconf 89' lang='lat' dir='ltr'><strong>nunc</strong></span> <span class='ocrx_word' id='word_1_659' title='bbox 2115 2762 2167 2816; x_wconf 91' lang='lat' dir='ltr'><strong>in</strong></span> <span class='ocrx_word' id='word_1_660' title='bbox 2198 2760 2554 2816; x_wconf 87' lang='lat' dir='ltr'><strong>similitudine</strong></span> <span class='ocrx_word' id='word_1_661' title='bbox 2579 2757 2832 2822; x_wconf 87' lang='lat' dir='ltr'><strong>viatoris,</strong></span> <span class='ocrx_word' id='word_1_662' title='bbox 2861 2767 3006 2819; x_wconf 83' lang='lat' dir='ltr'><strong>nunc</strong></span> <span class='ocrx_word' id='word_1_663' title='bbox 3031 2752 3083 2806; x_wconf 91' lang='lat' dir='ltr'><strong>in</strong></span> <span class='ocrx_word' id='word_1_664' title='bbox 3113 2752 3225 2819; x_wconf 89' lang='lat' dir='ltr'><strong>ipsa</strong></span> <span class='ocrx_word' id='word_1_665' title='bbox 3248 2756 3429 2803; x_wconf 87' lang='lat' dir='ltr'><strong>osten-</strong></span> 
     </span>
    </p>
   </div>
   <div class='ocr_carea' id='block_1_87' title="bbox 1831 2840 3428 2915">
    <p class='ocr_par' dir='ltr' id='par_1_87' title="bbox 1831 2840 3428 2915">
     <span class='ocr_line' id='line_1_87' title="bbox 1831 2840 3428 2915; baseline -0.01 -8"><span class='ocrx_word' id='word_1_666' title='bbox 1831 2854 1912 2908; x_wconf 90' lang='lat' dir='ltr'><strong>dit</strong></span> <span class='ocrx_word' id='word_1_667' title='bbox 1956 2853 2190 2907; x_wconf 89' lang='lat' dir='ltr'><strong>hominis</strong></span> <span class='ocrx_word' id='word_1_668' title='bbox 2237 2853 2504 2915; x_wconf 84' lang='lat' dir='ltr'><strong>veritate,</strong></span> <span class='ocrx_word' id='word_1_669' title='bbox 2563 2846 2860 2903; x_wconf 88' lang='lat' dir='ltr'><strong>secundum</strong></span> <span class='ocrx_word' id='word_1_670' title='bbox 2917 2857 3075 2914; x_wconf 90' lang='lat' dir='ltr'><strong>quam</strong></span> <span class='ocrx_word' id='word_1_671' title='bbox 3132 2855 3201 2896; x_wconf 89' lang='lat' dir='ltr'><strong>ne</strong></span> <span class='ocrx_word' id='word_1_672' title='bbox 3257 2840 3428 2909; x_wconf 87' lang='lat' dir='ltr'><strong>ipsam</strong></span> 
     </span>
    </p>
   </div>
   <div class='ocr_carea' id='block_1_88' title="bbox 1831 2937 3432 3016">
    <p class='ocr_par' dir='ltr' id='par_1_88' title="bbox 1831 2937 3432 3016">
     <span class='ocr_line' id='line_1_88' title="bbox 1831 2937 3432 3016; baseline -0.01 -16"><span class='ocrx_word' id='word_1_673' title='bbox 1831 2946 2047 3016; x_wconf 92' lang='lat' dir='ltr'><strong>quidem</strong></span> <span class='ocrx_word' id='word_1_674' title='bbox 2079 2954 2308 2999; x_wconf 90' lang='lat' dir='ltr'><strong>mortem</strong></span> <span class='ocrx_word' id='word_1_675' title='bbox 2341 2943 2536 3012; x_wconf 87' lang='lat' dir='ltr'><strong>refugit</strong></span> <span class='ocrx_word' id='word_1_676' title='bbox 2566 2959 2578 2995; x_wconf 93' lang='lat'><strong>:</strong></span> <span class='ocrx_word' id='word_1_677' title='bbox 2609 2942 2702 2996; x_wconf 90' lang='lat' dir='ltr'><strong>sed</strong></span> <span class='ocrx_word' id='word_1_678' title='bbox 2732 2941 2924 2994; x_wconf 89' lang='lat' dir='ltr'><strong>iterum</strong></span> <span class='ocrx_word' id='word_1_679' title='bbox 2954 2937 3256 3004; x_wconf 79' lang='lat' dir='ltr'><strong>iterumque</strong></span> <span class='ocrx_word' id='word_1_680' title='bbox 3279 2947 3432 2986; x_wconf 87' lang='lat' dir='ltr'><strong>com-</strong></span> 
     </span>
    </p>
   </div>
   <div class='ocr_carea' id='block_1_89' title="bbox 1831 3025 3429 3104">
    <p class='ocr_par' dir='ltr' id='par_1_89' title="bbox 1831 3025 3429 3104">
     <span class='ocr_line' id='line_1_89' title="bbox 1831 3025 3429 3104; baseline -0.011 -13"><span class='ocrx_word' id='word_1_681' title='bbox 1831 3052 2064 3101; x_wconf 90' lang='lat' dir='ltr'><strong>moneo,</strong></span> <span class='ocrx_word' id='word_1_682' title='bbox 2123 3050 2284 3091; x_wconf 90' lang='lat' dir='ltr'><strong>nemo</strong></span> <span class='ocrx_word' id='word_1_683' title='bbox 2335 3033 2788 3104; x_wconf 87' lang='lat' dir='ltr'><strong>dispensationem</strong></span> <span class='ocrx_word' id='word_1_684' title='bbox 2841 3029 2999 3084; x_wconf 88' lang='lat' dir='ltr'><strong>istam</strong></span> <span class='ocrx_word' id='word_1_685' title='bbox 3051 3025 3429 3081; x_wconf 88' lang='lat' dir='ltr'><strong>necessitatem</strong></span> 
     </span>
    </p>
   </div>
   <div class='ocr_carea' id='block_1_90' title="bbox 1833 3113 3431 3196">
    <p class='ocr_par' dir='ltr' id='par_1_90' title="bbox 1833 3113 3431 3196">
     <span class='ocr_line' id='line_1_90' title="bbox 1833 3113 3431 3196; baseline -0.008 -15"><span class='ocrx_word' id='word_1_686' title='bbox 1833 3135 2003 3196; x_wconf 88' lang='lat' dir='ltr'><strong>putet.</strong></span> <span class='ocrx_word' id='word_1_687' title='bbox 2032 3125 2128 3180; x_wconf 90' lang='lat' dir='ltr'><strong>sed</strong></span> <span class='ocrx_word' id='word_1_688' title='bbox 2175 3123 2548 3179; x_wconf 88' lang='lat' dir='ltr'><strong>tantummodo</strong></span> <span class='ocrx_word' id='word_1_689' title='bbox 2594 3135 2834 3176; x_wconf 88' lang='lat' dir='ltr'><strong>amorem</strong></span> <span class='ocrx_word' id='word_1_690' title='bbox 2875 3119 2971 3174; x_wconf 91' lang='lat' dir='ltr'><strong>Dei</strong></span> <span class='ocrx_word' id='word_1_691' title='bbox 3011 3131 3138 3187; x_wconf 87' lang='lat' dir='ltr'><strong>erga</strong></span> <span class='ocrx_word' id='word_1_692' title='bbox 3182 3113 3431 3169; x_wconf 72' lang='lat' dir='ltr'><strong>homines</strong></span> 
     </span>
    </p>
   </div>
   <div class='ocr_carea' id='block_1_91' title="bbox 1833 3207 3428 3287">
    <p class='ocr_par' dir='ltr' id='par_1_91' title="bbox 1833 3207 3428 3287">
     <span class='ocr_line' id='line_1_91' title="bbox 1833 3207 3428 3287; baseline -0.008 -18"><span class='ocrx_word' id='word_1_693' title='bbox 1833 3216 2120 3285; x_wconf 88' lang='lat' dir='ltr'><strong>intelligat.</strong></span> <span class='ocrx_word' id='word_1_694' title='bbox 2151 3215 2284 3269; x_wconf 81' lang='lat' dir='ltr'><strong>Nam</strong></span> <span class='ocrx_word' id='word_1_695' title='bbox 2313 3226 2366 3268; x_wconf 90' lang='lat' dir='ltr'><strong>et</strong></span> <span class='ocrx_word' id='word_1_696' title='bbox 2391 3213 2680 3283; x_wconf 87' lang='lat' dir='ltr'><strong>aliquando</strong></span> <span class='ocrx_word' id='word_1_697' title='bbox 2707 3211 2920 3281; x_wconf 92' lang='lat' dir='ltr'><strong>quidem</strong></span> <span class='ocrx_word' id='word_1_698' title='bbox 2948 3225 3111 3287; x_wconf 83' lang='lat' dir='ltr'><strong>super</strong></span> <span class='ocrx_word' id='word_1_699' title='bbox 3145 3207 3428 3270; x_wconf 89' lang='lat' dir='ltr'><strong>thronum,</strong></span> 
     </span>
    </p>
   </div>
   <div class='ocr_carea' id='block_1_92' title="bbox 1832 3297 3430 3376">
    <p class='ocr_par' dir='ltr' id='par_1_92' title="bbox 1832 3297 3430 3376">
     <span class='ocr_line' id='line_1_92' title="bbox 1832 3297 3430 3376; baseline -0.006 -15"><span class='ocrx_word' id='word_1_700' title='bbox 1832 3305 2120 3376; x_wconf 90' lang='lat' dir='ltr'><strong>aliquando</strong></span> <span class='ocrx_word' id='word_1_701' title='bbox 2157 3321 2290 3360; x_wconf 89' lang='lat' dir='ltr'><strong>vero</strong></span> <span class='ocrx_word' id='word_1_702' title='bbox 2328 3320 2492 3374; x_wconf 89' lang='lat' dir='ltr'><strong>super</strong></span> <span class='ocrx_word' id='word_1_703' title='bbox 2538 3303 2827 3359; x_wconf 84' lang='lat' dir='ltr'><strong>Cherubim</strong></span> <span class='ocrx_word' id='word_1_704' title='bbox 2872 3301 3166 3371; x_wconf 87' lang='lat' dir='ltr'><strong>apparebat</strong></span> <span class='ocrx_word' id='word_1_705' title='bbox 3210 3297 3430 3353; x_wconf 79' lang='lat' dir='ltr'><strong>sedens.</strong></span> 
     </span>
    </p>
   </div>
   <div class='ocr_carea' id='block_1_93' title="bbox 1833 3391 3432 3463">
    <p class='ocr_par' dir='ltr' id='par_1_93' title="bbox 1833 3391 3432 3463">
     <span class='ocr_line' id='line_1_93' title="bbox 1833 3391 3432 3463; baseline -0.007 -12"><span class='ocrx_word' id='word_1_706' title='bbox 1833 3397 2022 3451; x_wconf 89' lang='lat' dir='ltr'><strong>Omnia</strong></span> <span class='ocrx_word' id='word_1_707' title='bbox 2053 3406 2229 3451; x_wconf 87' lang='lat' dir='ltr'><strong>tamen</strong></span> <span class='ocrx_word' id='word_1_708' title='bbox 2277 3395 2374 3449; x_wconf 85' lang='lat' dir='ltr'><strong>ista</strong></span> <span class='ocrx_word' id='word_1_709' title='bbox 2407 3409 2502 3463; x_wconf 91' lang='lat' dir='ltr'><strong>pro</strong></span> <span class='ocrx_word' id='word_1_710' title='bbox 2527 3394 2793 3449; x_wconf 89' lang='lat' dir='ltr'><strong>variarmn</strong></span> <span class='ocrx_word' id='word_1_711' title='bbox 2828 3391 3288 3461; x_wconf 77' lang='lat' dir='ltr'><strong>dispensationem</strong></span> <span class='ocrx_word' id='word_1_712' title='bbox 3336 3403 3432 3458; x_wconf 86' lang='lat' dir='ltr'><strong>0p-</strong></span> 
     </span>
    </p>
   </div>
   <div class='ocr_carea' id='block_1_94' title="bbox 1834 3482 3431 3557">
    <p class='ocr_par' dir='ltr' id='par_1_94' title="bbox 1834 3482 3431 3557">
     <span class='ocr_line' id='line_1_94' title="bbox 1834 3482 3431 3557; baseline -0.006 -15"><span class='ocrx_word' id='word_1_713' title='bbox 1834 3488 2159 3557; x_wconf 90' lang='lat' dir='ltr'><strong>portunitate</strong></span> <span class='ocrx_word' id='word_1_714' title='bbox 2186 3486 2445 3552; x_wconf 81' lang='lat' dir='ltr'><strong>faciebat,</strong></span> <span class='ocrx_word' id='word_1_715' title='bbox 2474 3494 2697 3555; x_wconf 85' lang='lat' dir='ltr'><strong>propter</strong></span> <span class='ocrx_word' id='word_1_716' title='bbox 2725 3483 2868 3554; x_wconf 88' lang='lat' dir='ltr'><strong>quod</strong></span> <span class='ocrx_word' id='word_1_717' title='bbox 2901 3482 3137 3551; x_wconf 90' lang='lat' dir='ltr'><strong>loquitur</strong></span> <span class='ocrx_word' id='word_1_718' title='bbox 3180 3495 3275 3548; x_wconf 90' lang='lat' dir='ltr'><strong>per</strong></span> <span class='ocrx_word' id='word_1_719' title='bbox 3302 3493 3431 3549; x_wconf 89' lang='lat' dir='ltr'><strong>pro-</strong></span> 
     </span>
    </p>
   </div>
   <div class='ocr_carea' id='block_1_95' title="bbox 1833 3577 3430 3652">
    <p class='ocr_par' dir='ltr' id='par_1_95' title="bbox 1833 3577 3430 3652">
     <span class='ocr_line' id='line_1_95' title="bbox 1833 3577 3430 3652; baseline -0.006 -17"><span class='ocrx_word' id='word_1_720' title='bbox 1833 3583 2050 3652; x_wconf 88' lang='lat' dir='ltr'><strong>phetam</strong></span> <span class='ocrx_word' id='word_1_721' title='bbox 2075 3599 2087 3635; x_wconf 93' lang='lat'>:</span> <span class='ocrx_word' id='word_1_722' title='bbox 2121 3581 2233 3652; x_wconf 85' lang='lat' dir='ltr'><strong>Ego</strong></span> <span class='ocrx_word' id='word_1_723' title='bbox 2263 3582 2474 3635; x_wconf 78' lang='lat' dir='ltr'><strong>visiones</strong></span> <span class='ocrx_word' id='word_1_724' title='bbox 2514 3578 2867 3647; x_wconf 82' lang='lat' dir='ltr'><strong>multiplicaui,</strong></span> <span class='ocrx_word' id='word_1_725' title='bbox 2901 3587 2946 3631; x_wconf 85' lang='lat' dir='ltr'><strong>et</strong></span> <span class='ocrx_word' id='word_1_726' title='bbox 2974 3579 3027 3630; x_wconf 86' lang='lat' dir='ltr'><strong>in</strong></span> <span class='ocrx_word' id='word_1_727' title='bbox 3051 3577 3283 3629; x_wconf 77' lang='lat' dir='ltr'><strong>manibus</strong></span> <span class='ocrx_word' id='word_1_728' title='bbox 3307 3591 3430 3645; x_wconf 82' lang='lat' dir='ltr'><strong>pro-</strong></span> 
     </span>
    </p>
   </div>
   <div class='ocr_carea' id='block_1_96' title="bbox 1834 3667 3432 3745">
    <p class='ocr_par' dir='ltr' id='par_1_96' title="bbox 1834 3667 3432 3745">
     <span class='ocr_line' id='line_1_96' title="bbox 1834 3667 3432 3745; baseline -0.005 -19"><span class='ocrx_word' id='word_1_729' title='bbox 1834 3675 2100 3745; x_wconf 81' lang='lat' dir='ltr'><strong>phetarum</strong></span> <span class='ocrx_word' id='word_1_730' title='bbox 2143 3673 2451 3739; x_wconf 71' lang='lat' dir='ltr'><strong>assimilatas</strong></span> <span class='ocrx_word' id='word_1_731' title='bbox 2490 3688 2599 3726; x_wconf 79' lang='lat' dir='ltr'><strong>sum</strong></span> <span class='ocrx_word' id='word_1_732' title='bbox 2634 3671 2786 3741; x_wconf 83' lang='lat' dir='ltr'><strong>(Osee</strong></span> <span class='ocrx_word' id='word_1_733' title='bbox 2811 3669 2894 3723; x_wconf 64' lang='grc' dir='ltr'><strong>η.</strong></span> <span class='ocrx_word' id='word_1_734' title='bbox 2942 3668 3053 3735; x_wconf 83' lang='lat' dir='ltr'><strong>l0).</strong></span> <span class='ocrx_word' id='word_1_735' title='bbox 3084 3668 3158 3721; x_wconf 91' lang='lat' dir='ltr'><strong>lla</strong></span> <span class='ocrx_word' id='word_1_736' title='bbox 3195 3667 3353 3736; x_wconf 90' lang='lat' dir='ltr'><strong>igitur</strong></span> <span class='ocrx_word' id='word_1_737' title='bbox 3376 3674 3432 3719; x_wconf 82' lang='lat' dir='ltr'><strong>et</strong></span> 
     </span>
    </p>
   </div>
   <div class='ocr_carea' id='block_1_97' title="bbox 1833 3760 3432 3833">
    <p class='ocr_par' dir='ltr' id='par_1_97' title="bbox 1833 3760 3432 3833">
     <span class='ocr_line' id='line_1_97' title="bbox 1833 3760 3432 3833; baseline -0.006 -13"><span class='ocrx_word' id='word_1_738' title='bbox 1833 3765 2034 3820; x_wconf 85' lang='lat' dir='ltr'><strong>Paulus</strong></span> <span class='ocrx_word' id='word_1_739' title='bbox 2063 3765 2282 3819; x_wconf 70' lang='lat' dir='ltr'><strong>creditae</strong></span> <span class='ocrx_word' id='word_1_740' title='bbox 2311 3763 2414 3818; x_wconf 88' lang='lat' dir='ltr'><strong>sibi</strong></span> <span class='ocrx_word' id='word_1_741' title='bbox 2445 3761 2865 3833; x_wconf 81' lang='lat' dir='ltr'><strong>diSpensationis</strong></span> <span class='ocrx_word' id='word_1_742' title='bbox 2906 3760 3124 3815; x_wconf 88' lang='lat' dir='ltr'><strong>modum</strong></span> <span class='ocrx_word' id='word_1_743' title='bbox 3169 3775 3313 3827; x_wconf 65' lang='lat' dir='ltr'><strong>saepe</strong></span> <span class='ocrx_word' id='word_1_744' title='bbox 3340 3772 3432 3810; x_wconf 85' lang='lat' dir='ltr'><strong>va-</strong></span> 
     </span>
    </p>
   </div>
   <div class='ocr_carea' id='block_1_98' title="bbox 1835 3846 3432 3926">
    <p class='ocr_par' dir='ltr' id='par_1_98' title="bbox 1835 3846 3432 3926">
     <span class='ocr_line' id='line_1_98' title="bbox 1835 3846 3432 3926; baseline -0.004 -17"><span class='ocrx_word' id='word_1_745' title='bbox 1835 3856 2059 3922; x_wconf 90' lang='lat' dir='ltr'><strong>riando,</strong></span> <span class='ocrx_word' id='word_1_746' title='bbox 2105 3870 2439 3926; x_wconf 88' lang='lat' dir='ltr'><strong>nequaquam</strong></span> <span class='ocrx_word' id='word_1_747' title='bbox 2480 3846 2557 3908; x_wconf 85' lang='lat' dir='ltr'><strong>de</strong></span> <span class='ocrx_word' id='word_1_748' title='bbox 2590 3853 2801 3907; x_wconf 88' lang='lat' dir='ltr'><strong>Domini</strong></span> <span class='ocrx_word' id='word_1_749' title='bbox 2849 3852 2929 3906; x_wconf 89' lang='lat' dir='ltr'><strong>sui</strong></span> <span class='ocrx_word' id='word_1_750' title='bbox 2977 3851 3279 3905; x_wconf 86' lang='lat' dir='ltr'><strong>imitatione</strong></span> <span class='ocrx_word' id='word_1_751' title='bbox 3316 3849 3432 3903; x_wconf 86' lang='lat' dir='ltr'><strong>cul-</strong></span> 
     </span>
    </p>
   </div>
   <div class='ocr_carea' id='block_1_99' title="bbox 1837 3940 3430 4017">
    <p class='ocr_par' dir='ltr' id='par_1_99' title="bbox 1837 3940 3430 4017">
     <span class='ocr_line' id='line_1_99' title="bbox 1837 3940 3430 4017; baseline -0.006 -14"><span class='ocrx_word' id='word_1_752' title='bbox 1837 3957 1993 4017; x_wconf 83' lang='lat' dir='ltr'><strong>palus</strong></span> <span class='ocrx_word' id='word_1_753' title='bbox 2014 3957 2116 4012; x_wconf 92' lang='lat' dir='ltr'><strong>est,</strong></span> <span class='ocrx_word' id='word_1_754' title='bbox 2140 3963 2258 4002; x_wconf 92' lang='lat' dir='ltr'><strong>cum</strong></span> <span class='ocrx_word' id='word_1_755' title='bbox 2279 3946 2440 4002; x_wconf 90' lang='lat' dir='ltr'><strong>modo</strong></span> <span class='ocrx_word' id='word_1_756' title='bbox 2459 3945 2674 4001; x_wconf 69' lang='lat' dir='ltr'><strong>Judmus</strong></span> <span class='ocrx_word' id='word_1_757' title='bbox 2699 3946 2870 4008; x_wconf 90' lang='lat' dir='ltr'><strong>lieret,</strong></span> <span class='ocrx_word' id='word_1_758' title='bbox 2895 3943 3056 3998; x_wconf 91' lang='lat' dir='ltr'><strong>modo</strong></span> <span class='ocrx_word' id='word_1_759' title='bbox 3077 3957 3137 3997; x_wconf 89' lang='lat' dir='ltr'><strong>se</strong></span> <span class='ocrx_word' id='word_1_760' title='bbox 3161 3941 3264 3996; x_wconf 87' lang='lat' dir='ltr'><strong>illis</strong></span> <span class='ocrx_word' id='word_1_761' title='bbox 3285 3940 3430 3995; x_wconf 84' lang='lat' dir='ltr'><strong>nulla</strong></span> 
     </span>
    </p>
   </div>
   <div class='ocr_carea' id='block_1_100' title="bbox 1837 4032 3434 4105">
    <p class='ocr_par' dir='ltr' id='par_1_100' title="bbox 1837 4032 3434 4105">
     <span class='ocr_line' id='line_1_100' title="bbox 1837 4032 3434 4105; baseline -0.006 -11"><span class='ocrx_word' id='word_1_762' title='bbox 1837 4039 2322 4094; x_wconf 86' lang='lat' dir='ltr'><strong>communicatione</strong></span> <span class='ocrx_word' id='word_1_763' title='bbox 2345 4038 2616 4104; x_wconf 85' lang='lat' dir='ltr'><strong>misceret,</strong></span> <span class='ocrx_word' id='word_1_764' title='bbox 2645 4045 2700 4091; x_wconf 89' lang='lat' dir='ltr'><strong>et</strong></span> <span class='ocrx_word' id='word_1_765' title='bbox 2729 4051 2871 4090; x_wconf 90' lang='lat' dir='ltr'><strong>nunc</strong></span> <span class='ocrx_word' id='word_1_766' title='bbox 2893 4034 3109 4105; x_wconf 91' lang='lat' dir='ltr'><strong>quidem</strong></span> <span class='ocrx_word' id='word_1_767' title='bbox 3137 4032 3434 4088; x_wconf 87' lang='lat' dir='ltr'><strong>custodiret</strong></span> 
     </span>
    </p>
   </div>
   <div class='ocr_carea' id='block_1_101' title="bbox 1839 4125 3434 4199">
    <p class='ocr_par' dir='ltr' id='par_1_101' title="bbox 1839 4125 3434 4199">
     <span class='ocr_line' id='line_1_101' title="bbox 1839 4125 3434 4199; baseline -0.005 -16"><span class='ocrx_word' id='word_1_768' title='bbox 1839 4130 2008 4199; x_wconf 88' lang='lat' dir='ltr'><strong>legem</strong></span> <span class='ocrx_word' id='word_1_769' title='bbox 2033 4170 2048 4195; x_wconf 90' lang='lat'><strong>,</strong></span> <span class='ocrx_word' id='word_1_770' title='bbox 2078 4144 2220 4182; x_wconf 91' lang='lat' dir='ltr'><strong>nunc</strong></span> <span class='ocrx_word' id='word_1_771' title='bbox 2263 4143 2392 4183; x_wconf 81' lang='lat' dir='ltr'><strong>vero</strong></span> <span class='ocrx_word' id='word_1_772' title='bbox 2438 4128 2777 4198; x_wconf 89' lang='lat' dir='ltr'><strong>despiceret:</strong></span> <span class='ocrx_word' id='word_1_773' title='bbox 2810 4136 2864 4180; x_wconf 89' lang='lat' dir='ltr'><strong>et</strong></span> <span class='ocrx_word' id='word_1_774' title='bbox 2893 4125 3179 4194; x_wconf 86' lang='lat' dir='ltr'><strong>aliquando</strong></span> <span class='ocrx_word' id='word_1_775' title='bbox 3222 4138 3434 4177; x_wconf 85' lang='lat' dir='ltr'><strong>conser-</strong></span> 
     </span>
    </p>
   </div>
   <div class='ocr_carea' id='block_1_102' title="bbox 1839 4217 3436 4290">
    <p class='ocr_par' dir='ltr' id='par_1_102' title="bbox 1839 4217 3436 4290">
     <span class='ocr_line' id='line_1_102' title="bbox 1839 4217 3436 4290; baseline -0.006 -15"><span class='ocrx_word' id='word_1_776' title='bbox 1839 4229 1990 4275; x_wconf 86' lang='lat' dir='ltr'><strong>varet</strong></span> <span class='ocrx_word' id='word_1_777' title='bbox 2029 4230 2347 4290; x_wconf 63' lang='lat' dir='ltr'><strong>prsesentem</strong></span> <span class='ocrx_word' id='word_1_778' title='bbox 2378 4220 2540 4274; x_wconf 90' lang='lat' dir='ltr'><strong>vitam</strong></span> <span class='ocrx_word' id='word_1_779' title='bbox 2564 4260 2578 4284; x_wconf 94' lang='lat'><strong>,</strong></span> <span class='ocrx_word' id='word_1_780' title='bbox 2607 4217 2896 4288; x_wconf 88' lang='lat' dir='ltr'><strong>aliquando</strong></span> <span class='ocrx_word' id='word_1_781' title='bbox 2925 4225 3295 4270; x_wconf 86' lang='lat' dir='ltr'><strong>contemneret</strong></span> <span class='ocrx_word' id='word_1_782' title='bbox 3335 4233 3348 4268; x_wconf 89' lang='lat'><strong>:</strong></span> <span class='ocrx_word' id='word_1_783' title='bbox 3379 4224 3436 4269; x_wconf 90' lang='lat' dir='ltr'><strong>et</strong></span> 
     </span>
    </p>
   </div>
   <div class='ocr_carea' id='block_1_103' title="bbox 1838 4306 3433 4380">
    <p class='ocr_par' dir='ltr' id='par_1_103' title="bbox 1838 4306 3433 4380">
     <span class='ocr_line' id='line_1_103' title="bbox 1838 4306 3433 4380; baseline -0.006 -15"><span class='ocrx_word' id='word_1_784' title='bbox 1838 4327 1980 4366; x_wconf 93' lang='lat' dir='ltr'><strong>nunc</strong></span> <span class='ocrx_word' id='word_1_785' title='bbox 2005 4311 2215 4380; x_wconf 85' lang='lat' dir='ltr'><strong>quidem</strong></span> <span class='ocrx_word' id='word_1_786' title='bbox 2246 4313 2406 4367; x_wconf 86' lang='lat' dir='ltr'><strong>etiam</strong></span> <span class='ocrx_word' id='word_1_787' title='bbox 2435 4309 2732 4380; x_wconf 88' lang='lat' dir='ltr'><strong>postularet</strong></span> <span class='ocrx_word' id='word_1_788' title='bbox 2759 4306 3041 4378; x_wconf 86' lang='lat' dir='ltr'><strong>pecunias,</strong></span> <span class='ocrx_word' id='word_1_789' title='bbox 3073 4320 3216 4360; x_wconf 88' lang='lat' dir='ltr'><strong>nunc</strong></span> <span class='ocrx_word' id='word_1_790' title='bbox 3253 4314 3433 4358; x_wconf 89' lang='lat' dir='ltr'><strong>autem</strong></span> 
     </span>
    </p>
   </div>
   <div class='ocr_carea' id='block_1_104' title="bbox 1839 4396 3436 4472">
    <p class='ocr_par' dir='ltr' id='par_1_104' title="bbox 1839 4396 3436 4472">
     <span class='ocr_line' id='line_1_104' title="bbox 1839 4396 3436 4472; baseline -0.006 -14"><span class='ocrx_word' id='word_1_791' title='bbox 1839 4404 2047 4459; x_wconf 85' lang='lat' dir='ltr'><strong>oblatas</strong></span> <span class='ocrx_word' id='word_1_792' title='bbox 2090 4404 2250 4458; x_wconf 91' lang='lat' dir='ltr'><strong>etiam</strong></span> <span class='ocrx_word' id='word_1_793' title='bbox 2303 4401 2609 4472; x_wconf 89' lang='lat' dir='ltr'><strong>repudiaret</strong></span> <span class='ocrx_word' id='word_1_794' title='bbox 2647 4419 2660 4454; x_wconf 86' lang='lat'><strong>:</strong></span> <span class='ocrx_word' id='word_1_795' title='bbox 2703 4415 2826 4454; x_wconf 89' lang='lat' dir='ltr'><strong>nam</strong></span> <span class='ocrx_word' id='word_1_796' title='bbox 2871 4407 2924 4453; x_wconf 91' lang='lat' dir='ltr'><strong>et</strong></span> <span class='ocrx_word' id='word_1_797' title='bbox 2968 4396 3286 4452; x_wconf 74' lang='lat' dir='ltr'><strong>sacrificium</strong></span> <span class='ocrx_word' id='word_1_798' title='bbox 3333 4397 3436 4450; x_wconf 84' lang='lat' dir='ltr'><strong>ob-</strong></span> 
     </span>
    </p>
   </div>
   <div class='ocr_carea' id='block_1_105' title="bbox 1849 4486 3438 4562">
    <p class='ocr_par' dir='ltr' id='par_1_105' title="bbox 1849 4486 3438 4562">
     <span class='ocr_line' id='line_1_105' title="bbox 1849 4486 3438 4562; baseline -0.006 -14"><span class='ocrx_word' id='word_1_799' title='bbox 1849 4495 1991 4559; x_wconf 88' lang='lat' dir='ltr'><strong>tulit,</strong></span> <span class='ocrx_word' id='word_1_800' title='bbox 2021 4501 2077 4548; x_wconf 88' lang='lat' dir='ltr'><strong>et</strong></span> <span class='ocrx_word' id='word_1_801' title='bbox 2102 4493 2523 4562; x_wconf 80' lang='lat' dir='ltr'><strong>puriﬁcationem</strong></span> <span class='ocrx_word' id='word_1_802' title='bbox 2551 4508 2615 4546; x_wconf 90' lang='lat' dir='ltr'><strong>ex</strong></span> <span class='ocrx_word' id='word_1_803' title='bbox 2663 4505 2814 4544; x_wconf 88' lang='lat' dir='ltr'><strong>more</strong></span> <span class='ocrx_word' id='word_1_804' title='bbox 2854 4486 3164 4553; x_wconf 82' lang='lat' dir='ltr'><strong>celebravit,</strong></span> <span class='ocrx_word' id='word_1_805' title='bbox 3196 4497 3248 4542; x_wconf 91' lang='lat' dir='ltr'><strong>et</strong></span> <span class='ocrx_word' id='word_1_806' title='bbox 3279 4493 3438 4555; x_wconf 87' lang='lat' dir='ltr'><strong>caput</strong></span> 
     </span>
    </p>
   </div>
   <div class='ocr_carea' id='block_1_106' title="bbox 1839 4568 3432 4651">
    <p class='ocr_par' dir='ltr' id='par_1_106' title="bbox 1839 4568 3432 4651">
     <span class='ocr_line' id='line_1_106' title="bbox 1839 4568 3432 4651; baseline -0.007 -10"><span class='ocrx_word' id='word_1_807' title='bbox 1839 4568 2007 4651; x_wconf 83' lang='lat' dir='ltr'><strong>rasit;</strong></span> <span class='ocrx_word' id='word_1_808' title='bbox 2037 4586 2132 4641; x_wconf 91' lang='lat' dir='ltr'><strong>sed</strong></span> <span class='ocrx_word' id='word_1_809' title='bbox 2161 4600 2349 4640; x_wconf 89' lang='lat' dir='ltr'><strong>rursus</strong></span> <span class='ocrx_word' id='word_1_810' title='bbox 2378 4593 2435 4639; x_wconf 91' lang='lat' dir='ltr'><strong>et</strong></span> <span class='ocrx_word' id='word_1_811' title='bbox 2473 4581 2943 4637; x_wconf 86' lang='lat' dir='ltr'><strong>anathematizavit</strong></span> <span class='ocrx_word' id='word_1_812' title='bbox 2982 4580 3083 4634; x_wconf 87' lang='lat' dir='ltr'><strong>ista</strong></span> <span class='ocrx_word' id='word_1_813' title='bbox 3129 4577 3387 4632; x_wconf 85' lang='lat' dir='ltr'><strong>facientes</strong></span> <span class='ocrx_word' id='word_1_814' title='bbox 3416 4592 3432 4630; x_wconf 86' lang='lat'><strong>:</strong></span> 
     </span>
    </p>
   </div>
   <div class='ocr_carea' id='block_1_107' title="bbox 1845 4669 3436 4747">
    <p class='ocr_par' dir='ltr' id='par_1_107' title="bbox 1845 4669 3436 4747">
     <span class='ocr_line' id='line_1_107' title="bbox 1845 4669 3436 4747; baseline -0.008 -14"><span class='ocrx_word' id='word_1_815' title='bbox 1845 4689 1899 4733; x_wconf 87' lang='lat' dir='ltr'><strong>et</strong></span> <span class='ocrx_word' id='word_1_816' title='bbox 1929 4694 2071 4733; x_wconf 90' lang='lat' dir='ltr'><strong>nunc</strong></span> <span class='ocrx_word' id='word_1_817' title='bbox 2097 4677 2315 4747; x_wconf 90' lang='lat' dir='ltr'><strong>quidem</strong></span> <span class='ocrx_word' id='word_1_818' title='bbox 2355 4674 2774 4730; x_wconf 85' lang='lat' dir='ltr'><strong>circumcidebat</strong></span> <span class='ocrx_word' id='word_1_819' title='bbox 2804 4673 2941 4741; x_wconf 89' lang='lat' dir='ltr'><strong>ipse,</strong></span> <span class='ocrx_word' id='word_1_820' title='bbox 2985 4686 3126 4725; x_wconf 89' lang='lat' dir='ltr'><strong>nunc</strong></span> <span class='ocrx_word' id='word_1_821' title='bbox 3155 4669 3436 4724; x_wconf 81' lang='lat' dir='ltr'><strong>circumci-</strong></span> 
     </span>
    </p>
   </div>
   <div class='ocr_carea' id='block_1_108' title="bbox 1845 4759 3436 4836">
    <p class='ocr_par' dir='ltr' id='par_1_108' title="bbox 1845 4759 3436 4836">
     <span class='ocr_line' id='line_1_108' title="bbox 1845 4759 3436 4836; baseline -0.007 -14"><span class='ocrx_word' id='word_1_822' title='bbox 1845 4768 2052 4822; x_wconf 92' lang='lat' dir='ltr'><strong>sionem</strong></span> <span class='ocrx_word' id='word_1_823' title='bbox 2086 4768 2300 4836; x_wconf 90' lang='lat' dir='ltr'><strong>penitus</strong></span> <span class='ocrx_word' id='word_1_824' title='bbox 2329 4765 2668 4820; x_wconf 85' lang='lat' dir='ltr'><strong>excludehat.</strong></span> <span class='ocrx_word' id='word_1_825' title='bbox 2713 4763 2782 4816; x_wconf 86' lang='lat' dir='ltr'><strong>Et</strong></span> <span class='ocrx_word' id='word_1_826' title='bbox 2829 4769 2989 4816; x_wconf 85' lang='lat' dir='ltr'><strong>erant</strong></span> <span class='ocrx_word' id='word_1_827' title='bbox 3037 4760 3174 4814; x_wconf 84' lang='lat' dir='ltr'><strong>facta</strong></span> <span class='ocrx_word' id='word_1_828' title='bbox 3221 4759 3436 4828; x_wconf 92' lang='lat' dir='ltr'><strong>quidem</strong></span> 
     </span>
    </p>
   </div>
   <div class='ocr_carea' id='block_1_109' title="bbox 1845 4853 3437 4927">
    <p class='ocr_par' dir='ltr' id='par_1_109' title="bbox 1845 4853 3437 4927">
     <span class='ocr_line' id='line_1_109' title="bbox 1845 4853 3437 4927; baseline -0.008 -15"><span class='ocrx_word' id='word_1_829' title='bbox 1845 4860 1959 4927; x_wconf 90' lang='lat' dir='ltr'><strong>ipsa</strong></span> <span class='ocrx_word' id='word_1_830' title='bbox 1990 4859 2202 4911; x_wconf 90' lang='lat' dir='ltr'><strong>diversa</strong></span> <span class='ocrx_word' id='word_1_831' title='bbox 2245 4859 2386 4911; x_wconf 87' lang='lat' dir='ltr'><strong>inter</strong></span> <span class='ocrx_word' id='word_1_832' title='bbox 2417 4870 2475 4909; x_wconf 90' lang='lat' dir='ltr'><strong>se</strong></span> <span class='ocrx_word' id='word_1_833' title='bbox 2502 4865 2662 4922; x_wconf 85' lang='lat' dir='ltr'><strong>atque</strong></span> <span class='ocrx_word' id='word_1_834' title='bbox 2689 4853 2982 4918; x_wconf 89' lang='lat' dir='ltr'><strong>contraria,</strong></span> <span class='ocrx_word' id='word_1_835' title='bbox 3016 4867 3169 4906; x_wconf 89' lang='lat' dir='ltr'><strong>mens</strong></span> <span class='ocrx_word' id='word_1_836' title='bbox 3199 4865 3327 4904; x_wconf 90' lang='lat' dir='ltr'><strong>vero</strong></span> <span class='ocrx_word' id='word_1_837' title='bbox 3353 4860 3437 4901; x_wconf 89' lang='lat' dir='ltr'><strong>at-</strong></span> 
     </span>
    </p>
   </div>
   <div class='ocr_carea' id='block_1_110' title="bbox 1847 4943 3441 5019">
    <p class='ocr_par' dir='ltr' id='par_1_110' title="bbox 1847 4943 3441 5019">
     <span class='ocr_line' id='line_1_110' title="bbox 1847 4943 3441 5019; baseline -0.006 -15"><span class='ocrx_word' id='word_1_838' title='bbox 1847 4967 1951 5019; x_wconf 90' lang='lat' dir='ltr'><strong>que</strong></span> <span class='ocrx_word' id='word_1_839' title='bbox 1979 4951 2241 5003; x_wconf 87' lang='lat' dir='ltr'><strong>sententia</strong></span> <span class='ocrx_word' id='word_1_840' title='bbox 2272 4963 2333 5002; x_wconf 78' lang='lat' dir='ltr'><strong>ex</strong></span> <span class='ocrx_word' id='word_1_841' title='bbox 2363 4962 2465 5017; x_wconf 90' lang='lat' dir='ltr'><strong>qua</strong></span> <span class='ocrx_word' id='word_1_842' title='bbox 2495 4947 2583 5000; x_wconf 88' lang='lat' dir='ltr'><strong>illa</strong></span> <span class='ocrx_word' id='word_1_843' title='bbox 2614 4945 2814 5000; x_wconf 82' lang='lat' dir='ltr'><strong>ﬁebant</strong></span> <span class='ocrx_word' id='word_1_844' title='bbox 2842 4943 2997 4999; x_wconf 87' lang='lat' dir='ltr'><strong>valde</strong></span> <span class='ocrx_word' id='word_1_845' title='bbox 3023 4944 3122 4998; x_wconf 92' lang='lat' dir='ltr'><strong>sibi</strong></span> <span class='ocrx_word' id='word_1_846' title='bbox 3151 4943 3441 4998; x_wconf 88' lang='lat' dir='ltr'><strong>concinens</strong></span> 
     </span>
    </p>
   </div>
   <div class='ocr_carea' id='block_1_111' title="bbox 1845 5040 2390 5110">
    <p class='ocr_par' dir='ltr' id='par_1_111' title="bbox 1845 5040 2390 5110">
     <span class='ocr_line' id='line_1_111' title="bbox 1845 5040 2390 5110; baseline -0.004 -16"><span class='ocrx_word' id='word_1_847' title='bbox 1845 5053 2006 5110; x_wconf 88' lang='lat' dir='ltr'><strong>atque</strong></span> <span class='ocrx_word' id='word_1_848' title='bbox 2035 5040 2390 5094; x_wconf 87' lang='lat' dir='ltr'><strong>concordans.</strong></span> 
     </span>
    </p>
   </div>
   <div class='ocr_carea' id='block_1_112' title="bbox 1921 5125 3438 5200">
    <p class='ocr_par' dir='ltr' id='par_1_112' title="bbox 1921 5125 3438 5200">
     <span class='ocr_line' id='line_1_112' title="bbox 1921 5125 3438 5200; baseline -0.003 -17"><span class='ocrx_word' id='word_1_849' title='bbox 1921 5131 2118 5184; x_wconf 77' lang='lat' dir='ltr'><strong>Paulus</strong></span> <span class='ocrx_word' id='word_1_850' title='bbox 2146 5131 2294 5183; x_wconf 85' lang='lat' dir='ltr'><strong>modo</strong></span> <span class='ocrx_word' id='word_1_851' title='bbox 2327 5131 2482 5200; x_wconf 76' lang='lat' dir='ltr'><strong>legem</strong></span> <span class='ocrx_word' id='word_1_852' title='bbox 2511 5130 2728 5194; x_wconf 67' lang='lat' dir='ltr'><strong>extollit,</strong></span> <span class='ocrx_word' id='word_1_853' title='bbox 2760 5128 2910 5183; x_wconf 87' lang='lat' dir='ltr'><strong>modo</strong></span> <span class='ocrx_word' id='word_1_854' title='bbox 2941 5129 3134 5200; x_wconf 84' lang='lat' dir='ltr'><strong>dejicit.</strong></span> <span class='ocrx_word' id='word_1_855' title='bbox 3166 5158 3236 5168; x_wconf 90' lang='lat'><strong>—</strong></span> <span class='ocrx_word' id='word_1_856' title='bbox 3261 5125 3438 5183; x_wconf 89' lang='lat' dir='ltr'><strong>Unum</strong></span> 
     </span>
    </p>
   </div>
   <div class='ocr_carea' id='block_1_113' title="bbox 1851 5219 3444 5291">
    <p class='ocr_par' dir='ltr' id='par_1_113' title="bbox 1851 5219 3444 5291">
     <span class='ocr_line' id='line_1_113' title="bbox 1851 5219 3444 5291; baseline -0.001 -16"><span class='ocrx_word' id='word_1_857' title='bbox 1851 5223 1979 5276; x_wconf 87' lang='lat' dir='ltr'><strong>illud</strong></span> <span class='ocrx_word' id='word_1_858' title='bbox 2010 5224 2320 5291; x_wconf 87' lang='lat' dir='ltr'><strong>requirebat</strong></span> <span class='ocrx_word' id='word_1_859' title='bbox 2343 5232 2396 5277; x_wconf 90' lang='lat' dir='ltr'><strong>et</strong></span> <span class='ocrx_word' id='word_1_860' title='bbox 2426 5223 2599 5276; x_wconf 90' lang='lat' dir='ltr'><strong>solum</strong></span> <span class='ocrx_word' id='word_1_861' title='bbox 2621 5263 2635 5285; x_wconf 96' lang='lat'><strong>,</strong></span> <span class='ocrx_word' id='word_1_862' title='bbox 2668 5237 2855 5276; x_wconf 89' lang='lat' dir='ltr'><strong>eorum</strong></span> <span class='ocrx_word' id='word_1_863' title='bbox 2886 5221 2974 5291; x_wconf 90' lang='lat' dir='ltr'><strong>qui</strong></span> <span class='ocrx_word' id='word_1_864' title='bbox 3017 5221 3166 5274; x_wconf 90' lang='lat' dir='ltr'><strong>illum</strong></span> <span class='ocrx_word' id='word_1_865' title='bbox 3195 5219 3444 5274; x_wconf 87' lang='lat' dir='ltr'><strong>audirent</strong></span> 
     </span>
    </p>
   </div>
   <div class='ocr_carea' id='block_1_114' title="bbox 1853 5313 3446 5383">
    <p class='ocr_par' dir='ltr' id='par_1_114' title="bbox 1853 5313 3446 5383">
     <span class='ocr_line' id='line_1_114' title="bbox 1853 5313 3446 5383; baseline -0.003 -13"><span class='ocrx_word' id='word_1_866' title='bbox 1853 5331 1915 5370; x_wconf 91' lang='lat' dir='ltr'><strong>ac</strong></span> <span class='ocrx_word' id='word_1_867' title='bbox 1959 5315 2226 5379; x_wconf 91' lang='lat' dir='ltr'><strong>viderent,</strong></span> <span class='ocrx_word' id='word_1_868' title='bbox 2275 5315 2542 5367; x_wconf 89' lang='lat' dir='ltr'><strong>salutem:</strong></span> <span class='ocrx_word' id='word_1_869' title='bbox 2576 5327 2860 5383; x_wconf 86' lang='lat' dir='ltr'><strong>prepterea</strong></span> <span class='ocrx_word' id='word_1_870' title='bbox 2904 5313 3066 5368; x_wconf 90' lang='lat' dir='ltr'><strong>modo</strong></span> <span class='ocrx_word' id='word_1_871' title='bbox 3111 5313 3323 5368; x_wconf 88' lang='lat' dir='ltr'><strong>extollit</strong></span> <span class='ocrx_word' id='word_1_872' title='bbox 3368 5313 3446 5366; x_wconf 84' lang='lat' dir='ltr'><strong>le-</strong></span> 
     </span>
    </p>
   </div>
   <div class='ocr_carea' id='block_1_115' title="bbox 1853 5403 3446 5478">
    <p class='ocr_par' dir='ltr' id='par_1_115' title="bbox 1853 5403 3446 5478">
     <span class='ocr_line' id='line_1_115' title="bbox 1853 5403 3446 5478; baseline -0.003 -17"><span class='ocrx_word' id='word_1_873' title='bbox 1853 5423 1996 5478; x_wconf 89' lang='lat' dir='ltr'><strong>gem,</strong></span> <span class='ocrx_word' id='word_1_874' title='bbox 2044 5406 2204 5459; x_wconf 91' lang='lat' dir='ltr'><strong>modo</strong></span> <span class='ocrx_word' id='word_1_875' title='bbox 2247 5406 2467 5459; x_wconf 88' lang='lat' dir='ltr'><strong>inclinat</strong></span> <span class='ocrx_word' id='word_1_876' title='bbox 2494 5419 2557 5458; x_wconf 90' lang='lat' dir='ltr'><strong>ac</strong></span> <span class='ocrx_word' id='word_1_877' title='bbox 2599 5405 2800 5474; x_wconf 89' lang='lat' dir='ltr'><strong>dejicit.</strong></span> <span class='ocrx_word' id='word_1_878' title='bbox 2850 5404 2963 5459; x_wconf 85' lang='lat' dir='ltr'><strong>Non</strong></span> <span class='ocrx_word' id='word_1_879' title='bbox 3012 5405 3154 5457; x_wconf 90' lang='lat' dir='ltr'><strong>enim</strong></span> <span class='ocrx_word' id='word_1_880' title='bbox 3192 5403 3362 5457; x_wconf 91' lang='lat' dir='ltr'><strong>solum</strong></span> <span class='ocrx_word' id='word_1_881' title='bbox 3395 5403 3446 5456; x_wconf 91' lang='lat' dir='ltr'><strong>in</strong></span> 
     </span>
    </p>
   </div>
   <div class='ocr_carea' id='block_1_116' title="bbox 1855 5493 3460 5561">
    <p class='ocr_par' dir='ltr' id='par_1_116' title="bbox 1855 5493 3460 5561">
     <span class='ocr_line' id='line_1_116' title="bbox 1855 5493 3460 5561; baseline -0.004 -10"><span class='ocrx_word' id='word_1_882' title='bbox 1855 5499 2059 5553; x_wconf 90' lang='lat' dir='ltr'><strong>actibus</strong></span> <span class='ocrx_word' id='word_1_883' title='bbox 2087 5498 2220 5561; x_wconf 79' lang='lat' dir='ltr'><strong>suis,</strong></span> <span class='ocrx_word' id='word_1_884' title='bbox 2253 5511 2438 5549; x_wconf 89' lang='lat' dir='ltr'><strong>verum</strong></span> <span class='ocrx_word' id='word_1_885' title='bbox 2469 5496 2709 5551; x_wconf 89' lang='lat' dir='ltr'><strong>etiamin</strong></span> <span class='ocrx_word' id='word_1_886' title='bbox 2743 5495 2923 5550; x_wconf 86' lang='lat' dir='ltr'><strong>verbis</strong></span> <span class='ocrx_word' id='word_1_887' title='bbox 2945 5504 3082 5558; x_wconf 89' lang='lat' dir='ltr'><strong>erat,</strong></span> <span class='ocrx_word' id='word_1_888' title='bbox 3114 5503 3173 5548; x_wconf 91' lang='lat' dir='ltr'><strong>ut</strong></span> <span class='ocrx_word' id='word_1_889' title='bbox 3193 5494 3323 5556; x_wconf 76' lang='lat' dir='ltr'><strong>dixi,</strong></span> <span class='ocrx_word' id='word_1_890' title='bbox 3355 5493 3460 5545; x_wconf 80' lang='lat' dir='ltr'><strong>va-&#39;</strong></span> 
     </span>
    </p>
   </div>
   <div class='ocr_carea' id='block_1_117' title="bbox 1855 5585 3444 5656">
    <p class='ocr_par' dir='ltr' id='par_1_117' title="bbox 1855 5585 3444 5656">
     <span class='ocr_line' id='line_1_117' title="bbox 1855 5585 3444 5656; baseline -0.004 -13"><span class='ocrx_word' id='word_1_891' title='bbox 1855 5589 1971 5644; x_wconf 90' lang='lat' dir='ltr'><strong>rius</strong></span> <span class='ocrx_word' id='word_1_892' title='bbox 2001 5602 2065 5642; x_wconf 90' lang='lat' dir='ltr'><strong>ac</strong></span> <span class='ocrx_word' id='word_1_893' title='bbox 2104 5587 2402 5656; x_wconf 86' lang='lat' dir='ltr'><strong>multiplex,</strong></span> <span class='ocrx_word' id='word_1_894' title='bbox 2438 5601 2546 5640; x_wconf 92' lang='lat' dir='ltr'><strong>non</strong></span> <span class='ocrx_word' id='word_1_895' title='bbox 2587 5587 2845 5640; x_wconf 89' lang='lat' dir='ltr'><strong>mutando</strong></span> <span class='ocrx_word' id='word_1_896' title='bbox 2888 5585 3231 5650; x_wconf 88' lang='lat' dir='ltr'><strong>sententiam,</strong></span> <span class='ocrx_word' id='word_1_897' title='bbox 3271 5597 3444 5653; x_wconf 89' lang='lat' dir='ltr'><strong>neque</strong></span> 
     </span>
    </p>
   </div>
   <div class='ocr_carea' id='block_1_118' title="bbox 1857 5676 3446 5747">
    <p class='ocr_par' dir='ltr' id='par_1_118' title="bbox 1857 5676 3446 5747">
     <span class='ocr_line' id='line_1_118' title="bbox 1857 5676 3446 5747; baseline -0.004 -13"><span class='ocrx_word' id='word_1_898' title='bbox 1857 5683 1996 5735; x_wconf 88' lang='lat' dir='ltr'><strong>alter</strong></span> <span class='ocrx_word' id='word_1_899' title='bbox 2051 5678 2222 5733; x_wconf 88' lang='lat' dir='ltr'><strong>factus</strong></span> <span class='ocrx_word' id='word_1_900' title='bbox 2266 5694 2332 5733; x_wconf 83' lang='lat' dir='ltr'><strong>ex</strong></span> <span class='ocrx_word' id='word_1_901' title='bbox 2381 5679 2554 5732; x_wconf 89' lang='lat' dir='ltr'><strong>altero</strong></span> <span class='ocrx_word' id='word_1_902' title='bbox 2602 5696 2614 5731; x_wconf 94' lang='lat'>:</span> <span class='ocrx_word' id='word_1_903' title='bbox 2661 5677 2756 5732; x_wconf 90' lang='lat' dir='ltr'><strong>sed</strong></span> <span class='ocrx_word' id='word_1_904' title='bbox 2802 5678 2916 5746; x_wconf 84' lang='lat' dir='ltr'><strong>ipse</strong></span> <span class='ocrx_word' id='word_1_905' title='bbox 2957 5676 3100 5747; x_wconf 89' lang='lat' dir='ltr'><strong>quod</strong></span> <span class='ocrx_word' id='word_1_906' title='bbox 3145 5685 3263 5730; x_wconf 88' lang='lat' dir='ltr'><strong>erat</strong></span> <span class='ocrx_word' id='word_1_907' title='bbox 3301 5691 3446 5730; x_wconf 89' lang='lat' dir='ltr'><strong>sem-</strong></span> 
     </span>
    </p>
   </div>
   <div class='ocr_carea' id='block_1_119' title="bbox 1855 5769 3444 5845">
    <p class='ocr_par' dir='ltr' id='par_1_119' title="bbox 1855 5769 3444 5845">
     <span class='ocr_line' id='line_1_119' title="bbox 1855 5769 3444 5845; baseline -0.001 -20"><span class='ocrx_word' id='word_1_908' title='bbox 1855 5788 1954 5845; x_wconf 84' lang='lat' dir='ltr'><strong>per</strong></span> <span class='ocrx_word' id='word_1_909' title='bbox 2007 5770 2313 5833; x_wconf 85' lang='lat' dir='ltr'><strong>manendo,</strong></span> <span class='ocrx_word' id='word_1_910' title='bbox 2366 5785 2555 5823; x_wconf 90' lang='lat' dir='ltr'><strong>eorum</strong></span> <span class='ocrx_word' id='word_1_911' title='bbox 2611 5785 2732 5839; x_wconf 72' lang='lat' dir='ltr'><strong>qua:</strong></span> <span class='ocrx_word' id='word_1_912' title='bbox 2775 5769 2914 5823; x_wconf 86' lang='lat' dir='ltr'><strong>dicta</strong></span> <span class='ocrx_word' id='word_1_913' title='bbox 2970 5779 3095 5822; x_wconf 90' lang='lat' dir='ltr'><strong>sunt</strong></span> <span class='ocrx_word' id='word_1_914' title='bbox 3147 5783 3301 5822; x_wconf 91' lang='lat' dir='ltr'><strong>usum</strong></span> <span class='ocrx_word' id='word_1_915' title='bbox 3348 5783 3444 5835; x_wconf 85' lang='lat' dir='ltr'><strong>pro</strong></span> 
     </span>
    </p>
   </div>
   <div class='ocr_carea' id='block_1_120' title="bbox 1864 5859 3446 5931">
    <p class='ocr_par' dir='ltr' id='par_1_120' title="bbox 1864 5859 3446 5931">
     <span class='ocr_line' id='line_1_120' title="bbox 1864 5859 3446 5931; baseline -0.001 -19"><span class='ocrx_word' id='word_1_916' title='bbox 1864 5876 2151 5917; x_wconf 87' lang='lat' dir='ltr'><strong>causarum</strong></span> <span class='ocrx_word' id='word_1_917' title='bbox 2206 5862 2600 5931; x_wconf 81' lang='lat' dir='ltr'><strong>opportunitate</strong></span> <span class='ocrx_word' id='word_1_918' title='bbox 2652 5860 2910 5916; x_wconf 88' lang='lat' dir='ltr'><strong>variabat.</strong></span> <span class='ocrx_word' id='word_1_919' title='bbox 2957 5859 3073 5916; x_wconf 82' lang='lat' dir='ltr'><strong>Non</strong></span> <span class='ocrx_word' id='word_1_920' title='bbox 3120 5860 3276 5931; x_wconf 81' lang='lat' dir='ltr'><strong>igitur</strong></span> <span class='ocrx_word' id='word_1_921' title='bbox 3325 5872 3446 5913; x_wconf 88' lang='lat' dir='ltr'><strong>eum</strong></span> 
     </span>
    </p>
   </div>
  </div>
