4082 6420
652 403 758 456 ιθςι

662 527 880 589 propter
918 513 1016 567 ista
1044 511 1433 589 reprehendas,
1474 519 1692 579 propter
1730 524 1849 579 quae
1888 508 2034 562 illum
2062 510 2229 580 magis

664 604 830 658 debes
849 600 1020 670 dignis
1045 600 1284 655 laudibus
1306 614 1583 655 coronare.
1606 598 1877 669 Siquidem
1894 607 1948 653 et
1972 598 2231 653 medicum

661 713 782 751 eum
822 707 959 748 nunc
1002 700 1240 747 urentem
1280 692 1510 758 videris,
1554 706 1693 747 nunc
1738 691 2001 746 foventem
2027 733 2042 756 ,
2091 707 2231 745 nunc

662 784 803 837 ferro
833 790 1091 849 utentem,
1122 798 1263 839 nunc
1291 783 1702 849 medicamento,
1733 790 1787 835 et
1812 781 2093 851 aliquando
2121 783 2237 850 qui-

659 878 779 932 dem
808 884 1063 947 agrotum
1092 890 1119 927 τι
1150 875 1268 930 cibo
1294 884 1525 945 potuque
1548 874 1882 929 cohibentem
1904 914 1919 938 ,
1953 872 2236 943 aliquando

661 983 792 1023 vero
829 983 949 1023 eum
986 969 1036 1021 in
1066 968 1162 1021 ista
1191 967 1488 1031 laxantem,
1518 976 1571 1021 et
1599 965 1757 1019 modo
1800 964 2012 1034 quidem
2031 952 2237 1031 coope-

659 1058 884 1112 rientem
915 1056 1162 1125 undique,
1187 1066 1242 1111 et
1266 1057 1497 1127 undique
1522 1055 1888 1110 confoventem
1906 1072 1920 1117 ;
1941 1070 2082 1111 nunc
2112 1068 2236 1107 vero

662 1147 758 1215 ipsi
790 1149 864 1203 illi
885 1147 1137 1204 calefacto
1167 1150 1404 1204 securius
1412 1150 1636 1222 plenam
1660 1148 1861 1217 frigidis
1889 1147 2039 1217 aquis
2066 1147 2233 1214 impe-

667 1246 869 1291 rantem
897 1246 1115 1307 cpotare
1145 1239 1373 1308 phialam
1400 1257 1410 1291 :
1440 1252 1544 1291 non
1584 1239 1761 1307 utique
1789 1253 1948 1306 super
1989 1238 2086 1290 hac
2114 1252 2234 1290 eum

662 1326 915 1382 varietate
960 1337 1014 1383 et
1056 1327 1315 1399 frequenti
1352 1330 1639 1383 mutatione
1686 1329 1950 1397 culpabis;
1981 1328 2073 1383 sed
2113 1336 2235 1381 tunc

662 1417 925 1486 prmcipne
953 1418 1189 1486 stupebis
1213 1429 1403 1483 artem,
1442 1419 1654 1488 quando
1682 1435 1742 1473 ea
1767 1434 1885 1488 qum
1928 1418 2081 1473 nobis
2109 1432 2237 1472 con-

584 1557 593 1572 ,
664 1509 823 1561 traria
853 1509 1097 1564 videntur
1124 1520 1178 1565 et
1199 1512 1373 1577 noxia,
1405 1512 1545 1565 illam
1577 1526 1696 1566 cum
1730 1511 1918 1565 ﬁducia
1944 1510 2138 1565 videris
2159 1508 2236 1562 of-

666 1598 950 1657 ferentem.
1000 1600 1107 1654 lloc
1146 1611 1226 1655 est
1265 1602 1406 1656 enim
1451 1602 1559 1655 veri
1605 1601 1824 1655 artificis
1861 1616 1923 1655 ac
1966 1600 2138 1668 periti.
2179 1598 2237 1653 Si

668 1690 823 1757 igitur
847 1692 1201 1758 approbamus
1228 1692 1488 1747 medicum
1519 1694 1782 1747 contraria
1813 1694 1907 1746 ista
1936 1692 2232 1754 facientem,

670 1780 835 1831 multo
861 1784 1027 1849 magis
1067 1782 1211 1836 Pauli
1251 1783 1506 1838 debemus
1534 1785 1763 1838 animam
1795 1784 2101 1853 prmdicare,
2129 1790 2235 1835 tam

668 1869 850 1922 multis
878 1885 935 1923 se
963 1886 1022 1923 ac
1048 1870 1272 1927 diversis
1294 1873 1463 1927 modis
1483 1876 1858 1943 mgrotantibus
1880 1882 2234 1942 coaptantem.

664 1958 782 2013 Non
827 1962 965 2014 enim
1018 1963 1190 2016 minus
1242 1963 1409 2033 hiqni
1458 1964 1784 2027 animarum,
1833 1980 1988 2033 quam
2030 1965 2102 2018 illi
2149 1964 2237 2031 qui

664 2067 945 2120 corporum
997 2054 1248 2123 languore
1288 2065 1567 2119 vexantur,
1597 2067 1711 2111 arte
1750 2073 1884 2125 opus
1921 2057 2149 2117 habent,
2178 2071 2241 2109 ac

665 2145 917 2197 varietate
956 2146 1173 2199 curandi
1201 2163 1213 2199 :
1246 2148 1309 2199 ad
1340 2161 1471 2215 quos
1494 2148 1538 2201 si
1581 2163 1767 2203 secure
1795 2157 1848 2201 et
1871 2148 2014 2201 velut
2057 2163 2125 2200 ex
2156 2147 2238 2201 di-

667 2244 814 2286 recto
834 2235 1066 2289 volueris
1090 2236 1365 2303 accedere,
1389 2239 1562 2291 omnis
1589 2252 1709 2305 spes
1731 2239 1796 2290 ab
1821 2240 1898 2291 eis
1934 2238 2118 2291 salutis
2144 2253 2239 2290 au-

668 2322 847 2391 fugiat.
904 2324 968 2377 Et
996 2325 1119 2393 quid
1151 2327 1339 2379 mirum
1372 2328 1414 2381 si
1465 2327 1707 2381 homines
1750 2327 1815 2380 ad
1856 2327 1969 2383 hmc
2019 2328 2239 2381 sanandi

668 2424 1080 2483 temperamenta
1132 2416 1477 2483 descendant,
1531 2434 1651 2473 cum
1698 2419 1857 2472 etiam
1907 2419 2241 2488 omnipmens

669 2506 809 2559 Deus
842 2506 940 2559 hoc
963 2506 1077 2574 ipso
1102 2507 1375 2562 medicina:
1397 2517 1575 2563 utatur
1600 2509 1779 2574 modo,
1818 2525 1915 2563 nec
1942 2512 2117 2563 omnia
2142 2526 2239 2562 no-

669 2594 748 2647 bis
797 2594 1129 2649 uniformiter
1174 2610 1237 2649 ac
1282 2596 1522 2651 directim
1574 2598 1872 2667 loquatur?
1925 2598 2055 2669 Quia
2100 2600 2240 2654 enim

671 2696 860 2754 sponte
889 2701 987 2739 nos
1013 2688 1124 2739 vult
1148 2687 1288 2741 effici
1320 2688 1487 2741 bonos
1515 2729 1527 2750 ,
1578 2704 1681 2741 non
1724 2690 2039 2743 necessitate
2084 2697 2243 2757 atque

676 2776 947 2841 violentia,
969 2790 1103 2845 opus
1128 2778 1286 2832 etiam
1314 2777 1474 2831 habet
1502 2779 1793 2832 mutatione
1805 2794 1963 2842 curse.
1991 2794 2095 2832 non
2114 2793 2236 2849 pro—

670 2873 789 2933 pter
817 2866 1045 2935 aliquam
1083 2868 1556 2937 impossibilitatem
1599 2884 1770 2935 suam,
1803 2870 1960 2933 absit,
1988 2871 2081 2925 sed
2123 2887 2247 2940 pro-

679 2968 799 3026 pter
822 2967 1054 3017 nostram
1083 2959 1441 3029 fragilitatem.
1472 2960 1573 3030 Ipsi
1598 2962 1738 3018 cnim
1759 2962 1881 3015 licet
1909 2962 2127 3017 inuuere
2153 2977 2244 3016 so-

672 3048 802 3112 lum,
832 3050 937 3103 imo
965 3050 1099 3105 velle
1126 3052 1491 3105 tantummodo
1517 3091 1532 3115 ,
1579 3052 1794 3121 jamque
1821 3052 1956 3105 facta
2008 3065 2247 3122 spectare

676 3156 795 3208 quae
818 3142 1003 3195 voluit.
1026 3141 1137 3196 Nos
1162 3157 1291 3196 vero
1319 3143 1408 3212 qui
1431 3144 1597 3197 semel
1620 3142 1945 3197 dominatum
1965 3146 2133 3199 nostri
2156 3145 2250 3200 ad-

675 3233 782 3300 epti
811 3247 1016 3298 sumus,
1035 3249 1139 3287 non
1172 3234 1223 3287 in
1245 3236 1451 3288 cunctis
1478 3235 1586 3289 Deo
1620 3235 1864 3289 subditos
1887 3250 2007 3291 esse
2032 3252 2131 3290 nos
2159 3252 2250 3306 pa-

677 3326 837 3376 timur
869 3341 880 3376 :
911 3325 999 3393 qui
1022 3326 1064 3377 si
1093 3324 1325 3379 traheret
1346 3326 1557 3388 invitos,
1581 3326 1935 3394 eriperetipse
1955 3326 2094 3395 quod
2116 3342 2248 3380 con-

678 3414 814 3473 tulit,
841 3413 893 3467 id
919 3422 1019 3479 est,
1048 3413 1257 3467 arbitrii
1280 3422 1618 3484 potestatem.
1648 3414 1725 3470 Ne
1774 3416 1933 3483 igitur
1967 3416 2106 3470 istud
2157 3416 2249 3473 fie-

679 3514 781 3571 ret,
810 3505 1073 3573 frequenti
1105 3504 1202 3559 fuit
1222 3522 1355 3575 opus
1374 3507 1627 3561 varietate
1654 3508 1969 3562 medicandi.
2002 3508 2125 3563 llaec
2152 3524 2249 3563 au-

676 3606 783 3651 tem
806 3612 833 3649 a
862 3598 1014 3652 nobis
1039 3613 1142 3652 non
1168 3598 1436 3667 superfluo
1458 3598 1719 3668 disputata
1746 3610 1889 3665 sunt,
1917 3601 2008 3655 sed
2038 3611 2252 3671 propter

678 3687 817 3741 beati
848 3687 995 3742 Pauli
1016 3688 1217 3742 varium
1260 3689 1489 3744 studium
1515 3698 1670 3758 atque
1690 3690 1922 3759 sapiens,
1955 3701 2011 3745 ut
2039 3692 2251 3762 quando

681 3794 805 3832 cum
839 3778 1035 3833 videris
1056 3779 1288 3847 pericula
1322 3779 1629 3848 fugientem,
1662 3796 1764 3832 non
1800 3780 1945 3835 illum
1973 3781 2251 3837 admireris

684 3869 877 3934 minus,
905 3885 1062 3939 quam
1093 3885 1212 3923 cum
1233 3885 1291 3924 se
1315 3870 1564 3939 periculis
1607 3872 1800 3939 gaudet
1845 3888 2115 3943 opponere
2142 3893 2154 3928 :
2197 3883 2254 3929 ut

686 3960 826 4015 enim
857 3958 957 4013 hoc
978 3959 1320 4025 fortitudinis,
1349 3962 1420 4014 ita
1451 3960 1581 4014 illud
1606 3962 1880 4030 sapientia:
1913 3974 2014 4018 est.
2040 3964 2104 4017 Et
2131 3980 2253 4019 cum

685 4051 883 4106 videris
908 4066 1027 4105 eum
1057 4066 1243 4121 magna
1272 4052 1339 4106 de
1369 4054 1547 4122 seipso
1580 4062 1879 4114 sonantem.
1907 4056 2257 4112 similiterad-

686 4144 921 4209 mireris,
950 4158 1012 4195 ac
1032 4144 1076 4197 si
1107 4144 1254 4197 illum
1273 4144 1452 4198 videas
1464 4145 2205 4217 semetipsumdepretiantem
2240 4166 2253 4201 :

686 4244 745 4288 ut
773 4234 913 4289 enim
946 4234 1084 4288 istud
1108 4233 1421 4289 humilitatis
1445 4276 1459 4297 ,
1492 4235 1561 4288 ita
1587 4244 1641 4289 et
1670 4236 1794 4291 illud
1816 4238 2259 4307 magnanimitatis

689 4333 791 4379 est.
819 4324 1041 4389 Quando
1064 4324 1207 4379 enim
1236 4324 1548 4394 gloriantem
1578 4326 1789 4391 videris,
1820 4326 2084 4381 admirare
2121 4344 2133 4379 :
2167 4327 2259 4382 sed

688 4415 937 4469 similiter
964 4414 1119 4469 lauda
1146 4456 1160 4479 ,
1208 4430 1327 4469 cum
1373 4414 1518 4469 illum
1546 4416 1691 4469 vides
1727 4416 1943 4471 humilia
1994 4417 2061 4471 de
2102 4433 2161 4471 se
2210 4426 2264 4471 et

688 4506 1100 4573 contemptibilis
1118 4505 1400 4560 dicentem.
1418 4506 1547 4559 Nam
1567 4506 1734 4563 ethoc
1751 4517 1829 4562 est
1844 4508 2003 4562 animi
2022 4523 2264 4577 arrogan-

692 4594 761 4647 tia
792 4595 965 4658 vacui,
998 4604 1050 4649 et
1071 4595 1196 4649 illud
1226 4595 1509 4650 dilectione
1534 4604 1588 4649 et
1612 4597 1939 4653 humanitate
1990 4598 2148 4664 pleni.
2206 4596 2260 4651 in

690 4686 1137 4753 dispensationem
1176 4687 1437 4757 siquidem
1492 4690 1773 4743 multorum
1808 4692 1993 4745 salutis
2036 4691 2133 4744 ista
2184 4691 2263 4745 fa-

692 4778 898 4840 ciebat,
949 4788 1163 4847 propter
1187 4779 1326 4847 quod
1366 4780 1479 4833 ait:
1509 4780 1625 4834 Sive
1666 4782 1795 4835 enim
1854 4793 2013 4836 mente
2070 4785 2265 4836 excedi-

694 4884 834 4931 nms,
882 4868 1012 4933 Deo;
1049 4869 1150 4922 sive
1182 4870 1335 4923 sobrii
1367 4887 1572 4935 sumus,
1600 4872 1735 4925 vobis
1770 4872 1845 4943 (2.
1884 4873 1999 4927 Cor.
2048 4875 2101 4929 5.
2154 4876 2261 4945 15).

694 4959 875 5029 Neque
915 4961 1048 5014 alius
1076 4961 1354 5031 quisquam
1388 4972 1581 5027 tantas,
1612 4978 1719 5017 non
1765 4964 1885 5018 dico
1929 4966 2263 5031 occasiones,

698 5050 789 5103 scd
830 5065 1048 5119 prorsus
1088 5053 1433 5106 necessitates
1478 5054 1661 5107 habuit
1700 5055 2015 5122 arrogantia:
2040 5095 2054 5117 ,
2097 5072 2269 5124 neque

696 5150 872 5194 tamen
903 5142 1042 5194 ullus
1065 5142 1197 5195 alter
1217 5143 1285 5195 ita
1311 5158 1369 5197 sc
1394 5142 1590 5197 munde
1610 5144 1677 5197 ab
1704 5144 1846 5197 omni
1870 5144 2119 5212 jactantia
2141 5146 2267 5199 sub-

696 5231 866 5284 duxit.
892 5232 1016 5285 llaec
1038 5232 1213 5301 itaque
1228 5234 1407 5287 animo
1417 5236 1698 5290 attentiore
1712 5236 2006 5290 considera.
2025 5237 2265 5304 Scientia,

697 5322 889 5391 inquit,
916 5322 1066 5390 inﬂat
1094 5324 1169 5389 (1.
1196 5322 1313 5377 Cor.
1345 5324 1397 5379 8.
1432 5326 1484 5395 1)
1510 5343 1523 5379 :
1556 5334 1609 5381 et
1648 5325 1750 5381 hoc
1778 5341 1965 5381 omnes
1989 5324 2267 5397 cumApo-

700 5412 838 5464 stolo
879 5409 1033 5466 facile
1080 5410 1394 5469 dixerimus.
1440 5418 1509 5469 At
1554 5426 1695 5471 tanta
1742 5429 1886 5473 certe
1928 5419 1979 5472 in
2030 5419 2121 5473 illo
2159 5429 2273 5473 erat

701 5502 944 5565 scicntia,
972 5514 1167 5571 quanta
1198 5504 1250 5558 in
1281 5506 1384 5559 ullo
1408 5523 1656 5577 umquam
1687 5507 1873 5575 fuerit,
1895 5524 2069 5579 neque
2098 5520 2270 5565 tamen

702 5608 760 5643 se
781 5594 967 5647 extulit
1014 5595 1329 5663 insolenter,
1359 5599 1447 5667 qui
1478 5614 1535 5653 se
1563 5601 1615 5653 in
1658 5600 1759 5654 hoc
1786 5602 1900 5669 ipso
1930 5601 2173 5655 lutmiliat
2212 5618 2272 5656 ac

700 5681 880 5750 dejicit
906 5684 1089 5739 dicens
1122 5702 1136 5740 :
1166 5684 1246 5740 Ea:
1274 5698 1414 5755 parte
1426 5688 1786 5757 cognoscimus,
1810 5706 1871 5743 ea:
1892 5701 2031 5758 parte
2054 5693 2270 5761 prophe—

705 5784 867 5829 tamus
878 5775 1057 5849 (lCor.
1068 5780 1087 5833 1
1099 5780 1150 5834 3.
1168 5779 1245 5852 9).
1267 5778 1350 5848 Et,
1375 5778 1495 5835 Non
1515 5796 1594 5835 me
1608 5780 1823 5836 arbitror
1837 5784 2270 5850 comprehendisse

1350 397 1407 452 S.
1449 395 1726 452 JOANNIS
1763 393 2236 451 CIIRYSOSTOMI
2278 398 2600 457 ARClllEP.
2641 392 3177 457 CONSTANTINOP.

3821 391 3927 448 500

2352 511 2606 583 (Philipp.
2638 515 2692 567 5.
2720 513 2830 583 15).
2859 511 2947 577 Ει,
2972 510 3034 566 Si
3059 510 3171 580 quis
3198 510 3451 565 existimat
3478 524 3532 564 se
3555 507 3686 562 scire
3706 507 3923 572 aliquid,

2342 605 2564 657 nondum
2614 606 2842 673 cognovit
2900 603 3323 673 quemadmodum
3382 618 3496 656 eum
3550 608 3747 670 oportet
3793 599 3926 652 scire

2346 696 2420 763 (l.
2452 694 2569 748 Cor.
2601 695 2655 749 8.
2699 692 2777 765 Ξ).
2828 693 3095 763 Jejunium
3139 708 3323 748 rursus
3369 692 3538 757 inﬂat,
3586 691 3747 760 idque
3798 688 3928 743 fecit

2342 785 2640 839 Pharismus
2667 785 2755 840 ille
2784 784 3143 847 manifestum,
3166 784 3254 853 qui
3279 785 3354 838 ait
3381 800 3392 835 :
3426 781 3616 853 Jejuno
3635 783 3709 835 bis
3729 781 3782 834 in
3803 779 3924 834 sub-

2342 876 2455 929 bato
2486 874 2633 947 (Luc.
2671 875 2756 929 18.
2789 876 2896 945 12).
2934 876 3036 931 Sed
3068 875 3260 930 Paulus
3292 890 3398 929 non
3430 874 3591 927 modo
3629 872 3881 942 jejunans
3904 910 3924 939 ,

2343 980 2525 1020 verum
2568 965 2728 1019 etiam
2766 965 2959 1021 famem
3009 974 3225 1034 propter
3273 964 3542 1019 Christum
3588 962 3823 1033 patiens,
3865 974 3928 1014 se

2340 1054 2498 1108 etiam
2521 1055 2814 1109 abortivum
2841 1056 3065 1109 vocabat
3092 1057 3169 1123 (1.
3201 1054 3316 1109 Cor.
3351 1054 3436 1106 15.
3468 1052 3546 1121 8).

2414 1144 2533 1199 Νοη
2561 1163 2730 1200 omnes
2750 1147 3074 1200 revelationes
3107 1162 3226 1199 suas
3255 1144 3489 1197 reserauit
3524 1141 3741 1194 Paulus.
3774 1139 3930 1194 Pau-

2341 1238 2419 1291 lus
2441 1240 2688 1306 quomodo
2715 1256 2767 1293 se
2803 1239 3043 1291 laudarit.
3074 1267 3144 1279 --
3169 1238 3233 1291 Et
3261 1235 3383 1305 quid
3427 1234 3493 1289 de
3532 1234 3750 1288 scicntia
3803 1232 3934 1287 dico

2340 1337 2497 1398 atque
2538 1329 2768 1398 jejunio,
2812 1329 3022 1397 quando
3050 1328 3206 1383 etiam
3250 1336 3391 1381 tanta
3416 1340 3536 1379 cum
3573 1324 3681 1379 Deo
3718 1322 3937 1377 habens

2340 1432 2394 1475 et
2422 1433 2524 1475 tam
2546 1421 2731 1475 crebra
2753 1421 3035 1490 colloquia,
3057 1430 3251 1490 quanta
3282 1435 3381 1474 nec
3407 1418 3783 1487 prophetarum
3827 1430 3937 1469 nec

2342 1514 2701 1581 apostolorum
2746 1514 2882 1566 nllus
2913 1512 3124 1576 habuit,
3155 1526 3249 1580 per
3272 1528 3335 1565 ea
3373 1510 3485 1580 ip:a
3516 1509 3770 1563 humilior
3808 1505 3940 1560 red.

2342 1605 2608 1658 debatur?
2654 1603 2767 1657 Non
2819 1604 2959 1657 enim
3010 1602 3137 1655 mihi
3179 1602 3323 1655 dicas
3365 1601 3464 1654 ista
3510 1614 3629 1668 qua:
3677 1597 3935 1665 legimus.

2344 1694 2472 1747 Nam
2497 1695 2644 1761 plura
2671 1694 2862 1748 celavit
2885 1734 2899 1758 ,
2928 1708 3028 1746 nec
3052 1693 3193 1745 enim
3220 1692 3397 1751 omnia
3443 1689 3575 1743 dixit
3593 1730 3608 1753 ,
3642 1704 3711 1741 ne
3758 1686 3938 1756 gloria

2345 1784 2528 1854 majori
2549 1800 2608 1839 se
2628 1783 2981 1837 circumdaret
3006 1802 3019 1838 :
3053 1797 3150 1837 nec
3178 1782 3393 1836 omnino
3413 1788 3603 1835 cuncta
3630 1778 3833 1839 tacuit,
3868 1790 3938 1829 ne

2346 1875 2904 1945 pseudoapostolorum
2959 1883 3144 1929 contra
3189 1888 3248 1927 se
3298 1887 3391 1927 ora
3449 1879 3739 1926 reseraret.
3788 1868 3937 1922 Nihil

2344 1969 2483 2023 enim
2512 1968 2682 2022 otiose
2710 1968 2800 2023 ille
2843 1966 3102 2031 faciebat,
3130 1965 3223 2039 sed
3244 1963 3421 2018 omnia
3446 1977 3568 2017 cum
3597 1975 3760 2015 causa
3788 1959 3937 2029 jnsts

2347 2058 2714 2130 probabilique
2739 2059 2962 2112 ratione.
2991 2057 3122 2110 Cum
3152 2063 3296 2108 tanta
3318 2054 3494 2122 itaque
3520 2052 3729 2105 ratione
3756 2057 3942 2102 tantas

2345 2166 2429 2203 res
2457 2150 2593 2203 inter
2618 2163 2675 2202 se
2701 2148 2937 2204 diversas
2958 2146 3359 2214 contrariasque
3387 2142 3703 2213 peragebat,
3734 2150 3793 2193 ut
3825 2140 3939 2193 eis-

2344 2240 2464 2295 dem
2494 2248 2671 2294 tamen
2718 2238 2960 2294 laudibus
3007 2237 3202 2307 ubique
3245 2243 3547 2290 ornaretur.
3601 2230 3759 2297 Quod
3802 2230 3941 2283 dum

2344 2330 2577 2397 apertius
2606 2328 2865 2393 dicimus,
2891 2329 3115 2382 intuere.
3149 2326 3392 2395 Magnum
3431 2323 3629 2377 bonum
3660 2329 3745 2373 est
3772 2318 3848 2374 de
3880 2333 3942 2372 se

2346 2419 2477 2472 nihil
2515 2434 2760 2488 magnum
2788 2418 2963 2487 loqui;
2995 2417 3079 2470 hic
3104 2425 3280 2469 autem
3315 2422 3421 2467 tam
3452 2418 3755 2480 opportune
3778 2417 3940 2477 apte—

2347 2527 2449 2581 que
2463 2511 2561 2564 hoc
2579 2510 2805 2565 faciebat
2823 2552 2838 2576 ,
2868 2518 2925 2564 ut
2948 2509 3114 2578 magis
3141 2513 3437 2561 mereretur
3457 2501 3727 2572 loquendo
3755 2504 3827 2555 de
3856 2513 3939 2564 se,

2347 2616 2504 2669 quant
2546 2601 2770 2655 tacendo
2792 2641 2807 2666 ,
2831 2600 3053 2654 laudari.
3085 2598 3184 2666 Qui
3213 2597 3313 2651 nisi
3341 2594 3558 2649 fecisset
3586 2590 3727 2645 istud
3750 2630 3766 2654 ,
3818 2588 3941 2642 cul-

2350 2694 2574 2764 pabilior
2620 2701 2765 2747 esset
2817 2691 2957 2756 illis,
2987 2690 3077 2760 qui
3114 2687 3321 2755 seipsos
3371 2686 3675 2753 importune
3714 2680 3941 2735 laudare

2349 2785 2647 2841 didicerunt
2679 2791 2769 2837 :et
2799 2783 2898 2836 nisi
2928 2782 3087 2836 etiam
3126 2778 3381 2849 gloriatus
3424 2774 3649 2839 fuisset,
3696 2770 3941 2826 creditos

2350 2874 2451 2927 sibi
2480 2872 2795 2942 perdidisset
2833 2884 3128 2939 omnesque
3173 2882 3261 2922 res
3290 2864 3666 2927 inimicorum,
3710 2861 3840 2915 dum
3883 2874 3941 2915 se

2352 2966 2623 3030 humiliat,
2649 2964 2947 3019 extulisset.
2981 2962 3069 3017 Sic
3096 2968 3319 3014 noverat
3344 2957 3419 3010 uti
3442 2957 3639 3024 ubique
3669 2965 3939 3021 tempore,

2352 3067 2406 3111 et
2433 3073 2551 3111 cum
2577 3063 2726 3111 recto
2750 3054 2971 3111 consilio
2996 3062 3156 3122 atque
3182 3051 3444 3107 sententia
3465 3062 3527 3102 ea
3548 3060 3668 3117 quae
3687 3044 3942 3099 videntur

2353 3146 2683 3215 reprobanda
2729 3142 2987 3213 perﬁcere
3011 3184 3025 3207 ,
3059 3150 3164 3195 tam
3194 3140 3392 3194 utiliter
3433 3145 3487 3191 et
3509 3133 3830 3199 commode,
3886 3140 3945 3186 ut

2354 3255 2458 3293 non
2511 3239 2687 3292 minus
2734 3236 2801 3290 dc
2852 3234 2955 3289 illis
2988 3233 3254 3302 placeret,
3309 3244 3466 3299 quam
3513 3241 3635 3282 cum
3677 3226 3943 3294 imperata

2354 3328 2663 3398 compleret.
2693 3325 2935 3393 Amplius
2977 3324 3119 3379 enim
3150 3335 3292 3376 nunc
3330 3319 3526 3373 Paulus
3573 3315 3775 3385 placuit
3822 3310 3945 3384 glo-

2355 3420 2542 3475 riando
2561 3460 2574 3483 ,
2601 3433 2759 3490 quam
2789 3418 2922 3471 alter
2947 3415 3133 3471 laudes
3170 3411 3410 3487 pr0prias
3451 3407 3771 3464 occultando
3800 3424 3813 3462 :
3845 3419 3947 3461 nec

2356 3519 2558 3566 tantum
2601 3510 2880 3579 quisquam
2926 3507 3125 3578 profuit
3170 3521 3291 3560 eum
3342 3518 3437 3557 sua
3462 3502 3653 3557 merita
3701 3499 3945 3565 celaret,

2356 3610 2611 3672 quantum
2640 3601 2739 3654 iste
2762 3614 2879 3653 cum
2899 3597 3166 3669 proderet.
3193 3594 3297 3650 Sed
3324 3595 3425 3647 hoc
3451 3606 3664 3661 quoque
3692 3599 3777 3644 est
3804 3589 3947 3643 mul-

2358 3702 2412 3748 to
2441 3692 2803 3748 admirabilius
2834 3710 2848 3746 :
2881 3690 3001 3763 quia
3029 3689 3097 3743 de
3124 3703 3181 3743 se
3208 3702 3313 3741 non
3342 3684 3503 3739 modo
3524 3684 3779 3753 loquutus
3798 3723 3814 3748 ,
3848 3698 3946 3737 ve-

2358 3799 2473 3838 rum
2502 3784 2659 3838 etiam
2686 3790 2942 3849 quantum
2968 3778 3199 3848 oportuit
3229 3783 3312 3831 cst
3353 3774 3623 3843 loquutus.
3652 3772 3772 3826 Non
3800 3770 3948 3828 enim

2360 3875 2507 3945 quasi
2549 3870 3122 3927 maximamlicentiam
3153 3867 3222 3923 de
3270 3864 3669 3935 opportunitate
3716 3871 3946 3927 nactus,

2362 3964 2759 4020 immoderatius
2782 3962 3025 4016 laudibus
3048 3960 3160 4015 suis
3188 3972 3313 4013 usus
3334 3966 3449 4019 est;
3482 3954 3575 4009 sed
3597 3953 3951 4009 consideran-

2363 4056 2564 4111 tissime
2592 4068 2864 4125 quousque
2884 4068 3005 4107 eum
3024 4050 3270 4121 progredi
3300 4049 3483 4103 liceret
3507 4046 3742 4114 agnovit.
3762 4044 3952 4114 Neque

2363 4154 2540 4200 tamen
2573 4143 2713 4199 istud
2738 4142 2986 4197 sufﬁcere
3026 4141 3127 4195 sibi
3169 4137 3431 4199 credidit,
3461 4135 3555 4189 sed
3585 4149 3653 4188 ne
3682 4133 3821 4187 alios
3850 4132 3953 4186 hoc

2366 4253 2611 4293 sermone
2627 4246 2831 4291 vetaret
2854 4234 2915 4306 [ι’.
2938 4231 3195 4305 vitiaret],
3220 4231 3377 4300 idque
3401 4228 3641 4282 efﬁceret
3664 4236 3723 4279 ut
3740 4234 3949 4281 semet-

2367 4330 2510 4396 ipsos
2555 4327 2783 4381 inaniter
2813 4324 3197 4394 prredicarent,
3248 4320 3477 4376 libenter
3516 4316 3765 4371 seetiam
3816 4315 3953 4369 insi«

2368 4418 2599 4487 pientem
2632 4416 2839 4470 vocavit
2868 4435 2881 4470 :
2908 4427 3223 4484 quamquam
3254 4420 3399 4466 certa
3421 4408 3675 4462 invitante
3695 4420 3859 4460 causa
3887 4406 3955 4458 de
4046 4450 4047 4455 η

2369 4508 2579 4577 prapria
2600 4505 2799 4575 aliquid
2826 4504 2983 4558 laude
3002 4500 3396 4571 perstrinxerit.
3423 4498 3556 4564 Quia
3583 4496 3728 4551 enim
3756 4508 3952 4549 conse-
4046 4516 4047 4525 ι

2370 4611 2538 4667 quens
2562 4605 2705 4657 erat,
2731 4603 2789 4649 ut
2815 4593 3039 4661 idipsum
3068 4590 3415 4658 respicientes
3441 4585 3527 4639 alii
3552 4593 3761 4639 temere
3792 4595 3954 4652 atque

2372 4688 2595 4742 inaniter
2631 4689 2746 4754 ejus
2794 4690 3069 4736 uterentur
3119 4679 3404 4747 exemplo:
3444 4674 3584 4745 quod
3635 4674 3956 4742 plerumque

2371 4776 2627 4845 contingit
2652 4785 2704 4829 et
2724 4772 2945 4827 medicis
2971 4789 2984 4824 :
3017 4785 3159 4839 saepe
3178 4768 3320 4823 enim
3343 4764 3791 4821 medicamentum
3812 4760 3953 4831 quod

2372 4877 2666 4938 opportune
2694 4865 2825 4918 alter
2849 4861 3126 4932 apposuit,
3158 4860 3457 4927 importune
3475 4855 3610 4909 alter
3633 4853 3951 4913 admovens,

2374 4961 2477 5012 vim
2510 4955 2871 5011 medicaminis
2895 4954 3322 5020 obscuratatque
3345 4944 3640 5013 corrumpit
3668 4960 3683 4995 :
3708 4957 3779 4997 ne
3796 4941 3956 5011 igitur

2375 5052 2460 5105 hic
2480 5063 2691 5120 quoque
2717 5046 2854 5101 istud
2882 5044 3148 5100 accideret
3165 5084 3181 5108 ,
3210 5041 3333 5096 vide
3348 5047 3546 5110 quanta
3574 5035 3955 5106 procuratione

2374 5156 2502 5196 usus
2522 5142 2589 5194 sit
2620 5158 2635 5194 :
2659 5139 2748 5208 qui
2774 5152 2892 5191 cum
2936 5136 3258 5207 gloriaturus
3283 5138 3426 5187 esset
3444 5172 3459 5192 ,
3487 5144 3591 5183 non
3615 5127 3819 5188 semel,
3848 5137 3956 5178 non

2375 5230 2640 5295 secundo,
2668 5227 2763 5283 sed
2793 5228 2983 5296 saepius
3020 5224 3314 5281 differendo
3343 5231 3500 5291 atque
3539 5216 3843 5273 cunctando
3873 5215 3956 5269 di-

2376 5325 2527 5379 ccbat
2562 5340 2576 5377 :
2611 5322 2820 5377 Utinam
2857 5319 3159 5374 sustineretis
3209 5316 3461 5370 modicum
3490 5310 3611 5381 quid
3652 5306 3963 5375 insipientiw

2378 5432 2501 5468 mea:
2527 5415 2602 5481 (2.
2634 5412 2754 5468 Cor.
2780 5412 2866 5465 11.
2900 5402 3041 5481 1.’2)
3067 5428 3080 5463 :
3109 5417 3163 5463 et
3186 5420 3402 5471 rursus,
3433 5401 3581 5470 Quod
3619 5401 3827 5467 loquor,
3858 5412 3956 5449 non

2380 5508 2552 5576 loquor
2572 5506 2845 5559 secundant
2871 5502 3029 5556 Deum
3051 5542 3066 5565 ,
3094 5500 3181 5554 sed
3207 5500 3260 5551 in
3282 5496 3570 5565 insipientia
3594 5493 3611 5522 ³
3644 5489 3750 5560 (Ib.
3798 5504 3847 5541 υ.
3893 5486 3957 5540 17

2378 5608 2423 5650 et
2445 5597 2555 5666 21).
2588 5597 2826 5666 Cumque
2854 5602 2995 5648 tanta
3036 5591 3282 5655 dixisset,
3308 5602 3415 5642 non
3446 5596 3619 5639 tamen
3651 5596 3714 5636 ea
3736 5595 3795 5636 se
3818 5594 3955 5649 prae,

2407 5732 2459 5840 ιι
2496 5738 2571 5779 cr.
2599 5729 2728 5788 add.,
2752 5727 2803 5780 in
2826 5739 2920 5790 quo
2942 5725 3047 5789 quis
3071 5724 3215 5774 audet
3232 5756 3247 5783 ,
3270 5733 3320 5772 ut
3344 5717 3617 5781 asapientia
3640 5714 3751 5771 dico
3768 5750 3782 5773 .
3808 5712 3959 5765 audeo

2447 5804 2549 5840 eae.

2381 5804 2424 5841 et
2447 5804 2549 5855 ego.
