4082 6420
159 344 266 405 499

154 461 297 515 ἀλλά
351 459 418 513 δι’
447 457 587 514 αὐτά
643 454 743 531 μὲν
781 452 887 513 ὀῦν
919 459 1092 514 ταῦτα
1136 460 1372 531 μάλιστα
1402 461 1743 533 ἀνακήρυξον

155 554 255 607 καὶ
283 553 647 622 στεφάνωσον.
699 553 855 605 Ἐπεὶ
882 552 978 606 καὶ
1002 554 1091 606 τὸν
1114 553 1318 624 ίατρὸν,
1345 553 1473 607 ὃταν
1508 555 1623 625 ἴδῃς
1650 553 1745 607 νῦν

158 645 264 715 μὲν
300 642 545 707 καίοντα,
590 643 688 696 νῦν
713 642 769 696 δὲ
796 645 1091 714 τρέφοντα,
1147 647 1242 697 καὶ
1268 643 1364 698 νῦν
1406 645 1507 716 μὲν
1540 644 1747 715 σιδήρῳ

150 736 461 808 χρώμενον,
492 734 590 788 νῦν
613 734 670 788 δὲ
704 736 1006 807 φαρμάκῳ,
1039 737 1135 789 καὶ
1158 737 1289 790 ποτὲ
1323 737 1424 807 μὲν
1460 736 1747 805 ἀπάγοντα

154 834 349 888 σιτίων
378 833 471 887 καὶ
501 834 704 897 ποτῶν,
741 835 871 889 ποτὲ
919 832 978 888 δὲ
1017 835 1384 907 ἐπιτρέποντα
1414 836 1620 891 τούτων
1646 836 1747 907 ἀρ-

150 925 255 994 δην
299 925 658 995 ἐμφορεῖσθαι
699 926 792 979 τὸν
854 926 1164 996 κάμνοντα,
1215 926 1310 979 καὶ
1344 924 1474 979 ποτέ
1504 927 1604 997 μὲν
1647 944 1747 979 πε-

152 1014 483 1084 ριϐάλλοντα
541 1016 809 1070 πάντοθεν
831 1057 847 1083 ,
907 1016 1040 1070 ποτὲ
1085 1017 1143 1070 δὲ
1192 1016 1357 1071 αὐτὸν
1411 1019 1619 1071 ἐκεῖνον
1655 1017 1749 1071 τὸν

147 1106 628 1178 διαθερμανθέντα
693 1096 1013 1162 κελεύοντα⁸
1052 1107 1252 1180 φιάλην
1310 1110 1604 1181 ὁλόκληρον
1658 1111 1750 1165 ἐκ⁸

150 1200 305 1250 πιεῖν
343 1199 551 1253 ὑδάτων
582 1198 807 1271 ψυχρῶν
828 1239 844 1264 ,
882 1201 945 1254 οὐ
979 1202 1309 1276 καταγνώσῃ
1358 1203 1459 1274 τῆς
1520 1203 1749 1274 μεταδο-

146 1286 280 1357 λῆς,
312 1288 433 1341 οὐδὲ
460 1290 561 1354 τῆς
590 1289 846 1360 συνεχοῦς
874 1292 1263 1362 μεταστάσεως
1283 1310 1298 1324 ·
1328 1294 1467 1347 ἀλλά
1493 1295 1615 1348 τότε
1645 1296 1749 1365 μάο

150 1379 318 1434 λιστα
341 1382 647 1445 ἐπαινέσεις
672 1382 772 1453 τὴν
803 1384 1021 1454 τέχνην,
1046 1384 1117 1437 τά
1149 1384 1411 1439 δοκοῦντα
1437 1389 1570 1456 ἡμῖν
1591 1388 1748 1441 ἐναν-

148 1472 248 1527 τία
280 1466 418 1526 εἶναι
441 1472 537 1525 καὶ
567 1472 803 1544 βλαϐερά
829 1475 968 1545 μετά
986 1474 1083 1528 τοῦ
1109 1475 1335 1549 θαρρεῖν
1359 1479 1747 1548 προσάγουσαν

146 1578 300 1649 ὁρῶν
320 1618 335 1642 ,
375 1579 468 1631 καὶ
495 1578 557 1631 τὸ
594 1579 835 1648 ἀσφαλὲς
860 1580 1242 1651 ἐγγυωμένην.
1276 1582 1449 1637 Τοῦτο
1473 1584 1579 1654 7&9
1609 1586 1751 1656 ἀνὴρ

150 1681 428 1752 τεχνικός.
456 1682 519 1734 EE
543 1680 601 1734 δὲ
635 1680 816 1751 ἰατρὸν
841 1681 1220 1752 ἀποδεχόμεθα
1240 1684 1310 1738 τά
1331 1685 1549 1739 ἐναντία
1574 1688 1748 1743 ταῦτα

154 1786 461 1851 ποιοῦντα,
499 1784 682 1857 πολλῷ
715 1787 916 1857 μᾶλλον
959 1787 1057 1860 τὴν
1110 1788 1323 1844 Παύλου
1357 1792 1570 1862 ψυχὴν,
1609 1793 1751 1848 οὕτω

155 1895 276 1956 τοῖς
299 1892 568 1963 κάμνουσι
594 1894 1076 1965 προσφερομένην,
1105 1896 1503 1967 ἀνακηρύττειν
1525 1898 1624 1953 δεῐ.
1644 1902 1755 1954 Καὶ

157 1997 273 2069 7&9
315 1997 426 2051 τῶν
467 1996 535 2051 τά
571 1997 801 2068 σώματα
835 1999 1264 2072 ἀρρωστούντων
1304 2003 1406 2055 οὐκ
1446 2003 1669 2058 ἔλαττον
1706 2006 1754 2059 οί

154 2101 262 2167 τάς
293 2100 474 2172 ψυχὰς
507 2101 791 2166 νοσοῦντες
821 2103 1035 2158 δέονται
1072 2107 1326 2177 μηχανῆς
1366 2107 1461 2160 καὶ
1503 2126 1756 2180 μεταχειο

160 2204 365 2275 ρίσεως
384 2219 401 2235 ⁸
432 2203 537 2256 κάν
565 2204 627 2268 ἐξ
657 2203 875 2268 εὐθείας
904 2202 1091 2271 αὐτοῖς
1113 2208 1367 2280 προσίῃς,
1397 2210 1575 2265 πάντα
1606 2214 1759 2284 οἰχή-

159 2319 318 2355 σεται
356 2302 426 2357 τά
456 2302 558 2373 τῆς
609 2302 888 2375 σωτηρίας
926 2305 1132 2359 αὐτῶν.
1171 2309 1283 2362 Καὶ
1322 2310 1375 2363 τί
1420 2310 1755 2383 θαυμαστὸν,

158 2404 213 2455 εί
257 2401 541 2474 ἂνθρωποι
577 2402 752 2458 ταῦτα
796 2404 1069 2468 ποιοῦσιν.
1097 2408 1228 2461 ὃταν
1258 2410 1287 2462 ό
1318 2408 1452 2473 Θεὸς
1472 2450 1486 2474 ,
1523 2413 1552 2464 ό
1582 2412 1761 2466 πάντα

157 2501 494 2572 δυνάμενος,
527 2501 706 2573 τούτῳ
736 2501 1003 2577 κέχρηται
1035 2506 1136 2577 τῆς
1182 2503 1425 2577 ἰατρείας
1461 2510 1539 2580 τῷ
1572 2512 1722 2583 νόμῳ
1743 2546 1759 2576 ,

160 2604 260 2657 καὶ
280 2603 343 2655 οὐ
366 2603 601 2658 πάντοτε
620 2605 681 2675 ἐξ
708 2605 926 2669 εὐθείας
952 2608 1088 2677 ἡμῖν
1116 2607 1267 2680 [503]
1297 2606 1461 2681 ὁμιλῇ
1484 2628 1498 2677 ;
1542 2612 1761 2684 Ἐπειδὴ

159 2703 276 2774 7&9
306 2703 534 2767 ἑκόντας
562 2699 703 2759 εἶναι
738 2704 993 2775 βούλεται
1022 2706 1245 2770 καλοὺς,
1273 2702 1391 2761 ἀλλ’
1421 2710 1523 2763 οὐκ
1546 2708 1763 2784 ἀνάγκῃ

160 2803 262 2857 καὶ
303 2802 415 2873 βία,
452 2801 674 2871 ἐδέησεν
706 2803 860 2873 αὐτῷ
889 2805 984 2857 καὶ
1018 2795 1266 2875 μεθόδου,
1297 2805 1359 2858 οὐ
1385 2806 1475 2860 διά
1509 2808 1571 2861 τὸ
1597 2807 1761 2861 αὐτοῦ

160 2903 453 2970 ἀδύνατον,
488 2903 668 2972 άπαγε
688 2943 704 2966 ,
735 2903 876 2957 ἀλλά
901 2904 993 2957 διὰ
1031 2902 1093 2958 τὸ
1122 2906 1350 2970 ἀσθενὲς
1378 2907 1440 2960 τὸ
1468 2908 1759 2981 ἡμέτερον.

160 3002 329 3075 Αὐτῷ
360 3005 459 3075 μὲν
488 3002 600 3075 7&9
629 3003 808 3068 ἔξεστι
828 3002 1024 3058 νεῦσαι
1054 3005 1235 3076 μόνον,
1263 3005 1465 3076 μᾶλλον
1490 3004 1547 3060 δέ
1574 3006 1762 3078 ἐθελῆ-

163 3120 260 3158 σαι
306 3104 502 3174 μόνον,
549 3105 644 3158 καὶ
688 3104 913 3174 ποιῆσαι
957 3105 1134 3157 πάντα
1173 3104 1318 3174 άπερ
1359 3102 1425 3158 ἂν
1471 3104 1759 3175 βούληταιο

162 3205 334 3275 ἡμεῖς
365 3203 423 3257 δὲ
459 3203 610 3268 ἅπαξ
636 3204 846 3258 ἑαυτῶν
886 3198 1173 3273 γενόμενοι
1202 3202 1421 3274 κύριοι,
1450 3204 1551 3257 οὐκ
1578 3206 1766 3276 ἀνεχός

167 3300 313 3371 μεθα
350 3299 531 3355 πάντα
563 3299 867 3353 ὑπακούειν
895 3299 1066 3371 αὐτῷ.
1108 3300 1237 3353 Ἐἀν
1278 3296 1373 3355 οὖν
1412 3302 1646 3367 ἄκοντας
1679 3299 1766 3357 ἑλ-

166 3401 319 3472 κύσῃ
341 3440 359 3464 ,
389 3400 529 3471 ὅπερ
560 3400 786 3464 ἔδωκεν,
818 3401 1190 3471 ἀφαιρήσεται
1214 3439 1231 3465 ,
1260 3399 1359 3471 τὴν
1392 3401 1493 3472 τῆς
1517 3401 1769 3467 ἐξουσίας

167 3500 316 3568 λέγω
348 3500 685 3573 ἐλευθερίαν.
715 3502 815 3554 Ἵν⁹
848 3496 940 3554 οῦν
981 3500 1058 3572 μὴ
1082 3499 1243 3554 τοῦτο
1265 3501 1515 3574 γένηται,
1547 3502 1769 3574 ἐδέησεν

169 3599 326 3670 αὐτῷ
352 3598 592 3671 μεθόδων
618 3599 847 3654 πολλῶν.
878 3598 1067 3652 Ταῦτα
1095 3599 1155 3652 δὲ
1189 3601 1322 3671 ἡμῖν
1348 3600 1448 3672 οὐχ
1467 3601 1656 3666 ἀπλῶς
1686 3602 1768 3655 el-

178 3722 382 3779 ρηται,
415 3703 554 3759 ἀλλά
589 3703 680 3757 διὰ
709 3705 771 3758 τὸ
816 3704 1064 3759 ποικίλον
1094 3703 1192 3757 τοῦ
1229 3704 1506 3777 μακαρίου
1550 3704 1767 3759 Παύλου

170 3814 271 3869 καὶ
314 3812 517 3882 σοφόν⁸
559 3812 703 3865 ὥστε
740 3813 869 3865 ὅταν
908 3812 1026 3884 ίδῃς
1072 3811 1237 3865 αὐτὸν
1278 3812 1552 3882 φεύγοντα
1587 3814 1769 3868 κινδύ-

170 3935 323 3981 νους,
354 3917 638 3988 θαύμασον
670 3918 891 3989 ὁμοίως,
936 3918 1127 3989 ῶσπερ
1156 3918 1286 3971 ὅταν
1315 3916 1432 3991 ἴδῃς
1459 3918 1626 3989 ὁμόσε
1658 3936 1767 3988 χω-

172 4025 379 4097 ροῦντα
409 4024 625 4086 αὐτοῖς·
664 4023 918 4093 καθάπερ
948 4022 1058 4093 7&9
1088 4022 1250 4076 τοῦτο
1288 4022 1573 4094 ἀνδρείας,
1626 4024 1770 4077 οῦτω

170 4133 402 4187 κάκεῖνο
449 4130 663 4199 σοφίας.
714 4131 885 4183 Ὅταν
941 4122 1058 4200 ίδης
1106 4129 1319 4201 μεγάλα
1371 4128 1767 4200 φθεγγόμενον,

173 4234 464 4305 θαύμασον
480 4232 898 4305 ὁμοίως,ῶσπερ
925 4233 1053 4287 ὅταν
1068 4234 1185 4305 ἴδῃς
1201 4232 1582 4304 μετριάζοντα·
1602 4234 1772 4288 καθά-

176 4358 284 4412 περ
312 4339 423 4410 7&9
448 4338 607 4392 τοῦτο
632 4337 1158 4411 ταπεινοφροσύνης,
1192 4334 1366 4402 οὓτως
1396 4340 1575 4393 ἐκεῖνο
1601 4356 1772 4408 μεγαι-

172 4440 462 4513 λοψυχίας.
487 4444 658 4497 Ὅταν
684 4443 802 4516 ίδῃς
832 4442 1211 4513 καυχώμενον,
1232 4443 1515 4515 θαύμασον
1548 4446 1770 4516 ὁμοίως,

176 4547 373 4617 ῶσπερ
417 4547 547 4601 ὅταν
588 4546 705 4617 ίδῃς
737 4544 1162 4618 διακρουόμενον
1192 4547 1468 4619 ἐγκώμιον
1491 4565 1504 4577 ’
1535 4550 1631 4602 καὶ
1662 4549 1772 4622 7&9

179 4650 277 4704 καὶ
309 4648 470 4703 τοῦτο
504 4648 669 4719 ἧθους
713 4650 921 4719 ἀτύφου
942 4691 958 4717 ,
1014 4651 1238 4707 κάκεῖνο
1270 4651 1641 4722 φιλοστόργου
1677 4658 1773 4711 καὶ

181 4751 572 4823 φιλανθρώπου
592 4769 606 4784 ο
638 4754 739 4823 τὴν
762 4753 871 4825 7&9
891 4755 999 4808 τῶν
1031 4754 1248 4807 πολλῶν
1272 4756 1574 4826 οἰκονομῶν
1598 4776 1775 4831 σωτη-

183 4862 331 4933 ρίαν,
362 4860 537 4913 ταῦτα
564 4860 824 4931 ἔπραττε.
860 4857 951 4912 Διὸ
984 4859 1079 4913 καὶ
1106 4858 1298 4927 ἔλεγεν
1317 4877 1333 4893 ο
1361 4862 1498 4916 Εἴτε
1524 4862 1774 4932 ἐξέστη-

179 4981 316 5035 μεν,
348 4962 497 5028 Θεῷο
528 4963 651 5017 εἴτε
674 4963 1129 5033 σωφρονοῦμεν,
1163 4962 1326 5031 ὑμῖν.
1366 4963 1505 5017 Οὐτε
1543 4966 1653 5036 γάρ
1689 4984 1776 5029 τις

181 5062 345 5132 ἄλλος
378 5064 492 5139 εἶχε
532 5068 802 5131 τοσαύτας
853 5067 1102 5135 ἀνάγκας
1141 5064 1279 5135 πρὸς
1305 5068 1603 5134 ἀπόνοιαν,
1648 5069 1773 5124 οὔτε

182 5173 344 5238 ἄλλος
383 5190 469 5236 τις
501 5172 644 5225 οὕτω
672 5173 917 5243 καθαρὸς
952 5172 1272 5236 ἀλαζονείας
1302 5168 1387 5243 ἦν.
1441 5173 1640 5228 Σκόπει
1680 5176 1736 5229 δέ
1757 5191 1771 5208 ·

198 5279 258 5333 Ἠ
292 5277 521 5346 γνῶσις
556 5276 798 5346 φυσιοῖ·
841 5277 935 5329 καὶ
970 5277 1173 5339 πάντες
1212 5277 1372 5330 τοῦτο
1409 5278 1476 5331 ἂν
1526 5280 1779 5351 εἴποιμεν

187 5384 307 5455 μετ’
344 5382 586 5435 ἐκείνουο
626 5383 722 5435 καὶ
769 5381 1005 5453 τοσαύτη
1049 5384 1106 5435 δὲ
1158 5379 1227 5455 ἦν
1268 5386 1326 5437 ἐν
1362 5384 1509 5455 αὐτῷ
1546 5386 1778 5454 γνῶσις,

188 5484 288 5552 ὅση
320 5484 378 5534 ἐν
406 5481 579 5534 οὐδενὶ
607 5481 716 5535 τῶν
762 5480 982 5534 πώποτε
1016 5482 1321 5553 ἀνθρώπων
1361 5485 1777 5555 γεγενημένωνο

192 5580 308 5637 ἀλλ’
360 5581 511 5651 ὅμως
554 5580 720 5633 αὐτὸν
771 5583 871 5635 οὐκ
914 5582 1140 5653 ἐπῆρεν,
1195 5583 1335 5637 ἀλλά
1384 5585 1478 5636 καὶ
1526 5586 1584 5637 ὲν
1633 5585 1782 5655 αὐτῷ

187 5683 367 5755 τούτῳ
401 5683 703 5755 μετριάζει.
734 5684 836 5738 Διά
873 5684 1031 5738 τοῦτο
1076 5685 1255 5753 λέγει’
1300 5689 1395 5740 Ἐκ
1428 5686 1651 5756 μέρους
1695 5706 1781 5758 γι·-

194 5784 525 5855 νώσκομεν,
556 5784 655 5839 καὶ
689 5785 756 5839 ἐκ
775 5784 997 5855 μέρους
1030 5788 1512 5857 προφητεύομεν
1558 5788 1652 5840 καὶ
1678 5786 1782 5839 πά-

1023 344 1110 399 DE
1152 346 1501 403 LAUDIBUS
1532 350 1590 405 S.
1635 348 1839 404 PAULI
1875 349 2243 407 APOSTOLI.
2286 351 2519 408 IIOMIL.
2561 352 2627 408 ν.

3328 337 3435 392 500

1850 460 1933 515 λιν
1953 481 1966 494 ο
2007 462 2172 532 Ἐγὼ,
2194 460 2472 529 ἀδελφοί,
2502 458 2669 513 οὔπω
2696 454 2999 527 λογίζομαι
3024 451 3281 523 ἐμαυτὸν
3305 468 3438 503 κατε

1848 567 2161 636 ειληςρέναι
2180 584 2193 597 ·
2222 566 2336 631 καὶ,
2367 565 2443 619 El
2467 582 2559 631 τις
2592 562 2763 618 δοκεῖ
2789 560 3011 617 ειδέναι
3033 576 3111 623 τι,
3143 559 3307 613 οὔπω
3333 559 3437 611 οὑ-

1851 668 1960 723 δὲν
1986 670 2235 739 ἔγνωκε.
2276 668 2447 722 Πάλιν
2474 666 2700 738 νηστεία
2728 666 2874 736 φυσᾷ
2894 682 2908 695 ·
2934 665 3031 718 καὶ
3059 663 3220 717 τοῦτο
3254 664 3283 715 ὁ
3322 663 3436 714 Φα-

1858 778 2068 847 ρισαῖος
2094 776 2247 846 δηλοῖ
2270 774 2444 842 λέγων
2460 789 2475 803 '
2505 772 2793 841 Νηστεύω
2815 768 2913 837 δίς
2941 769 3054 837 τῆς
3085 766 3434 837 ἑϐδομάδος.

1864 876 2003 933 Ἀλλ’
2033 872 2190 942 οὗτος
2212 878 2337 948 οὐχὶ
2364 876 2667 949 νηστεύων,
2698 875 2836 929 ἀλλά
2863 876 2959 928 καὶ
2986 871 3273 943 λιμώττων
3312 872 3441 924 ἐαυ-

1850 1003 1944 1059 τὸν
1976 1003 2238 1075 ἐκτρωμα
2268 1002 2474 1057 ἐκάλει.

1921 1127 1988 1183 Τί
2032 1130 2176 1198 λέγω
2200 1128 2455 1199 νηστείαν
2483 1127 2582 1181 καὶ
2614 1126 2837 1195 γνῶσιν,
2867 1127 3003 1180 ὅπου
3029 1141 3095 1193 γε
3121 1122 3324 1193 ὁμιλίαι
3354 1140 3445 1174 το·-

1856 1232 2051 1287 σαῦται
2082 1228 2178 1286 καὶ
2208 1229 2353 1286 οὕτω
2382 1231 2626 1301 συνεχῶς
2661 1231 2799 1301 πρὸς
2830 1231 2922 1284 τὸν
2966 1228 3100 1282 Θεὸν
3124 1223 3264 1299 ἦσαν
3294 1226 3445 1295 αὐτῷ

1854 1333 2241 1408 γεγενημέναι,
2268 1338 2391 1390 ὅσαι
2424 1339 2562 1407 μήτε
2597 1334 2917 1407 προφητῶν,
2958 1335 3097 1404 μήτε
3130 1331 3447 1385 ἀποστόλων

1856 1443 2105 1511 ἐγένοντο
2130 1440 2353 1514 μηδενὶ,
2382 1443 2477 1496 καὶ
2506 1441 2709 1512 μᾶλλον
2740 1440 3092 1494 ἐταπεινοῦτο
3130 1442 3215 1491 6.1
3246 1437 3444 1501 ταῦτας

1856 1548 1948 1618 Μὴ
1970 1548 2080 1619 γάρ
2108 1565 2199 1619 μοι
2224 1547 2426 1611 ταύτας
2460 1548 2621 1619 εἴπῃς
2652 1549 2749 1611 τὰς
2776 1545 3282 1614 ἀναγεγραμμένας
3303 1558 3315 1570 ·
3346 1541 3448 1605 τάς

1856 1655 1967 1724 7&9
1996 1653 2219 1716 πλείους
2263 1652 2551 1723 ἀπέκρυψε
2573 1688 2589 1717 ,
2626 1652 2721 1705 καὶ
2760 1650 2885 1705 οὔτε
2930 1650 3113 1714 πάσας
3152 1644 3329 1714 εἶπεν,
3360 1648 3450 1700 ἴνα

1861 1754 1938 1825 μὴ
1960 1752 2118 1818 δόξαν
2147 1751 2330 1823 ἑαυτῷ
2363 1752 2561 1823 περιθῇ
2600 1752 2870 1823 μεγάλην,
2899 1750 3028 1805 οὖτα
3058 1750 3240 1813 πάσας
3260 1748 3452 1819 ἐσίγη-

1861 1877 1973 1926 σεν,
2002 1860 2091 1913 ἵνα
2123 1859 2198 1930 μὴ
2235 1859 2303 1912 τά
2340 1859 2450 1912 τῶν
2479 1858 2934 1927 ψευδαποστόλων
2962 1854 3146 1928 ἀνοίξῃ
3180 1857 3449 1927 στόματα.

1860 1962 2028 2018 Οὐδὲν
2053 1963 2164 2034 7&9
2198 1962 2387 2025 ἁπλῶς
2414 1960 2626 2025 ἐκεῖνος
2661 1962 2835 2015 ἐποίει
2858 1952 3045 2027 ,ἀλλά
3089 1960 3229 2032 μετά
3271 1961 3453 2023 αἰτίας

1860 2067 2079 2134 δικαίας
2114 2070 2295 2124 πάντα
2329 2069 2433 2123 καὶ
2470 2068 2697 2138 εὐλόγου
2718 2086 2734 2101 ο
2762 2049 2859 2123 καί
2891 2068 3032 2140 μετά
3064 2067 3337 2137 τοσαύτης
3364 2084 3454 2119 σο-

1863 2174 1992 2246 φίας
2023 2175 2215 2248 μετῄει
2255 2176 2324 2229 τά
2359 2175 2581 2229 ἐναντία
2612 2174 2953 2246 πράγματα,
3005 2172 3082 2237 ώς
3118 2172 3231 2226 τῶν
3275 2171 3456 2227 αὐτῶν

1864 2279 2140 2350 πανταχοῦ
2183 2279 2477 2351 τυγχάνειν
2522 2278 2781 2332 ἐπαίνων.
2825 2277 2895 2333 '0
2925 2277 2982 2331 δὲ
3027 2277 3172 2345 λέγω
3212 2275 3457 2329 τοιοῦτόν

1866 2384 1999 2438 ἐστι.
2044 2380 2211 2453 Μέγα
2241 2382 2446 2453 ἀγαθὸν
2482 2383 2545 2435 τὸ
2590 2383 2756 2454 μηδὲν
2795 2382 2939 2452 μέγα
2968 2380 3101 2452 περὶ
3138 2379 3333 2435 ἐαυτοῦ
3378 2381 3466 2434 λέ-

1864 2504 2013 2557 γειν·
2056 2484 2086 2541 ό
2123 2489 2180 2542 δέ
2217 2486 2392 2552 οὕτως
2430 2488 2564 2542 αὐτὸ
2599 2486 2874 2558 εὐκαίρως
2920 2485 3127 2552 ἐποίει,
3179 2484 3254 2547 ώς
3287 2483 3459 2537 είπὼν

1869 2593 2096 2665 μᾶλλον,
2136 2593 2169 2665 ἢ
2214 2595 2481 2665 σιγήσας,
2514 2593 2904 2663 ἐπαινεθῆναι·
2947 2589 3042 2645 καὶ
3085 2590 3133 2644 εί
3180 2588 3255 2661 μὴ
3298 2588 3461 2643 τοῦτο

1866 2698 2159 2770 πεποίηκε,
2176 2694 2325 2771 [504]
2343 2698 2453 2752 τῶν
2474 2699 2719 2769 ἀκαίρως
2738 2696 3196 2768 ἐγκωμιαζόντων
3218 2710 3429 2764 κατηγο
3443 2726 3459 2734 -

1868 2802 2007 2875 ρήθη
2043 2801 2113 2857 ἂν
2152 2802 2381 2874 μᾶλλον*
2414 2803 2462 2854 εί
2498 2801 2609 2874 γάρ
2646 2803 2721 2872 μὴ
2762 2800 3143 2871 ἐκαυχήσατο,
3178 2798 3359 2853 πάντα
3394 2800 3460 2852 ἂν

1867 2905 2119 2959 ἀπώλεσε
2153 2906 2248 2959 καὶ
2274 2903 2577 2976 προέδωκε,
2610 2907 2706 2958 καὶ
2726 2903 2793 2957 τά
2821 2903 2932 2957 τῶν
2960 2903 3170 2975 ἐχθρῶν
3198 2902 3265 2957 ἂν
3288 2904 3461 2973 ἐπῆρε

1868 3006 2193 3079 πράγματα.
2210 3004 2399 3075 Οὕτως
2413 3004 2523 3063 οἵδε
2540 3008 2625 3084 τῷ⁸
2640 3008 2819 3081 καιρῷ
2837 3008 3115 3078 πανταχοῦ
3134 3008 3460 3078 κεχρῆσθαι,

1869 3113 1965 3167 καὶ
1993 3113 2133 3184 μετά
2146 3113 2373 3188 γνώμης
2392 3114 2583 3185 ὀρθῆς,
2610 3113 2706 3169 καὶ
2721 3114 2789 3168 τά
2812 3113 3245 3185 ἀπηγορευμένα
3262 3115 3460 3174 ποιεῖν,

1870 3215 1967 3269 καί
1993 3215 2138 3270 οὓτω
2165 3217 2489 3288 χρησίμως,
2529 3218 2608 3282 ώς
2631 3219 2742 3273 τῶν
2768 3218 3266 3289 προστεταγμένων
3296 3216 3466 3287 μηδὲν

1871 3315 2092 3370 ἔλαττον
2135 3318 2202 3371 ἐκ
2248 3316 2457 3371 τούτων
2498 3319 2827 3390 εὐδοκιμεῖν.
2865 3318 3084 3373 Μᾶλλον
3118 3319 3224 3391 7&9
3252 3317 3466 3380 Παῦλος

1870 3418 2226 3490 καυχώμενος
2252 3420 2372 3472 τότε
2399 3419 2783 3491 εὐδοκίμησεν,
2805 3420 2839 3493 ἢ
2872 3422 3061 3494 ἕτερός
3080 3440 3167 3487 τις
3200 3423 3465 3495 κρύπτων

1870 3521 1941 3575 τά
1972 3522 2165 3575 ἑαυτοῦ
2193 3521 2598 3592 κατορθώματα
2618 3538 2630 3552 ·
2660 3521 2838 3587 οὐδεὶς
2859 3522 2969 3594 γὰρ
2992 3524 3237 3595 τοσαῦτα
3271 3526 3464 3597 εἰργά-

1873 3642 2007 3678 σατο
2040 3624 2222 3694 ἀγαθά
2254 3624 2628 3696 ἀποκρύπτων
2660 3626 2729 3679 τά
2761 3625 2982 3693 ἑαυτοῦ,
3010 3627 3110 3707 όσα
3139 3628 3347 3691 ἐκεῖνος
3376 3628 3464 3695 ἐξ-

1871 3731 2045 3785 ειπὼν
2070 3730 2141 3785 τά
2172 3730 2392 3787 ἐαυτοῦ.
2433 3731 2544 3785 Καὶ
2583 3731 2645 3785 τὸ
2685 3731 2751 3803 δὴ
2785 3732 2951 3787 πάλιν
2984 3732 3466 3806 θαυμαστότερον,

1874 3835 1956 3887 ὅτι
2007 3834 2069 3888 οὐ
2120 3834 2280 3905 μόνον
2320 3833 2571 3899 ἐξεῖπεν,
2607 3834 2743 3889 ἀλλά
2798 3835 2892 3889 καὶ
2939 3836 3101 3906 μέχρι
3136 3836 3237 3906 τῆς
3279 3836 3467 3907 χρείας

1875 3936 2026 4007 ἔστη.
2053 3939 2128 3992 Οὐ
2152 3937 2261 4009 γὰρ
2284 3938 2360 4001 ὡς
2388 3936 2480 3991 τοῦ
2504 3936 2701 4011 καιροῦ
2725 3940 3061 4009 παρέχοντος
3086 3941 3237 4011 αὐτῷ
3267 3941 3467 4012 πολλὴν

1872 4042 1972 4113 τὴν
2003 4042 2208 4108 ἄδειαν,
2244 4043 2501 4115 ἀμέτρως
2547 4046 2712 4098 πάλιν
2741 4044 2819 4117 τῷ
2850 4048 3139 4117 πράγματι
3170 4048 3464 4118 ἐχρήσατο,

1874 4148 1989 4202 ἀλλ’
2017 4148 2158 4218 ἔγνω
2184 4151 2348 4221 μέχρι
2378 4150 2483 4204 ποῦ
2520 4151 2805 4222 προελθεῖν
2836 4151 2963 4206 ἔδει.
3016 4153 3127 4205 Καὶ
3154 4152 3273 4206 οὐδὲ
3306 4152 3467 4207 τοῦτο

1876 4252 2026 4323 αὐτῷ
2054 4252 2306 4323 ἤρκεσεν,
2336 4252 2450 4305 ἀλλ’
2484 4252 2625 4307 ὥστε
2660 4254 2734 4325 μὴ
2755 4254 2882 4317 τούς
2912 4254 3106 4317 ἀλλους
3132 4254 3463 4325 διαφθεῖραι,

1880 4358 2017 4429 μηδὲ
2044 4359 2462 4429 παρασκευάσαι
2486 4358 2674 4422 ἁπλῶς
2706 4357 2935 4421 ἑαυτοὺς
2965 4358 3356 4427 ἐγκωμιάζειν,
3374 4361 3467 4410 καὶ

1880 4466 2092 4536 ἄφρονα
2126 4464 2316 4519 ἐαυτὸν
2340 4464 2533 4519 καλεῖ·
2558 4464 2720 4527 αὐτὸς
2742 4463 2841 4534 μὲν
2871 4462 3004 4537 7&9,
3033 4463 3131 4532 τῆς
3152 4463 3341 4534 χρείας
3366 4481 3467 4516 κα-

1878 4576 2099 4647 λούσης,
2120 4573 2281 4628 τοῦτο
2305 4575 2585 4646 ἐποίησεν.
2628 4572 2849 4643 Ἐπειδὴ
2870 4573 2927 4625 δὲ
2953 4572 3103 4635 εἰκὸς
3132 4566 3202 4643 ἦν
3223 4574 3351 4635 τοὺς
3374 4572 3467 4627 άλ-

1882 4688 2008 4751 λους
2041 4688 2121 4750 εἰς
2152 4685 2313 4739 αὐτὸν
2340 4684 2603 4756 ὁρῶντας,
2642 4682 2828 4746 ἀτελῶς
2859 4683 2955 4736 καὶ
2996 4682 3120 4751 εἰκῆ
3163 4681 3467 4753 κεχρῆσθαι

1877 4798 1955 4867 τῷ
1994 4794 2427 4866 παραδείγματιο
2469 4793 2497 4846 δ
2538 4795 2631 4847 καὶ
2690 4793 2783 4845 ἐπὶ
2824 4790 2932 4845 τῶν
2976 4789 3176 4859 ἰατρῶν
3221 4791 3462 4858 γίνεται·

1878 4907 2139 4970 πολλάκις
2181 4904 2325 4976 γάρ,
2368 4905 2397 4958 6
2438 4904 2578 4975 μετά
2619 4900 2814 4973 καιροῦ
2862 4902 3153 4973 φάρμακον
3198 4898 3467 4968 ἐπέθηκεν

1879 5011 2055 5081 οὗτος,
2084 5014 2327 5086 ἀκαίρως
2354 5013 2439 5066 ἐτε
2451 5030 2540 5085 ρος
2561 5010 2771 5074 ἐπιθεὶς
2791 5010 3098 5081 ἐλυμήνατο
3121 5010 3214 5064 καὶ
3239 5007 3470 5060 ἐπεσκό-

1877 5144 2013 5197 τησε
2050 5128 2116 5196 τῇ
2157 5123 2250 5177 τοῦ
2282 5122 2577 5193 φαρμάκου
2616 5120 2876 5189 δυνάμειο
2925 5118 2990 5171 [ν’
3019 5112 3111 5170 οῦν
3150 5117 3225 5188 μὴ
3258 5117 3351 5170 καὶ
3383 5117 3469 5168 ὲν-

1879 5234 2054 5289 ταῦθα
2095 5232 2254 5286 τοῦτο
2294 5230 2558 5300 γένηται,
2602 5230 2706 5300 ὅρα
2742 5228 2882 5299 πόσῃ
2930 5228 3193 5300 κέχρηται
3223 5229 3290 5295 τῇ
3333 5243 3467 5295 προ-

1881 5344 2164 5415 διορθώσει
2200 5342 2409 5413 μέλλων
2452 5337 2795 5408 καυχᾶσθαι,
2838 5336 2937 5406 οὐχ
2978 5336 3159 5402 ἅπαξ,
3196 5334 3316 5387 οὐδέ
3350 5334 3465 5397 δὶς,

1882 5452 2017 5507 ἀλλά
2041 5450 2301 5512 πολλάκις
2324 5445 2991 5516 ἀναδυόμενος.’οφελον
3013 5443 3124 5511 γὰρ
3147 5439 3469 5509 ἀνείχεσθέ

1880 5584 2019 5636 μου,
2057 5563 2220 5637 φησι,
2252 5561 2470 5629 μικρόν
2495 5576 2545 5610 τι
2582 5554 2687 5624 τῆς
2718 5555 3073 5623 ἀφροσύνης
3101 5570 3112 5581 ο
3147 5551 3241 5605 καὶ
3270 5550 3433 5606 πάλιν
3454 5568 3467 5581 ο

1890 5677 1951 5727 Ὅ
1972 5671 2159 5734 λαλῶ,
2188 5672 2260 5725 οὐ
2292 5666 2458 5723 ,ιαλὼ
2484 5666 2633 5719 κατὰ
2668 5665 2906 5730 Κύριον,
2933 5660 3071 5715 ἀλλ’
3096 5661 3176 5725 ὼς
3197 5660 3267 5712 ἐν
3291 5659 3473 5727 ἀφρο-

1887 5784 2068 5853 σύνῃ.
2107 5781 2193 5835 Ἐν
2218 5774 2261 5847 ᾧ
2283 5778 2325 5830 6'
2362 5776 2425 5829 ἄν
2452 5792 2534 5837 τις
2562 5774 2641 5846 [ὲν
2674 5768 2980 5845 ἀφροσύνῃ]
2998 5769 3191 5841 τολμᾷ,
3212 5771 3269 5821 ἐν
3300 5770 3475 5837 ἀφρο-
