4082 6462
198 400 301 458 501

198 510 413 566 misisse
436 513 719 562 conuentus
741 510 825 558 est
844 544 861 569 ,
887 499 981 557 sed
1007 514 1194 555 rursus
1222 499 1560 553 incressurus
1580 495 1633 548 in
1662 493 1782 549 lau-

197 602 333 665 des,
376 598 719 667 semetipsum
748 593 1008 658 occultat,
1040 600 1095 646 et
1122 589 1287 645 dicit:
1338 588 1460 644 Scio
1488 587 1779 652 hominem,

195 704 255 749 et
276 693 492 758 iterum,
523 689 627 743 Pro
652 686 945 759 hujusmodi
965 683 1237 756 gloriabor,
1270 698 1363 751 pro
1406 695 1484 733 me
1510 687 1677 732 autent
1700 679 1784 731 ni-

195 786 295 839 Itil.
321 783 552 851 Postque
566 780 680 835 haec
695 779 895 842 omnia,
926 775 1115 830 Factus
1144 791 1254 828 sum
1280 772 1521 842 insipiens
1540 810 1556 836 ,
1590 770 1778 841 inquit,

196 893 292 931 ros
319 891 399 929 me
419 873 647 944 coegistis
679 870 878 941 (2.60m
906 868 987 923 i2.
1017 868 1071 921 2.
1118 876 1166 919 et
1192 866 1249 921 5.
1277 874 1323 918 et
1352 863 1458 934 11).
1488 862 1618 931 Quis
1660 877 1787 931 ergo

193 977 312 1019 tam
342 964 567 1027 stultus,
596 962 716 1031 quis
742 962 810 1014 ita
831 958 1129 1013 inveniatur
1154 954 1300 1009 omni
1319 968 1479 1009 sensu
1501 968 1563 1008 ac
1582 952 1787 1006 ratione

194 1057 442 1125 privatus
460 1094 475 1119 ,
508 1054 597 1123 qui
622 1052 810 1105 videns
829 1058 1069 1119 sanctum
1100 1047 1249 1101 illum
1271 1086 1286 1111 ,
1314 1045 1475 1100 etiam
1497 1059 1617 1098 cum
1642 1050 1787 1096 tanta

196 1145 249 1200 ei
296 1145 585 1199 necessitas
632 1142 963 1205 immineret,
1002 1148 1344 1193 cunctantem
1396 1147 1573 1190 tamen
1628 1143 1789 1203 atque

196 1244 530 1289 metuentem
568 1232 771 1302 grande
798 1231 993 1300 aliquid
1021 1229 1089 1284 de
1132 1230 1311 1298 seipso
1340 1228 1520 1297 loqui,
1552 1237 1606 1281 et
1652 1228 1791 1279 sicut

200 1344 401 1399 equum
446 1342 615 1396 usque
659 1325 725 1378 ad
775 1323 1065 1392 prmcipitia
1126 1321 1391 1375 horrenda
1446 1319 1787 1381 venientem,

200 1434 369 1490 seque
396 1417 591 1487 szepius
634 1415 757 1470 inde
784 1416 1085 1468 trahentem
1106 1455 1119 1478 ,
1153 1422 1207 1466 et
1234 1412 1450 1482 quidem
1481 1426 1601 1465 cum
1645 1418 1791 1462 tanta

201 1512 308 1565 hoc
353 1516 497 1565 esset
550 1507 945 1576 dispensatione
998 1503 1237 1559 facturus
1289 1521 1301 1555 :
1358 1502 1505 1571 quis,
1539 1502 1789 1569 inquam,

201 1603 283 1655 sic
324 1600 393 1653 sit
440 1598 722 1666 insipiens,
775 1596 864 1665 qui
893 1610 1000 1647 non
1043 1594 1200 1647 etiam
1230 1592 1432 1660 majore
1470 1589 1793 1644 abundantia

202 1689 467 1744 cautionis
503 1685 689 1741 laudes
736 1699 861 1738 suas
905 1684 1096 1754 fugiat,
1147 1693 1203 1737 et
1256 1698 1398 1738 nune
1442 1682 1578 1735 forte
1620 1680 1791 1734 solum

201 1780 271 1833 de
325 1778 430 1831 illis
486 1776 686 1846 aliquid
727 1776 982 1843 attingat,
1031 1772 1244 1842 quando
1292 1773 1343 1826 id
1403 1772 1794 1841 opportunissi-

204 1884 350 1923 mum
420 1877 630 1935 tempus
702 1866 986 1935 exegerit?
1048 1863 1143 1919 Vis
1194 1873 1248 1918 et
1309 1862 1454 1916 aliud
1520 1862 1615 1915 tibi
1692 1860 1796 1915 tale

204 1974 419 2031 quoque
473 1959 618 2013 illius
664 1957 983 2013 ostendam?
1045 1957 1256 2011 Etenim
1324 1954 1464 2009 istud
1540 1962 1619 2009 est
1676 1967 1797 2007 om-

205 2053 337 2107 nino
409 2051 686 2116 mirabile,
721 2051 842 2119 quia
906 2058 1190 2103 contentus
1244 2061 1351 2100 non
1399 2054 1515 2100 erat
1560 2045 1798 2100 testimo-

206 2144 300 2197 nio
324 2141 661 2197 conscientiae
682 2180 699 2207 ,
728 2139 823 2195 sed
864 2140 1025 2195 etiam
1048 2154 1147 2193 nos
1183 2138 1409 2193 docebat
1443 2138 1593 2206 juxta
1639 2151 1798 2207 quam

209 2232 449 2302 regulam
481 2231 638 2285 intali
661 2246 839 2286 rerum
863 2230 1169 2285 discrimine
1195 2228 1800 2296 deberemusincedere,

207 2340 317 2381 non
344 2325 442 2379 sibi
464 2321 831 2379 tantummodo
848 2323 917 2377 de
934 2332 1232 2390 temporum
1257 2320 1573 2375 necessitate
1590 2318 1800 2374 satisfa-

207 2415 440 2470 ctionem
461 2428 863 2483 parans,verum
879 2413 1036 2467 etiam
1052 2412 1187 2467 alios
1197 2410 1668 2480 erudiens,quanta
1680 2424 1801 2465 cum

208 2505 481 2569 cautione,
522 2512 761 2572 tempore
789 2502 1144 2572 efﬂagitante,
1185 2500 1324 2555 istud
1355 2515 1457 2555 nec
1485 2499 1800 2570 ell‘ugerent,

210 2611 313 2652 nec
334 2597 637 2665 importune
668 2595 1003 2663 perlicerent.
1044 2592 1179 2647 Nam
1201 2608 1299 2661 per
1327 2593 1425 2647 ista
1443 2632 1459 2658 ,
1483 2604 1599 2661 quae
1624 2591 1798 2658 dixit,

209 2687 611 2758 quodammodo
644 2686 773 2741 illud
799 2686 991 2741 eﬂ‘atus
1025 2696 1145 2741 est:
1175 2685 1396 2741 Grande
1443 2685 1644 2740 malum
1685 2694 1801 2752 est,

209 2780 591 2843 dilectissime,
632 2778 698 2833 de
743 2779 921 2848 seipse
944 2778 1141 2848 aliquid
1189 2776 1390 2847 grande
1432 2777 1613 2832 dicere
1647 2786 1806 2845 atque

212 2870 459 2925 mirabile
484 2909 500 2934 ,
548 2864 907 2939 extremaeque
935 2870 1156 2924 omnino
1181 2868 1468 2923 dementia:
1507 2874 1620 2930 est,
1656 2867 1804 2921 nulla

215 2962 534 3019 imminente
561 2962 879 3015 necessitate
906 2977 1107 3027 rerum,
1129 2969 1185 3015 et
1212 2960 1535 3015 necessitate
1553 2960 1804 3025 violenta,

214 3052 449 3123 propriis
495 3052 737 3105 laudibus
768 3052 905 3105 velle
932 3050 1197 3106 decorari.
1244 3050 1363 3105 Non
1406 3050 1549 3105 enim
1584 3057 1667 3105 est
1706 3049 1809 3103 hoc

214 3142 516 3199 secundum
552 3144 717 3196 Deum
759 3142 935 3211 loqui;
966 3141 1220 3197 indicium
1246 3140 1423 3209 potius
1449 3149 1532 3196 est
1558 3139 1698 3194 istud
1730 3140 1809 3194 in-

214 3234 406 3291 sanize.
452 3232 566 3287 Hoc
606 3232 748 3286 enim
796 3232 950 3286 nobis
974 3246 1187 3286 omnem
1241 3246 1461 3300 prorsus
1506 3230 1809 3285 mercedem

212 3332 445 3382 evacuat
468 3364 482 3389 ,
508 3332 563 3379 et
588 3324 799 3392 quidem
841 3324 1082 3393 plurimis
1118 3323 1395 3377 laboribus
1424 3322 1811 3391 sudoribusque

215 3416 522 3487 quzesitam.
575 3415 703 3468 llmc
731 3414 873 3469 enim
928 3414 1140 3479 omnia,
1191 3413 1380 3483 bisque
1420 3415 1571 3483 plura
1613 3414 1812 3469 dixisse

216 3507 436 3561 videtur
454 3506 519 3559 ad
546 3513 767 3560 cunctos
790 3546 806 3569 ,
831 3505 960 3559 dum
989 3505 1239 3573 loquendi
1267 3505 1334 3560 de
1358 3520 1417 3559 se
1439 3506 1813 3560 necessitatem

218 3596 384 3652 etiam
412 3596 756 3650 excusatione
778 3595 1022 3649 munivit.
1050 3594 1145 3649 llis
1170 3606 1349 3650 autem
1377 3594 1617 3664 profecto
1642 3597 1815 3665 majus

218 3695 344 3753 est,
396 3686 517 3753 quia
550 3688 867 3741 necessitate
903 3696 1131 3755 cogente
1152 3728 1165 3752 ,
1198 3702 1305 3742 non
1335 3688 1577 3743 universa
1606 3687 1741 3743 fudit
1761 3689 1814 3742 in

220 3776 461 3831 medium
484 3818 499 3841 ,
529 3776 623 3831 sed
660 3777 808 3845 plura
847 3778 1006 3839 etiam
1054 3786 1107 3831 et
1137 3780 1339 3847 majora
1374 3779 1585 3832 celavit.
1630 3778 1811 3843 Venio,

222 3870 400 3938 inquit
420 3909 435 3932 ,
464 3869 532 3921 ad
561 3870 774 3923 visiones
798 3877 843 3922 et
870 3870 1198 3923 revelationes
1236 3868 1330 3923 Dei
1350 3887 1369 3936 ;
1414 3888 1566 3941 parco
1605 3883 1775 3925 autem
1799 3912 1814 3935 ,

223 3978 290 4015 ne
312 3962 427 4031 quis
455 3961 518 4014 de
541 3977 619 4013 me
639 3961 885 4015 existimet
923 3978 1074 4031 super
1110 3962 1163 4013 id
1195 3962 1329 4027 quod
1371 3962 1502 4016 videt
1522 4003 1537 4029 ,
1565 3962 1643 4015 vel
1678 3963 1820 4015 audit

224 4052 423 4122 aliquid
449 4068 514 4105 ex
541 4068 620 4105 me
645 4051 723 4123 (2.
748 4052 870 4105 Cor.
904 4052 988 4106 i2.
1024 4054 1074 4106 1.
1107 4062 1151 4105 et
1176 4052 1256 4121 6).
1287 4052 1397 4107 Hoc
1425 4068 1554 4107 vero
1591 4052 1819 4107 dicendo

228 4158 331 4197 nos
351 4143 560 4207 erudit,
588 4151 733 4196 utne
753 4143 1045 4197 exsisteute
1076 4142 1291 4212 quidem
1323 4144 1671 4209 necessitate,
1705 4158 1822 4197 om-

228 4236 317 4291 nia
336 4276 351 4298 ,
374 4251 601 4303 quorum
626 4236 780 4289 nobis
806 4236 1007 4289 conscii
1033 4250 1221 4289 smnus
1243 4277 1257 4301 ,
1289 4235 1339 4289 in
1367 4234 1600 4289 medium
1642 4234 1822 4303 profc-

229 4327 402 4383 rendo
447 4328 761 4396 vulgcmus,
810 4329 905 4383 sed
950 4343 1011 4383 ea
1059 4329 1231 4383 solum
1257 4369 1274 4395 ,
1325 4344 1444 4398 quae
1487 4328 1823 4383 audientibus

230 4420 380 4475 utilia
401 4418 719 4487 judicamus.

308 4511 523 4565 Samuel
561 4527 614 4565 se
661 4511 856 4565 laudat.
887 4538 960 4552 --
1000 4511 1259 4578 Quoniam
1307 4520 1360 4565 et
1409 4510 1643 4577 Samuel;
1693 4513 1825 4566 nihil

233 4603 380 4657 enim
410 4602 621 4655 videtur
669 4603 1056 4672 inconsequens
1106 4605 1245 4657 illius
1274 4620 1485 4673 quoque
1518 4606 1825 4660 meminisse

234 4696 441 4755 sancti,
474 4692 526 4745 in
570 4703 807 4745 nostram
836 4694 1097 4763 siquidem
1131 4695 1408 4748 utilitatem
1452 4697 1609 4749 etiam
1641 4696 1827 4752 laudes

236 4784 607 4849 proferuntur;
655 4792 705 4837 et
755 4784 901 4852 ipse,
954 4785 1166 4852 inquatn
1193 4826 1207 4847 ,
1247 4786 1534 4856 aliquando
1573 4788 1828 4857 gloriatus

236 4885 354 4940 est,
384 4884 439 4929 et
469 4877 679 4944 propria
711 4885 854 4929 recte
882 4875 1015 4929 facta
1045 4876 1291 4945 patefecit
1322 4896 1333 4929 :
1382 4879 1475 4932 sed
1504 4880 1678 4949 qualia
1710 4882 1825 4948 illa,

238 4970 460 5037 qumso?
500 4969 630 5035 Qua:
665 4970 846 5039 utique
883 4983 1208 5037 COgnoscere
1247 4971 1583 5027 audientibus
1630 4988 1829 5028 conve-

240 5061 399 5113 niret.
431 5059 545 5113 Non
591 5060 732 5113 enim
782 5074 943 5128 super
964 5060 1157 5113 decore
1204 5061 1500 5131 pudicius},
1550 5080 1721 5134 neque
1764 5065 1831 5120 de

240 5146 543 5202 humilitate
563 5190 576 5209 ,
606 5164 779 5217 neque
809 5149 875 5203 de
900 5149 1165 5204 oblivione
1193 5152 1440 5219 loquutus
1476 5164 1557 5207 est
1602 5154 1828 5222 injurim,

244 5240 337 5294 sed
359 5256 520 5307 super
550 5241 638 5293 tali
668 5256 727 5295 re
757 5239 1009 5307 quadam,
1039 5257 1197 5309 quam
1226 5246 1494 5313 prmcipue
1513 5246 1720 5300 discere
1747 5263 1831 5299 re-

1054 386 1143 444 DE
1183 382 1523 443 LAUDIBUS
1558 380 1615 439 S.
1648 377 1852 438 PAULI
1892 377 2250 436 APOSTOLI.
2292 376 2524 434 HOMIL.
2566 375 2655 432 Vl.

3370 378 3474 434 592

1888 506 2009 563 gem
2045 491 2185 546 illius
2212 491 2469 563 temporis
2490 485 2772 561 oportebat
2801 507 2815 544 :
2843 489 2899 547 id
2918 497 3001 547 est
3017 533 3030 556 ,
3062 490 3131 546 de
3154 505 3479 547 conservan-

1892 581 1959 635 da
1989 582 2290 652 integritate
2305 581 2526 651 justitize
2544 622 2561 649 ,
2589 590 2645 636 et
2669 582 2914 637 manibus
2952 582 3281 637 abstinendis
3300 598 3331 635 a
3364 598 3480 635 mu-

1893 674 2129 729 neribus.
2153 673 2315 729 David
2344 677 2503 731 etiam
2546 673 2781 744 glorians
2804 673 2872 729 de
2901 675 2978 728 eis
3004 674 3184 745 utique
3210 675 3479 744 gloriaba-

1894 774 1997 828 tur,
2023 781 2140 835 quae
2165 766 2451 821 emendare
2487 764 2785 820 auditorem
2806 764 3064 819 valerent.
3114 764 3297 833 Neque
3337 765 3482 820 enim

1891 855 1959 911 de
1979 872 2038 911 se
2064 857 2221 911 aliam
2252 857 2692 913 commemoravit
2740 856 2829 912 ille
2859 858 3108 912 virtutem
3129 899 3145 922 ,
3175 857 3270 912 sed
3300 872 3484 912 ursum

1890 957 2051 1015 atque
2076 946 2284 1003 leonem
2311 947 2527 1001 adduxit
2557 948 2609 1001 in
2632 947 2865 1002 medium
2886 990 2901 1015 ,
2929 957 3089 1018 atque
3102 948 3243 1003 aliud
3266 961 3487 1018 prorsus

1892 1038 2022 1092 nihil
2053 1039 2130 1108 (1.
2180 1038 2308 1109 Reg.
2340 1040 2425 1093 17.
2460 1038 2576 1111 54).
2616 1040 2827 1095 Etenim
2882 1040 3039 1094 altius
3091 1040 3159 1093 de
3184 1054 3244 1095 se
3292 1040 3488 1097 ctl‘crre

1892 1145 2195 1185 sermonem
2235 1130 2451 1200 gloriosi
2490 1139 2574 1185 est
2616 1139 2670 1185 et
2708 1130 3000 1185 insolenter
3026 1144 3147 1185 sese
3182 1130 3437 1200 jactantis
3468 1146 3483 1180 :

1892 1223 2072 1278 dicere
2092 1234 2268 1278 autem
2300 1224 2385 1278 illa
2404 1239 2524 1293 qua:
2544 1223 2821 1291 pra'sentis
2843 1224 2916 1278 rei
2938 1237 3097 1278 causa
3120 1222 3490 1277 tantummodo

1896 1317 2195 1370 necessaria
2246 1326 2371 1370 sunt
2420 1317 2631 1380 futura,
2683 1318 2912 1371 amantis
2954 1324 3039 1371 est
3096 1316 3489 1385 multorumque

1895 1408 2175 1462 commoda
2204 1410 2503 1478 cogitantis.
2537 1408 2651 1464 lloc
2692 1410 2869 1479 itaque
2894 1408 3018 1463 fecit
3050 1418 3105 1464 et
3132 1407 3331 1464 Paulus
3352 1450 3367 1476 ,
3398 1408 3488 1477 qui

1897 1513 2070 1553 cuma
2102 1499 2564 1569 pseudoapostolis
2615 1511 2945 1571 carperetur,
2993 1502 3143 1571 quasi
3198 1517 3303 1555 non
3346 1510 3492 1556 esset

1898 1591 2151 1660 probatus
2189 1592 2495 1661 apostolus,
2547 1608 2649 1648 nec
2694 1594 2899 1648 habens
2936 1607 2967 1646 a
2995 1592 3210 1646 Christo
3256 1593 3492 1662 aliquam

1898 1692 2247 1754 potestatem,
2296 1694 2511 1753 propter
2553 1686 2970 1742 obtrectationes
3020 1684 3178 1740 falsas
3218 1686 3269 1739 in
3310 1685 3495 1740 laudes

1899 1789 2024 1831 suas
2052 1777 2130 1831 ire
2152 1776 2461 1846 compulsus
2485 1785 2569 1831 cst
2586 1818 2601 1844 ,
2628 1792 2747 1846 qua:
2778 1778 3010 1831 maxime
3037 1776 3348 1845 dignitatem
3376 1775 3493 1845 ejus

1900 1866 2263 1921 ostenderent.
2304 1865 2533 1921 Videsne
2574 1867 2866 1936 igiturper
2892 1875 3089 1935 quanta
3122 1865 3363 1921 docuerit
3400 1880 3495 1920 au-

1900 1958 2130 2013 ditorem
2171 1972 2279 2011 non
2324 1957 2552 2012 inaniter
2592 1957 2847 2027 gloriari?
2897 1957 3079 2011 Primo
3122 1957 3335 2027 quidem
3367 1956 3497 2010 dum

1902 2049 2135 2104 ostendit
2162 2063 2220 2104 se
2241 2047 2382 2104 istud
2397 2049 2641 2104 adactum
2664 2048 2983 2104 necessitate
2999 2047 3209 2103 iecisse.
3225 2047 3496 2112 Secundo,

1902 2140 2029 2194 dum
2060 2148 2235 2194 tamen
2265 2155 2323 2194 se
2344 2140 2679 2208 insipientem
2698 2140 2939 2204 vocavit,
2971 2149 3027 2195 et
3047 2140 3287 2210 plurimis
3311 2139 3501 2195 laudes

1903 2244 2028 2284 suas
2071 2229 2525 2285 satisfactionibus
2570 2231 2905 2300 temperavit.
2959 2230 3173 2293 Tertio,
3227 2231 3348 2300 quia
3390 2244 3498 2284 non

1905 2329 2096 2375 cuncta
2126 2319 2403 2374 confessus
2427 2330 2537 2385 est,
2567 2320 2663 2375 sed
2689 2321 2892 2389 majora
2918 2321 3251 2390 suppressit,
3298 2329 3353 2375 et
3399 2319 3502 2376 hoc

1905 2423 2081 2477 certe,
2135 2428 2256 2467 cum
2305 2414 2624 2469 necessitate
2644 2412 2871 2483 quadam
2918 2414 2968 2466 in
3000 2427 3095 2467 sua
3116 2413 3382 2483 prmeonia
3410 2428 3504 2467 co-

1905 2513 2142 2572 geretur.
2196 2503 2431 2569 Quarto,
2478 2504 2603 2557 dum
2654 2504 2755 2559 sub
2801 2504 3022 2557 alterius
3058 2518 3286 2572 persona
3333 2502 3502 2567 dixit,

1910 2596 2032 2651 Scio
2085 2598 2343 2651 hominem
2390 2598 2471 2667 (2.
2512 2596 2630 2652 Cor.
2688 2597 2775 2652 i2.
2821 2596 2900 2667 2).
2946 2598 3179 2665 Quinto,
3228 2614 3349 2651 cum
3394 2612 3502 2651 non

1907 2702 2095 2743 omnes
2147 2689 2371 2743 virtutes
2419 2703 2543 2744 suas
2585 2687 2806 2743 adduxit
2841 2689 2893 2743 in
2938 2689 3191 2752 medium,
3244 2688 3337 2743 sed
3386 2703 3507 2743 eam

1909 2791 2155 2849 partem,
2205 2794 2362 2848 quam
2394 2794 2632 2849 praesens
2673 2789 2885 2848 tempus
2932 2781 3165 2834 maxime
3210 2778 3505 2849 flagitabat.

1910 2872 2092 2943 Neque
2138 2888 2265 2928 vero
2311 2872 2378 2929 de
2406 2889 2465 2927 se
2496 2874 2865 2928 tantummodo
2910 2872 3215 2943 gloriando,
3261 2871 3510 2927 eumdem

1910 2965 2165 3019 virtutum
2208 2979 2428 3019 suarum
2456 2966 2704 3019 servabat
2732 2975 2971 3019 tenorem
2992 3006 3005 3029 ,
3050 2964 3400 3019 verumetiam
3455 2963 3510 3018 in

1911 3056 2047 3112 alios
2068 3097 2084 3123 ,
2116 3072 2237 3125 qua:
2266 3056 2586 3111 viderentur
2607 3056 2863 3127 injuriosa
2888 3098 2902 3123 ,
2934 3056 3179 3112 dicendo.
3210 3056 3341 3111 Nam
3367 3056 3510 3125 inju-

1912 3149 2047 3203 riam
2072 3149 2269 3204 inferre
2296 3148 2446 3205 fratri
2475 3150 2613 3204 inter
2632 3150 2898 3221 prohibita
2918 3161 3268 3217 numeratur;
3291 3151 3384 3207 sed
3412 3151 3515 3206 hac

1914 3256 2127 3311 quoque
2150 3241 2331 3311 specie
2370 3241 2441 3296 ita
2470 3242 2669 3297 Paulus
2698 3254 3000 3314 opportune
3026 3260 3155 3301 usus
3182 3254 3265 3302 est
3291 3254 3346 3301 et
3375 3260 3513 3300 con-

1915 3349 2074 3402 grue,
2108 3343 2163 3388 ut
2210 3335 2379 3404 magis
2405 3336 2565 3390 etiam
2593 3352 2751 3405 quam
2796 3335 3017 3391 laudans
3057 3337 3295 3406 placeret
3327 3354 3339 3389 :
3380 3350 3511 3406 pro-

1916 3436 2101 3494 pterea
2117 3436 2166 3480 et
2184 3425 2395 3481 Galatas
2425 3428 2725 3481 insensatos
2751 3438 2905 3483 vocat
2940 3428 3079 3497 (Gal.
3106 3430 3157 3483 '5.
3188 3427 3276 3495 1);
3305 3438 3358 3483 et
3385 3430 3516 3483 (ἰτε-

1918 3525 2098 3571 tenses
2124 3559 2138 3581 ,
2180 3526 2393 3572 ventres
2417 3518 2634 3587 pigros,
2666 3528 2721 3572 et
2748 3518 2945 3573 bestias
2986 3519 3155 3572 malas
3246 3516 3261 3586 (
3300 3518 3404 3572 Tit.
3458 3520 3512 3573 1.

1920 3607 2008 3675 l2)
2038 3624 2050 3658 :
2099 3615 2154 3661 et
2184 3617 2359 3662 tamen
2392 3608 2516 3662 hinc
2547 3611 2706 3663 etiam
2750 3608 3092 3677 praedicatur.
3125 3610 3286 3664 Fines
3316 3610 3519 3663 etenim

1922 3696 2077 3750 nobis
2104 3698 2355 3765 exemplo
2398 3712 2495 3751 suo
2524 3698 2711 3753 statuit
2733 3714 2797 3753 ac
2831 3700 3073 3769 regulas,
3102 3710 3159 3753 ut
3187 3701 3519 3770 neglectores

1920 3786 2209 3840 voluntatis
2237 3787 2331 3840 Dei
2376 3804 2710 3857 nequaquam
2759 3804 2885 3842 cura
2932 3789 3137 3844 leniore
3186 3798 3516 3854 tractemus,

1922 3878 2016 3931 sed
2046 3893 2349 3932 sermonem
2381 3878 2435 3932 in
2487 3894 2612 3945 eos,
2645 3880 2733 3949 qui
2762 3880 2921 3949 paulo
2968 3880 3190 3949 rigidius
3222 3882 3515 3950 percutiat,

1923 3966 2237 4036 dirigamus.
2285 3969 2535 4023 Omnium
2579 3969 2841 4038 siquidem
2901 3985 3166 4023 mensura,-
3206 3982 3330 4024 sunt
3382 3972 3520 4039 apud

1924 4058 2069 4112 illum
2098 4059 2284 4113 locata:
2305 4101 2319 4126 ,
2347 4074 2409 4113 ac
2434 4068 2712 4128 propterea
2743 4074 2903 4113 omne
2932 4059 3073 4129 quod
3102 4060 3334 4125 dixerit,
3364 4075 3525 4115 omne

1925 4152 2066 4221 quod
2095 4150 2281 4207 fecerit
2300 4194 2314 4218 ,
2343 4152 2518 4221 placet
2547 4170 2559 4205 :
2586 4162 2641 4207 et
2664 4153 2922 4208 conviciis
2960 4153 3259 4208 coercendo
3281 4195 3295 4216 ,
3325 4165 3378 4207 et
3406 4153 3521 4208 lau-

1926 4242 2084 4297 dibus
2115 4242 2484 4312 provocando,
2515 4245 2783 4299 austerius
2824 4245 3032 4314 aliquos
3074 4246 3375 4301 accusando
3402 4288 3415 4313 ,
3466 4256 3523 4301 et

1927 4333 2172 4388 blandius
2242 4333 2616 4398 admonendo;
2670 4345 2723 4390 et
2772 4350 2892 4390 cum
2944 4335 3101 4391 effert
3149 4337 3417 4407 seipsum,
3474 4350 3527 4392 ct

1930 4441 2115 4479 rursus
2139 4439 2259 4480 cum
2290 4424 2512 4494 deponit
2537 4441 2600 4480 ac
2618 4426 2826 4495 dejicit,
2856 4436 3051 4481 etcum
3073 4427 3141 4481 de
3166 4443 3225 4481 se
3245 4428 3519 4498 gloriatur,

1930 4525 1986 4571 ct
2012 4532 2129 4571 cum
2162 4518 2398 4585 seipsum
2427 4518 2731 4574 miseretur.
2785 4518 2853 4573 Et
2882 4519 3006 4589 quid
3036 4520 3228 4574 mirum
3256 4523 3299 4573 si
3336 4520 3526 4589 injuria

1932 4618 1986 4663 et
2012 4609 2353 4664 maledictum
2387 4610 2599 4680 placet,
2652 4612 2867 4680 quando
2897 4612 3092 4681 placuit
3136 4622 3189 4668 et
3217 4615 3423 4679 cmdcs,
3473 4623 3529 4669 et

1933 4700 2085 4755 dolus
2116 4702 2331 4770 quidem
2380 4712 2540 4772 atque
2583 4702 2827 4772 deceptio
2858 4720 2965 4757 non
3016 4705 3067 4757 in
3102 4714 3287 4759 vetere
3318 4706 3529 4770 Solum,

1936 4792 2027 4844 sed
2053 4791 2103 4844 in
2130 4808 2269 4846 novo
2295 4793 2457 4847 etiam
2489 4793 2874 4848 Testamento?
2904 4795 3027 4849 llmc
3053 4796 3231 4848 omnia
3264 4796 3422 4863 igitur
3446 4795 3527 4849 di-

1935 4886 2114 4955 ligenti
2142 4888 2389 4940 examine
2431 4888 2790 4956 ponderantes
2834 4887 3163 4942 admiremur
3188 4888 3446 4951 Paulum,
3476 4897 3532 4942 et

1936 4978 2292 5045 gloriticemus
2324 4979 2489 5031 Deum
2512 5019 2526 5044 ,
2568 4988 2625 5032 ut
2657 4979 2755 5046 ipsi
2778 4980 2939 5032 etiam
2972 4980 3107 5033 bona
3136 4994 3529 5047 consequamur

1938 5078 2169 5134 aeterna,
2210 5068 2380 5137 gratia
2411 5077 2467 5122 et
2516 5069 2879 5124 misericordia
2938 5070 3144 5123 Domini
3194 5070 3360 5123 nostri
3401 5070 3527 5122 Jesu

1938 5159 2130 5213 Christi
2149 5202 2163 5224 ,
2182 5162 2273 5214 cui
2307 5172 2386 5216 est
2415 5164 2581 5230 gloria
2614 5173 2667 5217 et
2697 5164 2974 5233 imperium
3002 5205 3015 5229 ,
3049 5176 3192 5215 nunc
3218 5172 3271 5215 et
3297 5178 3531 5231 semper,

1946 5260 1998 5304 et
2020 5252 2071 5303 in
2101 5252 2292 5305 smcula
2321 5254 2661 5307 saeculorum.
2698 5258 2891 5307 Amen.

1132 5381 1276 5451 DE
1326 5384 1846 5457 LAUDIBUS
1917 5389 2305 5461 SANCTI
2360 5392 2678 5463 PAULI

1719 5514 2032 5563 APOSTOLI.

1602 5642 1834 5656 ——-—

882 5726 1096 5766 HOMILIA
1132 5730 1202 5767 γι.

325 5793 556 5851 Primum
586 5813 755 5853 eorum
782 5816 893 5871 qua:
918 5803 968 5857 in
995 5803 1161 5859 Paulo
1184 5807 1613 5877 rrpreltemluntur
1651 5826 1667 5865 :
1696 5827 1836 5866 mam

1944 5719 2064 5772 data
2095 5722 2192 5773 Del
2221 5722 2496 5789 possibilia.
2534 5751 2601 5763 --
2635 5722 2807 5778 Vultis
2839 5725 3025 5789 ltodic,
3063 5725 3256 5781 fratres
3294 5726 3533 5780 dilectis-

1948 5816 2066 5869 siml
2092 5855 2106 5882 ,
2137 5815 2223 5885 qui
2254 5815 2502 5873 audiendi
2532 5816 2708 5875 studio
2745 5817 2847 5875 huc
2878 5818 3234 5890 convenistis,
3262 5828 3319 5877 ut
3343 5833 3532 5891 magna
