4082 6422
591 376 701 438 503

598 506 745 569 gesta
773 494 921 556 Pauli
948 505 1109 570 atque
1135 502 1391 571 pmciara
1421 543 1437 569 ,
1473 518 1594 575 quze
1630 504 1783 575 juxta
1821 506 2171 577 quorumdam

600 591 957 661 suspicionem
994 591 1194 650 habetis
1230 594 1476 651 videntur
1512 597 1530 628 ¹
1563 596 1764 668 aliquid
1796 583 2174 669 reprehensio-

602 681 688 736 nis
707 722 727 750 ,
754 682 806 737 in
834 677 1067 738 medium
1108 684 1479 755 proferamus?
1516 685 1727 745 Etenim
1752 689 2084 747 inveniemus
2107 691 2171 746 il-

600 773 714 828 lum
735 786 839 826 non
864 774 1041 829 minus
1068 789 1133 831 ex
1160 775 1242 832 his
1265 817 1279 840 ,
1302 793 1460 847 quam
1483 793 1549 834 ex
1578 781 1785 835 caeteris
1802 780 2005 836 clarum
2032 780 2173 836 effici

603 870 761 933 atque
788 863 1149 932 magnificum.
1176 866 1441 933 Quidnam
1472 869 1603 926 illud
1624 885 1753 941 ergo
1786 878 1889 937 est,
1919 871 2062 942 quod
2092 889 2177 928 re-

603 950 963 1021 prehensibile
980 953 1246 1022 judicatur
1265 946 1291 1010 i
1311 951 1469 1013 Visus
1488 971 1590 1027 est,
1618 960 1876 1030 inquiunt,
1895 960 2177 1031 aliquando

605 1040 787 1113 plagas
813 1042 1004 1099 timere
1032 1059 1046 1099 :
1074 1045 1214 1114 quod
1239 1056 1387 1103 certe
1411 1049 1556 1106 visus
1580 1059 1683 1117 est,
1711 1036 1926 1121 quando
1952 1066 2074 1107 eum
2098 1052 2179 1106 lo-

603 1127 680 1183 ris
716 1129 911 1186 milites
940 1131 1249 1191 tutuderunt
1270 1174 1286 1202 ,
1330 1151 1501 1208 neque
1540 1150 1666 1193 vero
1692 1138 1864 1193 solum
1892 1148 2019 1196 tunc
2040 1179 2057 1206 ,
2082 1140 2177 1196 sed

603 1218 735 1273 alias
758 1234 967 1291 quoque
983 1218 1123 1291 apud
1148 1221 1291 1279 illam
1313 1226 1943 1298 purpuraevenditi-icem,
1965 1230 2178 1300 quando

603 1309 762 1363 etiam
787 1316 978 1366 causas
1002 1312 1143 1381 apud
1162 1313 1283 1370 illos
1306 1316 1575 1384 movebat,
1605 1317 1697 1387 qui
1725 1331 1846 1374 eum
1871 1318 1941 1374 de
1961 1334 2183 1375 carcere

601 1392 711 1466 iam
753 1398 982 1458 educere
1011 1401 1349 1459 festinabant.
1394 1405 1536 1461 Nihil
1582 1407 1726 1466 enim
1769 1408 1913 1463 aliud
1952 1409 2053 1465 ista
2097 1408 2177 1463 fa-

603 1485 830 1555 ciendo,
867 1490 970 1545 nisi
1008 1490 1221 1549 sibimet
1256 1494 1357 1563 ipsi
1380 1495 1743 1552 defensionem
1772 1497 2023 1567 parabat,
2052 1507 2107 1555 et
2132 1501 2180 1556 si

603 1578 732 1646 quid
756 1579 945 1636 horum
973 1582 1208 1653 fugeret,
1248 1600 1317 1640 ne
1345 1587 1398 1641 in
1423 1602 1486 1643 ea
1524 1588 1638 1657 ipsa
1662 1604 1851 1645 rursus
1879 1590 2176 1657 incideret,

603 1670 933 1739 providebat.
956 1672 1093 1741 Quid
1114 1675 1272 1745 igitur
1294 1674 1533 1734 dicemus
1552 1677 1576 1732 τ
1597 1677 1870 1750 Siquidem
1896 1680 2027 1737 nihil
2054 1679 2178 1738 eum

607 1758 682 1813 ita
726 1773 1178 1834 magnumatquu
1221 1766 1557 1835 mirabilem,
1597 1777 1657 1824 ut
1695 1766 1811 1826 haec
1838 1769 1978 1827 dicta
2006 1772 2181 1828 decla-

604 1857 762 1918 rant,
790 1854 915 1921 quia
940 1854 1122 1925 utique
1159 1864 1216 1911 et
1243 1855 1403 1913 talem
1433 1850 1647 1916 habens
1673 1861 1945 1929 animam,
1968 1862 2023 1917 id
2051 1868 2133 1919 est
2159 1905 2175 1930 ,

604 1955 712 1995 ltuu
736 1943 1059 2013 malignitate
1082 1946 1308 2015 quadam
1340 1962 1403 2003 ac
1431 1948 1801 2019 desperatione
1828 1952 2179 2022 praecipitem,

604 2022 661 2084 et
678 2044 871 2100 corpus
893 2032 1087 2089 cedens
1107 2036 1292 2106 plagis,
1318 2040 1477 2109 atque
1499 2040 1723 2098 vei-hera
1737 2045 2176 2110 contremiscens,

607 2133 715 2200 non
741 2120 918 2175 minus
947 2131 1123 2178 tamen
1153 2138 1311 2195 quam
1344 2127 1674 2198 incorporeas
1708 2130 1932 2188 virtutes
1955 2170 1971 2200 ,
2001 2128 2179 2189 omnia
2272 2158 2275 2159 ν

608 2196 700 2261 illa
728 2223 850 2279 quae
884 2210 1132 2268 videntur
1167 2215 1423 2272 terribilia
1462 2196 1742 2289 despexit,
1771 2236 1892 2278 cum
1919 2196 2022 2279 hoc
2046 2230 2181 2280 tem-

608 2305 709 2365 pus
743 2299 995 2368 exigeret.
1022 2301 1245 2368 Quando
1276 2319 1412 2377 ergo
1449 2307 1600 2363 illum
1635 2307 1785 2367 Vides
1808 2320 2080 2373 extentum
2111 2315 2179 2370 ad
2226 2322 2229 2325 ‘

608 2386 790 2455 plagas
808 2428 823 2455 ,
861 2396 1021 2459 atque
1046 2400 1369 2450 metuentem
1389 2436 1406 2463 ,
1447 2396 1657 2454 illorum
1682 2401 1965 2459 recordare
1988 2404 2179 2459 verbo-

613 2491 763 2544 rum,
796 2492 892 2547 per
918 2495 1038 2550 qua:
1063 2486 1391 2542 transcendit
1415 2488 1484 2541 ad
1512 2489 1698 2544 caelum
1725 2492 2031 2564 angelisque
2056 2509 2177 2551 cer-

607 2565 760 2630 tavit,
782 2567 1006 2624 dicendo
1035 2587 1050 2626 :
1081 2571 1209 2639 Quis
1235 2586 1355 2645 ergo
1377 2593 1469 2631 nos
1482 2576 1779 2648 separabita
1796 2583 2003 2638 caritate
2028 2584 2179 2640 Citri-

606 2656 707 2710 sti!
732 2658 987 2713 tribulatio
1004 2700 1021 2729 ,
1041 2675 1110 2716 an
1130 2666 1394 2734 angustia,
1420 2681 1488 2723 an
1516 2672 1830 2742 persequutio
1851 2713 1867 2739 ,
1898 2690 1967 2729 an
1988 2675 2177 2744 fatuas,

609 2758 678 2835 gn
701 2748 923 2814 auditas,
949 2766 1017 2804 an
1045 2752 1345 2823 periculum,
1374 2772 1441 2811 an
1463 2758 1667 2829 gladius
1691 2759 1866 2833 (Rom;
1889 2760 1945 2820 8.
1969 2764 2097 2835 35)?
2119 2767 2180 2821 il-

608 2822 885 2928 iorumque
909 2842 1189 2899 verborum
1211 2822 1513 2916 memento,
1539 2822 1731 2920 quibus
1748 2855 1923 2909 omnia
1947 2822 2066 2926 qua:
2088 2873 2178 2926 pa-

608 2926 773 2998 iitur,
819 2929 947 2986 nillil
977 2947 1098 2990 esse
1135 2938 1470 3005 pronuntiat,
1502 2939 1686 2998 dicens
1717 2961 1732 2998 :
1767 2942 1916 3008 Quod
1960 2949 2092 3002 enim
2124 2950 2179 3003 in

609 3020 844 3087 presenti
868 3034 942 3076 est
973 3032 1375 3082 ntamentaneum
1391 3045 1452 3084 ac
1476 3030 1581 3085 leve
1608 3032 1944 3091 tribulationis
1972 3048 2176 3107 nostra,

607 3127 765 3183 supra
807 3112 1013 3171 modum
1056 3117 1110 3173 in
1145 3120 1449 3177 sublimitate
1479 3132 1719 3180 tetanum
1748 3123 1938 3199 gloria
1981 3132 2180 3199 pondus

609 3213 847 3283 operatur
884 3206 938 3259 in
973 3209 1113 3263 nobis
1134 3250 1151 3277 ,
1178 3226 1280 3265 non
1317 3215 1771 3285 contemplantibus
1796 3219 1938 3274 nobis
1966 3235 2080 3289 qute
2113 3223 2181 3275 vi-

608 3290 811 3361 dentur,
829 3297 918 3350 sed
931 3314 1044 3366 qua:
1069 3316 1170 3355 non
1198 3302 1428 3357 videntur
1449 3305 1523 3376 (2.
1545 3303 1662 3361 Cor.
1688 3307 1743 3363 4.
1772 3309 1860 3365 i7.
1890 3310 2002 3382 l8).
2029 3312 2180 3370 Adde

609 3382 696 3437 his
714 3386 1052 3453 quotidianae
1075 3391 1461 3459 tribulationes,
1492 3395 1600 3450 imo
1625 3398 1949 3468 singularum
1978 3412 2179 3460 mortes

608 3473 813 3563 dierum
836 3517 852 3543 ,
879 3485 1036 3548 atque
1058 3481 1158 3535 ista
1189 3485 1522 3554 perpendens
1549 3487 1813 3547 admirare
1839 3486 2059 3549 Paulum
2083 3537 2100 3563 ,
2127 3512 2180 3552 et

609 3561 678 3617 de
704 3572 756 3618 te
779 3564 1065 3635 desperare
1083 3569 1299 3628 desiste.
1330 3573 1455 3630 Haec
1482 3578 1625 3631 enim
1650 3590 1769 3648 qua:
1792 3581 2002 3638 videtur
2031 3561 2181 3640 in‘iir-

610 3654 766 3710 mitas
792 3664 912 3712 esse
932 3662 1153 3730 naturae,
1182 3662 1294 3732 ipsa
1313 3675 1396 3720 est
1420 3669 1706 3723 maximum
1727 3671 1842 3740 ejus
1865 3674 2070 3732 virtutis
2093 3678 2178 3732 in-

610 3741 809 3799 dicium
830 3787 844 3813 ,
884 3749 1006 3818 quia
1036 3746 1194 3807 talem
1231 3768 1291 3809 se
1316 3756 1496 3826 utique
1519 3761 1805 3828 praestabat
1826 3803 1842 3829 ,
1870 3765 2031 3821 etiam
2055 3782 2177 3824 cum

611 3836 894 3893 multarum
936 3842 1117 3897 rerum
1161 3848 1477 3905 necessitate
1520 3858 1872 3923 torqueretur.
1915 3857 2177 3924 Quoniam

611 3928 900 3982 enormitas
920 3932 1275 3999 periculorum
1302 3937 1441 4011 hanc
1466 3940 1534 3995 de
1554 3942 1646 3996 illo
1670 3945 1849 4001 multis
1875 3948 2177 4017 opinionem

612 4031 978 4111 suggesserat,
1010 4034 1059 4078 et
1084 4026 1342 4095 suspicari
1369 4046 1462 4086 eos
1495 4033 1734 4100 profecto
1762 4035 1997 4106 fecerat,
2036 4018 2179 4111 quod

610 4122 772 4177 super
808 4108 1090 4169 humanam
1116 4126 1355 4174 naturam
1381 4121 1469 4177 ille
1493 4124 1792 4194 proficiens,
1836 4136 2014 4186 tantus
2039 4108 2182 4188 ἐκεῖ»

610 4207 777 4253 steret
808 4201 1046 4257 :idcirco
1084 4206 1320 4263 tribulari
1361 4213 1794 4285 permittebatur,
1827 4228 1884 4273 ut
1909 4220 2177 4293 disceres,

609 4304 730 4357 quta
756 4307 875 4347 cum
901 4296 1188 4352 secundum
1218 4309 1455 4357 naturam
1484 4321 1621 4361 unus
1644 4318 1784 4364 esset
1810 4310 1875 4365 de
1902 4313 2175 4383 pluribus;

609 4389 826 4450 propter
846 4385 1167 4443 voluntatem
1190 4402 1295 4445 non
1320 4393 1490 4450 solum
1512 4412 1670 4467 supra
1695 4401 1891 4457 multos
1910 4401 2177 4472 homines,

610 4486 795 4527 verum
835 4477 993 4531 etiam
1024 4495 1159 4535 unus
1192 4493 1336 4538 esset
1357 4493 1429 4540 ex
1472 4486 1695 4557 angelis.
1725 4491 1860 4547 Cum
1893 4494 1981 4549 tali
2017 4498 2177 4552 etiam

612 4563 789 4656 anima
820 4566 1016 4638 talique
1040 4584 1265 4640 corpore
1293 4584 1489 4631 mortes
1515 4580 1656 4635 mille
1685 4582 1964 4650 tolerabat,
1995 4586 2179 4656 despi-

611 4655 785 4752 ciebat
800 4659 1102 4752 praesentia,
1134 4667 1504 4723 contemnebat
1525 4668 1716 4736 futura,
1747 4674 1886 4728 clara
1917 4676 2000 4730 illa
2022 4655 2179 4747 atque

610 4747 887 4818 magniﬁca
922 4752 1078 4807 verba
1108 4754 1430 4814 resonabat:
1465 4761 1716 4826 Quoniam
1743 4770 1910 4835 optavi
1928 4808 1943 4833 ,
1974 4764 2141 4838 inquit
2161 4814 2176 4837 ,

610 4848 702 4907 ego
740 4839 849 4907 ipse
887 4843 1152 4898 anathema
1189 4862 1297 4900 esse
1339 4863 1371 4903 a
1406 4850 1601 4906 Christo
1636 4847 1760 4908 Iesu
1802 4873 1893 4925 pro
1941 4861 2181 4927 fratribus

610 4930 763 5003 nteit,
792 4932 877 5001 qui
900 4944 1017 4988 sunt
1041 4939 1245 5007 cognati
1270 4941 1364 4993 mei
1392 4944 1664 4997 secundum
1693 4958 1892 5001 carnem
1918 4946 2091 5019 (Rom.
2124 4953 2176 5006 9.

612 5020 689 5087 ὃ).
719 5021 976 5080 Possibile
1003 5036 1083 5082 est
1111 5030 1251 5083 enim
1291 5031 1385 5085 Dei
1419 5035 1569 5103 jussa’
1612 5037 1897 5105 perlicere,
1946 5041 1989 5093 si
2020 5042 2179 5097 modo

612 5112 840 5168 velimus
878 5130 1089 5171 omnem
1131 5129 1335 5176 natura:
1373 5125 1775 5193 trepidationem
1804 5130 2049 5186 alacriter
2069 5135 2178 5186 vir-

614 5212 722 5258 tute
755 5219 1043 5276 superare,
1083 5211 1319 5281 nihilque
1350 5214 1671 5284 iinpossibile
1696 5229 1776 5275 est
1804 5235 1986 5276 eorum
2009 5264 2022 5285 ,
2060 5238 2178 5292 qua:

608 5307 639 5347 a
660 5294 871 5351 Christo
891 5298 1189 5357 hominibus
1212 5306 1555 5373 imperantur.
1584 5308 1638 5363 Si
1659 5311 1796 5365 enim
1819 5321 2070 5381 qnantum
2097 5327 2179 5370 est

611 5384 665 5438 in
694 5386 843 5441 nobis
870 5389 1092 5446 velimus
1124 5394 1308 5448 virium
1337 5398 1635 5465 exprimere
1658 5441 1673 5465 ,
1703 5403 1985 5456 maximum
2018 5406 2176 5458 etiam

611 5476 764 5532 nobis
794 5482 932 5535 Deus
957 5484 1193 5557 adjungit
1230 5488 1478 5543 auxilium
1500 5531 1513 5552 ,
1547 5500 1705 5558 atque
1732 5492 1832 5558 ita,
1863 5492 1961 5547 etsi
2002 5496 2176 5548 omnia

613 5560 663 5618 in
686 5584 781 5622 nos
810 5573 1027 5628 adversa
1056 5587 1372 5631 concurrant
1391 5621 1404 5643 ,
1436 5582 1528 5632 tuti
1560 5590 1730 5634 tamen
1760 5582 1809 5634 in
1839 5583 2013 5636 medio
2038 5586 2177 5654 peri-

612 5659 845 5713 culorum
890 5664 1172 5733 intactique
1221 5669 1571 5722 servabimur.
1616 5670 1795 5739 Neque
1845 5678 2019 5727 tamen
2065 5689 2176 5731 mc-

675 5749 696 5820 ξ
726 5754 821 5806 Gr..
854 5753 1000 5820 {fuitis
1019 5754 1159 5820 hodie
1175 5764 1243 5811 ut,
1259 5759 1669 5817 prmtermittentes
1694 5760 1929 5817 prwclara
1946 5768 1990 5811 et
2023 5762 2173 5813 mira-

610 5808 725 5861 buta
741 5812 896 5871 Pauli,
918 5829 1026 5872 qtae
1052 5818 1192 5876 iusta
1214 5808 1443 5877 dumdum
1468 5808 1899 5885 habm‘videmur,
1922 5808 2017 5875 ett.

1333 382 1394 442 Β.
1434 380 1712 443 ισΑΝΝιδ
1748 385 2218 448 CBRYSOSTOMI
2256 391 2574 451 ARCBIEP.
2613 392 3144 451 CONSTANTINOP.

3759 396 3870 454 501’

2284 538 2437 588 tuere
2462 530 2644 602 plagas
2668 523 3083 601 reprehensione
3122 529 3339 600 dignum
3364 538 3486 596 est,
3522 530 3617 587 sed
3646 538 3863 603 propter

2280 620 2553 692 plagarum
2594 629 2793 676 metum
2822 620 3021 691 aliquid
3064 620 3339 690 indignum
3376 619 3572 691 pietate
3609 625 3864 676 commit.

2281 718 2417 767 tere.
2438 710 2552 767 Hoc
2588 713 2705 783 ipso
2729 712 2902 779 enim,
2929 712 3241 782 quo_plagas
3268 713 3452 781 timet,
3478 713 3569 784 qui
3607 714 3661 769 in
3690 724 3863 770 certa-

2279 804 2425 860 mine
2453 818 2558 859 non
2580 804 2824 868 vincitur,
2847 804 3211 859 admirabilior
3230 804 3527 860 ostenditur
3544 846 3562 871 ,
3588 820 3749 875 quam
3771 805 3863 860 ille

2280 888 2376 963 qui
2405 895 2511 948 noit
2532 893 2700 949 timet.
2726 893 2891 964 Magis
2917 890 3059 950 enim
3082 894 3133 949 in
3156 894 3258 973 isto
3276 894 3443 951 virtus
3468 894 3716 965 refulget,
3738 910 3862 950 cum

2282 986 2471 1043 vicerit
2495 986 2655 1041 etiam
2686 986 2771 1041 illa
2801 1001 2920 1056 quae
2948 987 3140 1041 timuit.
3165 981 3300 1042 Nam
3332 987 3510 1057 plagas
3535 987 3823 1043 formidare
3842 1026 3863 1051 ,

2283 1086 2485 1131 natura:
2523 1085 2607 1131 est
2634 1094 2648 1130 :
2675 1076 2809 1131 nihil
2844 1085 3021 1131 autem
3064 1076 3318 1132 indecens
3357 1077 3627 1147 plagarum
3667 1076 3864 1131 timore

2282 1166 2647 1233 committere,
2692 1168 2979 1222 voluntatis
3032 1176 3276 1223 naturam
3321 1166 3583 1221 inﬁrmam
3623 1168 3867 1238 juvantis

2282 1266 2398 1324 est,
2450 1258 2670 1327 ejusque
2708 1259 3125 1314 imbecillitatem
3160 1271 3255 1314 sua
3304 1259 3498 1313 virtute
3538 1262 3863 1328 superantis.

2284 1347 2373 1403 Sic
2399 1362 2499 1404 nec
2523 1362 2751 1403 monere
2775 1348 3035 1418 culpabile
3054 1358 3177 1413 est,
3211 1349 3303 1403 sed
3327 1364 3421 1418 per
3450 1363 3734 1404 man-orem
3761 1350 3861 1405 ali.

2282 1441 2409 1512 quid
2447 1450 2539 1496 aut
2575 1440 2783 1506 facere,
2820 1450 2911 1494 aut
2938 1442 3117 1496 dicere
3141 1450 3330 1496 eorum
3368 1456 3486 1512 quae
3522 1441 3634 1496 Deo
3670 1440 3867 1509 displi-

2283 1539 2426 1586 cent.
2454 1529 2604 1599 Quod
2633 1531 2679 1586 si
2698 1546 2812 1601 ego
2855 1525 3076 1586 Paulum
3122 1529 3289 1585 fuisse
3331 1530 3601 1587 hominem
3628 1532 3871 1601 denegao

2285 1634 2423 1686 rem,
2451 1621 2644 1675 merito
2672 1620 2801 1675 mihi
2832 1620 2929 1677 has
2966 1619 3279 1690 fragilitates
3320 1630 3524 1675 natura:
3551 1620 3666 1689 ejus
3688 1635 3870 1691 oppo-

2284 1725 2442 1768 neres
2458 1754 2475 1775 ,
2500 1712 2694 1781 quibus
2714 1722 2955 1767 nostrum
2978 1726 3162 1782 posses
3190 1710 3422 1767 refutare
3450 1726 3777 1767 sermonem.
3806 1711 3873 1767 Si

2283 1818 2413 1859 vero
2432 1803 2546 1872 ipse
2571 1803 2691 1858 dieo
2715 1812 2875 1873 atque
2898 1802 3157 1858 confirmo
3175 1802 3298 1872 quia
3320 1803 3480 1857 homo
3508 1802 3721 1873 quidem
3742 1803 3871 1868 fuit,

2284 1902 2339 1949 et
2381 1893 2521 1948 nulla
2562 1890 2716 1950 nobis
2753 1895 2913 1949 etiam
2960 1902 3164 1949 natura:
3192 1894 3497 1951 conditione
3525 1896 3873 1965 praestantior

2284 1982 2416 2051 fuit,
2448 1994 2623 2039 tamen
2661 1982 2852 2040 melior
2874 1984 3150 2040 voluntate
3180 2000 3194 2037 :
3225 1983 3421 2039 frustra
3446 1984 3575 2038 mihi
3602 1985 3703 2038 ista
3733 2000 3873 2053 pro-

2283 2075 2437 2145 ponis
2459 2115 2476 2143 ,
2518 2075 2627 2130 imo
2662 2089 2769 2129 non
2798 2074 2995 2131 frustra
3022 2114 3037 2140 ,
3068 2074 3163 2130 sed
3190 2074 3410 2131 omnino
3438 2089 3535 2144 pro
3566 2073 3735 2128 Paulo
3754 2113 3769 2139 ,
3812 2081 3877 2130 et

2286 2164 2410 2221 hinc
2450 2165 2786 2236 potissimum
2824 2166 2998 2237 qualis
3040 2165 3130 2222 ille
3176 2164 3338 2221 fuerit
3381 2164 3654 2231 oetendis,
3685 2167 3872 2236 quiin

2284 2256 2377 2310 tali
2407 2265 2594 2311 natura
2636 2256 2859 2323 vivens,
2903 2256 3077 2328 potuit
3112 2256 3504 2327 quodammodo
3542 2269 3665 2311 esse
3702 2269 3873 2326 supra

2284 2361 2548 2406 naturam.
2573 2350 2690 2407 Non
2715 2361 2895 2407 autem
2920 2353 3068 2407 illum
3098 2353 3464 2407 tantummodo
3483 2352 3738 2417 extollis;
3770 2334 3876 2407 sed

2282 2440 2443 2497 etiam
2466 2442 2681 2497 consuls
2700 2448 2793 2497 bra
2819 2443 3145 2513 torpentium
3167 2444 3391 2514 seseQue
3417 2445 3469 2499 in
3491 2444 3755 2500 desidiam
3779 2459 3873 2499 re-

2283 2533 2627 2602 clinantium,
2665 2550 2771 2589 non
2798 2547 2895 2590 eos
2920 2534 3192 2591 sustinens
3212 2534 3280 2590 ad
3305 2535 3648 2590 eminentiam
3671 2533 3871 2590 confu-

2282 2639 2410 2695 gere
2429 2636 2632 2680 naturaa
2652 2667 2667 2694 ,
2700 2625 2795 2681 sed
2826 2622 3110 2696 impellens
3137 2626 3202 2681 ad
3232 2626 3463 2682 studium
3491 2626 3802 2680 voluntatis.

2353 2716 2573 2772 Mortem
2608 2733 2675 2771 an
2722 2718 2941 2771 tiniuerit
2988 2713 3220 2783 Paulus;
3256 2722 3414 2771 libera
3455 2717 3713 2770 voluntate
3745 2714 3877 2770 boni

2283 2808 2541 2878 eﬁicimur.
2566 2840 2578 2848 -
2620 2838 2639 2847 -
2665 2807 2771 2865 Sed
2800 2817 2854 2863 et
2881 2809 3130 2875 martem,
3172 2808 3369 2879 inquis,
3409 2806 3697 2877 aliquando
3740 2821 3873 2877 per-

2284 2900 2478 2954 timuit.
2496 2898 2602 2955 Sed
2622 2899 2726 2955 hoc
2750 2906 2965 2970 quoque
2984 2900 3225 2970 profecto
3244 2911 3449 2954 naturae
3470 2907 3585 2965 est;
3617 2906 3674 2953 et
3688 2903 3878 2954 tamen

2283 3004 2469 3046 rursus
2509 2991 2597 3046 hic
2633 2992 2748 3062 ipse
2790 2992 2881 3061 qui
2926 3001 3152 3047 mortem
3201 2993 3413 3059 timuit,
3444 2991 3653 3047 dicebat
3683 3010 3697 3047 :
3728 2990 3875 3045 Nam

2281 3078 2521 3152 quamdiu
2548 3085 2787 3138 sumusin
2815 3083 3263 3152 hottubernaculo,
3286 3085 3655 3157 ingemiscimus
3672 3085 3879 3156 gravati

2287 3175 2363 3245 (‘2.
2386 3175 2503 3229 σὸν.
2617 3175 2673 3246 4)
2708 3193 2721 3231 :
2750 3183 2805 3230 et
2822 3188 3028 3244 rursus,
3066 3175 3179 3231 Nos
3206 3178 3305 3244 ipsi
3342 3178 3477 3230 intra
3501 3193 3594 3230 nos
3622 3177 3880 3246 gemimus

2286 3265 2465 3335 (Rom.
2514 3266 2569 3323 8.
2613 3266 2741 3338 25).
2773 3267 3006 3323 Videsne
3058 3283 3220 3338 quam
3263 3268 3680 3338 arquiparantem
3719 3286 3754 3323 e
3782 3267 3874 3323 dia“-

2283 3374 2438 3414 verso
2476 3358 2700 3414 naturali
2741 3356 3032 3414 infirmitati
3058 3360 3302 3413 virtutem
3332 3360 3641 3428 opposuerit
3676 3359 3875 3413 volun-

2285 3449 2449 3505 tatis?
2474 3449 2608 3517 Quia
2633 3456 2687 3504 et
2731 3458 2994 3516 martyres
3045 3448 3258 3518 plurimi
3293 3461 3414 3503 cum
3446 3431 3773 3504 ducerentur
3798 3436 3876 3505 ad

2282 3550 2530 3605 mortem,
2558 3541 2752 3609 saepius
2779 3540 3102 3609 palluerunt,
3131 3550 3185 3595 et
3201 3540 3391 3594 timore
3419 3554 3482 3594 ac
3510 3535 3873 3608 trepidatione

2282 3632 2528 3701 completi
2554 3640 2675 3687 sunt
2700 3642 2714 3684 :
2747 3630 2841 3685 sed
2867 3630 2968 3684 hoc
2991 3630 3108 3699 ipso
3138 3631 3402 3698 praecipue
3421 3630 3693 3685 mirabiles
3715 3646 3873 3686 com-

2282 3716 2593 3795 probantur,
2620 3722 2869 3792 quoniam
2896 3722 2971 3775 illi
2994 3720 3092 3789 ipsi
3116 3722 3204 3789 qui
3222 3720 3356 3774 mori
3380 3721 3695 3787 timuerunt,
3716 3736 3873 3775 mor-

2283 3811 2388 3863 tem
2418 3817 2592 3862 tamen
2623 3812 2839 3876 propter
2860 3804 3129 3859 Christum
3158 3801 3376 3859 minime
3404 3802 3739 3872 refugerunt.
3771 3804 3867 3860 Sic

2282 3909 2338 3955 et
2360 3898 2571 3961 Paulus,
2614 3896 2705 3967 qui
2747 3912 2867 3951 cum
2898 3906 3125 3950 mortem
3168 3895 3397 3958 timeret,
3448 3909 3515 3947 ne
3556 3894 3725 3961 ipsam
3750 3895 3873 3962 qui-

2283 3989 2404 4045 dem
2447 3990 2727 4044 recusabat
2766 3987 3099 4057 gehennam,
3150 3986 3241 4056 qui
3290 3995 3505 4055 propter
3532 3986 3865 4041 desiderium

2284 4081 2479 4137 Christi
2502 4122 2518 4145 ,
2543 4080 2702 4134 etiam
2728 4089 2848 4133 enm
2890 4076 3198 4132 formidaret
3237 4078 3506 4131 interitum
3528 4119 3542 4141 ,
3574 4087 3750 4131 tamen
3774 4092 3872 4132 cu-

2284 4171 2463 4242 piebat
2487 4170 2699 4226 resolvi.
2723 4166 2839 4223 Non
2866 4180 3042 4224 autem
3073 4168 3157 4222 hic
3186 4164 3332 4222 solus
3366 4168 3483 4221 talis
3523 4168 3637 4233 fuit,
3662 4168 3755 4222 sed
3778 4167 3873 4223 ille

2284 4267 2494 4332 quoque
2519 4261 2608 4331 qui
2636 4261 2735 4315 fuit
2754 4260 3114 4329 apostolorum
3145 4268 3323 4329 caput,
3352 4260 3440 4328 qui
3472 4273 3615 4327 stupe
3660 4254 3872 4314 dixerat

2284 4362 2521 4422 paratum
2553 4365 2611 4405 se
2639 4364 2761 4405 esse
2789 4366 2884 4419 pro
2906 4349 3121 4403 Christo
3146 4350 3376 4403 animam
3412 4347 3623 4404 tradere
3646 4347 3866 4417 (Matth.

2282 4439 2387 4511 26)
2413 4482 2428 4505 ,
2468 4449 2521 4495 et
2542 4449 2713 4494 tamen
2750 4453 2975 4494 mortem
3004 4439 3346 4494 vehementer
3387 4438 3686 4492 horruerat.
3729 4435 3867 4494 Audi

2285 4530 2442 4600 igitur
2461 4530 2583 4599 quid
2608 4529 2655 4584 ei
2677 4545 2838 4597 super
2865 4529 2966 4583 hoc
2994 4528 3234 4583 Christus
3250 4529 3480 4598 loquitur
3507 4546 3520 4580 :
3545 4526 3670 4581 Cum
3699 4540 3867 4584 autem

2284 4621 2526 4687 senueris,
2556 4621 2686 4675 alius
2712 4630 2756 4673 te
2777 4620 2957 4689 cinget,
2978 4630 3025 4673 et
3044 4620 3187 4673 ducet
3212 4636 3311 4689 quo
3341 4635 3442 4673 non
3468 4620 3539 4672 uis
3557 4617 3745 4688 (Joan.
3770 4620 3861 4675 2|.

2285 4710 2409 4781 18):
2440 4722 2640 4764 natura:
2669 4708 3028 4763 inﬁrmitatem
3069 4709 3393 4777 exprimens,
3420 4723 3526 4762 non
3558 4708 3864 4763 voluntatis.

2283 4799 2550 4870 Siquidem
2572 4807 2758 4854 natura
2777 4800 2930 4853 nobis
2954 4798 3130 4855 invitis
3149 4813 3358 4867 quoque
3378 4797 3609 4852 ostendit
3650 4813 3770 4859 sua,
3815 4806 3868 4853 et

2284 4891 2616 4945 inﬁrmitates
2632 4891 2746 4959 ejus
2771 4904 3022 4958 superare
3048 4903 3152 4943 non
3169 4900 3453 4959 possumus
3472 4929 3486 4953 ,
3517 4902 3615 4943 nec
3640 4890 3684 4941 si
3714 4890 3868 4944 valde

2284 4981 2624 5051 studioseque
2650 4975 2925 5049 cupiamus
2959 4998 2971 5034 :
3004 4995 3100 5035 nec
3124 4981 3398 5049 culpamus
3423 4980 3583 5044 istud,
3612 4980 3733 5049 quia
3768 4981 3869 5033 nti-

2284 5087 2387 5140 que
2412 5071 2534 5126 inde
2560 5071 2690 5125 nihil
2719 5070 2982 5136 laedimur,
3010 5070 3116 5124 imo‘
3143 5071 3263 5124 inde
3293 5071 3459 5140 magis
3480 5085 3665 5124 sumus
3688 5071 3867 5124 admi-

2284 5164 2496 5218 rabiles.
2546 5163 2661 5217 Non
2706 5164 2848 5218 enim
2884 5164 3082 5219 crimen
3120 5173 3203 5217 est
3231 5172 3455 5218 mortem
3496 5164 3683 5217 timere
3715 5179 3729 5216 :
3759 5163 3870 5218 imo

2285 5271 2316 5309 e
2343 5254 2633 5319 contrario,
2677 5269 2870 5323 quanta
2899 5255 3014 5308 laus
3040 5264 3122 5308 est
3149 5267 3269 5308 cum
3299 5267 3523 5307 mortem
3556 5254 3762 5314 timeas,
3792 5254 3866 5308 nil

2286 5355 2437 5413 turpe
2478 5353 2645 5412 atque
2664 5344 2854 5397 servile
2887 5344 3087 5412 perpeti
3126 5350 3221 5414 per
3254 5343 3534 5397 timorem?
3579 5341 3692 5396 Non
3722 5342 3864 5395 enim

2285 5446 2523 5489 naturam
2554 5436 2750 5489 habere
2790 5435 3178 5488 inﬁrmitatibus
3206 5434 3492 5497 Subditum,
3524 5432 3617 5486 scd
3662 5433 3865 5486 servire

2286 5526 2699 5587 inﬁrmitatibus,
2752 5525 3091 5578 criminosum
3133 5532 3215 5578 est
3263 5542 3274 5575 :
3310 5532 3366 5576 ut
3408 5524 3596 5575 merito
3644 5525 3865 5591 magnus

2285 5618 2371 5670 ille
2403 5616 2654 5671 habeatur
2683 5627 2838 5684 atque
2870 5618 3120 5669 mirabilis
3142 5660 3156 5679 ,
3189 5618 3276 5685 qui
3320 5616 3733 5669 imbecillitatem
3764 5632 3860 5667 na-

2285 5718 2411 5760 tura:
2431 5708 2714 5759 voluntatis
2736 5709 2926 5760 virtute
2953 5708 3281 5773 superaverit
3306 5725 3317 5759 :
3340 5717 3390 5759 et
3420 5706 3518 5758 hoc
3546 5706 3660 5773 ipso
3679 5715 3860 5758 osten-

2284 5796 2358 5850 dit
2385 5808 2576 5867 quanta
2622 5795 2687 5849 sit
2713 5796 2890 5850 libera:
2920 5796 3203 5851 voluntatis
3233 5806 3484 5866 potestas,
3538 5796 3859 5863 obstruit-pte
