4082 6424
583 454 682 512 καὶ
709 448 1044 521 ἐπιστομίζει
1067 446 1199 509 (τοὺς
1225 445 1501 513 λέγοντας,
1536 443 1635 497 Διά
1671 442 1725 495 τί
1757 442 1833 513 μὴ
1859 440 2016 511 φύσει
2055 457 2151 508 γε-

582 555 821 624 γόναμεν
867 548 1051 610 καλοίς
1111 545 1161 599 τί
1209 544 1319 616 γὰρ
1358 544 1608 616 διαφέρει
1668 540 1826 596 τοῦτο
1882 539 2062 609 φύσει,
2119 538 2154 609 ﬂ

584 650 897 724 προαιρέσει
932 643 1106 709 εἷναι;
1152 645 1300 714 πόσῳ
1352 644 1409 696 δὲ
1451 643 1610 696 τοῦτο
1656 640 1867 710 βέλτιον
1907 640 2153 705 ἐκείνου;

585 752 737 821 Ὅσῳ
765 749 857 803 καὶ
890 746 1183 815 στεφάνους
1211 744 1344 814 ἔχει,
1376 743 1470 797 καὶ
1516 740 1775 812 λαμπρὰν
1804 740 1903 810 τὴν
1946 739 2156 810 ἀνακή-

587 850 759 923 ρυξιν.
798 847 959 902 ’Δλλά
990 845 1203 916 βέϐαιον
1233 844 1295 898 τὸ
1327 846 1425 915 τῆς
1448 844 1694 914 φύσεως;
1744 841 1941 893 ’Λλλέί
1976 839 2153 908 βούλει

584 950 899 1024 προαίρεσιν
935 947 1185 1015 γενναίαν
1224 946 1387 1014 ἔχειν,
1423 944 1577 996 τοῦτο
1624 941 1975 1013 στερρότερον
2021 937 2157 993 ἐκεί-

582 1067 676 1103 νου
725 1047 951 1115 γίνεται.
993 1047 1060 1098 Ἢ
1104 1045 1202 1117 οὐχ
1244 1045 1379 1114 ὁρᾷς
1413 1040 1520 1093 τῶν
1557 1040 1847 1111 μαρτύρων
1881 1040 2055 1109 ξίφεσι
2086 1036 2155 1090 τά

584 1146 812 1217 σώματα
843 1146 1169 1215 τεμνόμενα.
1198 1144 1289 1196 καὶ
1318 1141 1417 1211 τήν
1454 1142 1550 1210 μὲν
1598 1140 1758 1208 φύσιν
1791 1140 2043 1192 εἴκουσαν
2075 1138 2153 1209 τῷ

585 1246 807 1315 σιδήρῳ,
846 1243 943 1313 τὴν
971 1242 1027 1295 δὲ
1054 1240 1367 1311 προαίρεσιν
1408 1239 1468 1291 οὐ
1514 1237 1949 1308 παραχωροῦσαν
1975 1236 2150 1304 αὐτῷ,

580 1345 701 1399 οὑδέ
747 1344 1143 1412 ἐλεγχομένηνς
1180 1341 1279 1392 οὐκ
1304 1335 1441 1401 εἶδες
1462 1338 1553 1391 ἐπὶ
1576 1337 1668 1390 τοῦ
1720 1337 1990 1408 Ἀϐραὰμ,
2027 1336 2149 1389 είπέ

585 1462 699 1515 μοι,
731 1442 1044 1514 προαίρεσιν
1073 1441 1281 1509 φύσεως
1312 1441 1681 1515 κρατήσασαν,
1714 1439 1875 1509 ήνίκα
1914 1439 2005 1491 τὸν
2032 1440 2153 1490 παῖ·

581 1544 648 1597 δα
698 1544 991 1611 σφαγιάσαι
1031 1541 1346 1609 ἐκελεύσθη,
1378 1540 1471 1591 καὶ
1503 1538 1705 1607 ταύτην
1744 1538 1959 1607 ἐκείνης
1987 1538 2151 1591 δυνα-

582 1645 824 1714 τωτέραν
871 1645 1159 1712 φανεῖσαν;
1189 1642 1287 1694 οὐκ
1318 1637 1455 1702 εἶδες
1484 1641 1575 1692 ἐπὶ
1608 1641 1716 1693 τῶν
1753 1640 1917 1710 τριῶν
1942 1638 2152 1691 παίδων

582 1741 644 1793 τὸ
675 1740 806 1794 αὐτὸ
835 1738 992 1792 τοῦτο
1044 1740 1286 1809 συμϐἀνς
1313 1739 1412 1792 οὐκ
1441 1740 1659 1801 ἀκούεις
1688 1738 1781 1791 καὶ
1806 1738 1905 1805 τῆς
1954 1735 2154 1802 ἔξωθεν

584 1836 884 1907 παροιμίας
907 1834 1189 1903 λεγούσης,
1216 1835 1299 1886 δτι
1336 1834 1560 1903 δευτέρα
1591 1832 1751 1900 φύσις
1778 1835 1809 1902 ή
1836 1832 2158 1903 προαίρεσις

583 1931 793 1999 γίνεται
825 1932 889 1981 ἐκ
919 1910 1232 1997 συνηθείας;
1272 1926 1413 1995 Ἐγὼ
1431 1928 1486 1980 δέ
1504 1927 1666 1995 φαίην
1697 1926 1783 1991 ἂν,
1804 1928 1885 1979 ὅτι
1914 1927 2006 1979 καὶ
2024 1944 2156 1996 προ-

583 2025 741 2097 τέρα,
772 2023 953 2087 καθὼς
985 2023 1053 2076 τά
1100 2022 1472 2094 προειρημένα
1524 2022 1822 2085 ἀπέδειξεν.
1868 2022 2029 2093 Ὁρᾷς
2073 2024 2157 2075 ὅτι

584 2121 807 2175 δυνατὸν
840 2120 934 2175 καὶ
965 2120 1061 2191 τὴν
1111 2121 1217 2172 ἀπὸ
1246 2120 1343 2189 τῆς
1383 2116 1596 2187 φύσεως
1625 2117 1767 2187 ἔχειν
1797 2118 2152 2189 στερρότητα,

586 2216 685 2269 ἐάν
722 2216 1036 2287 προαίρεσις
1171 2214 1393 2281 γενναία
1439 2215 1535 2267 καὶ
1579 2212 2009 2281 διεγηγερμένη,
2061 2211 2156 2264 καὶ

587 2312 807 2364 πλείονα
835 2309 1173 2381 καρποῦσθαι
1200 2310 1291 2363 τὸν
1318 2309 1536 2365 ἔπαινον
1566 2310 1657 2361 τόν
1702 2326 1761 2376 γε
1788 2308 2037 2377 ἑλόμενον
2064 2310 2158 2362 καὶ

592 2406 743 2478 [509]
803 2407 1149 2476 βουληθέντα,
1196 2406 1229 2476 ἢ
1277 2405 1692 2472 ἀναγκασθέντα
1755 2403 1921 2456 καλὸν
1977 2400 2152 2469 εἷναις

589 2503 761 2556 Τοῦτό
794 2504 906 2555 ἐστι
936 2502 1168 2571 μάλιστα
1194 2502 1374 2562 καλὸν,
1400 2500 1474 2563 ὠς
1495 2502 1621 2553 ὅταν
1648 2501 1780 2573 λέγῃ
1804 2517 1818 2531 ο
1866 2498 2153 2552 ’Υπωπιά-

589 2597 662 2660 ζω
704 2615 821 2667 μου
871 2598 938 2650 τὸ
982 2597 1151 2665 σῶμα
1191 2596 1287 2649 καί
1330 2595 1707 2664 δουλαγωγῶ.
1732 2596 1865 2648 Τότε
1920 2595 2155 2665 μάλιστα

588 2694 699 2762 ἐγὼ
732 2694 894 2747 αὑτὸν
928 2694 1150 2757 ἐπαινῶ,
1189 2693 1330 2760 δρῶν
1379 2692 1477 2744 οὐκ
1533 2691 1761 2761 ἀπονητὶ
1814 2691 1911 2761 τήν
1959 2691 2158 2761 ἀρετήν

587 2789 977 2860 κατορθοῦντα,
1011 2789 1149 2841 ὥστε
1181 2789 1256 2858 μὴ
1291 2784 1429 2840 εἶναι
1458 2789 1571 2849 τοῖς
1606 2787 1743 2855 μετά
1770 2787 1946 2841 ταῦτα
1992 2786 2160 2859 ῥᾳθυ-

592 2886 731 2956 μίας
748 2885 999 2937 ὑπόθεσιν
1034 2884 1130 2953 τὴν
1173 2883 1418 2936 εὐκολίαν
1465 2883 1561 2953 τὴν
1608 2882 1836 2935 ἐκείνου.
1891 2882 1999 2934 Καὶ
2031 2883 2160 2935 ὅταν

590 2980 724 3053 λέγῃ
775 2980 953 3043 πάλιν,
993 2977 1077 3041 Τῷ
1108 2980 1309 3046 κόσμῳ
1337 2979 1727 3047 ἑσταύρωμαι,
1755 2978 1855 3048 τὴν
1904 2978 2160 3049 προαίρε-

590 3092 677 3129 σιν
732 3075 896 3128 αὐτοῦ
951 3073 1219 3135 στεφανῶ.
1278 3073 1396 3124 "Evr.
1452 3072 1580 3143 γὰρ,
1635 3074 1713 3125 ἐνι
1759 3074 1972 3141 φύσεως
2004 3074 2159 3143 ίσχὺν

590 3172 961 3243 προαιρέσεως
1004 3169 1259 3241 ἀκριϐείᾳ
1298 3170 1665 3239 μιμήσασθαι’
1714 3170 1817 3222 κᾶν
1870 3172 1950 3231 είς
1997 3169 2161 3239 μέσον

589 3271 888 3338 ἀγάγωμεν
920 3264 1108 3319 τοῦτον
1160 3265 1319 3318 αὑτὸν
1369 3264 1461 3316 τὸν
1492 3265 1778 3335 ἀνδριάντα
1809 3265 1904 3334 τῆς
1934 3265 2158 3336 ἀρετῆς,

590 3364 896 3433 εὑρήσομεν
940 3363 1020 3415 ὅτι
1051 3361 1118 3414 τά
1178 3362 1241 3412 ἐκ
1286 3360 1654 3431 προαιρέσεως
1691 3360 1840 3430 αὐτῷ
1890 3360 2158 3431 προσόντα

592 3457 753 3520 καλὰ,
780 3459 860 3519 εἰς
907 3456 1120 3526 φύσεως
1160 3454 1491 3528 στερρότητα
1519 3457 1918 3526 ἐφιλονείκησεν
1946 3456 2160 3524 ἐξενεγ-

594 3557 729 3609 κεῖν.
758 3554 950 3622 Ἦλγει
976 3554 1075 3623 μὲν
1099 3553 1205 3623 γὰρ
1237 3554 1595 3621 τυπτόμενος·
1635 3552 1743 3604 τῶν
1776 3553 1831 3604 δὲ
1858 3554 2163 3623 ἀσωμάτων

591 3649 871 3719 δυνάμεων
898 3650 1006 3703 τῶν
1034 3651 1132 3703 οὐκ
1158 3648 1436 3717 ἀλγουσῶν
1476 3650 1575 3719 οὐχ
1625 3643 1784 3719 ἦττον
1810 3650 1988 3702 αὐτῶν
2025 3668 2160 3704 κατ-

594 3745 835 3815 εφρόνει,
864 3746 940 3807 ὼς
987 3744 1133 3796 ἔστιν
1188 3743 1417 3797 ἀκοῦσαι
1472 3744 1581 3796 τῶν
1618 3744 1881 3813 ῥημάτων
1914 3745 2101 3810 αὐτοῦ,
2126 3746 2162 3800 ἃ

599 3840 734 3911 μηδὲ
762 3841 859 3909 τῆς
890 3838 1103 3907 φύσεως
1132 3839 1292 3891 αὑτὸν
1336 3842 1479 3891 ποιεῖ
1504 3838 1813 3908 νομίζεσθαι
1841 3841 1940 3908 τῆς
1968 3842 2164 3911 ήμετέ-

598 3953 718 4006 ρας.
755 3936 921 3988 Ὅταν
965 3935 1074 4004 γὰρ
1109 3934 1273 4004 λέγῃ·
1321 3935 1474 4003 Ἐμοί
1513 3938 1737 4005 κόσμος
1774 3938 2160 4004 ἐσταύρωται,

600 4029 763 4098 κάγὼ
787 4028 865 4093 τῷ
894 4030 1117 4098 κόσμῳ,
1143 4031 1238 4082 καὶ
1274 4030 1453 4093 πάλιν,
1489 4030 1579 4081 Ζῶ
1605 4030 1671 4083 δὲ
1693 4032 1893 4085 οὐκέτι
1934 4033 2067 4100 ἐγὼ,
2093 4032 2161 4100 ζῆ

599 4125 670 4178 δὲ
696 4125 765 4177 ἐν
798 4123 925 4192 ἐμοὶ
954 4124 1225 4191 Χριστὸς,
1256 4124 1309 4176 τί
1328 4124 1453 4178 ἀλλο
1485 4126 1630 4178 ἐστὶν
1670 4126 1861 4190 εἰπεῖν,
1898 4126 1931 4195 ἢ
1964 4128 2040 4179 ὅτι
2070 4127 2163 4179 καὶ

598 4220 659 4284 ἐξ
695 4218 858 4271 αὑτοῦ
893 4219 1120 4289 μετέστη
1156 4218 1247 4271 τοῦ
1279 4217 1562 4289 σώματος;
1593 4220 1645 4272 τί
1691 4218 1769 4280 δὲ.
1833 4222 1962 4273 ὅταν
2006 4220 2160 4291 λέγῃ,

612 4314 814 4380 Ἐδόθη
857 4331 959 4382 μοι
999 4316 1242 4381 σκόλοψ
1293 4314 1368 4383 τῇ
1405 4317 1605 4383 σαρκί,
1636 4315 1889 4385 ἄγγελος
1932 4316 2125 4371 σατᾱν
2144 4333 2164 4381 ;

599 4408 755 4460 τοῦτο
780 4408 837 4460 δὲ
862 4409 1011 4461 οὐδὲν
1042 4410 1227 4479 ἕτερόν
1254 4410 1420 4473 ἐστιν,
1460 4410 1492 4480 ἢ
1531 4412 1697 4475 δείξαι
1741 4414 1903 4483 μέχρι
1928 4411 2022 4463 τοῦ
2056 4412 2164 4463 σώ-

606 4518 773 4571 ματος
804 4502 1088 4571 ἱστάμενον
1137 4505 1227 4557 τὸν
1259 4505 1417 4557 πόνον
1437 4520 1451 4534 ⁸
1481 4505 1579 4556 οὒκ
1605 4507 1788 4576 ἐπειδὴ
1816 4506 1971 4559 ἔνδον
2000 4507 2059 4558 οὐ
2080 4507 2161 4559 δι-

602 4580 833 4661 έϐαινεν,
880 4597 991 4649 ἀλλ’
1013 4596 1196 4667 ἐπειδὴ
1242 4600 1306 4668 τῇ
1356 4598 1639 4671 περιουσίᾳ
1676 4600 1770 4670 τῆς
1797 4602 2163 4671 προαιρέσεως

603 4692 765 4745 αὐτὸν
784 4692 1087 4762 διεκρούετο
1101 4694 1193 4745 καὶ
1210 4692 1417 4756 ἐξώθει.
1450 4693 1516 4746 Τί
1545 4695 1623 4758 δὲ,
1646 4696 1771 4748 ὅταν
1800 4697 1961 4768 ἔτερα
1986 4698 2159 4751 πολλά

604 4788 803 4841 τούτων
833 4788 1243 4859 θαυμαστότερα
1267 4790 1417 4860 λέγῃ,
1445 4791 1537 4843 καὶ
1560 4792 1723 4865 χαίρῃ
1749 4794 2164 4865 μαστιζόμενος,

608 4883 701 4935 καὶ
731 4885 995 4953 καυχᾶται
1015 4885 1105 4937 ἐπὶ
1131 4888 1247 4948 ταῖς
1270 4885 1516 4952 ἀλύσεσις
1553 4888 1618 4940 Τί
1642 4890 1707 4942 ἂν
1738 4889 1864 4944 ἄλλο
1891 4910 1975 4955 τις
2003 4893 2164 4958 εἴποι,

606 4978 817 5047 ῆτοῦτο
850 4980 985 5051 ὅπερ
1037 4980 1190 5051 ἔφην,
1222 4982 1305 5034 δτι
1332 4981 1391 5035 τὸ
1428 4982 1628 5051 λέγειν,
1672 4984 1995 5049 Ὑπωπιάζω
2048 5006 2165 5057 μου

608 5074 674 5126 τὸ
711 5074 879 5142 σῶμα
918 5076 1015 5127 καί
1048 5076 1427 5147 δουλαγωγῶ,
1473 5080 1572 5134 καί
1620 5081 1911 5150 φοϐοῦμαι
1951 5083 2166 5151 μήπως

608 5172 817 5235 ἄλλοις
838 5172 1104 5240 κηρύξας
1130 5173 1309 5239 αὐτὸς
1333 5174 1614 5244 ἀδόκιμος
1629 5177 1903 5247 γένωμαι,
1925 5180 1985 5231 τὸ
2007 5181 2167 5233 ἀσθεη

610 5268 697 5329 νὲς
717 5268 815 5337 τῆς
840 5286 1047 5336 φύσεως
1073 5270 1437 5335 ἀποδείκνυσι,
1460 5273 1547 5326 διά
1568 5275 1624 5327 δὲ
1650 5275 1870 5343 τούτων,
1900 5276 1974 5335 ὧν
1991 5276 2166 5345 εἷπον,

608 5363 707 5432 τὴν
740 5362 1011 5429 εὐγένειαν
1043 5366 1139 5433 τῆς
1173 5368 1577 5438 προαιρέσεως;

682 5459 776 5510 Διά
804 5459 910 5529 γάρ
952 5459 1107 5512 τοῦτο
1155 5461 1434 5534 ἀμφότερα
1460 5467 1655 5527 κεῖται,
1690 5467 1776 5520 ίνα
1810 5471 1945 5539 μήτε
1975 5471 2061 5524 διά
2098 5473 2166 5526 τὰ

617 5556 826 5623 μεγάλα
888 5558 1069 5610 ἐκεῖνα
1124 5558 1311 5628 ἐτέρας
1374 5555 1510 5613 εἷναι
1561 5560 1718 5631 αὐτὸν
1785 5566 2009 5637 νομίσῃς
2075 5568 2168 5635 φύ-

618 5665 774 5718 σεως,
801 5653 889 5705 καὶ
929 5654 1194 5725 ἀπογνῷς,
1231 5656 1364 5727 μήτε
1390 5656 1475 5711 διὰ
1518 5659 1584 5713 τά
1642 5662 1811 5734 μικρά
1856 5660 2022 5715 ταῦτα
2080 5682 2171 5718 κα-

1266 349 1329 406 S.
1360 342 1648 403 JOANNIS
1698 337 2188 395 CHRYSOSTOMI
2225 339 2552 396 ARCIIIEP.
2593 339 3147 398 CONSTANTINOP.

3724 333 3833 393 500

2264 445 2476 515 ταγνῷς
2497 448 2597 518 τῆς
2628 448 2788 518 ἁγίας
2815 446 3017 516 ψυχῆς,
3055 444 3189 497 ἀλλά
3217 445 3509 499 κάντεῦθεν
3536 447 3699 500 πάλιν
3738 449 3839 520 τήν

2260 547 2567 615 ἀπόγνωσιν
2621 549 2890 614 ἐκϐαλὼν,
2936 551 3015 613 είς
3069 548 3320 619 χρηστὰς
3374 551 3566 603 σαυτὸν
3620 553 3838 620 ἀγάγῃς

2262 649 2498 712 ἐλπίδας.
2523 652 2621 705 Διά
2660 636 2817 706 τοῦτο
2846 651 3028 722 τίθησι
3080 652 3239 705 πάλιν
3274 654 3366 705 καὶ
3395 654 3455 706 τὸ
3478 654 3579 723 τῆς
3612 655 3833 722 χάριτος

2259 752 2351 803 τοῦ
2374 752 2509 806 Θεοῦ
2541 754 2657 822 μεθ’
2684 754 3010 826 ὑπερϐολῆς,
3040 754 3239 825 μᾶλλον
3263 755 3320 807 δέ
3362 756 3422 808 οὐ
3458 756 3575 826 μεθ’
3603 730 3831 824 ὑπερϐοέ

2259 854 2358 921 λῆς
2414 855 2549 909 ἀλλά
2595 857 2730 926 μετά
2788 857 3241 927 εὐγνωμοσύνης.
3300 859 3386 911 ἵνα
3440 860 3605 930 μηδὲν
3662 857 3834 912 αὑτοῦ

2266 958 2488 1028 νομίσῃς
2544 956 2703 1014 εἶναι.
2736 962 2900 1028 Λέγει
2946 960 3002 1014 δὲ
3052 960 3146 1014 καὶ
3174 962 3243 1013 τὰ
3273 962 3371 1031 τῆς
3425 960 3589 1014 αὑτοῦ
3624 960 3836 1031 προθυ-

2265 1061 2410 1131 μίας,
2448 1063 2532 1115 ἴνα
2569 1063 2723 1134 μὴτὸ
2753 1066 2859 1117 πᾶν
2893 1064 2983 1116 ἐπὶ
3006 1063 3097 1116 τὸν
3130 1064 3260 1117 Θεὸν
3291 1063 3472 1134 ῥίψας,
3493 1064 3680 1136 διάγῃς
3700 1064 3840 1116 καο-

2260 1168 2427 1220 εύδων
2459 1170 2551 1222 καὶ
2596 1170 2825 1239 ρέγχων.
2864 1172 2975 1223 Καὶ
3010 1170 3225 1224 πάντων
3267 1170 3435 1240 μέτρα
3475 1170 3567 1221 καὶ
3602 1168 3843 1231 κανόνας

2262 1272 2513 1342 εὑρήσεις
2536 1275 2661 1342 παρ’
2682 1274 2830 1343 αὐτῷ
2859 1274 3000 1343 μετὰ
3029 1274 3316 1345 ἀκριϐείας
3338 1275 3636 1344 κειμένους.
3670 1272 3844 1325 Ἀλλά

2262 1376 2355 1429 καὶ
2372 1376 2687 1447 ἐπηράσατο
2698 1378 2775 1447 τῷ
2785 1378 3187 1449 χαλκεῖ,φησὶν,
3206 1368 3538 1449 ’Ἀλεξάνδρῳ
3554 1377 3703 1431 ποτέ.
3722 1374 3845 1429 Καὶ

2259 1477 2312 1529 τί
2337 1476 2523 1544 τοῦτο;
2552 1480 2625 1531 Οὐ
2659 1479 2766 1550 γάρ
2800 1478 2971 1550 θυμοῦ
3000 1480 3062 1532 τὸ
3094 1481 3243 1550 ρῆμα
3266 1475 3355 1551 ἦν.
3391 1479 3504 1532 ἀλλ’
3524 1478 3715 1548 ὀδύνης
3734 1477 3853 1545 τῆς.

2262 1578 2403 1649 ὑπὲρ
2422 1579 2523 1649 τῆς
2538 1580 2791 1650 ἀληθείας
2807 1566 2900 1633 ὀὐ
2917 1582 3025 1651 γὰρ
3041 1582 3105 1633 δι’
3128 1582 3314 1634 ἐαυτὸν
3337 1580 3511 1651 ήλγει,
3526 1580 3731 1633 ἀλλ’ὅτι
3751 1580 3848 1631 av.

2262 1682 2481 1735 θίστατο
2502 1683 2578 1752 τῷ
2598 1684 2943 1753 κηρύγματι·
2964 1685 3115 1736 Αιάν
3128 1683 3235 1753 γὰρ
3251 1682 3621 1745 ἀνθίσταται,
3649 1682 3846 1750 φησὶν,

2262 1786 2381 1855 οὐχὶ
2410 1786 2555 1855 ἐμοὶ,
2589 1785 2723 1839 ἀλλά
2747 1787 2871 1851 τοῖς
2892 1786 3199 1855 ἡμετέροις
3225 1788 3454 1855 λόγοις·
3494 1787 3633 1841 ὥστε
3667 1788 3700 1854 ή
3730 1785 3857 1856 ἀρὰ

2262 1888 2323 1938 οὐ
2368 1888 2529 1956 μόνον
2553 1887 2643 1939 τὸν
2680 1887 2870 1941 τούτου
2926 1888 3089 1941 πόθον
3141 1888 3382 1940 ἐδείκνυε
3434 1888 3525 1941 τὸν
3574 1888 3714 1957 ὑπὲρ
3740 1888 3858 1957 τῆς

2262 1987 2537 2055 ἀληθείας,
2550 1988 2687 2041 ἀλλά
2702 1991 2797 2042 καὶ
2814 1990 2940 2053 τοὺς
2958 1990 3205 2060 μαθητὰς
3221 2006 3357 2059 παρε
3368 1986 3605 2059 μυθεῖτο.
3623 1988 3855 2061 Ἐπειδὴ

2261 2090 2367 2160 γὰρ
2403 2092 2610 2155 πάντας
2655 2092 2802 2155 εἰκὸς
2845 2088 2913 2161 ἦν
2966 2091 3433 2157 σκανδαλίζεσθαι,
3460 2091 3568 2145 τῶν
3594 2094 3851 2163 ἐπηρεα-

2264 2192 2464 2255 ζόντων
2487 2192 2635 2264 [510]
2660 2193 2739 2263 τῷ
2772 2194 2917 2265 λόγῳ
2972 2195 3125 2247 οὑδέν
3186 2196 3522 2265 πασχόντων,
3557 2194 3645 2248 διὰ
3679 2194 3850 2250 τοῦτο

2260 2297 2435 2351 ταῦτά
2479 2316 2661 2367 φησιν.
2688 2299 2847 2352 Ἀλλά
2874 2300 2966 2352 καὶ
3009 2298 3313 2368 κατηύξατό
3358 2315 3487 2351 ποτε
3541 2298 3742 2369 ἐτέρων
3768 2316 3850 2353 τι-

2263 2397 2389 2462 νῶν,
2420 2398 2618 2466 λέγων·
2654 2400 2837 2468 Εἴπερ
2865 2399 3099 2453 δίκαιον
3134 2400 3291 2468 παρὰ
3322 2400 3444 2465 Θεῷ
3469 2400 3850 2456 ἀνταποδοῦ-

2262 2517 2362 2554 ναι
2392 2500 2505 2567 τοῖς
2539 2504 2850 2556 θλίϐουσιν
2872 2501 3028 2571 ἡμᾶς
3057 2503 3268 2571 θλῖψιν
3288 2521 3301 2534 ·
3329 2474 3695 2567 οὐκέκείνους
3722 2508 3851 2558 ἐπι-

2263 2604 2451 2673 θυμῶν
2486 2607 2641 2675 δίκην
2666 2606 2869 2669 δοῦναι,
2912 2607 2985 2677 μὴ
3011 2607 3240 2675 γένοιτο,
3273 2608 3411 2661 ἀλλά
3438 2608 3563 2669 τοὺς
3601 2608 3847 2679 ἐπηρεα-

2264 2709 2522 2780 ζομένους
2549 2710 2791 2766 σπεύδων
2822 2713 3327 2783 παραμυθήσασθαι
3348 2731 3362 2744 ·
3380 2713 3461 2766 διὸ
3488 2713 3585 2765 καὶ⁴
3621 2712 3846 2781 ἐπάγει,

2256 2814 2469 2879 Αὐτοῖς
2500 2813 2623 2880 τοῖς
2653 2815 3026 2884 θλιϐομένοις
3050 2817 3283 2870 ἄνεσιν.
3332 2816 3485 2869 Ἐπεὶ
3514 2817 3643 2880 ἇταν
3682 2812 3851 2878 αὐτός

2264 2938 2317 2973 τι
2353 2919 2537 2991 πάσχῃ
2576 2920 2760 2989 ἀηδὲς,
2804 2920 3038 2974 ἄκουσον
3081 2921 3197 2984 πῶς
3238 2922 3538 2991 φιλοσοφεῖ,
3594 2920 3689 2974 καὶ
3730 2923 3849 2986 τοῖς

2266 3023 2525 3085 ἐναντίοις
2559 3023 2867 3093 ἀμείϐεται,
2910 3024 3119 3092 λέγων’
3175 3024 3629 3093 Λοιδορούμενοι
3678 3025 3856 3079 εὐλο-

2264 3126 2513 3196 γοῦμεν,
2543 3124 2889 3194 διωκόμενοι
2915 3127 3269 3196 ἀνεχόμεθα,
3299 3129 3851 3197 βλασφημούμενοι

2266 3229 2747 3299 παρακαλοῦμεν.
2787 3228 2849 3282 Εί
2881 3230 2938 3283 δὲ
2958 3230 3026 3283 τά
3059 3232 3197 3302 ὑπὲρ
3230 3231 3339 3284 τῶν
3384 3230 3559 3285 ἄλλων
3580 3230 3848 3301 λεγόμενα

2265 3333 2299 3401 ἢ
2331 3333 2590 3402 γινόμενα
2608 3333 2779 3403 ὀργῆς
2807 3329 2946 3386 εἶναι
2970 3334 3156 3404 φαίης,
3186 3332 3306 3406 ὥρα
3332 3352 3411 3387 σοι
3440 3334 3647 3387 καὶτὸν
3691 3334 3849 3389 Ἐλύ-

2270 3456 2378 3509 μαν
2409 3439 2468 3504 ἐξ
2503 3439 2673 3509 ὀργῆς
2707 3437 2870 3491 αὐτὸν
2918 3439 3329 3509 πεπηρωκέναι,
3392 3440 3487 3491 κοιλ¹
3538 3438 3850 3509 ὺϐρικέναι,

2268 3541 2361 3592 καὶ
2387 3540 2477 3593 τὸν
2529 3541 2775 3593 ’Δνανίαν
2802 3541 2894 3592 καὶ
2939 3540 3037 3607 τὴν
3075 3540 3389 3609 Σάπφειραν
3424 3539 3516 3593 τὸν
3550 3538 3757 3611 Πέτρον
3792 3539 3853 3605 ἐξ

2268 3646 2438 3715 ὀργῆς
2468 3642 2846 3697 ἀπεκτονέναι.
2896 3642 3033 3693 Ἀλλ’
3065 3641 3239 3703 οὐδεὶς
3278 3640 3451 3704 οὕτως
3497 3641 3724 3711 ἀνόητος
3754 3643 3851 3695 καὶ

2267 3750 2491 3819 ήλίθιος,
2517 3747 2593 3811 ὡς
2622 3748 2794 3801 ταῦτα
2828 3748 3025 3800 εἰπεῖν.
3061 3745 3165 3799 Καὶ
3189 3746 3353 3818 ἕτερα
3384 3747 3441 3800 δέ
3497 3747 3671 3801 πολλὰ
3702 3748 3853 3820 εὑρί-

2271 3872 2474 3924 σκομεν
2509 3854 2674 3907 αὑτὸν
2697 3855 2790 3906 καὶ
2816 3852 3041 3921 λέγοντα
3069 3853 3161 3904 καὶ
3184 3852 3461 3916 ποιοῦντα,
3487 3852 3748 3905 δοκοῦντα
3768 3846 3852 3906 εἴ·

2269 3978 2355 4015 ναι
2389 3961 2647 4030 φορτικὰ,
2680 3960 2775 4012 καὶ
2804 3958 2975 4011 ταῦτα
3015 3959 3251 4027 μάλιστά
3275 3960 3445 4024 ἐστιν,
3472 3960 3510 4012 ὃ.
3539 3960 3641 4030 τὴν
3672 3960 3849 4015 ἐπιεί-

2270 4082 2423 4119 κειαν
2453 4064 2617 4117 αὑτοῦ
2649 4065 2912 4129 δείκνυσι.
2940 4066 3050 4117 Καὶ
3087 4065 3195 4133 γὰρ
3226 4066 3355 4117 ὅταν
3391 4063 3469 4135 τῷ
3498 4065 3718 4137 Σατανᾷ
3744 4083 3850 4120 πα·

2273 4168 2420 4239 ραδῷ
2458 4167 2549 4221 τὸν
2570 4168 2627 4219 ἐν
2657 4166 2907 4237 Κορίνθῳ
2928 4170 3359 4239 πεπορνευκότα,
3386 4167 3445 4233 ἐξ
3470 4168 3694 4237 ἀγάπης
3716 4169 3852 4224 αὐτὸ

2204 4302 2211 4306 -
2272 4269 2476 4338 πολλῆς
2521 4272 2665 4321 ποιεῖ
2710 4269 2807 4321 καὶ
2837 4269 3195 4340 φιλοστόργου
3240 4271 3515 4335 διανοίας·
3552 4276 3647 4326 καὶ
3690 4273 3850 4326 τοῦτο

2271 4379 2512 4432 δείκνυσι
2557 4380 2651 4431 καλ¹
2690 4380 2754 4430 ἐκ
2799 4378 2900 4447 τῆς
2938 4379 3197 4450 δευτέρας
3245 4381 3555 4451 ἐπιστολῆς.
3579 4383 3690 4436 Καὶ
3720 4385 3848 4438 ὅταν

2285 4482 2559 4545 Ἰουδαίοις.
2583 4481 2777 4550 ἀπειλῇ
2798 4482 2889 4535 καὶ
2902 4481 3053 4553 λέγῃ,
3077 4485 3383 4551 Ἐερθασεν
3400 4485 3623 4550 αὐτοὺς
3640 4486 3676 4552 ἡ
3700 4486 3847 4555 ὁρτὴ

2271 4590 2358 4651 εἰς
2387 4586 2578 4651 τέλος,
2610 4586 2668 4637 οὐ
2702 4584 2875 4655 θυμοῦ
2896 4585 3268 4656 πληρούμενος
3282 4586 3412 4638 αὐτὸ
3443 4589 3588 4639 ποιεῖ
3608 4586 3846 4655 (ἀκούεις

2273 4689 2402 4756 γοῦν
2434 4688 2598 4742 αὑτοῦ
2645 4686 2882 4757 συνεχῶς
2931 4688 3070 4757 ὑπὲρ
3122 4688 3299 4739 αὐτῶν
3336 4688 3677 4758 εὐχομένου),
3711 4689 3847 4743 ἀλλά

2277 4793 2593 4863 βουλόμενος
2622 4791 2854 4861 φοϐῆσαι
2886 4792 2977 4843 καὶ
2996 4791 3464 4862 σωφρονεστέρους
3484 4792 3843 4863 ἐργάσασθαι.

2302 4904 2446 4957 Αλλά
2470 4903 2561 4957 τὸν
2600 4902 2768 4968 ἱερέα,
2795 4902 2981 4972 φησὶν,
3013 4901 3225 4972 ὕϐρισε,
3256 4901 3457 4970 λέγων·
3494 4904 3747 4958 Τύπτειν
3774 4919 3848 4959 σε

2270 5007 2479 5075 μέλλει
2514 5009 2546 5060 ό
2578 5006 2746 5070 Θεὸς,
2791 5004 2952 5073 τοῖχε
3004 5003 3408 5074 κεκονιαμένε.
3461 5006 3572 5059 Καὶ
3621 5002 3847 5078 οἴδαμεν

2276 5121 2356 5172 ὅτι
2378 5121 2521 5183 τινὲς
2548 5120 2681 5190 πρὸς
2707 5118 2865 5171 τοῦτο
2880 5119 3320 5189 ἀπολογούμενοι,
3346 5123 3682 5192 προφητείαν
3708 5120 3847 5177 εἷναί

2278 5244 2406 5295 φασι
2437 5228 2498 5280 τὸ
2536 5227 2842 5299 είρημένον.
2887 5227 2998 5280 Καὶ
3050 5228 3149 5279 ούκ
3193 5227 3408 5296 ἐγκαλῶ
3456 5232 3565 5291 τοῖς
3593 5229 3843 5297 λέγουσι·

2280 5338 2371 5389 καὶ
2396 5335 2503 5407 γάρ
2539 5335 2737 5404 συνέϐη
2797 5334 2977 5398 τοῦτο,
3029 5337 3123 5389 καὶ
3157 5334 3331 5396 οὕτως
3384 5335 3753 5409 ἐτελεύτησεν.
3784 5339 3847 5391 El

2277 5443 2335 5496 δέ
2368 5462 2448 5507 τις
2475 5445 2796 5515 δριμύτερος
2824 5444 3015 5513 ἐχθρὸς
3050 5444 3126 5498 ὢν
3167 5446 3459 5515 ἀντιλέγοι,
3496 5449 3592 5501 καὶ
3619 5467 3845 5520 περιερ-

2280 5552 2579 5624 γότερόντι
2629 5553 2796 5605 ποιῶν
2839 5553 3199 5626 ἀνθυποφέροι
3244 5554 3447 5622 λέγων·
3490 5556 3600 5609 Καὶ
3640 5558 3687 5609 εί
3724 5574 3851 5627 προ-

2282 5661 2471 5730 φητεία
2497 5657 2585 5731 ἦν,
2604 5661 2743 5725 τίνος
2772 5660 2956 5717 ἕνεκεν
2983 5662 3297 5730 ἀπελογεῖτο
3324 5665 3516 5727 λέγων,
3544 5668 3664 5721 Οὐκ
3688 5668 3850 5737 ᾔδειν
