4082 6416
269 345 371 400 $05

264 473 358 511 ora
379 454 687 518 dicentium,
715 453 825 508 Cur
852 468 956 506 non
982 459 1168 504 natura
1191 448 1316 503 boni
1356 446 1478 501 facti
1523 458 1729 509 sumus,
1753 458 1854 498 nec

262 562 384 602 cum
413 547 525 615 ipsa
562 546 756 599 virtute
783 541 1086 612 progeniti?
1114 539 1250 607 Quid
1295 539 1437 593 enim
1467 536 1628 591 refert
1668 543 1853 588 natura

262 652 405 701 esse,
436 635 576 705 quod
606 642 780 702 potest
806 632 942 687 efﬁci
982 629 1294 685 voluntate?
1323 627 1434 681 lmo
1462 636 1608 679 tanto
1628 635 1710 679 est
1738 639 1853 678 mc—

262 726 366 780 lius
401 734 592 794 sponte
617 737 738 777 esse
778 723 996 786 bonum,
1035 733 1193 788 quam
1233 726 1399 780 sorte,
1444 725 1646 785 quanto
1675 713 1856 781 utique

262 825 480 886 prmstat
516 815 731 869 eo:onis
755 822 811 868 et
851 810 1176 880 amplissima
1207 807 1362 862 laude
1399 805 1661 866 decorari,
1694 819 1853 874 quam

260 906 474 974 penitus
502 905 573 958 nil
607 904 823 958 mereri.
859 905 923 955 At
947 909 1029 955 est
1068 901 1220 953 ﬁrma
1249 908 1455 952 natura.
1486 895 1598 949 lmo
1639 895 1682 948 si
1726 893 1857 948 velis

257 998 587 1050 voluntatem
635 997 824 1049 fortem
866 993 1062 1046 habere
1087 1001 1245 1060 atque
1287 989 1582 1052 robustam,
1627 985 1729 1039 hoc
1767 985 1857 1038 illo

253 1089 416 1160 plane
446 1087 504 1140 ﬁt
543 1086 770 1139 ﬁrmius.
825 1084 905 1138 An
937 1098 1063 1137 vero
1095 1097 1198 1136 non
1225 1080 1374 1134 vides
1412 1079 1624 1132 concisa
1653 1084 1855 1147 marty-

253 1193 378 1231 rum
407 1191 634 1245 corpora
667 1174 913 1242 ferroque
933 1172 1198 1236 cedentia,
1222 1184 1320 1224 nec
1341 1178 1519 1222 tamen
1541 1165 1735 1220 cedere
1761 1173 1852 1219 aut

254 1269 398 1322 vinci
456 1269 508 1321 in
564 1267 742 1335 aliquo
784 1263 1146 1318 voluntatem?
1176 1264 1258 1315 An
1289 1259 1426 1314 forte
1469 1273 1572 1311 non
1602 1255 1856 1326 spectasti

252 1360 417 1413 etiam
461 1356 729 1410 Abraham
775 1355 1049 1407 voluntate
1088 1360 1290 1406 natura:
1341 1349 1715 1419 impedimenta
1769 1362 1857 1400 su-

253 1456 535 1516 perantem
555 1445 705 1514 (Gen.
728 1445 822 1515 2‘2)
849 1484 862 1507 ,
891 1443 1102 1512 quando
1129 1442 1310 1510 utique
1336 1440 1661 1508 unigenitum
1686 1437 1855 1490 ﬁlium

252 1537 438 1608 jussus
464 1547 547 1591 est
585 1537 886 1598 immolare,
932 1550 1052 1588 cum
1100 1542 1246 1588 certe
1291 1541 1417 1584 tunc
1465 1539 1651 1583 natura
1702 1527 1856 1598 quasi

253 1629 465 1684 fortiori
509 1629 729 1682 cesserit
785 1625 1086 1680 voluntati?
1116 1638 1294 1677 nonne
1335 1621 1513 1675 vidisti
1543 1621 1772 1688 idipsum
1802 1618 1854 1672 in

254 1720 361 1773 illis
391 1719 560 1772 tribus
615 1717 792 1786 pueris
833 1715 1093 1770 accidisse
1127 1713 1291 1782 (Dan.
1323 1711 1437 1780 3)?
1469 1725 1646 1764 nonne
1692 1711 1852 1763 etiam

253 1813 448 1866 audisti
476 1811 606 1864 illud
629 1812 904 1878 antiquum
932 1817 986 1862 et
1025 1807 1282 1860 saeculare
1309 1804 1670 1874 proverbium,
1710 1800 1854 1869 quod

253 1901 349 1955 ﬁat
372 1917 435 1955 ex
465 1900 851 1954 consuetudine
875 1897 1110 1952 secunda
1139 1894 1368 1949 natura?
1405 1895 1517 1962 Ego
1545 1908 1671 1946 vero
1698 1892 1852 1946 dixe-

253 1995 382 2057 rim,
413 1991 555 2062 quod
598 1993 758 2046 etiam
803 1992 997 2060 prima,
1031 1991 1169 2042 sicut
1194 1987 1438 2056 superius
1467 1986 1606 2039 dicta
1651 1983 1853 2038 docue-

253 2091 402 2137 runt.
436 2082 593 2136 Vides
611 2082 768 2150 igitur
789 2091 841 2134 et
869 2080 1048 2133 haberi
1079 2079 1417 2146 posseillam,
1437 2092 1554 2146 qua:
1581 2075 1632 2129 in
1658 2083 1846 2128 natura

254 2183 360 2238 est,
389 2172 717 2234 ﬁrmitatem,
749 2172 793 2224 si
839 2171 907 2224 sit
934 2172 1178 2224 voluntas
1221 2168 1375 2222 fortis
1400 2183 1462 2221 ac
1507 2167 1729 2236 vigilans
1759 2182 1773 2218 :
1799 2173 1855 2220 et

252 2265 398 2334 quod
429 2265 630 2332 majore
683 2262 839 2316 laude
881 2263 951 2314 sit
989 2261 1179 2330 dignus
1213 2261 1445 2329 quiesse
1492 2260 1607 2312 vult
1660 2258 1849 2323 bonus,

252 2370 413 2425 quam
444 2353 532 2408 ille
585 2353 677 2423 qui
705 2354 911 2422 cogitur
946 2367 958 2402 :
993 2350 1093 2404 hoe
1125 2363 1206 2404 est
1236 2350 1375 2402 enim
1419 2363 1536 2402 esse
1586 2349 1854 2418 prareipue

252 2444 478 2498 bonum.
512 2443 694 2511 Itaque
724 2458 844 2497 cum
873 2441 999 2495 dicit
1031 2459 1042 2494 :
1073 2439 1274 2509 Castigo
1296 2455 1481 2508 corpus
1506 2454 1691 2502 meum,
1725 2447 1770 2490 et
1800 2438 1852 2488 in

248 2535 538 2588 servitutem
563 2535 735 2602 redigo
768 2547 786 2585 :
809 2534 957 2584 timeo
980 2532 1112 2584 enim
1141 2547 1202 2583 ne
1217 2546 1328 2582 cum
1351 2530 1465 2581 aliis
1487 2529 1847 2597 prwdicavero,

249 2626 362 2693 ipse
389 2625 632 2694 reprobus
663 2625 849 2694 eﬂ‘iciar
891 2624 971 2692 (Ι.
1018 2623 1134 2676 Cor.
1195 2622 1248 2676 9.
1304 2621 1416 2691 9-7)
1469 2639 1481 2674 :
1531 2630 1657 2673 tunc
1704 2621 1851 2672 illum

248 2716 482 2770 maxime
513 2718 716 2770 meritis
762 2715 968 2769 honoro
998 2716 1302 2783 prmconiis,
1356 2714 1544 2767 videns
1574 2729 1679 2765 non
1727 2727 1850 2766 eum

248 2805 368 2858 sine
395 2805 578 2859 labore
607 2805 856 2872 implesse
877 2806 1128 2874 virtutem
1160 2821 1173 2857 :
1205 2821 1273 2859 ne
1303 2805 1336 2857 ii
1363 2807 1452 2873 qui
1479 2815 1596 2872 post
1614 2818 1736 2857 eum
1765 2817 1852 2855 es-

248 2905 373 2948 sent
412 2893 595 2961 futuri,
630 2906 998 2964 argumentum
1029 2895 1095 2948 ad
1123 2895 1382 2949 desidiam
1432 2896 1689 2949 dueerent
1711 2895 1852 2948 illius

247 2983 305 3038 in
330 2985 472 3038 bono
513 2983 814 3039 facilitatem
846 3003 861 3037 :
895 2995 1088 3039 etcum
1115 3001 1298 3039 rursus
1321 2985 1470 3050 dicit,
1505 2985 1701 3038 Mundo
1729 3001 1849 3036 cru-

245 3073 432 3140 ciﬁxus
456 3091 570 3126 sum
595 3073 733 3144 (Gal.
766 3075 819 3128 6.
844 3074 933 3144 Η)
956 3116 970 3139 ,
998 3075 1324 3128 voluntatem
1355 3075 1472 3142 ejus
1495 3089 1712 3127 corono.
1745 3075 1849 3128 P0-

248 3171 354 3216 test
385 3163 548 3227 enim,
581 3173 775 3232 potest,
804 3163 1041 3232 inquam,
1067 3171 1268 3216 natura:
1289 3163 1651 3218 fortitudinem
1677 3163 1846 3216 virtus

255 3253 554 3306 voluntatis
581 3254 798 3306 imitari.
824 3253 954 3306 Nam
985 3253 1029 3305 si
1053 3252 1134 3306 vel
1164 3252 1306 3306 hunc
1325 3254 1495 3321 ipsum
1524 3252 1850 3306 adducamus

246 3351 303 3404 in
335 3349 588 3413 medium,
619 3349 706 3419 qui
754 3357 837 3402 est
863 3348 1105 3417 quaedam
1128 3389 1143 3413 ,
1193 3355 1249 3400 ut
1275 3348 1346 3400 ita
1377 3346 1622 3407 dixerim,
1676 3357 1849 3400 statua

248 3440 461 3494 virtutis
505 3457 520 3494 :
552 3439 883 3493 inveniemus
910 3439 1163 3508 quoniam
1204 3439 1340 3491 bona
1372 3453 1489 3506 qua:
1528 3439 1599 3489 illi
1641 3438 1850 3489 inerant

246 3532 544 3596 voluntate,
574 3531 626 3583 in
655 3542 858 3584 natura:
889 3545 949 3583 ea
980 3529 1284 3582 ﬁrmitatem
1315 3529 1540 3581 certavit
1577 3528 1844 3580 inducere.

249 3623 477 3677 Dolebat
502 3621 716 3690 quidem
739 3621 829 3674 ille
855 3620 1191 3685 verberatus,
1213 3620 1305 3674 sed
1330 3635 1434 3673 non
1465 3620 1640 3672 minus
1671 3610 1848 3671 incor-

245 3715 427 3784 porcis
453 3713 805 3782 potestatibus
830 3714 974 3781 ipsos
1003 3713 1380 3766 contemnebat
1407 3712 1623 3766 dolores
1657 3729 1669 3764 :
1705 3714 1842 3766 sicut

245 3819 314 3858 ex
356 3807 521 3874 ipsius
567 3804 742 3858 verbis
805 3803 1156 3857 animadverti
1221 3813 1417 3872 potest,
1467 3819 1587 3872 qu:e
1642 3819 1740 3856 nec
1781 3804 1848 3856 de

254 3905 438 3948 nostra
482 3902 696 3961 putatur
723 3895 962 3963 proferre
1006 3904 1216 3947 natura.
1250 3893 1474 3960 Quando
1502 3894 1644 3948 enim
1676 3894 1801 3946 dicit
1831 3913 1844 3946 :

247 3984 383 4039 Mihi
434 3987 650 4039 mundus
680 3987 954 4053 cruciﬁxus
981 3995 1074 4051 est,
1102 3995 1148 4037 et
1174 4002 1266 4054 ego
1309 3985 1497 4038 mundo
1526 3985 1720 4054 (lbid.)
1750 4002 1761 4037 :
1793 3993 1848 4039 et

247 4092 455 4141 rursus,
517 4075 638 4129 Vivo
668 4085 836 4128 autem
873 4077 986 4144 jam
1025 4092 1128 4128 non
1181 4092 1292 4146 ego,
1344 4076 1460 4128 vivit
1498 4085 1664 4128 autem
1690 4076 1740 4128 in
1771 4093 1850 4129 me

245 4166 479 4222 Christus
504 4166 642 4236 (Gal.
667 4167 721 4220 2.
748 4167 854 4237 20)
877 4209 890 4231 ,
914 4166 1038 4236 quid
1065 4165 1206 4219 aliud
1224 4165 1432 4220 videtur
1460 4167 1658 4232 dicere,
1687 4181 1848 4236 quam

246 4257 393 4328 quod
425 4260 584 4311 etiam
612 4273 679 4310 ex
710 4272 937 4326 corpore
981 4258 1098 4324 ipso
1139 4257 1301 4309 animi
1351 4257 1546 4311 virtute
1588 4259 1850 4326 migrave—

247 4351 357 4403 rit?
383 4348 520 4414 Quid
549 4353 674 4402 vero
713 4349 870 4402 datur
898 4348 1068 4413 carni,
1106 4361 1226 4401 eum
1267 4349 1449 4416 procul
1481 4347 1642 4402 dubio
1668 4348 1796 4402 dicit
1830 4365 1844 4401 :

254 4440 414 4493 Datus
447 4448 519 4493 est
564 4441 688 4491 mihi
727 4439 962 4492 stimulus
1009 4440 1177 4492 carnis
1228 4454 1353 4491 mea:
1392 4439 1602 4508 angelus
1637 4438 1849 4493 Satame

247 4531 326 4601 (2.
361 4529 482 4585 Cor.
514 4529 600 4586 12.
637 4530 725 4599 7)?
764 4530 877 4584 lloc
912 4539 1088 4584 autem
1127 4530 1258 4583 nihil
1303 4539 1386 4584 est
1433 4545 1652 4599 prorsus
1703 4530 1847 4584 aliud

247 4637 405 4690 quam
426 4622 715 4676 ostendere
732 4623 1120 4692 contempsisse
1140 4623 1379 4678 dolorem
1399 4639 1457 4678 se
1478 4640 1703 4692 corpore
1720 4640 1844 4679 sen-

248 4715 496 4777 tientcm,
529 4728 634 4768 non
656 4715 777 4782 quia
801 4730 907 4768 non
931 4716 1300 4784 ingrederetur
1325 4717 1584 4782 animum,
1609 4716 1701 4771 sed
1721 4717 1844 4787 quia

247 4804 610 4874 magnitudine
632 4805 919 4859 voluntatis
945 4805 1251 4859 excluderet
1271 4821 1394 4859 eum
1416 4815 1576 4876 atque
1604 4807 1842 4874 depelle-

248 4905 352 4951 ret.
407 4895 540 4948 Cum
569 4911 698 4950 vero
725 4896 827 4950 alia
854 4897 1079 4965 plurima
1108 4896 1190 4950 his
1217 4896 1543 4950 mirabiliora
1589 4897 1763 4961 dicat,
1792 4909 1847 4952 et

246 4985 479 5054 gaudeat
505 4985 839 5051 verberatus,
871 4995 925 5041 et
944 4986 1200 5055 glorietur
1232 4995 1527 5050 catenatus,
1560 4987 1686 5056 quid
1704 4988 1846 5044 aliud

245 5079 514 5147 quiSpiam
545 5077 760 5143 dixerit,
809 5093 966 5147 quam
996 5078 1158 5142 istud,
1185 5077 1328 5147 quod
1358 5078 1472 5148 ipse
1516 5079 1846 5133 memoravi?

246 5169 512 5237 Quoniam
542 5169 770 5223 dicendo
798 5169 1034 5238 quidem,
1067 5169 1269 5240 Castigo
1291 5187 1478 5240 corpus
1508 5189 1694 5237 meum,
1727 5183 1771 5225 et
1793 5173 1845 5225 in

247 5261 534 5313 servitutem
555 5261 728 5330 redigo
759 5278 776 5314 :
804 5263 954 5315 timeo
987 5262 1139 5319 enim.
1170 5279 1231 5315 ne
1257 5280 1368 5315 cum
1390 5264 1507 5316 aliis
1538 5265 1844 5332 praedicave-

243 5365 369 5416 71m,
389 5352 498 5418 ipse
526 5354 967 5422 reprobusemciar
987 5353 1062 5424 (l.
1082 5353 1198 5408 Cor.
1229 5353 1282 5408 9.
1310 5354 1418 5425 27)
1447 5397 1461 5421 ,
1490 5356 1722 5410 ostendit
1753 5372 1846 5410 na-

247 5454 383 5498 tura:
428 5444 792 5499 inﬁrmitatem
819 5462 957 5515 :.per
986 5447 1083 5501 ista
1113 5463 1260 5514 vero,
1290 5465 1408 5518 qua:
1437 5449 1568 5517 dixi,
1594 5450 1842 5503 volunta-

250 5538 317 5590 tis
349 5537 700 5591 nobilitatem.

307 5629 539 5681 Gratiam
561 5630 652 5684 Dci
679 5633 918 5698 prwdicat
948 5632 1161 5688 Paulus.
1187 5632 1453 5686 Maledixit
1473 5635 1842 5705 aliquando.—

249 5721 454 5778 ldcirco
481 5720 621 5779 enim
647 5732 929 5796 utrumque
955 5726 1186 5796 positum
1215 5736 1314 5794 est,
1343 5735 1398 5780 ut
1423 5742 1595 5798 neque
1619 5736 1839 5800 propter

1116 333 1208 389 DE
1242 331 1585 390 LAUDIBUS
1621 331 1680 386 S.
1714 328 1918 386 PAULI
1959 326 2311 383 APOSTOLI.
2347 329 2578 386 llOMlL.
2622 330 2712 385 VI.

3460 341 3565 396 506

1975 443 2063 496 illa
2091 457 2282 510 magna
2306 443 2525 495 alterius
2553 457 2676 496 eum
2709 441 2947 511 epineris
2974 457 3093 497 esse
3123 451 3343 508 natum,
3373 451 3427 496 et
3453 444 3566 510 ipse

1960 532 2029 587 de
2058 534 2251 588 virtute
2278 533 2534 602 desperes
2565 551 2578 588 :
2625 549 2796 602 neque
2829 549 2923 601 per
2954 535 3052 586 ista
3080 533 3292 601 parvula
3324 542 3564 586 sanctam

1962 623 2106 678 illam
2129 623 2488 694 reprehendas
2516 624 2747 678 animam
2773 641 2787 689 ;
2813 624 2905 677 sed
2931 623 3052 678 hinc
3081 638 3289 692 quoque
3309 623 3568 691 despera-

1964 717 2162 770 tionem
2194 731 2378 770 rursus
2423 716 2736 784 excludeus,
2763 716 2828 770 ad
2852 716 3126 770 meliorem
3161 730 3308 783 spem
3337 714 3564 783 teipsum

1963 807 2218 861 reducas.
2247 808 2538 876 Pr0ptcrea
2571 823 2756 862 rursus
2782 807 3026 876 adjungit
3044 809 3202 860 etiam
3232 807 3282 860 id
3309 805 3448 875 quod
3475 806 3567 859 Dei

1961 912 2081 952 esse
2099 900 2284 967 gratia:
2307 899 2574 968 proprium
2588 899 3176 968 conﬁtetur,etquidem
3193 897 3566 968 exaggerando

1963 999 2124 1057 atque
2149 991 2493 1047 cumulando.
2522 991 2626 1046 Sed
2657 999 2812 1060 grato
2842 1006 2965 1058 erga
3000 991 3167 1044 Deum
3215 992 3396 1044 animo
3442 988 3566 1043 facit

1964 1080 2158 1148 piaque
2206 1081 2473 1134 sententia
2502 1122 2515 1144 ,
2560 1096 2626 1135 ne
2653 1080 2778 1148 quid
2814 1080 3021 1134 scilicet
3045 1095 3200 1133 suum
3227 1094 3347 1133 esse
3374 1078 3566 1132 ereda.

1964 1179 2070 1223 tur.
2103 1171 2240 1224 Dicit
2268 1180 2444 1224 autem
2473 1171 2633 1224 etiam
2663 1171 2803 1240 quod
2829 1173 2892 1224 ad
2923 1173 3086 1240 ipsius
3117 1171 3348 1239 pertinet
3377 1169 3564 1223 volun-

1965 1268 2126 1315 tatem
2149 1302 2165 1327 ,
2194 1277 2262 1315 ne
2301 1262 2353 1314 in
2397 1262 2565 1315 Deum
2596 1271 2786 1315 cuncta
2819 1261 3102 1330 projiciens
3149 1259 3383 1314 dormire
3410 1260 3565 1311 malis

1969 1363 2032 1404 ac
2059 1358 2306 1406 stertere.
2346 1351 2597 1404 Omnium
2643 1366 2871 1420 namque
2925 1365 3207 1404 mensuras
3235 1366 3298 1404 ac
3353 1351 3564 1418 regulas

1964 1441 2103 1509 apud
2133 1457 2258 1495 eum
2290 1442 2551 1496 invenies.
2584 1441 2688 1497 Sed
2718 1442 3295 1511 maledixitaliquamlo
3320 1483 3334 1505 ,
3358 1441 3560 1510 inquis,

1965 1531 2281 1586 Alexandro
2316 1534 2506 1586 mrario
2549 1531 2646 1605 (2.
2698 1532 2835 1586 Tim.
2884 1535 2938 1587 4.
2980 1534 3048 1586 Η
3098 1534 3137 1603 ).
3169 1532 3236 1585 Ει
3280 1533 3403 1601 quid
3433 1533 3560 1588 illud

1963 1628 2172 1690 spectat
2196 1623 2262 1676 ad
2290 1623 2474 1676 vitium
2502 1622 2526 1675 ?
2571 1623 2685 1676 Non
2711 1623 2854 1678 enim
2885 1623 2982 1674 fuit
3013 1622 3099 1675 hic
3131 1637 3310 1675 sermo
3347 1623 3562 1676 iracun-

1961 1715 2084 1780 dia},
2118 1714 2213 1768 sed
2244 1716 2420 1782 potius
2447 1715 2669 1778 doloris,
2701 1715 2789 1784 qui
2821 1726 2968 1768 certe
2992 1723 3142 1767 ortus
3186 1722 3269 1766 est
3314 1712 3382 1767 de
3416 1713 3560 1766 veri-

1963 1807 2084 1858 tatis
2115 1805 2329 1874 injuria.
2376 1804 2491 1858 Non
2518 1807 2660 1858 enim
2687 1813 2902 1873 propter
2928 1805 3162 1871 seipsum
3194 1802 3427 1862 dolebat.
3465 1801 3558 1856 sed

1959 1896 2081 1964 quia
2104 1895 2464 1963 prmdicationi
2511 1896 2600 1950 ille
2640 1897 2912 1950 restiterat
2947 1912 2960 1946 :
2997 1894 3157 1948 Valde
3184 1897 3338 1956 enim,
3369 1895 3560 1968 inquit,

1960 1987 2138 2038 restitit
2161 2027 2177 2050 ,
2207 1999 2313 2039 non
2345 1985 2494 2051 mihi,
2530 1987 2624 2049 ait,
2651 1987 2744 2039 sed
2771 1987 2931 2038 verbis
2961 1987 3146 2039 nostris
3171 1984 3287 2056 (Ib.
3320 2001 3369 2037 v.
3406 1986 3470 2040 15
3500 1987 3560 2052 ):

1966 2087 2026 2130 ut
2067 2085 2122 2130 et
2167 2092 2322 2130 suum
2374 2092 2497 2146 erga
2536 2077 2811 2130 veritatem
2840 2077 3164 2144 exprimeret
3191 2073 3438 2128 affcctum
3461 2115 3476 2140 ,
3508 2083 3562 2128 et

1961 2183 2065 2220 non
2097 2169 2267 2220 solum
2297 2167 2444 2219 illum
2470 2166 2554 2219 cui
2583 2165 2850 2219 scribebat
2875 2207 2890 2228 ,
2936 2165 3031 2219 sed
3063 2174 3210 2218 certe
3238 2163 3322 2216 bis
3348 2179 3562 2233 quoque

1967 2257 2258 2325 discipulos
2288 2257 2571 2310 solaretur.
2601 2257 2860 2323 Quoniam
2892 2256 3035 2310 enim
3075 2255 3204 2308 satis
3228 2269 3561 2322 consequens

1961 2359 2078 2403 erat
2108 2349 2452 2402 seandalizari
2483 2364 2692 2413 omnes,
2722 2348 2851 2401 nihil
2881 2348 3200 2415 patientibus
3241 2345 3562 2400 adversariis

1959 2441 2199 2494 veritatis
2221 2480 2236 2503 ,
2267 2440 2464 2494 idcirco
2486 2448 2540 2493 et
2563 2441 2611 2492 ei
2639 2440 2727 2508 qui
2759 2445 3151 2507 repugnwerat
3181 2439 3293 2491 Deo
3337 2436 3561 2490 commi-

1958 2541 2116 2584 natus
2143 2540 2225 2582 est
2256 2530 2558 2583 ultionem‘.
2601 2529 2704 2583 Sed
2733 2530 2904 2580 oravit
2929 2529 3186 2581 adversus
3212 2527 3442 2593 aliquos,
3473 2525 3559 2579 di-

1963 2637 2092 2675 cens
2123 2639 2135 2673 :
2164 2623 2222 2674 Si
2251 2632 2417 2674 tamen
2453 2623 2654 2690 justum
2703 2630 2773 2672 est
2812 2621 2952 2687 apud
2979 2619 3145 2672 Deum
3186 2618 3559 2672 retributionem

1957 2711 2166 2763 reddere
2193 2712 2286 2773 his,
2320 2713 2404 2780 qui
2431 2728 2521 2765 nos
2551 2711 2793 2763 tribulam
2821 2710 2898 2779 (2.
2929 2709 3108 2762 Thess.
3131 2710 3180 2762 Ι.
3212 2709 3270 2776 6)
3302 2727 3314 2761 :
3349 2722 3455 2761 non
3490 2707 3558 2760 il-

1959 2801 2039 2853 los
2070 2816 2255 2868 ptenas
2296 2803 2442 2853 luere
2486 2801 2910 2868 concupiscens,
2957 2799 3050 2853 sed
3092 2813 3188 2853 eos
3225 2798 3314 2867 qui
3358 2797 3560 2865 afﬂige<

1957 2889 2150 2943 bantur
2175 2891 2439 2943 consolari
2485 2890 2712 2945 studens
2743 2908 2755 2943 :
2787 2899 3007 2959 prepter
3053 2888 3196 2957 quod
3252 2898 3305 2941 et
3355 2888 3558 2953 infert,

1958 2980 2025 3034 Et
2049 2983 2186 3034 vobis
2213 2983 2298 3050 qui
2325 2981 2660 3047 tribulamini,
2683 2981 2905 3048 requiem
2935 2980 3192 3033 nobiscum
3223 2978 3382 3048 (Ibid.
3413 2993 3459 3030 v.
3478 2976 3558 3048 7).

1957 3075 2221 3130 ϐωιθτυηι
2251 3089 2370 3127 eum
2423 3074 2537 3142 ipse
2589 3073 2789 3142 aliquid
2838 3074 2990 3127 triste
3048 3071 3379 3140 perpetitur,
3435 3068 3558 3124 audi

1958 3183 2117 3235 quam
2150 3167 2252 3220 alta
2298 3167 2550 3235 patientia
2584 3163 2991 3236 philosophetur
3015 3205 3030 3229 ,
3059 3173 3113 3218 et
3157 3172 3375 3233 propter
3419 3162 3560 3217 male

1956 3258 2148 3311 booam
2176 3258 2344 3310 vicem
2375 3257 2564 3311 reddat
2610 3256 2858 3310 inimicis.
2903 3256 3260 3310 Maledicinmr
3289 3296 3304 3320 ,
3343 3241 3555 3321 inquit,

1955 3360 2002 3404 et
2025 3350 2362 3402 benedicimus
2381 3365 2398 3402 :
2416 3349 2855 3417 persequutionem
2888 3349 3129 3416 patimur,
3153 3357 3198 3399 et
3223 3346 3523 3400 sustinemus
3538 3361 3560 3399 :

1956 3441 2384 3508 blasphemamur,
2417 3447 2463 3490 et
2499 3438 2818 3490 obsecramus
2848 3438 2943 3504 (1.
2980 3435 3099 3491 Cor.
3128 3437 3183 3490 4.
3219 3435 3329 3503 12).
3365 3434 3421 3489 Si
3466 3450 3562 3488 au-

1957 3539 2062 3583 tem
2091 3545 2210 3599 quze
2237 3544 2333 3596 pro
2371 3528 2492 3583 aliis
2518 3529 2657 3582 facta
2690 3528 2776 3581 vel
2805 3528 2946 3581 dicta
2972 3536 3115 3590 sant,
3146 3523 3436 3578 iracundiae
3467 3523 3553 3576 di—

1954 3636 2046 3674 eas
2069 3620 2251 3686 fuisse,
2277 3629 2430 3688 potes
2456 3619 2636 3674 dicere
2664 3630 2716 3674 et
2740 3620 2983 3689 Elymam
3008 3632 3218 3686 magum
3235 3632 3329 3686 per
3348 3617 3559 3669 iracun-

1953 3711 2096 3764 diam
2124 3719 2452 3766 exeaecatum
2481 3710 2849 3778 injurioseque
2879 3717 3182 3776 correptum
3215 3705 3234 3778 (
3265 3708 3373 3758 Act.
3407 3704 3553 3776 l3);

1961 3805 2222 3858 Ananiam
2253 3821 2464 3874 quoque
2500 3814 2553 3857 et
2575 3803 2892 3872 Sapphiram
2923 3819 3017 3870 per
3039 3801 3368 3855 iracundiam
3395 3815 3423 3853 a
3452 3800 3550 3852 Pe-

1957 3907 2037 3950 tro
2066 3897 2378 3950 interfectos
2402 3897 2733 3952 exclamabis
2767 3895 2786 3968 (
2814 3895 2926 3948 Act.
2955 3896 2987 3949 5
3019 3896 3058 3964 ).
3091 3893 3351 3962 Sed-quis
3376 3901 3458 3946 est
3485 3893 3556 3946 ita

1959 3989 2153 4042 stultus
2179 3997 2231 4042 et
2261 4003 2472 4053 vecors,
2503 3998 2558 4042 ut
2589 3988 2689 4042 hoc
2717 3987 2912 4041 audeat
2938 3987 3195 4056 suSpicari
3223 3987 3247 4038 ?
3275 3986 3391 4040 Alia
3419 4001 3554 4055 quo-

1957 4094 2063 4148 que
2105 4079 2330 4148 plurima
2376 4079 2679 4133 invenimus
2709 4094 2830 4132 eum
2878 4078 3078 4132 dixisse
3124 4086 3282 4145 atque
3323 4076 3553 4141 fecisse,

1956 4184 2076 4237 quae
2105 4168 2170 4222 ad
2217 4170 2450 4237 speciem
2487 4168 2734 4222 videntur
2775 4182 3023 4220 onerosa.
3049 4167 3246 4220 Verum
3298 4165 3413 4220 lure
3442 4167 3556 4234 ipsa

1955 4269 2081 4314 sunt
2110 4302 2124 4326 ,
2157 4275 2276 4328 qure
2319 4261 2584 4328 praecipue
2610 4259 2925 4313 modestiam
2954 4258 3070 4326 ejus
3115 4257 3422 4313 ostendunt.
3457 4259 3551 4312 Et-

1955 4351 2097 4404 enim
2130 4367 2247 4405 cum
2271 4352 2481 4404 Satanze
2508 4350 2667 4403 tradit
2696 4365 2842 4414 cum,
2871 4350 2958 4417 qui
2982 4348 3222 4401 Corinthi
3250 4347 3422 4401 fuerat
3449 4347 3557 4400 for-

1956 4443 2164 4496 nicatus
2188 4444 2266 4512 (1.
2299 4440 2418 4494 Cor.
2448 4442 2500 4496 ὅ.
2532 4440 2616 4510 5),
2643 4456 2764 4494 cum
2809 4439 2976 4493 multa
3007 4437 3109 4491 hoc
3143 4437 3306 4491 efﬁcit
3331 4438 3555 4491 caritate

1955 4539 2221 4606 plenoque
2268 4535 2466 4590 amoris
2507 4536 2722 4598 animo;
2759 4532 2916 4602 idque
2946 4547 3013 4585 ex
3049 4530 3281 4584 secunda
3331 4528 3555 4598 epistola

1957 4626 2238 4680 evidenter
2293 4626 2526 4679 ostendit
2559 4642 2572 4678 :
2605 4634 2658 4678 et
2685 4639 2716 4678 e
2746 4623 2964 4691 regione
2991 4637 3111 4676 cum
3150 4620 3353 4674 Judreis
3382 4620 3556 4673 mina-

1943 4729 2061 4783 ‘tur,
2085 4734 2147 4772 ac
2171 4719 2320 4784 dicit,
2350 4716 2584 4770 Pervenit
2611 4717 2665 4768 in
2690 4707 2774 4767 Eos
2797 4715 2874 4765 ira
2897 4712 3028 4782 Dei(
3059 4713 3111 4766 l.
3140 4711 3320 4764 Thess.
3349 4710 3404 4763 ἓ.
3431 4709 3546 4774 16);

1957 4825 2064 4864 non
2091 4811 2270 4879 utique
2294 4810 2472 4864 furore
2503 4810 2693 4879 plenus
2721 4807 2774 4860 id
2803 4806 3038 4875 loquitur
3063 4845 3077 4870 ,
3110 4820 3270 4874 quem
3307 4803 3557 4858 audimus

1955 4886 2054 4972 pro
2077 4903 2204 4972 ipsis
2237 4904 2544 4972 frequenter
2571 4909 2811 4954 orantem
2842 4941 2856 4964 ,
2890 4883 2985 4951 sed
3009 4897 3281 4951 deterrere
3309 4911 3403 4950 eos
3444 4904 3556 4949 stu-

1953 4993 2084 5048 dens
2109 5035 2124 5061 ,
2157 5010 2249 5063 per
2281 5010 2401 5064 quae
2428 5008 2522 5047 eos
2548 4992 2796 5046 redderet
2826 4991 3096 5043 meliores.
3131 4989 3236 5043 Sed
3268 4988 3552 5052 sacerdoti,

1954 5087 2131 5156 inquis
2157 5127 2172 5150 ,
2201 5087 2459 5154 irrogavit
2479 5085 2726 5152 injuriam
2755 5082 2983 5136 dicens:
3014 5082 3267 5134 Percutiet
3299 5090 3344 5133 te
3373 5079 3504 5133 Deus
3533 5120 3547 5140 ,

1956 5177 2120 5246 paries
2168 5175 2396 5227 dealbate
2425 5175 2443 5244 (
2473 5175 2584 5226 Act.
2611 5173 2701 5228 923.
2734 5173 2769 5226 5
2800 5174 2843 5242 ).
2891 5171 3147 5225 Novimus
3170 5171 3384 5240 quidem
3413 5168 3556 5239 quod,

1953 5266 2020 5321 de
2052 5269 2153 5321 hoc
2181 5269 2299 5320 loco
2326 5265 2488 5334 aliqui
2517 5263 2906 5319 satisfacientes
2926 5303 2941 5327 ,
2981 5262 3100 5316 loco
3143 5259 3433 5330 prepbetia:
3458 5274 3552 5313 ve-

1957 5360 2056 5413 lint
2097 5374 2218 5414 esse
2249 5357 2391 5427 quod
2425 5358 2622 5410 dictum
2653 5364 2735 5410 est
2772 5373 2784 5408 :
2824 5369 2924 5409 nec
2966 5354 3124 5421 culpo
3154 5352 3392 5406 dicentes
3421 5367 3435 5404 :
3474 5358 3552 5403 et-

1952 5451 2094 5505 enim
2126 5450 2262 5503 istud
2292 5449 2486 5513 evenit,
2514 5449 2696 5517 sicque
2714 5447 2996 5501 defunctus
3016 5453 3116 5500 est.
3148 5445 3202 5498 Si
3230 5446 3346 5512 quis
3375 5451 3554 5496 tamen

1953 5541 2130 5596 acrior
2158 5541 2397 5610 insurgat
2425 5539 2671 5593 inimicus
2703 5580 2716 5604 ,
2751 5548 2805 5592 et
2832 5537 3097 5592 curiosius
3123 5549 3378 5604 reparans
3399 5546 3548 5604 quie-

2019 5739 2032 5770 ¹
2073 5744 2123 5787 In
2147 5745 2304 5789 Graeco
2329 5739 2396 5788 sic
2410 5735 2588 5801 legitur
2619 5750 2630 5785 ;
2662 5734 2850 5786 Idcirco
2872 5731 2986 5783 talia
3010 5732 3143 5784 dicit.
