4082 6424
539 356 639 417 507

538 474 764 530 stionem
788 510 804 535 ,
829 456 1200 533 eunti-adiat,
1232 480 1296 520 ac
1338 463 1532 519 referat
1578 481 1592 517 :
1637 461 1823 517 Nonne
1870 468 2109 523 noverat,

538 564 659 634 quia
701 573 941 617 summus
969 556 1086 613 erat
1108 556 1357 613 sacerdos
1390 554 1451 607 '?
1480 554 1601 609 hoc
1625 554 1804 622 utique
1829 550 2067 605 dicemus
2094 588 2111 614 ,

538 654 786 724 quoniam
836 650 1087 705 erudiens
1130 648 1267 702 alios
1304 660 1425 715 erga
1482 658 1576 699 cos
1622 644 1710 713 qui
1768 642 1821 697 in
1853 648 2115 710 potestate

537 753 661 802 sunt
686 743 979 799 modestius
997 739 1320 803 conversari,
1342 747 1503 809 atque
1541 749 1762 791 monens
1785 774 1801 797 ,
1844 732 1957 802 ipse
1984 746 2117 800 quo-

540 852 647 908 que
675 836 801 891 huic
824 835 993 889 voluit
1016 833 1385 899 obtemperare
1409 860 1426 895 ,
1454 828 1591 882 sicut
1616 834 1671 881 et
1697 824 1942 879 Christus
1972 821 2114 885 fecit,

538 930 627 999 qui
678 935 825 982 certe
875 941 997 981 cum
1046 921 1246 979 Scribis
1289 920 1435 974 mille
1480 916 1635 973 fanda
1690 927 1848 983 atque
1890 910 2115 967 nefanda

539 1019 799 1081 dixisset,
827 1017 901 1071 ait
927 1026 1103 1071 tamen
1141 1030 1155 1067 :
1190 1012 1357 1082 Super
1403 1010 1691 1063 cathedram
1727 1004 1859 1057 Mosi
1885 1003 2119 1058 sederunt

539 1110 737 1167 Scribe
757 1080 807 1164 et
840 1107 1091 1164 Ριιανὶεωὶ
1120 1122 1138 1161 :
1179 1080 1350 1159 omnia
1376 1118 1493 1172 ergo
1513 1080 1820 1171 quie‘dicunt
1860 1097 2017 1157 vobis,
2040 1099 2120 1165 fa-

538 1204 635 1257 cile
656 1217 677 1266 ;
701 1200 975 1256 secundum
989 1206 1158 1252 autem
1178 1212 1331 1265 Opera
1347 1199 1518 1248 eorum
1542 1188 1695 1244 nolite
1718 1188 1885 1258 facere
1904 1186 2116 1259 (Matth.

539 1293 713 1451 2103i
744 1294 1128 1454 :zmdicaturus
1162 1388 1232 1433 est
1259 1375 1461 1432 uerbum
1501 1365 1599 1460 .Dei
1653 1371 1934 1460 quibus-“
1983 1368 2119 1438 ρενί-

540 1477 671 1529 rutis
713 1482 950 1538 exponat.
997 1469 1089 1525 Ira
1130 1484 1284 1539 quare
1328 1465 1471 1520 nobis
1501 1456 1682 1517 insita.
1731 1490 1804 1501 -—
1850 1455 1923 1513 lta‘
1966 1459 2123 1528 igitur

541 1572 597 1618 et
635 1562 721 1617 hic
771 1561 1001 1625 Paulus,
1033 1568 1088 1613 et
1120 1554 1456 1613 conservavit
1504 1551 1768 1622 pontiﬁcis
1813 1546 2122 1619 dignitatem

540 1660 596 1708 et
644 1650 786 1722 quod
848 1649 1081 1705 futurum
1141 1656 1297 1712 erat,
1342 1650 1469 1699 ante
1529 1639 1793 1712 prmdixit.
1854 1634 2006 1706 Quod
2079 1635 2125 1690 si

543 1744 805 1800 Joannem
830 1757 861 1795 a
886 1739 1157 1795 consortio
1182 1734 1490 1808 separari“
1520 1734 1632 1786 Act.
1661 1730 1751 1787 15.
1777 1730 1896 1799 38),
1919 1737 1974 1783 et
2021 1727 2125 1782 hoc

544 1834 729 1904 utique
766 1831 1064 1887 rectissime
1109 1842 1205 1897 pro
1230 1824 1500 1881 communi
1529 1817 1707 1877 ofﬁcio
1736 1816 2126 1890 praedicationis

541 1923 739 1981 eﬁ‘ecit.
766 1921 900 1976 Eum
922 1918 1184 1989 siquidem
1200 1915 1291 1987 qui
1319 1912 1461 1969 istud
1487 1910 1710 1981 suscipit
1733 1904 1995 1974 ofﬁcium,
2017 1919 2127 1961 non

542 2022 753 2084 oportet
778 2011 993 2066 mollem
1013 2024 1133 2064 esse
1161 2002 1447 2077 quemdam
1484 2013 1643 2073 atque
1680 2000 1973 2055 resolutum
1994 2040 2010 2064 ,
2032 1996 2129 2052 sed

545 2104 741 2160 fortem
766 2110 822 2158 et
864 2117 959 2173 per
984 2108 1175 2155 cuncta
1202 2097 1502 2152 robustum.
1552 2093 1737 2163 Neque
1768 2090 1910 2145 enim
1939 2088 2129 2142 saltem

546 2198 808 2268 attingere
857 2196 1140 2265 quisquam
1182 2190 1341 2245 debet
1393 2184 1636 2257 praeclari
1692 2182 1849 2252 hujus
1890 2178 2130 2234 muneris

546 2291 911 2354 functionem,
966 2287 1068 2340 nisi
1099 2291 1312 2354 paratus
1357 2282 1427 2335 sit
1470 2277 1664 2333 millies
1700 2274 1931 2327 animam
1979 2284 2129 2324 suam

550 2383 763 2440 tradere
788 2380 841 2434 in
868 2387 1121 2437 mortem.
1148 2384 1309 2444 atque
1334 2370 1664 2427 discrimina.
1694 2366 1830 2421 Dicit
1854 2363 1995 2419 enim
2017 2364 2132 2431 ipse

550 2472 810 2533 Dominus
833 2470 989 2525 Jesus
1019 2451 1121 2521 :Si
1147 2467 1259 2533 quis
1295 2465 1400 2517 vult
1438 2470 1547 2530 post
1586 2475 1665 2511 me
1691 2460 1857 2511 uenire
1880 2493 1896 2521 ,
1927 2452 2133 2522 abneget

547 2565 867 2635 semetipsum
890 2602 905 2627 ,
960 2568 1006 2612 et
1048 2558 1191 2611 tollat
1244 2569 1441 2608 crucem
1475 2567 1653 2616 suam,
1681 2558 1728 2602 et
1778 2555 2013 2615 sequatur
2055 2557 2134 2594 me

550 2657 572 2725 (
604 2630 793 2710 Hatth.
825 2630 915 2707 f6.
942 2650 1058 2719 ‘24).
1086 2646 1189 2714 Qui
1215 2659 1346 2714 ergo
1376 2658 1481 2698 non
1510 2638 1602 2725 tali
1640 2640 1820 2694 animo
1845 2643 1927 2691 est
1953 2674 1970 2701 ,
1997 2630 2135 2686 mul-

546 2722 632 2801 tos
654 2744 813 2801 etiam
844 2741 977 2795 alios
1020 2753 1117 2792 suo
1164 2732 1338 2806 perdit
1392 2722 1673 2803 etemplo,
1704 2728 1975 2797 magisque
2005 2724 2134 2778 utile

546 2836 699 2895 estsi
728 2837 984 2906 quiescat,
1013 2830 1221 2899 sibique
1244 2832 1445 2882 tantum
1473 2832 1645 2886 vacet,
1688 2828 1845 2890 quam
1877 2818 1920 2871 si
1941 2826 2132 2885 proce-

550 2930 646 2986 dat
679 2929 729 2983 in
762 2925 993 2981 medium
1022 2933 1076 2978 et
1101 2936 1235 2976 onus
1265 2918 1375 2974 suis
1406 2916 1605 2970 viribus
1643 2914 1820 2980 majus
1850 2916 2082 2963 assumat
2116 2924 2130 2959 :

545 3018 627 3075 sic
652 3017 792 3071 enim
817 3030 921 3069 non
947 3013 1212 3082 propriam
1230 3004 1525 3073 solum-,scd
1543 3005 1705 3060 etiam
1727 3001 2010 3056 multorum
2033 2996 2135 3051 sibi

547 3108 877 3165 creditorum
926 3104 1105 3175 prodit
1132 3100 1381 3156 salutem.
1428 3096 1497 3151 Et
1521 3103 1710 3151 revera
1738 3090 2006 3161 quomodo
2030 3101 2135 3144 non

550 3197 843 3255 absurdum
867 3207 971 3261 est,
998 3203 1058 3249 ut
1104 3208 1225 3248 cum
1268 3189 1460 3259 aliquis
1503 3185 1708 3241 nesciat
1743 3192 1911 3237 artem
1941 3180 2136 3251 guber-

551 3288 714 3344 nandi
738 3284 1113 3357 pugnandique
1136 3297 1255 3336 cum
1296 3276 1571 3343 fluctibus,
1600 3288 1699 3329 nec
1726 3273 1773 3327 si
1808 3271 1951 3326 mille
1977 3268 2139 3324 rebus

551 3379 794 3448 adigatur
822 3416 837 3441 ,
868 3375 1026 3444 eligat
1068 3371 1135 3427 ad
1162 3371 1369 3425 clatrum
1420 3365 1610 3422 sedere
1663 3380 1677 3417 :
1726 3368 1782 3417 ct
1830 3357 1920 3414 ille
1947 3358 2040 3428 qui
2069 3357 2137 3411 ad

552 3468 875 3541 praedicandi
902 3467 1075 3537 pergit
1095 3463 1329 3519 ofﬁcium
1360 3470 1562 3515 temere
1590 3457 1657 3512 ad
1685 3454 1823 3510 istud
1844 3460 1898 3509 et
1930 3462 2141 3507 utcums

557 3576 664 3632 que
716 3559 1011 3629 contingit,
1062 3553 1318 3618 accedat,
1350 3559 1509 3621 atque
1540 3544 2001 3603 innumerabilium
2047 3557 2137 3595 re-

553 3631 672 3709 rum
720 3666 905 3705 curam
953 3648 1155 3716 absque
1196 3642 1302 3699 ulla
1357 3637 1788 3696 consideratione
1840 3631 2139 3702 suscipiat?

554 3741 678 3800 Non
706 3741 884 3811 itaque
928 3738 1140 3793 navium
1165 3734 1596 3804 gubernatorem,
1620 3734 1724 3781 nun
1746 3724 1811 3779 ad
1835 3723 2035 3778 bestias
2057 3722 2141 3775 di-

562 3834 854 3888 micantem
882 3872 897 3896 ,
939 3843 1048 3883 non
1098 3826 1223 3879 ludo
1267 3819 1581 3893 gladiatorio
1611 3818 1933 3872 destinatum
1965 3853 1980 3878 ,
2037 3828 2144 3865 non

558 3922 727 3978 alium
756 3919 1060 3989 quempiam
1089 3916 1306 3971 omnino
1326 3915 1404 3968 sic
1427 3911 1494 3967 ad
1522 3909 1832 3965 discrimina
1862 3916 1917 3959 ct
1944 3913 2146 3960 mortes

561 4020 804 4084 paratam
834 4019 992 4079 atque
1018 4007 1315 4076 expositam
1340 4010 1555 4073 oportet
1576 3989 1777 4053 habere
1807 3997 2064 4059 animam,
2088 4004 2145 4048 ut

564 4118 690 4159 eum
716 4103 804 4172 qui
845 4099 1067 4168 suscipit
1100 4096 1331 4151 ofﬁcium
1364 4090 1705 4163 praedicandi.
1746 4088 1878 4141 Nam
1919 4095 1973 4142 et
2002 4086 2144 4155 peri-

559 4203 679 4253 cula
724 4194 965 4265 profecto
992 4189 1214 4259 majora,
1250 4198 1303 4242 et
1325 4182 1934 4245 adversariisawiores,
1965 4189 2017 4233 ct
2038 4192 2142 4231 non

560 4295 728 4343 unum
754 4282 1023 4355 quoddam
1054 4278 1241 4333 mortis
1267 4291 1435 4348 genus
1461 4273 1717 4329 incumbit
1746 4314 1761 4336 ,
1795 4287 1895 4325 nec
1920 4285 2143 4340 usquam

558 4386 783 4449 prorsus
811 4374 970 4428 simill
1000 4368 1304 4425 conditione
1352 4374 1586 4422 certatur
1609 4366 1653 4417 ².
1685 4362 1887 4419 Cretum
1916 4374 2147 4430 namque

625 4573 642 4602 ι
680 4577 729 4617 In
750 4576 911 4616 Graeco
946 4565 1141 4628 legitur,
1162 4577 1221 4628 ,ςι
1254 4560 1624 4628 prophetizaret,
1665 4570 1753 4607 cur
1790 4552 2148 4628 excusationem

558 4616 743 4696 profert
765 4630 929 4696 dicen;
1278 4616 1411 4696 quini.
1428 4628 1546 4691 esset
1569 4616 1797 4696 stertimus
1805 4616 2049 4696 sacerdos.

622 4680 779 4750 fetu,
796 4698 841 4741 et
860 4690 945 4739 illa
967 4701 1096 4739 mors
1117 4686 1172 4736 ob
1193 4699 1273 4736 res
1291 4680 1487 4735 Emme
1503 4680 1920 4746 ignobitesobitur.

1247 342 1305 411 s.
1330 310 1608 411 totum
1643 344 2115 406 cunrsosrout
2154 338 2474 401 ARClllf-JP.
2513 332 3043 397 consummes.

3696 329 3807 387 5οὖ

2224 456 2309 511 hic
2330 457 2381 510 in
2412 454 2649 525 prtemio,
2677 453 2731 508 in
2765 451 3026 521 supplicio
3058 460 3234 506 autem
3261 449 3503 521 gebeuua
3547 450 3807 520 preponié

2220 554 2325 611 tur,
2352 554 2407 599 et
2429 554 2626 599 aeterna
2656 544 2846 597 anima:
2870 542 3015 596 salus
3041 582 3057 607 ,
3088 547 3249 612 atque
3276 542 3521 611 perditio.
3562 541 3684 595 Non
3713 558 3810 594 so-

2220 635 2329 690 lmn
2353 645 2531 689 autem
2554 650 2675 690 eum
2696 637 2785 704 qui
2808 632 3169 702 pncdicationi
3199 634 3512 703 accingitur,
3536 634 3615 689 sic
3640 647 3811 701 Opor-~

2221 734 2297 780 tet
2326 725 2537 795 parari,
2584 724 2679 780 sed
2702 738 3092 794 quemcumque
3115 764 3131 790 ,
3175 724 3258 778 vel
3285 724 3597 793 simpliciter
3644 722 3811 777 Chri-

2222 817 2453 871 stianum
2476 834 2489 869 :
2515 830 2637 871 nam
2664 831 2883 875 crucem
2913 816 3101 871 tollere
3126 826 3181 871 et
3205 817 3356 885 sequi
3393 815 3667 871 Christum
3689 830 3815 870 om-

2223 908 2377 965 nibus
2403 909 2712 978 imperatur.
2756 908 2813 965 Si
2841 918 3020 964 autem
3046 911 3252 964 cunctis
3270 949 3286 974 ,
3318 910 3486 964 multo
3513 910 3685 981 magis
3709 910 3816 965 do-

2222 1000 2456 1056 ctoribus
2484 1000 2664 1070 populi
2693 1008 2853 1071 atque
2880 1000 3204 1070 pastoribus,
3233 1015 3459 1069 quorum
3488 1014 3555 1054 ex
3583 1015 3817 1055 numero

2223 1095 2382 1148 etiam
2406 1091 2643 1147 Joannes
2679 1102 2804 1148 tunc
2824 1103 2941 1147 erat
2973 1132 2990 1158 ,
3024 1093 3114 1162 qui
3155 1092 3432 1147 dicebatur
3457 1103 3510 1145 et
3552 1091 3767 1147 Marcus
3799 1110 3813 1143 :

2222 1183 2313 1252 qui
2339 1184 2590 1252 quoniam
2616 1196 2677 1238 se
2698 1182 2751 1237 in
2774 1183 2885 1252 ipsa
2911 1183 3045 1238 aciei
3074 1182 3248 1238 fronte
3272 1183 3621 1246 constituens,
3650 1184 3821 1237 nimis

2226 1274 2510 1328 invirilite‘r
2547 1283 2770 1344 egerat,
2800 1288 2923 1329 eum
2965 1275 3161 1328 merito
3191 1274 3388 1328 Paulus
3430 1272 3663 1342 abjecit(
3691 1273 3818 1325 Act.

2226 1366 2317 1422 13.
2336 1368 2403 1429 5;
2424 1366 2507 1422 l5.
2531 1366 2618 1421 57.
2647 1357 2716 1421 38
2745 1364 2763 1435 )
2793 1407 2810 1429 ,
2852 1380 2920 1419 ne
2950 1364 3092 1419 illius
3143 1364 3294 1433 quasi
3321 1366 3638 1433 contagione
3667 1366 3821 1419 vires

2226 1467 2697 1527 corrumperentur
2722 1457 2973 1511 aliorum.
3002 1456 3060 1511 Si
3088 1472 3219 1511 vero
3252 1456 3427 1511 Lucas
3458 1456 3623 1511 refert
3662 1470 3816 1526 quo-

2234 1560 2378 1615 niam
2420 1559 2596 1629 aliqua
2624 1558 2763 1613 inter
2788 1558 2931 1627 ipsos
2974 1555 3115 1610 facta
3142 1566 3223 1611 est
3252 1556 3548 1619 contentio,
3579 1553 3689 1608 noli
3709 1552 3824 1608 hoc

2227 1650 2479 1706 delictum
2532 1659 2738 1720 putare.
2782 1649 2896 1704 Non
2925 1648 3069 1703 enim
3094 1646 3425 1702 commoveri
3464 1645 3663 1700 malum
3704 1654 3824 1710 est,

2230 1742 2323 1798 sed
2355 1741 2809 1807 irrationabiliter,
2848 1740 3102 1810 nulloque
3125 1739 3272 1809 justo
3296 1737 3572 1808 ﬂagitante
3599 1737 3827 1806 negotia

2229 1833 2573 1889 commoveri.
2600 1831 2902 1899 Iracundia,
2927 1831 3099 1900 inquit
3124 1872 3141 1896 ,
3166 1831 3359 1901 injuste
3386 1845 3491 1883 non
3505 1816 3826 1899 justiﬁcabi-

2231 1926 2314 1977 tur
2342 1923 2360 1994 (
2387 1922 2559 1977 Sirae.
2580 1922 2631 1978 l.
2668 1922 2765 1992 28)
2795 1938 2810 1976 :
2862 1936 2968 1976 non
2998 1908 3129 1990 ergo
3170 1920 3417 1989 culpatur
3447 1919 3675 1986 simplex
3706 1918 3825 1972 ira-

2232 2012 2457 2076 cundia,
2486 2011 2581 2066 sed
2608 2010 2845 2081 injusla':
2876 2018 2934 2065 et
2957 2024 3141 2065 rursus
3168 2049 3183 2074 ,
3213 2008 3317 2073 Qui
3348 2008 3509 2061 iratus
3538 2005 3695 2078 fuerit
3708 2009 3828 2078 [ra-

2232 2104 2299 2159 tri
2332 2119 2426 2159 suo
2450 2104 2558 2161 sine
2575 2104 2769 2173 causa(
2800 2096 2989 2155 Matth.
3021 2102 3074 2156 5.
3101 2099 3213 2170 22)
3248 2116 3261 2152 :
3307 2113 3414 2153 non
3444 2113 3577 2168 ergo
3604 2096 3823 2167 simpli—

2232 2195 2368 2250 citer
2396 2196 2585 2250 iratus.
2610 2194 2677 2249 Et
2694 2181 2961 2263 Propheta
2991 2192 3122 2247 dicit
3161 2208 3174 2244 :
3221 2190 3547 2256 Irascimim’,
3594 2200 3640 2243 et
3665 2190 3831 2243 nolito

2234 2286 2478 2356 peccare(
2510 2280 2724 2341 Ρωι.4.
2756 2284 2823 2349 5;
2854 2282 3049 2354 Ephes.
3073 2283 3127 2338 4.
3154 2280 3225 2337 26
3250 2283 3292 2354 ).
3330 2280 3483 2347 Quod
3526 2280 3570 2333 si
3600 2279 3831 2334 omnino

2233 2375 2537 2447 hujusmodi
2561 2376 2638 2430 uti
2664 2390 2773 2430 non
2797 2383 3010 2443 oportet
3038 2374 3250 2438 affectu,
3269 2374 3427 2428 etiam
3454 2388 3578 2427 cum
3610 2382 3830 2439 tempus

2233 2468 2508 2538 exposcit,
2554 2465 2748 2522 frustra
2776 2466 2933 2521 nobis
2960 2465 3172 2520 videtur
3206 2464 3513 2534 ingenitus;
3565 2462 3658 2516 sed
3689 2477 3826 2530 pro-

2234 2557 2375 2614 fecto
2404 2573 2511 2615 non
2537 2557 2753 2623 frustra,
2783 2572 2941 2627 quem
2962 2565 3111 2611 certe
3152 2551 3406 2624 providus
3427 2552 3582 2607 nobis
3605 2562 3827 2607 creator

2236 2648 2481 2711 inseruit,
2516 2655 2577 2701 ut
2609 2646 2937 2701 dormientes
2962 2645 3166 2698 animas
3198 2685 3214 2709 ,
3264 2654 3425 2712 atque
3463 2641 3723 2695 resolutas
3751 2642 3827 2695 ab

2235 2741 2425 2797 inertia
2478 2754 2541 2795 ac
2596 2737 2802 2793 desidia
2844 2738 3149 2792 suscitaret.
3211 2734 3377 2802 Quasi
3424 2735 3567 2788 enim
3632 2731 3820 2802 gladio

2234 2834 2429 2900 aciem,
2460 2833 2529 2887 ita
2558 2830 2722 2887 menti
2752 2839 2949 2884 nostra!
2978 2830 3071 2884 ine
3092 2844 3318 2885 acumen
3350 2826 3621 2897 imposuit,
3651 2836 3709 2879 ut
3734 2840 3827 2890 co,

2235 2942 2355 2981 cum
2386 2932 2621 2995 oportet,
2654 2931 2887 2977 utamur.
2916 2921 3206 2991 Propterea
3228 2920 3389 2991 igitur
3410 2929 3467 2974 et
3502 2919 3697 2973 Paulus
3723 2918 3832 2972 hoc

2237 3032 2381 3087 saepe
2420 3026 2505 3072 est
2541 3030 2672 3070 usus
2701 3014 2914 3080 affectu,
2962 3023 3016 3069 et
3053 3012 3294 3069 modeste
3328 3012 3672 3081 loquentibus
3712 3015 3834 3065 erat

2239 3108 2430 3163 melior
2452 3108 2637 3170 iratus,
2672 3120 2794 3160 cum
2828 3112 3070 3173 tempore
3088 3104 3271 3157 omnia
3296 3102 3498 3157 faciens
3526 3111 3837 3171 opportuno

2239 3208 2337 3270 pro
2389 3199 2538 3253 lucro
2598 3198 2653 3252 et
2705 3195 2989 3251 commodo
3039 3194 3381 3263 prmdicandi.
3433 3192 3615 3263 Neque
3685 3193 3835 3248 enim

2238 3289 2549 3361 simpliciter
2594 3288 2780 3343 lenitas
2822 3293 2906 3341 est
2930 3284 3068 3339 bona
3091 3326 3107 3351 ,
3140 3283 3234 3339 sed
3274 3298 3395 3339 cum
3446 3275 3655 3353 tempus
3680 3281 3838 3338 efﬂa-

2238 3383 2415 3453 gitat:
2459 3379 2672 3451 quando
2723 3392 2852 3433 vero
2902 3377 2955 3432 id
3010 3391 3116 3431 non
3160 3376 3342 3440 adest,
3397 3375 3558 3433 etiam
3609 3375 3710 3428 ista
3752 3374 3839 3428 vi-

2242 3476 2375 3529 tiosa
2398 3483 2497 3537 est,
2520 3472 2684 3540 fitque
2710 3470 2786 3523 ira
2816 3467 3170 3524 contumacia.
3213 3467 3339 3521 Haec
3370 3482 3498 3521 vero
3522 3466 3702 3520 omnia
3725 3481 3835 3521 non

2243 3582 2342 3637 pro
2369 3564 2531 3618 Paulo
2561 3560 2897 3615 satisfaciens
2944 3574 3061 3613 sum
3088 3558 3341 3627 loquutus
3375 3575 3388 3610 :
3419 3572 3525 3610 non
3552 3557 3697 3610 enim
3733 3573 3837 3611 no-

2243 3662 2339 3714 stri
2389 3659 2477 3713 ille
2523 3655 2725 3725 indiget
2770 3653 3070 3715 sermonis;
3110 3651 3228 3706 laus
3273 3651 3415 3706 enim
3463 3651 3581 3719 ejus
3618 3666 3725 3703 non
3760 3665 3836 3704 ex

2248 3749 2576 3814 hominibus,
2602 3747 2696 3801 sed
2732 3762 2800 3801 ex
2832 3746 2941 3799 Deo
2987 3745 3105 3813 ρει(
3138 3742 3288 3796 Rom.
3320 3744 3375 3794 2.
3405 3740 3519 3814 29)
3548 3758 3562 3806 ;
3595 3740 3689 3795 sed
3727 3754 3840 3811 quo

2243 3841 2516 3896 auditores
2543 3838 2851 3893 erudiamus
2874 3878 2889 3901 ,
2916 3843 2973 3889 ut
3003 3834 3251 3888 omnibus
3283 3833 3351 3887 ad
3379 3832 3837 3902 opportunitatem

2246 3941 2463 3985 utantur
2509 3927 2827 3990 affectibus,
2864 3924 3001 3980 sicut
3047 3925 3156 3994 jam
3215 3934 3343 3978 ante
3386 3924 3701 3977 memoravi.
3747 3923 3839 3979 Sic

2247 4030 2476 4090 namque
2515 4020 2810 4089 poterimus
2856 4016 3090 4085 undique
3149 4014 3507 4084 spiritualium
3563 4015 3839 4070 lucrorum

2248 4115 2574 4169 incrementa
2625 4110 2897 4179 colligere,
2954 4122 3183 4175 cumque
3236 4107 3484 4160 maximis
3535 4106 3737 4160 divitiis
3768 4104 3838 4161 ad

2248 4217 2457 4277 portmn
2498 4203 2822 4258 tutissimum
2881 4201 3161 4271 pervenire
3188 4240 3206 4265 ,
3236 4208 3292 4253 et
3322 4198 3603 4268 consequi
3650 4198 3841 4253 indefi-

2247 4301 2450 4355 cientes
2496 4311 2723 4351 coronas
2752 4336 2769 4361 ,
2817 4308 2951 4364 quas
2998 4293 3158 4347 etiam
3191 4308 3290 4346 nos
3324 4307 3516 4346 omnes
3563 4292 3839 4359 contingat

2248 4391 2481 4455 mereri,
2530 4390 2701 4458 gratia
2750 4396 2805 4442 et
2841 4385 3206 4441 misericordia
3251 4376 3461 4437 Domini
3512 4383 3681 4436 nostri
3708 4381 3838 4437 Jesu

2248 4482 2466 4545 Christi,
2506 4481 2590 4534 cui
2620 4482 2704 4534 est
2741 4478 2910 4548 gloria
2945 4486 2999 4531 et
3054 4476 3335 4545 imperium
3361 4515 3376 4541 ,
3428 4475 3482 4528 in
3512 4473 3707 4528 saecula
3732 4488 3835 4527 sac-

2249 4557 2512 4629 culorum.
2540 4572 2731 4625 Amen.

561 4784 3834 4834 ________________._.._____.__..__————————————————___.

1413 4900 1553 4973 DE
1611 4887 2131 4970 LAUDIBUS
2184 4882 2568 4959 SANCTI
2619 4878 2947 4952 PAULI

2044 5033 2361 5081 APOSTOLL

1920 5183 2129 5201 -ι-α-

1179 5308 1397 5351 ΠΟΙΙΙΙΛΑ
1436 5307 1525 5345 VII.

637 5391 855 5462 Quoties
878 5388 945 5453 ii,
968 5388 1056 5457 qui
1084 5395 1295 5457 portant
1323 5385 1473 5454 signa
1504 5379 1700 5451 regalia
1722 5378 1998 5449 clangente
2019 5385 2145 5431 ante

563 5486 627 5541 hc
646 5485 769 5539 tuba
788 5492 842 5539 et
866 5483 979 5536 acie
1007 5482 1232 5535 militum
1261 5486 1553 5549 prmeunte,
1578 5474 1941 5543 ingrediuntur
1964 5472 2144 5535 urbes,

565 5574 743 5632 omnis
789 5573 1012 5643 populus
1051 5572 1326 5627 consuevit
1380 5582 1661 5623 accurrere
1709 5566 1774 5619 ad
1825 5565 2145 5619 audiendum

567 5663 809 5722 buccina:
844 5680 1055 5728 sonum,
1092 5665 1172 5718 vel
1203 5664 1409 5732 signum
1452 5659 1591 5728 quod
1636 5658 1687 5711 in
1729 5656 1951 5710 sublime
1981 5656 2145 5708 fertur

566 5756 875 5824 videndum,
917 5755 1083 5826 ipsius
1118 5755 1277 5811 etiam
1324 5754 1571 5807 virtutem
1621 5748 1856 5805 ferentis.
1883 5746 2142 5813 Quoniam

2129 5157 2501 5217 ΞΞ--ιι-ε-

2254 5283 2413 5353 igitur
2440 5292 2497 5338 et
2524 5277 2684 5335 liudie
2711 5292 2819 5331 non
2850 5276 3058 5342 urbem,
3087 5272 3180 5330 sed
3210 5272 3396 5330 urbem
3442 5274 3639 5332 Paulus
3668 5278 3835 5347 ingre-

2254 5374 2418 5441 ditur,
2447 5384 2835 5429 concurramus
2861 5383 3070 5423 omnes.
3102 5368 3312 5422 Etenim
3358 5368 3460 5423 iste
3490 5385 3596 5424 non
3624 5371 3835 5440 signum

2257 5465 2454 5521 terreni
2481 5464 2704 5534 alicujus
2748 5461 2909 5532 regis,
2951 5460 3045 5515 sed
3090 5477 3141 5514 tn
3168 5460 3300 5513 CtBlO
3331 5461 3600 5529 regnantis
3638 5461 3837 5516 Christi

2254 5573 2471 5613 crucem
2499 5564 2708 5625 portat;
2738 5553 3046 5623 praecedunt
3076 5567 3180 5607 non
3209 5552 3504 5618 hominum,
3549 5552 3643 5607 sed
3680 5570 3836 5624 ange-

2255 5648 2425 5703 lorum
2442 5648 2701 5713 catervae,
2724 5661 2829 5700 non
2860 5643 3030 5699 solum
3058 5644 3109 5698 in
3128 5644 3386 5699 honorem
3410 5644 3525 5713 ejus
3541 5645 3675 5714 signi
3697 5642 3831 5715 quod

2253 5742 2441 5809 fertur,
2475 5741 2570 5798 sed
2595 5740 2831 5797 etiamin
2863 5738 2997 5809 eius,
3033 5753 3062 5794 a
3088 5754 3192 5808 quo
3225 5738 3409 5807 fertur,
3442 5739 3720 5796 auxilium.
