4082 6420
246 391 363 447 ΝΠ

252 509 342 563 ὅτι
376 505 686 573 ἀρχιερεύς
731 503 899 565 ἐστι;
949 500 1107 556 τοῦτο
1159 502 1229 556 ἂν
1274 501 1548 571 εἴποιμεν,
1580 500 1664 553 ὅτι
1712 500 1840 563 τούς

249 595 448 658 ἄλλους
480 594 753 649 παιδεύων
786 593 881 647 καὶ
924 590 1192 646 νουθετῶν
1241 591 1380 664 πρὸς
1411 591 1539 656 τοὺς
1571 590 1841 661 ἄρχοντας

250 686 514 750 ἐπιεικῶς
552 683 881 750 διακεῖσθαι,
921 683 1112 756 ὥσπερ
1160 684 1256 737 καὶ
1298 685 1327 737 6
1376 682 1612 754 Χριστὸς
1642 681 1837 734 ἐποίει.

249 778 440 848 Μυρία
475 777 586 849 γὰρ
610 776 749 848 ῥητά
772 775 869 831 καὶ
891 776 1108 849 ἄρρητα
1135 776 1266 846 περὶ
1310 774 1421 828 τῶν
1460 773 1841 846 Γραμματέων

250 868 426 921 εἰπὼν
459 869 553 921 καὶ
596 867 931 939 Φαρισαίων,
970 866 1173 937 φησίνο
1220 866 1347 920 Ἐπί
1394 864 1507 934 τῆς
1548 864 1840 935 καθέδρας

248 959 551 1025 Μωῢσέως
594 957 888 1013 ἐκάθισαν
932 959 988 1011 οί
1036 955 1410 1026 Γραμματεῒς
1448 956 1547 1010 καί
1577 958 1632 1009 οι
1670 958 1843 1022 Φαρι-

247 1049 417 1104 σαῖοι
438 1067 453 1081 ’
490 1048 687 1104 πάντα
718 1046 853 1113 οὖν,
880 1048 1004 1103 ὅσα
1032 1047 1110 1103 ἂν
1157 1046 1424 1118 λέγωσιν
1449 1046 1596 1117 ὑμῖν
1622 1045 1838 1111 ποιεῖν,

246 1140 473 1195 ποιεῖτε
484 1152 509 1182 ι
519 1184 534 1196 .

321 1230 480 1284 Οὕτω
510 1230 576 1302 δὴ
605 1230 701 1283 καὶ¹
738 1228 1017 1283 ἑνταῦθαό
1041 1225 1275 1292 Παῦλος,
1309 1224 1446 1297 ὁμοῦ
1477 1224 1573 1279 καὶ
1598 1224 1659 1278 τὸ
1677 1224 1841 1293 ἀξίοὴ

246 1339 331 1391 -μα
360 1322 675 1392 διετήρησε,
716 1320 810 1373 καὶ
846 1320 909 1372 τὸ
953 1319 1146 1391 μέλλον
1176 1317 1396 1375 ἔσεσθαι
1448 1315 1828 1389 προανεφώνη-

250 1428 368 1465 σευ.
402 1412 465 1465 Εἰ
500 1411 558 1464 δὲ
610 1412 706 1465 καὶ
760 1412 854 1466 τὸν
903 1411 1160 1481 Ἰωάννην
1211 1410 1477 1481 ἀπέτεμε,
1534 1408 1629 1461 καὶ
1683 1406 1843 1460 τοῦτο

248 1504 420 1567 ἀξίως
450 1504 551 1574 τῆς
594 1494 735 1574 ὑπὲρ
762 1502 856 1556 τοῦ
887 1502 1249 1574 κηρύγματος
1283 1500 1561 1572 προνοίας.
1593 1498 1697 1553 Τὸν
1732 1496 1840 1570 γὰρ

245 1598 350 1668 τὴν
388 1597 666 1651 διακονίαν
695 1596 901 1668 ταύτην
947 1594 1448 1667 ἐγκεχειρισμένα),
1491 1592 1611 1662 οὐχὶ
1638 1590 1837 1662 χαῦνόν

246 1706 376 1742 τινα
410 1685 551 1742 εἶναι
598 1688 724 1761 χρὴ,
758 1689 880 1745 οὐδὲ
918 1687 1377 1749 ἀναπεπτωκότα,
1418 1684 1554 1740 ἀλλά
1597 1682 1841 1755 ἀνδρεῖον

248 1781 349 1835 καὶ
376 1779 613 1845 εὔτονον,
647 1781 783 1853 μηδὲ
812 1780 1080 1834 ἅπτεσθαι
1113 1778 1218 1848 τῆς
1255 1776 1427 1847 καλῆς
1458 1774 1842 1848 πραγματείας

248 1871 478 1941 ταύτης,
521 1873 569 1925 εί
625 1871 699 1942 μὴ
756 1870 939 1941 μέλλοι
986 1871 1246 1941 μυριάκις
1296 1868 1694 1937 ἀντεπιδιδόνσι
1740 1866 1841 1936 τὴν

200 1966 210 1971 ”
239 1963 451 2018 ἑαυτοῦ
486 1964 665 2033 ψυχὴν
698 1964 779 2025 είς
821 1962 1050 2018 θάνατον
1080 1963 1177 2015 καὶ
1210 1960 1511 2026 κινδύνους,
1538 1958 1721 2021 καθὼς
1749 1958 1843 2010 καὶ

248 2056 418 2118 αὐτός
478 2072 644 2125 φησιν
690 2055 718 2105 ό
765 2053 1032 2123 Χριστός·
1081 2052 1155 2106 El
1176 2070 1270 2117 τις
1320 2051 1482 2105 θέλει
1512 2051 1706 2104 ὀπίσω
1723 2065 1843 2118 μου

249 2149 490 2213 ἐλθεῖν,
532 2145 986 2215 ἀπαρνησάσθω
1042 2144 1282 2209 ἑαυτὸν,
1339 2144 1437 2198 καὶ
1489 2142 1684 2211 ἀράτω
1737 2142 1846 2195 τὸν

250 2239 526 2306 σταυρὸν
551 2239 738 2293 αὐτοῦ
763 2237 844 2309 [51
860 2236 913 2307 1]
946 2236 1046 2289 καί
1081 2236 1482 2290 ἀκολουθείτω
1497 2253 1620 2303 μοι,
1656 2235 1716 2286 Ὀ
1736 2232 1846 2303 γὰρ

257 2331 335 2402 μὴ
364 2329 510 2383 οὕτω
542 2329 910 2398 διακείμενος,
948 2326 1178 2390 πολλοὺς
1230 2326 1324 2379 καὶ
1377 2325 1597 2396 ἑτέρους
1657 2324 1847 2395 προδί-

252 2423 407 2485 δωσι,
456 2421 553 2474 καὶ
592 2418 793 2490 μᾶλλον
824 2416 1113 2489 ἡσυχάζων
1144 2417 1345 2486 ὠφελεῖ
1378 2415 1500 2469 καθ’
1524 2417 1716 2469 ἑαυτὸν
1746 2415 1845 2481 ὢν,

252 2515 289 2585 ἢ
327 2512 543 2583 παριὼν
578 2513 658 2573 εἰς
694 2510 880 2580 μέσον,
917 2510 1013 2571 καὶ
1048 2509 1269 2580 φορτίον
1308 2508 1598 2580 δεχόμενος
1627 2509 1727 2578 τῆς
1757 2508 1849 2560 δυ-

255 2605 477 2674 νάμεως
510 2601 706 2655 ἑαυτοῦ
752 2599 967 2671 μεῖζον·
1020 2600 1116 2653 καὶ
1164 2599 1274 2670 γὰρ
1314 2600 1527 2659 ἑαυτὸν.
1569 2600 1665 2654 καὶ
1724 2601 1850 2663 τοὺς

257 2693 725 2765 ὲμπιστευθέντας
752 2690 1177 2763 προσαπολλύει.
1219 2690 1344 2752 Πῶς
1366 2689 1476 2760 γὰρ
1500 2691 1597 2743 οὐκ
1621 2692 1847 2754 ἄτοπον,

256 2789 308 2839 εἰ
345 2786 450 2856 μέν
493 2802 577 2848 τις
597 2765 1021 2854 ⁶κυϐερνητικὴν
1063 2782 1271 2850 ἀγνοεῖ,
1306 2781 1401 2843 καὶ
1451 2781 1549 2851 τὴν
1595 2782 1732 2853 πρὸς
1781 2780 1852 2833 τὰ

259 2879 485 2948 κύματα
517 2877 723 2947 μάχην,
763 2874 900 2945 μηδὲ
947 2875 1157 2944 μυρίων
1188 2872 1612 2941 ἀναγκαζόντων
1630 2870 1851 2925 ἑλέσθαι

261 2975 355 3026 ἐπὶ
398 2968 507 3022 τῶν
566 2967 775 3020 οίάκων
813 2965 1057 3025 καθίσαι,
1109 2963 1201 3017 τὸν
1243 2963 1299 3016 δὲ
1341 2964 1433 3016 ἐπὶ
1488 2963 1550 3015 τὸ
1594 2963 1855 3033 κήρυγμα

263 3064 437 3121 ίόντα,
477 3058 665 3120 ἁπλῶς
724 3057 817 3111 καὶ
846 3056 921 3118 ὼς
966 3054 1155 3123 ἔτυχεν
1198 3054 1293 3106 ἐπὶ
1324 3052 1483 3106 τοῦτο
1516 3055 1734 3123 χωρεῖν,
1762 3051 1856 3104 καὶ

263 3150 699 3222 ἀπερισκέπτως
740 3146 1133 3221 καταδέχεσθαι
1185 3146 1419 3215 πρᾶγμα
1452 3145 1660 3214 μυρίων
1690 3143 1856 3197 θανα-

254 3261 377 3296 Isz
420 3240 720 3312 πρόξενονς
752 3237 892 3291 Οὔτε
923 3238 1033 3309 γὰρ
1063 3235 1423 3307 κυϐερνήτην,
1452 3235 1576 3289 οὔτε
1604 3235 1692 3288 τὸν
1723 3236 1859 3305 πρὸς

262 3333 335 3386 τὰ
372 3331 537 3402 θηρία
580 3327 955 3390 πυκτεύοντα,
995 3328 1057 3380 οὐ
1089 3327 1182 3381 τὸν
1226 3329 1553 3397 μονομαχεῖν
1584 3327 1857 3397 ἑλόμενον,

266 3423 372 3475 οὐκ
407 3420 567 3475 ἄλλον
602 3418 796 3472 οὐδένα
846 3419 992 3471 οὔτω
1035 3416 1172 3488 πρὸς
1224 3416 1487 3480 θανάτους
1527 3417 1621 3471 καὶ
1646 3418 1861 3486 σφαγάς

266 3514 769 3586 παρατεταγμένην
817 3510 959 3580 ἔχειν
990 3509 1073 3563 δεῖ
1089 3508 1190 3579 τὴν
1218 3507 1417 3578 ψυχὴν,
1444 3508 1520 3570 ὡς
1555 3508 1646 3560 τὸν
1669 3508 1729 3560 τὸ
1757 3512 1861 3576 κή-

267 3623 459 3680 ρυγμα
519 3603 935 3673 ἀναδεχόμενον.
969 3600 1080 3655 Καὶ
1111 3600 1221 3671 γὰρ
1254 3600 1304 3652 οί
1337 3599 1572 3653 κίνδυνοι
1621 3598 1859 3669 μείζους,

260 3700 368 3761 ,καὶ
403 3698 455 3751 οί
490 3695 785 3751 ἀντίπαλοι
830 3693 1224 3765 χαλεπώτεροι,
1260 3692 1356 3746 καὶ
1384 3691 1447 3745 τὸ
1474 3690 1617 3745 οὔτω
1652 3691 1864 3761 σφαγῆ-

265 3808 384 3852 ναι,
416 3790 479 3843 οὐ
514 3789 644 3859 περὶ
674 3787 782 3840 τῶν
804 3788 1095 3856 τυχόντων.
1134 3786 1379 3855 Οὐρανὸς
1408 3784 1517 3855 γὰρ
1544 3783 1605 3837 τὸ
1626 3783 1861 3859 ἔπαθλον

260 3851 474 3944 κεῖται,
508 3851 606 3933 καί
652 3877 853 3946 γέεννα
874 3851 998 3941 ’τοῖς
1033 3851 1430 3948 ἁμαρτάνουσι
1455 3851 1517 3928 τδ
1564 3851 1861 3945 ἐπιτίμιον,

264 3972 370 4034 καὶ
387 3969 567 4041 ψυχῆς
593 3968 839 4023 ἀπώλεια
866 3968 963 4027 καὶ
1001 3966 1265 4037 σωτηρία.
1297 3967 1372 4023 Οὐ
1398 3965 1490 4019 τὸν
1519 3966 1581 4019 τὸ
1602 3967 1864 4037 κήρυγμα

336 4195 542 4260 “_Supp.
564 4196 690 4244 κατά
719 4194 849 4244 δὲτὰ
868 4194 981 4255 ἔργα
1000 4194 1158 4244 αὐτῶν
1182 4192 1247 4255 μὴ
1269 4191 1463 4251 ποιεῖτε.
1487 4190 1607 4260 Qua
1624 4190 1686 4241 ab
1712 4192 1863 4249 Aniar

270 4270 343 4315 no
360 4257 506 4307 lecla’
520 4265 653 4306 sunt.

1071 391 1160 446 DE
1191 388 1546 447 LAUDIBUS
1589 390 1647 445 S.
1690 388 1899 445 PAULI
1935 391 2303 455 APOSTOLI.
2344 394 2583 453 ΠΟΠΠ..
2631 391 2735 453 VII.

3422 379 3527 437 508

1944 497 2003 552 δὲ
2035 496 2199 569 μόνον
2219 496 2618 566 ἀναδεχόμενον
2642 492 2787 547 οὔτω
2826 492 3241 565 παρατετάχθαι
3266 494 3368 555 δεῖ,
3391 494 3531 551 άλλά

1944 592 2039 646 καὶ
2064 589 2253 654 ἁπλῶς
2273 589 2365 643 τὸν
2386 589 2578 641 πιστόν
2599 605 2614 619 ο
2638 588 2811 642 ἆπασι
2842 587 2954 659 γὰρ
2988 588 3420 659 παρακελεύεται
3440 590 3531 645 τὸν

1944 682 2179 751 σταυρὸν
2214 682 2392 754 αἴρειν
2432 680 2529 733 καὶ
2569 678 2914 733 ἀκολουθεῖνο
2954 680 3004 732 εί
3052 680 3108 733 δὲ
3158 682 3314 741 πᾶσι,
3355 680 3531 753 πολλῷ

1947 774 2149 845 μᾶλλον
2169 776 2283 835 τοῖς
2313 766 2660 835 διδασκάλοις
2686 770 2783 827 καὶ
2816 771 3091 841 ποιμέσιν,
3128 764 3205 825 ὧν
3226 772 3323 825 καὶ
3360 772 3529 825 Ἰωάνυ

1943 883 2042 935 νης
2067 862 2136 936 ἦν
2152 865 2294 930 τότε,
2312 866 2340 919 6
2357 865 2453 919 καλ⁵
2473 863 2702 934 Μάρκος
2721 860 3039 933 λεγόμενος.
3062 863 3155 915 Διὸ
3186 864 3282 917 καὶ
3298 862 3530 926 δικαίως

1942 957 2281 1026 ἔξετέμνετο,
2332 957 2417 1010 ὃτι
2461 958 2521 1009 ἐν
2562 952 2714 1025 αὐτῷ
2745 953 2916 1019 τάξας
2958 953 3155 1007 ἑαυτὸν
3186 952 3264 1022 τῷ
3298 952 3537 1022 μετώπῳ

1941 1050 2043 1120 τῆς
2090 1050 2390 1119 φάλαγγος,
2427 1048 2637 1119 σφόδρα
2666 1048 2948 1118 ἀνάνδρως
2994 1047 3275 1117 εἱστήκει·
3310 1046 3391 1099 διὸ
3440 1047 3537 1100 καὶ

1943 1143 2254 1213 ἀπέστησεν
2282 1142 2449 1195 αὐτὸν
2474 1141 2505 1194 6
2527 1139 2759 1203 Παῦλος,
2792 1138 2934 1191 ῶστε
2968 1137 3042 1208 μὴ
3067 1138 3167 1207 τὴν
3200 1137 3410 1191 ἐκείνου
3436 1154 3535 1190 νωο

1945 1234 2098 1288 θείαν
2139 1233 2251 1286 τῶν
2291 1233 2463 1286 τόνων
2502 1231 2684 1285 αὐτῶν
2728 1229 2822 1283 τὸν
2872 1229 3073 1301 δρόμον
3096 1229 3348 1299 ἐκκόψαι.
3386 1230 3450 1282 El
3480 1229 3538 1282 δὲ

1942 1327 2095 1395 λέγοι
2117 1326 2354 1389 Λουκᾶς,
2378 1325 2462 1377 ὅτι
2492 1322 2711 1391 ἰγένετο
2735 1321 3087 1393 παροξυσμὸς
3108 1322 3309 1392 μεταξὺ
3331 1322 3536 1389 αὐτῶν,

1953 1418 2029 1489 μὴ
2061 1416 2221 1471 τοῦτο
2250 1415 2506 1486 ἔγκλημα
2537 1410 2680 1467 εἶναι
2702 1414 2915 1484 νόμιζε.
2950 1415 3027 1467 Οὐ
3050 1414 3159 1485 γὰρ
3180 1414 3241 1467 τὸ
3270 1413 3541 1485 παροξυν-

1946 1505 2108 1575 θῆναι
2124 1504 2381 1575 χαλεπὸν,
2414 1502 2551 1558 ἀλλὰ
2576 1503 2637 1556 τὺ
2666 1504 2878 1572 ἀλόγως
2903 1503 2999 1557 καὶ
3022 1504 3109 1556 ἐπ’
3126 1503 3302 1557 οὐδενὶ
3318 1504 3516 1573 δικαίῳ

1948 1596 2145 1665 Θυμὸς
2176 1598 2288 1663 γὰρ
2313 1594 2539 1661 ἄδικος,
2574 1595 2759 1664 φησιν,
2797 1595 2910 1648 οὐκ
2955 1593 3373 1659 ἀθωωθήσεται
3394 1611 3409 1623 ·
3442 1593 3539 1665 οὐχ

1948 1686 2135 1751 ἁπλῶς
2167 1685 2358 1756 θυμὸς,
2398 1686 2535 1740 ἀλλά
2558 1686 2587 1737 6
2620 1686 2825 1748 ἄδικος.
2861 1687 2973 1739 Καὶ
3012 1685 3042 1738 6
3076 1685 3310 1757 Χριστὸς
3337 1684 3535 1738 πάλινε

1956 1780 2008 1832 Ὁ
2032 1779 2402 1849 ὀργιζόμενος
2427 1778 2508 1843 τῷ
2533 1774 2778 1847 ἀδελφῷ
2801 1778 2988 1833 αὑτοῦ
3027 1778 3158 1847 εικῆ
3178 1797 3190 1810 ·
3223 1779 3321 1850 οὐχ
3353 1778 3538 1849 ἁπλῶς

1944 1870 2321 1941 ὀργιζόμενος.
2352 1869 2464 1922 Καὶ
2486 1871 2514 1922 6
2535 1870 2832 1941 Προφήτης
2861 1870 2922 1922 δέ
2957 1886 3145 1939 φησιν,
3193 1869 3537 1939 Ὀργίζεσθε,

1944 1963 2042 2015 καὶ
2086 1961 2174 2031 μὴ
2207 1960 2594 2033 ἁμαρτάνετε.
2632 1962 2695 2013 Εἰ
2746 1961 2857 2032 γὰρ
2912 1961 2987 2031 μὴ
3028 1961 3111 2014 δεῖ
3134 1960 3432 2031 κεχρῆσθαι
3462 1960 3542 2030 τῷ

1950 2054 2135 2119 πάθει,
2170 2054 2305 2125 μηδὲ
2339 2051 2535 2123 καιροῦ
2569 2051 2885 2115 καλοῦντος,
2919 2053 3041 2122 είκῆ
3073 2053 3168 2105 καὶ
3198 2052 3377 2121 μάτην
3406 2054 3543 2121 ἡμῖν

1947 2146 2224 2214 ἔγκειταιο
2259 2145 2375 2198 ἀλλ’
2406 2145 2507 2197 οὐκ
2542 2144 2686 2214 εἰκῆ.
2731 2144 2822 2197 Διὸ
2850 2144 2989 2197 καὶὸ
3021 2143 3351 2214 δημιουργὸς
3385 2143 3543 2203 τοῦτο

1949 2237 2318 2304 κατεφύτευσε
2349 2237 2486 2307 πρὸς
2515 2236 2802 2306 διόρθωσιν
2834 2237 2943 2289 τῶν
2972 2236 3423 2306 ἁμαρτανόντων,
3448 2235 3537 2288 ἵνα

1948 2328 2200 2399 διεγείρῃ
2237 2329 2299 2381 τὺ
2332 2327 2541 2399 νωθρὸν
2575 2329 2675 2398 τῆς
2708 2329 2888 2398 ψυχῆς
2919 2328 3014 2381 καὶ
3062 2329 3416 2398 παρειμένον,
3457 2326 3544 2380 ἵνα

1950 2419 2231 2489 ἀφυπνίζῃ
2261 2419 2353 2471 τὸν
2379 2418 2712 2471 καθεύδοντα
2740 2420 2835 2471 καὶ
2859 2417 3264 2483 διαλελυμένον,
3293 2415 3546 2485 καθάπερ

1954 2512 2218 2581 στόμωμα
2267 2510 2492 2581 σιδήρῳ,
2522 2507 2667 2562 οὕτω
2700 2509 2761 2576 τὸ
2804 2509 2905 2577 τῆς
2942 2508 3115 2578 ὀργῆς
3164 2507 3380 2559 εὔτονον
3413 2507 3547 2575 ἡμῖν

1952 2600 2126 2662 ἐνθεὶς
2149 2600 2214 2668 τῇ
2244 2597 2475 2669 διανοίᾳ,
2510 2597 2594 2650 ἵνα
2616 2597 2765 2667 αὐτῷ
2798 2597 3131 2669 χρησώμεθα
3170 2598 3247 2659 εἰς
3280 2596 3417 2649 δέον.
3450 2599 3546 2649 Διά

1951 2691 2112 2744 τοῦτο
2147 2691 2243 2743 καὶ
2269 2692 2298 2743 6
2332 2690 2545 2754 Παῦλος
2595 2691 2860 2752 πολλάκις
2909 2689 3059 2760 αὐτῷ
3126 2689 3417 2761 ἐκέχρητο,
3454 2689 3547 2741 καὶ

1954 2782 2331 2853 ποθεινότερος
2378 2783 2487 2836 τῶν
2538 2782 2677 2854 μετά
2706 2784 3008 2846 ἐπιεικείας
3040 2782 3443 2852 διαλεγομένων
3480 2778 3548 2853 ἦν

1956 2875 2334 2945 ὀργιζόμενος,
2388 2876 2568 2929 πάντα
2616 2876 2756 2946 μετά
2811 2876 2907 2928 τοῦ
2956 2876 3327 2946 προσήκοντος
3356 2876 3549 2947 καιροῦ

1960 2968 2128 3020 ποιῶν
2175 2967 2317 3020 ὐπὲο
2363 2967 2457 3021 τοῦ
2498 2969 2878 3038 κηρύγματος.
2924 2968 3058 3021 Οὐδὲ
3108 2968 3219 3039 γὰρ
3280 2969 3549 3023 ἐπιείκεια

1960 3057 2148 3122 ἁπλῶς
2168 3057 2355 3121 καλὸν,
2392 3059 2507 3112 ἀλλ’
2532 3060 2661 3112 ὅταν
2694 3061 2723 3112 6
2760 3059 2953 3129 καιρὸς
2975 3060 3180 3130 ἀπαιτῇ
3204 3076 3218 3091 ·
3251 3061 3347 3125 ὡς,
3366 3061 3461 3113 ἐὰν
3477 3062 3551 3131 μὴ

1959 3148 2119 3209 τοῦτο
2150 3152 2352 3221 προσῇ,
2390 3150 2485 3203 καὶ
2525 3150 2711 3219 ἐκείνη
2736 3150 2955 3212 νωθεία,
2997 3150 3093 3204 καὶ
3120 3153 3154 3220 ἡ
3182 3151 3321 3222 ὀργὴ
3362 3151 3543 3223 θρασύι

1959 3259 2062 3312 της
2085 3241 2317 3309 γίνεται.
2350 3240 2539 3294 Ταῦτα
2574 3241 2632 3293 δὲ
2660 3240 2837 3294 πάντα
2860 3240 2959 3309 οὐχ
2997 3240 3140 3311 ὑπὲρ
3174 3240 3387 3293 Παύλου
3420 3242 3549 3294 ἀπο-

1960 3330 2289 3400 λογούμενος
2312 3328 2493 3383 εἷπον·
2522 3329 2583 3383 οὐ
2615 3329 2725 3400 γὰρ
2748 3331 2915 3384 δεῖται
2942 3332 3040 3401 τῆς
3070 3332 3347 3402 ἡμετέρας
3377 3331 3551 3400 γλώτ-

1961 3440 2089 3492 τηςο
2125 3424 2154 3475 6
2188 3421 2298 3493 γὰρ
2326 3421 2547 3485 ἔπαινος
2574 3421 2740 3478 αὐτοῦ
2768 3423 2868 3476 οὐκ
2896 3424 2955 3489 ἐξ
2987 3424 3315 3493 ἀνθρώπων,
3344 3424 3458 3477 ἀλλ’
3487 3426 3552 3478 ὲκ

1961 3513 2055 3567 τοῦ
2079 3512 2250 3566 Θεοῦο
2286 3511 2401 3565 ἀλλ’
2433 3512 2523 3566 ἵνα
2560 3511 2941 3583 παιδεύσωμεν
2986 3514 3113 3573 τοὺς
3148 3515 3427 3585 ἀκροατὰς
3475 3516 3553 3576 είς

1962 3604 2080 3659 δέον
2110 3604 2281 3658 ἅπασι
2314 3602 2468 3675 [512]
2499 3604 2824 3674 κεχρῆσθαι,
2858 3602 3113 3675 καθάπερ
3157 3606 3253 3657 καὶ
3308 3604 3548 3676 ἐμπροσ-

1964 3696 2058 3750 θεν
2094 3692 2270 3749 εἷπον.
2311 3694 2471 3750 Οὕτω
2506 3694 2617 3764 γὰρ
2645 3695 2990 3766 δυνησόμεθα
3045 3696 3312 3749 πάντοθεν
3338 3696 3552 3765 κερδαζο

1964 3804 2097 3851 νειν,
2127 3788 2223 3842 καὶ¹
2252 3787 2392 3858 μετά
2420 3787 2624 3857 πολλῆς
2659 3788 2761 3857 τῆς
2790 3786 3052 3858 εὐπορίας
3074 3790 3152 3850 εἰς
3192 3786 3285 3840 τὸν
3318 3788 3539 3857 ἀκύμαν

1964 3897 2056 3933 τον
2084 3878 2280 3949 λιμένα
2309 3879 2630 3943 καταπλεῖν,
2664 3880 2759 3933 καὶ
2791 3878 2899 3931 τῶν
2954 3878 3249 3949 ἀκηράτων
3281 3879 3549 3947 ὲπιτυχεῐκ

1967 3971 2269 4041 στεφάνων,
2316 3963 2393 4024 ὧν
2423 3971 2633 4039 γένοιτο
2686 3970 2893 4033 πάντας
2946 3971 3095 4039 ἡμᾶς
3134 3967 3556 4038 καταξιωθῆναι,

1965 4063 2149 4134 χάριτι
2204 4063 2300 4116 καὶ
2358 4062 2740 4133 φιλανθρωπίᾳ
2791 4061 2885 4115 τοῦ
2924 4061 3132 4131 Κυρίου
3183 4060 3341 4131 ήμῶν
3382 4058 3556 4130 Ἰησοῦ

1966 4152 2229 4225 Χριστοῦ,
2259 4146 2353 4225 ᾦή
2374 4153 2499 4219 δόξα
2526 4155 2620 4209 καὶ
2640 4152 2700 4205 τὸ
2728 4153 2950 4223 κράτος,
2978 4150 3074 4206 νῦν
3100 4153 3195 4207 καὶ
3215 4152 3322 4215 ἀεὶ,
3357 4153 3452 4205 καὶ
3478 4151 3560 4219 εις

1965 4247 2093 4309 τοὺς
2120 4246 2324 4309 αἰῶνας
2350 4244 2460 4303 τῶν
2490 4244 2722 4303 αἰώνων.
2766 4244 2958 4315 Ἀμήν.

1206 4800 1318 4863 ΕΙΣ
1356 4799 1493 4855 ΤΟΝ
1528 4798 1732 4855 APION
1772 4798 2187 4854 ΔΠΟΣΤΟΛΟΝ
2224 4799 2532 4856 ΠΑΥΛΟΝ.

948 5238 1133 5307 Λόγος
1159 5235 1233 5298 ξ’.

352 5352 531 5405 Ὀταν
560 5346 610 5400 οί
635 5345 705 5400 τά
739 5348 940 5418 σημεῖα
967 5346 1326 5416 βαστάζοντες
1348 5349 1418 5402 τὰ
1441 5347 1716 5420 βασιλικά,
1748 5350 1874 5405 σάλ-

287 5468 487 5521 πιγγος
510 5452 617 5523 πρὸ
637 5452 817 5506 αὐτῶν
847 5452 1106 5525 ὴχούσης,
1144 5455 1239 5508 καὶ
1268 5453 1481 5508 πολλῶν
1516 5456 1864 5528 στρατιωτῶν

288 5557 744 5630 προηγουμένων,
768 5558 848 5619 είς
864 5558 965 5620 τάς
987 5558 1462 5628 πόλειςέίσίωσιν,
1480 5560 1627 5627 ἄπας
1648 5564 1676 5616 6
1700 5562 1872 5635 δῆμος

292 5662 606 5735 συντρέχειν
636 5663 849 5727 εἴωθεν,
874 5662 1015 5718 ὥστε
1066 5666 1163 5720 καὶ
1192 5668 1291 5737 τῆς
1314 5667 1454 5739 ἠχῆς
1480 5670 1735 5737 ἀκοῦσαι,
1774 5674 1873 5726 καὶ

290 5764 352 5820 τὸ
388 5769 612 5836 σημεῖον
661 5766 790 5822 ίδεῖν
817 5768 903 5840 ἐφ’
927 5768 1132 5840 ὑψηλοῦ
1163 5771 1485 5844 φερόμενον,
1512 5775 1606 5830 καὶ
1647 5776 1744 5831 τοῦ
1773 5776 1871 5848 βα-

1984 5238 2271 5303 στάζοντος
2304 5237 2401 5309 τὴν
2422 5237 2698 5308 ἀνδρείαν.
2739 5240 2893 5293 Ἐπεὶ
2918 5233 3012 5294 οὗν
3036 5238 3133 5294 καὶ
3147 5237 3359 5306 Παῦλος
3386 5242 3571 5314 εἰσέρ-

1984 5346 2137 5400 χεται
2166 5330 2428 5402 σήμερον,
2458 5332 2560 5385 οὐκ
2601 5333 2683 5397 είς
2718 5332 2894 5397 πόλιν,
2932 5332 3048 5386 ἀλλ’
3084 5332 3164 5397 είς
3192 5331 3293 5403 τὴν
3321 5333 3575 5404 οἰκουμέ-

1986 5434 2108 5489 νην,
2150 5418 2550 5492 συνδράμωμεν
2582 5422 2842 5485 ἅπαντες.
2884 5422 2996 5476 Καὶ
3026 5422 3135 5493 γὰρ
3161 5416 3319 5485 οὗτος
3350 5425 3574 5492 σημεῖον

1987 5505 2272 5576 βαστάζει,
2301 5509 2363 5563 οὐ
2393 5507 2487 5563 τοῦ
2521 5509 2673 5565 κάτω
2708 5510 2993 5581 βασιλέως,
3029 5511 3167 5567 άλλά
3214 5512 3308 5567 τὸν
3340 5512 3576 5583 σταυρὸν

1983 5596 2077 5650 τοῦ
2107 5598 2220 5654 ἄνω
2249 5602 2511 5672 Χριστοῦ,
2559 5603 2658 5657 καὶ
2704 5602 3079 5675 προηγοῦνται
3127 5604 3228 5657 οὐκ
3271 5603 3573 5677 ἅνθρωποι,

1984 5689 2101 5743 ἀλλ’
2133 5692 2376 5761 ἄγγελοι,
2409 5694 2504 5747 καὶ
2536 5696 2617 5757 είς
2663 5696 2831 5765 τιμὴν
2875 5693 2970 5749 τοῦ
3004 5694 3437 5768 βασταζομένου,
3483 5696 3577 5750 καὶ

1985 5782 2065 5845 είς
2097 5783 2401 5854 ἀσφάλειαν
2449 5785 2544 5840 τοῦ
2588 5786 2865 5857 φέροντος.
