4082 6426
596 403 704 461 εον

659 514 725 566 El
778 509 888 580 709
945 509 1056 571 τοῖς
1116 507 1208 560 16v
1263 506 1390 560 [διον
1450 505 1562 575 βίον
1624 506 1961 576 οἰκονομοῦσι
1983 546 1998 568 ,
2059 508 2150 560 καὶ

588 616 740 671 οὐδὲν
783 613 892 666 τῶν
932 613 1126 666 κοινῶν
1188 612 1514 682 πράττουσιν
1537 650 1552 674 ,
1607 610 1824 679 ἄγγελοι
1866 611 2015 681 παρὰ
2058 612 2149 664 τοῦ

588 712 697 765 τῶν
766 710 901 764 δλων
983 709 1251 762 Δεσπότου
1337 708 1443 760 εἰσί⁵
1519 708 1791 778 δεδομένοι
1872 708 2108 776 φύλακες
2138 747 2152 771 ,

593 812 778 877 καθὼς
830 813 923 868 καί
980 829 1064 875 τις
1105 812 1299 882 φησίν·
1373 812 1425 863 '0
1476 811 1719 881 ἄγγελος
1780 815 1814 866 d
1857 813 2155 881 ,ρυόμενός

590 935 662 984 με
701 919 770 970 ἐκ
816 916 1095 983 νεότητός
1141 931 1286 981 μου·
1318 914 1498 985 πολλῷ
1535 914 1732 984 μᾶλλον
1778 914 1869 967 ἐπὶ
1907 915 2018 968 τῶν
2056 915 2155 985 τὴν

587 1020 907 1091 οἰκουμένην
929 1019 1379 1090 ἐγχειρισθέντων
1394 1019 1486 1072 καὶ
1510 1018 1822 1088 τηλικοῦτον
1855 1018 2153 1088 βασταζόν-

585 1140 694 1176 των
721 1123 884 1190 δγκον
912 1122 1149 1192 δωρεῶν,
1184 1123 1436 1195 πάρεισιν
1474 1123 1530 1175 αἰ
1556 1121 1812 1191 δυνάμεις
1845 1124 1904 1174 αἰ
1934 1122 2063 1176 ἄνω.
2088 1124 2150 1175 Οί

588 1223 688 1292 μὲν
709 1218 802 1276 06v
829 1220 981 1291 παρὰ
1009 1222 1118 1275 τῶν
1140 1221 1347 1288 ἔξωθεν
1395 1220 1598 1290 ταύτης
1626 1221 1917 1293 ἠξιωμένοι
1940 1225 2040 1294 τῆς
2070 1240 2152 1275 τι-

586 1325 715 1395 μῆς,
751 1326 945 1396 ἱμάτια
989 1325 1326 1394 περίκεινται
1368 1324 1463 1376 καὶ
1510 1324 1893 1394 περιαυχένιον
1942 1324 2148 1394 κόσμον

581 1427 837 1498 χρυσοῦν,
869 1427 961 1480 καὶ
988 1424 1248 1478 πάντοθέν
1282 1426 1386 1476 είσι
1419 1423 1656 1496 λαμπροί
1677 1443 1688 1455 '
1708 1420 1860 1490 0610;
1885 1427 1941 1478 δέ
1959 1426 2152 1480 ἅλυσιν

581 1533 704 1586 ἀντί
738 1529 939 1603 χρυσοῦ
993 1529 1396 1601 περικείμενος,
1431 1529 1690 1600 βαστάζει
1736 1532 1827 1584 τὸν
1872 1531 2104 1603 σταυρόν
2132 1547 2146 1562 ·

581 1627 734 1696 0610;
753 1631 1126 1704 ἐλαυνόμενος,
1145 1622 1300 1694 0610;
1319 1632 1544 1702 μαστιζό
1551 1650 1708 1703 μενος
1725 1635 1817 1686 καὶ
1839 1633 2142 1704 λιμώττων.

595 1737 753 1790 Ἀλλά
804 1739 878 1807 μὴ
911 1736 1238 1809 στυγνάσῃς,
1273 1737 1687 1806 ἁγαπητέ..Καί
1738 1737 1846 1808 709
1875 1741 1904 1790 6
1949 1739 2152 1806 κόσμος

581 1837 736 1906 0610;
782 1842 988 1895 ἐκείνου
1033 1840 1211 1909 πολλῷ
1259 1840 1478 1910 βελτίων
1501 1840 1593 1893 καὶ
1624 1840 2014 1910 λαμπρότερος,
2049 1842 2149 1895 καὶ⁹

577 1944 698 2012 Θεῷ
742 1946 892 2013 φίλος
918 1960 932 1973 °
982 1943 1061 1996 6:6
1107 1943 1202 1996 καὶ
1254 1943 1534 2014 βαστάζων
1579 1945 1679 1996 ούκ
1723 1944 1946 2015 ἔκαμνε.
1981 1943 2152 1997 Τοῦτο

577 2049 688 2120 γάρ
719 2050 831 2101 ἐστι
855 2047 915 2101 16
935 2049 1264 2120 θαυμαστὸν,
1304 2049 1384 2101 ὅτι
1419 2048 1556 2118 μετὰ
1577 2049 1790 2119 δεσμῶν
1822 2050 1915 2102 καλ⁸
1945 2050 2142 2118 μαστί-

577 2167 692 2218 γων
720 2151 812 2204 καὶ
837 2151 1149 2220 στιγμάτων
1179 2150 1557 2222 λαμπρότερος
1585 2151 1691 2204 τῶν
1727 2151 1826 2223 τὴν
1855 2151 2147 2221 ἁλουργίδα

577 2255 669 2307 καὶ
696 2255 753 2305 τὸ
774 2253 1012 2322 διάδημα
1047 2253 1275 2321 ἐχόντων
1323 2247 1413 2324 ἦν.
1446 2254 1566 2306 Ὅτι
1595 2253 1702 2324 709
1741 2252 2144 2323 λαμπρότερος,

575 2354 670 2408 καὶ
701 2355 760 2406 οὐ
788 2355 997 2423 κόμπος
1028 2353 1097 2406 τὰ
1123 2354 1408 2424 εἰρημένα,
1439 2353 1698 2424 ἐδήλωσεν
1721 2355 1886 2408 αὑτοῦ
1925 2355 1994 2408 10
2018 2355 2146 2425 ἱμά-

571 2475 682 2512 τια.
740 2459 1055 2528 Διαδήματα
1100 2459 1199 2527 μὲν
1250 2457 1358 2528 γὰρ
1418 2457 1586 2530 μυρία
1650 2458 1744 2511 καὶ
1810 2459 2142 2529 πορφυρίδας

570 2558 837 2620 τοσαύτας
869 2558 934 2611 ἂν
969 2556 1162 2626 ἐπιθῇς
1187 2555 1578 2626 ἀρρωστοῦντι,
1613 2554 1733 2607 οὐδὲ
1752 2554 1943 2624 μικρόν
1964 2572 2015 2606 τι
2041 2555 2140 2625 τῆς

573 2659 766 2731 φλογὸς
781 2658 1144 2728 ὑποτεμέσθαι
1173 2658 1374 2729 δυνήσῃ
1393 2671 1409 2689 ⁸
1423 2657 1490 2710 τὰ
1504 2657 1559 2708 δὲ
1588 2655 1796 2708 ἐκείνου
1820 2654 2138 2725 σημικίνθια

571 2763 861 2834 ὁμιλοῦντα
892 2765 1004 2824 τοῖς
1035 2761 1247 2832 σώμασι
1268 2760 1376 2813 τῶν
1411 2760 1744 2829 καμνόντων,
1785 2759 1963 2811 πᾶσαν
1991 2759 2144 2810 νόσον

569 2867 923 2936 δραπετεύειν
947 2867 1091 2917 ποιεί
1110 2882 1121 2894 ·
1145 2863 1240 2918 καὶ
1273 2863 1516 2925 εἰκότως.
1544 2863 1607 2914 El
1628 2861 1735 2932 709
1765 2862 1959 2932 λῃσταί
1981 2859 2139 2913 τοῦτο

567 2967 801 3038 ὁρῶντες
829 2965 889 3018 τὸ
922 2968 1144 3036 σημεῖον
1170 2965 1230 3018 ού
1257 2963 1524 3034 τολμῶσιν
1567 2963 1831 3032 ἐπελθεῖν,
1860 2964 1972 3016 ἀλλ’
1997 2965 2135 3032 ἁμε-

566 3070 868 3142 ταστρεπτὶ
904 3070 1182 3139 φεύγουσι,
1207 3069 1385 3140 πολλῷ
1421 3069 1620 3139 μᾶλλον
1648 3070 1791 3121 νόσοι
1827 3069 1922 3122 καὶ
1949 3067 2139 3138 δαίμο-

566 3192 654 3239 νες
676 3174 906 3245 δρῶντες
927 3173 1100 3226 ἐκεῖνο
1143 3172 1203 3226 16
1234 3175 1456 3242 σημεῖον
1475 3171 1782 3240 φεύγουσιν.
1827 3170 2132 3236 Ἐδάσταζε

565 3277 644 3339 δὲ,
678 3278 776 3346 ούχ
805 3277 892 3329 ἵνα
918 3275 1078 3338 0616;
1109 3277 1240 3328 αὐτὸ
1267 3274 1403 3345 φέρῃ
1431 3273 1608 3344 μόνος,
1632 3274 1746 3327 ἀλλ’
1771 3273 1856 3326 ἵνα
1887 3273 2136 3335 ἅπαντας

564 3378 832 3440 τοιούτους
867 3379 1064 3447 ποιήσῃ
1108 3378 1202 3429 καὶ
1251 3376 1436 3447 διδάξῃ
1469 3375 1792 3445 βαστάζεινο
1834 3374 1915 3427 6:6
1959 3374 2135 3442 ἔλεγε,

566 3480 716 3552 [515}
771 3481 1029 3548 Μιμηταί
1053 3497 1174 3549 μου
1221 3480 1478 3550 γίνεσθε,
1524 3478 1721 3544 καθὼς
1746 3479 1912 3546 ἔχετε
1942 3481 2135 3532 τύπον

562 3581 753 3655 ἡμᾶς’·
795 3582 886 3634 καὶ
912 3581 1095 3647 πάλιν,
1121 3583 1180 3634 Ἃ
1205 3580 1392 3632 εἴδετε
1432 3580 1530 3633 καί
1557 3580 1854 3647 ἠκούσατε
1881 3580 1951 3632 ἐν
1977 3579 2128 3648 ἐμοὶ,

547 3685 750 3738 ταῦτα
776 3683 1082 3751 πράσσετε
1103 3700 1116 3713 ο
1171 3684 1265 3736 καὶ
1293 3682 1474 3747 πάλιν,
1519 3683 1680 3750 Ἡμῖν
1713 3683 2027 3751 ἐχαρίσθη,
2057 3685 2130 3736 οὐ

560 3786 750 3855 μόνον
780 3784 842 3837 τὸ
871 3786 958 3849 εις
983 3783 1172 3837 αὐτὸν
1190 3783 1518 3850 πιστεύειν,
1549 3782 1710 3836 ἀλλὰ
1746 3783 1847 3838 καί
1875 3782 1941 3835 τὸ
1976 3783 2132 3851 ὑπὲρ

561 3887 748 3941 αὐτοῦ
781 3885 1060 3954 πάσχειν.
1109 3886 1190 3938 T0
1241 3886 1338 3954 μὲν
1385 3886 1494 3955 709
1531 3884 1625 3952 τοῦ
1673 3885 1939 3955 παρόντος
1971 3886 2134 3952 ἀξιώ-

564 4006 712 4061 ματα
763 3988 878 4059 βίου
925 3989 1045 4040 τότε
1109 3989 1330 4058 μείζονα
1381 3987 1667 4055 φαίνεται,
1723 3988 1855 4040 610v
1909 3989 1989 4050 εἰς
2037 3988 2134 4042 ἕνα

561 4095 789 4163 περιστῇ
817 4093 974 4161 μόνον
991 4108 1004 4122 °
1041 4092 1133 4144 ἐπὶ
1155 4093 1211 4151 δὲ
1241 4093 1348 4144 τῶν
1371 4089 1755 4160 πνευματικῶν
1773 4090 2082 4144 τόύναντίον
2112 4105 2127 4120 ⁸

557 4195 679 4247 τότε
705 4192 938 4264 μάλιστα
961 4193 1167 4263 λάμπει
1194 4194 1253 4247 16
1273 4195 1372 4265 τῆς
1394 4194 1580 4264 τιμῆς,
1607 4194 1738 4246 610v
1770 4191 1996 4254 πολλοὺς
2027 4191 2130 4259 τῆς

559 4297 851 4369 προεδρίας
876 4296 972 4367 ἔχῃ
1005 4297 1312 4360 κοινωνοὺς,
1332 4297 1426 4348 καὶ
1449 4296 1576 4348 ὅταν
1603 4297 1631 4347 ό
1662 4294 1905 4364 μετέχων
1933 4293 2008 4364 μή
2048 4289 2130 4356 εἷς

560 4396 616 4471 ᾖ,
640 4399 776 4453 ἀλλὰ
801 4397 1026 4458 πολλοὺς
1055 4397 1154 4469 ἔχῃ
1176 4398 1299 4458 106;
1323 4396 1430 4447 τῶν
1467 4395 1644 4449 αὐτῶν
1665 4395 2054 4456 ἀπολαύοντας.

638 4503 798 4571 Ὁρᾷς
849 4495 940 4570 06v
970 4500 1178 4560 πάντας
1213 4501 1628 4568 σημειοφόρους,
1667 4499 1761 4551 κα)⁸
1788 4498 2016 4551 ἕκαστον
2067 4503 2129 4550 τὸ

557 4604 727 4672 ὄνομα
766 4601 931 4654 αὑτοῦ
975 4599 1309 4669 βαστάζοντα
1364 4599 1596 4654 ἐνώπιον
1641 4601 1811 4653 ἐθνῶν
1845 4602 1938 4653 καὶ
1972 4601 2128 4670 βασι-

557 4707 712 4770 λέων,
743 4706 903 4758 αὑτὸν
947 4705 1004 4757 δέ
1053 4704 1146 4756 καὶ
1187 4702 1414 4756 ἐνώπιον
1465 4703 1712 4774 γεέννης,
1755 4705 1848 4758 καὶ
1894 4704 2125 4758 ἐνώπιον

558 4809 852 4870 κολάσεως.
890 4807 1026 4860 Ἀλλ’
1051 4807 1149 4859 ούκ
1193 4802 1344 4858 εἶπεν
1379 4806 1584 4868 οὓτως·
1613 4805 1673 4857 ού
1713 4804 1821 4876 γάρ
1867 4807 2126 4875 ἠδύναντο

556 4915 754 4966 ἐκεῖνοι
789 4912 1092 4981 βαστάζειν.
1125 4906 1282 4973 Εἶδες
1312 4887 1439 4978 δ’σης
1473 4910 1618 4962 ἐστὶν
1649 4910 1852 4980 ἀρετῆς
1891 4914 1923 4980 ή
1962 4911 2124 4980 φύσις

556 5019 593 5086 ἠ
625 5015 864 5086 ήμετέρα
889 5016 1107 5084 δεκτική
1134 5032 1147 5078 ;
1182 5015 1256 5076 ὼς
1288 5015 1438 5067 οὐδὲν
1466 5012 1758 5084 ἀνθρώπου
1801 5013 2124 5084 τιμιώτερον

558 5121 648 5172 καὶ
669 5118 861 5188 θνητοῦ
893 5119 1168 5188 μένοντος;
1196 5119 1258 5170 Τί
1279 5119 1385 5188 γάρ
1419 5132 1507 5188 μοι
1533 5118 1724 5170 τούτου
1763 5118 1946 5188 μεῖζον
1979 5118 2123 5188 ἔχεις

555 5223 762 5284 εἰπείνς
798 5221 923 5272 τίδὲ
951 5220 1092 5284 ίσον;
1126 5219 1306 5271 πόσων
1338 5218 1394 5270 δὲ
1427 5219 1677 5286 ἀγγέλων
1716 5219 1811 5272 καὶ
1842 5217 2121 5288 ἀρχαγγέ-

555 5325 660 5377 λων
695 5323 794 5374 οὐκ
844 5322 990 5376 ἔστιν
1038 5323 1190 5388 ἄξιος
1230 5323 1258 5374 6
1306 5321 1462 5375 10610
1503 5321 1673 5374 εἰπὼν
1709 5321 1771 5374 16
1821 5323 2012 5391 ρἦα;
2065 5322 2122 5375 ’0

553 5428 660 5498 γάρ
689 5427 745 5478 ἐν
775 5423 982 5495 σώματι
1005 5423 1182 5495 θνητῷ
1231 5425 1323 5477 καὶ
1372 5427 1622 5497 ἐπικήρῳ
1659 5424 1834 5477 πάντα
1863 5425 2001 5494 ὑπὲρ
2030 5425 2119 5477 τοῦ

555 5530 785 5602 Χριστοῦ
806 5530 1054 5601 προδοὺς,
1083 5523 1155 5582 ὦν
1177 5529 1360 5601 κύριος
1380 5525 1472 5600 ἦν,
1491 5528 1689 5598 μᾶλλον
1715 5527 1769 5579 δὲ
1797 5523 1871 5580 ὢν
1903 5529 2004 5579 οὐκ
2029 5522 2115 5596 ἦν·

538 5619 648 5689 ,καὶ
673 5635 778 5706 γάρ
794 5635 884 5689 καὶ
910 5634 978 5686 10
1002 5633 1288 5697 ἐνεστῶτα,
1314 5633 1408 5686 καὶ
1431 5633 1497 5685 τὰ
1525 5633 1784 5702 μέλλοντα
1816 5630 2115 5701 προέδωκε,

554 5737 646 5790 καί
679 5731 875 5802 ὕψωμα
902 5736 994 5789 καὶ
1030 5734 1188 5799 βάθος
1220 5737 1313 5791 καὶ
1341 5736 1516 5789 κτίσιν
1538 5735 1729 5803 ἑτέραν
1751 5752 1763 5767 ·
1797 5728 1951 5798 0610;
1973 5734 2019 5785 εί
2050 5736 2108 5786 ἐν

1330 402 1387 460 ς.
1425 399 1713 458 JOANNIS
1751 399 2241 459 CHRYSOSTOMI
2279 401 2596 457 AKCIIIEP.
2637 401 3178 459 CONSTANTINOP.

3713 399 3824 456 5:0

2259 511 2536 581 ἀσωμάτῳ
2593 511 2748 580 φύσει
2778 504 2866 581 ἦν,
2907 507 3094 562 τίόὐκ
3139 509 3204 563 ἂν
3246 503 3402 574 εἰπε;
3449 509 3504 563 τί
3547 509 3604 563 δὲ
3632 511 3735 564 οὐκ
3761 513 3829 566 ἂν

2256 615 2492 686 έπραξε;
2534 617 2640 669 Καὶ
2663 615 2770 685 709
2800 615 2896 669 καὶ
2917 615 3041 678 τοὺς
3066 615 3330 683 ἀγγέλους
3367 615 3455 669 6:.0
3487 616 3646 670 10610
3692 617 3825 669 006-

2259 717 2435 786 μάξω,
2468 719 2549 771 ὄτι
2600 715 3013 789 κατηξιώθησαν
3055 719 3309 788 τοιαύτης
3354 720 3542 789 τιμῆς,
3590 720 3691 791 οὐχ
3744 720 3830 773 ὅτι

2257 819 2530 892 ἀσώματοι
2551 820 2735 890 ἔτυχον
2761 821 2911 886 ὄντες
2927 841 2939 853 ·
2968 824 3090 876 ἐπεὶ
3112 825 3204 876 καί
3219 827 3246 878 6
3270 824 3511 888 διάϐολος
3535 822 3824 892 ἀσώματός

2255 925 2316 979 τέ
2343 925 2458 978 ἐστι
2489 927 2583 979 καὶ
2612 925 2862 996 ἀόρατος,
2885 927 3001 980 ἀλλ’
3032 928 3182 997 ὅμως
3205 928 3420 981 πάντων
3449 927 3600 980 ἐστὶν
3630 925 3833 982 ἀθλιώ-

2254 1045 2428 1097 τερος,
2468 1028 2760 1100 ἐπειδήτῷ
2790 1031 3076 1100 ποιήσαντι
3104 1031 3476 1102 προσέκρουσε
3518 1030 3658 1100 Θεῷ.
3704 1030 3825 1082 Ἐν-

2253 1129 2443 1183 τεῦθεν
2476 1133 2569 1185 καὶ
2595 1132 2914 1204 ἀνθρώπους
2950 1135 3169 1199 ἀθλίους
3188 1130 3327 1189 εἷναί
3348 1152 3548 1205 φαμεν,
3569 1135 3667 1204 ούχ
3693 1135 3823 1188 ὅταν

2257 1234 2436 1304 σάρκα
2464 1237 2876 1307 περικειμένους
2911 1239 3129 1308 ἴδωμεν,
3161 1239 3276 1292 ἀλλ’
3298 1240 3427 1292 ὅταν
3466 1238 3544 1309 μή
3575 1239 3656 1301 εἰς
3702 1239 3823 1291 δέον

2255 1339 2392 1410 αὐτῇ
2425 1341 2739 1411 χρωμένους
2761 1356 2774 1370 ·
2826 1342 2948 1394 ἐπεὶ¹
2980 1341 3076 1396 καὶ
3127 1344 3156 1394 6
3187 1341 3398 1406 Παῦλος
3455 1329 3630 1412 σάρκα
3661 1358 3822 1410 περι-

2256 1443 2634 1500 έκειτο.Πόθεν
2656 1442 2748 1500 06v
2768 1447 3007 1511 τοιοῦτος
3035 1444 3103 1518 ἦν
3124 1465 3138 1512 ;
3162 1449 3273 1502 Καὶ
3301 1447 3534 1511 οἴκοθεν,
3560 1443 3653 1500 καὶ
3673 1447 3826 1517 11090

2255 1544 2410 1613 Θεοῦ,
2447 1549 2540 1600 καὶ
2589 1547 2678 1603 διὰ
2708 1548 2867 1602 τοῦτο
2899 1551 3049 1620 παρά
3077 1550 3235 1616 Θεοῦ,
3263 1550 3449 1620 ἐπειδή
3485 1549 3727 1603 οἴκοθεν·
3760 1549 3825 1601 ού

2254 1648 2364 1720 γάρ
2394 1650 2511 1702 ἐστι
2546 1653 3014 1724 προσωπολήπτης
3043 1654 3072 1705 6
3103 1653 3255 1717 Θεός.
3296 1653 3359 1705 Εἰ
3400 1654 3458 1706 δέ
3491 1653 3691 1721 λέγοις,
3728 1627 3852 1706 καὶ.

2255 1752 2371 1814 πῶς
2397 1752 2619 1806 δυνατὸν
2651 1755 2889 1819 ἐκείνους
2923 1755 3283 1826 μιμήσασθαι,
3314 1757 3543 1810 ἄκουσον
3569 1758 3624 1808 τί
3656 1772 3821 1825 φησι·

2253 1857 2512 1924 Μιμηταί
2535 1875 2652 1925 μου
2668 1859 2928 1926 γίνεσθε,
2951 1861 3147 1925 καθὼς
3167 1859 3328 1929 κάγὼ
3347 1860 3626 1928 Χριστοῦ.
3658 1860 3826 1912 Ἐκεῖ·

2255 1975 2343 2022 νος
2387 1960 2481 2012 τοῦ
2527 1960 2761 2030 Χριστοῦ
2792 1964 2982 2030 γέγονε
3026 1963 3298 2033 μιμητὴς,
3340 1963 3404 2014 σὺ
3441 1962 3498 2014 δὲ
3549 1961 3682 2014 ούδέ
3726 1960 3823 2015 τοῦ

2255 2065 2571 2133 συνδούλους
2613 2070 2819 2132 ἐκεῖνος
2863 2069 3140 2140 Δεσπότην
3174 2069 3434 2138 ἐζήλωσε,
3486 2069 3550 2120 σὺ
3595 2065 3652 2119 δὲ
3701 2064 3823 2118 ούδέ

2249 2167 2339 2221 τὸν
2365 2167 2677 2237 ὀμόδουλον;
2709 2172 2805 2224 καὶ⁵
2832 2170 2992 2223 ποίαν
3015 2170 3156 2236 ἐξεις
3186 2169 3519 2237 άπολογίαν;
3549 2170 3662 2222 Καὶ
3703 2167 3822 2232 πῶς

2229 2271 2410 2355 ¹αὑτὸν
2447 2276 2773 2344 ἐμιμήσατο,
2811 2275 2972 2345 φησί;
3009 2273 3176 2326 Τοῦτο
3203 2273 3260 2340 ἐξ
3294 2275 3466 2345 ἀρχῆς
3495 2274 3692 2326 σκόπει
3722 2274 3818 2326 καὶ

2249 2375 2344 2428 ἀπ’
2362 2376 2537 2428 αύτῶν
2552 2377 2660 2428 τῶν
2681 2378 2999 2447 προοιμίων.
3035 2377 3252 2446 Ἐπειδὴ
3280 2376 3387 2446 γάρ
3409 2375 3516 2428 ἀπὸ
3534 2374 3642 2428 τῶν
3661 2374 3822 2427 θείων

2247 2481 2502 2549 ναμάτων
2529 2480 2782 2534 τοσοῦτον
2813 2481 2921 2551 πῦρ
2952 2480 3089 2550 ἔχων
3125 2480 3376 2550 ἀνῆλθεν,
3421 2479 3496 2542 ὼς
3528 2479 3663 2550 μηδέ
3690 2479 3822 2530 ἁνα-

2250 2586 2430 2652 μεῖναι
2466 2583 2780 2638 διδάσκαλον
2801 2599 2813 2612 ·
2841 2584 2902 2636 ού
2944 2583 3054 2654 γὰρ
3091 2583 3404 2653 περιέμεινε
3437 2583 3664 2654 Πέτρον,
3695 2582 3821 2636 οὐδὲ

2244 2679 2376 2754 ἦλθε
2407 2685 2541 2754 πρὸς
2583 2685 2858 2752 Ἰάκωόον,
2893 2685 3012 2737 οὐδὲ
3043 2685 3179 2756 πρὸς
3210 2685 3369 2738 ἄλλον
3418 2685 3644 2748 οὐδένα,
3701 2684 3820 2738 ἀλλ’

2246 2789 2350 2841 ὑπὸ
2375 2788 2476 2858 τῆς
2519 2788 2827 2859 προθυμίας
2855 2788 3064 2860 ἀρθεὶς,
3103 2787 3246 2842 οὕτω
3272 2788 3370 2858 την
3398 2790 3551 2842 πόλιν
3585 2788 3819 2859 ἀνῆψεν,

2245 2893 2320 2955 ὡς
2377 2893 2610 2963 πόλεμον
2660 2893 3116 2965 ἀναῤῥιπισθῆναι
3157 2895 3276 2946 κατ’
3317 2893 3482 2946 αὐτοῦ
3535 2895 3772 2964 χαλεπόν
3801 2912 3816 2926 ο

2245 3001 2366 3053 ἐπεὶ
2414 3001 2508 3054 καὶ
2555 3000 2801 3064 Ἰουδαῖος
2850 3003 2948 3067 ῶν,
2993 3001 3062 3054 10
3105 3003 3244 3073 ὑπὲρ
3271 3003 3369 3074 τὴν
3399 3001 3555 3067 ἀξίαν
3603 3003 3816 3068 ἐποίει,

2243 3108 2538 3178 δεσμεύων,
2561 3109 2810 3177 ἀπάγων,
2833 3109 3101 3180 δημεύων.
3121 3110 3277 3163 Οῦτω
3306 3113 3402 3163 καὶ
3433 3112 3698 3180 Μωῦσῆς,
3722 3113 3820 3165 καὶ

2244 3211 2393 3284 [514]
2425 3213 2638 3277 οὐδενὸς
2693 3217 3170 3285 χειροτονήσαντος
3202 3215 3364 3269 αὑτὸν
3385 3257 3400 3281 ,
3455 3218 3556 3288 τὴν
3593 3218 3810 3272 ἀδικίαν

2239 3320 2346 3372 τῶν
2375 3319 2666 3392 βαρϐάρων
2699 3319 2936 3404 ἐκώλυσε
2969 3321 3067 3392 τὴν
3093 3323 3233 3376 κατὰ
3255 3322 3363 3379 τῶν
3393 3326 3702 3395 ὁμοφύλων.

2309 3448 2492 3500 Ταῦτα
2520 3448 2628 3521 709
2656 3449 2834 3520 ψυχῆς
2864 3452 3112 3518 γενναίας
3139 3453 3408 3518 ἀπόδειξις
3460 3457 3553 3508 καὶ
3586 3455 3814 3529 γνώμης

2238 3555 2542 3626 ἐλευθέρας,
2598 3558 2697 3610 ούκ
2751 3559 3094 3632 άνεχομένης
3129 3564 3254 3632 σιγῇ
3305 3564 3493 3633 φέρειν
3517 3565 3586 3618 10
3609 3566 3814 3635 ἐτέρων

2238 3662 2400 3727 κακὰ,
2437 3661 2537 3715 κᾶν
2571 3663 2760 3732 μηδεὶς
2789 3665 2817 3716 6
2855 3663 3254 3740 χειροτονῶν
3290 3669 3414 3722 ’Ότι
3449 3669 3558 3741 709
3588 3672 3813 3737 δικαίως

2235 3771 2545 3842 ἐπεπήδησε
2567 3774 2629 3842 τῇ
2652 3773 2978 3843 προστασίᾳ,
2997 3773 3197 3839 ἔδειξεν
3218 3777 3247 3828 6
3269 3777 3400 3840 Θεὸς
3425 3782 3811 3851 χειροτονήσας

2236 3882 2396 3934 αὐτὸν
2425 3881 2677 3951 ὕστερον
2703 3882 2730 3935 6
2753 3885 2951 3937 καὶέπὶ
2968 3885 3180 3940 Παύλου
3206 3887 3524 3957 πεποίηκεν.
3556 3889 3680 3942 Ὀτι
3699 3890 3810 3965 709

2235 3993 2329 4044 καὶ
2355 3985 2505 4053 0610;
2530 3992 2706 4054 καλῶς
2725 3993 2947 4063 ἐποίησε
2967 3994 3060 4047 τοῦ
3081 3995 3239 4065 λόγου
3263 3996 3539 4067 ἁψάμενος
3565 3999 3688 4053 τότε
3714 4001 3811 4054 καὶ

2233 4098 2333 4168 τῆς
2355 4098 2719 4164 διδασκαλίας,
2751 4101 3021 4154 καὶτοῦτο
3043 4103 3315 4172 ἐδήλωσεν
3341 4107 3370 4158 6
3406 4106 3560 4170 Θεὸς,
3595 4110 3806 4180 ταχέως

2234 4211 2392 4263 αὑτὸν
2423 4212 2516 4263 ἐπὶ
2537 4211 2594 4264 16
2608 4211 2715 4264 τῶν
2732 4212 3065 4267 διδασκάλων
3097 4213 3314 4284 ἀξίωμα
3339 4216 3582 4285 ἀγαγών.
3617 4218 3681 4271 Εἰ
3706 4221 3808 4290 μὲν

2233 4319 2341 4388 γὰρ
2365 4318 2532 4389 τιμῆς
2559 4318 2740 4371 ἐνεκεν
2767 4320 2861 4371 καὶ
2889 4319 3181 4390 προεδρίας
3212 4322 3496 4392 ἐπεπήδων
3520 4327 3633 4387 τοῖς
3659 4326 3806 4396 πρά-

2232 4443 2425 4496 γμασι,
2451 4427 2542 4478 καὶ
2572 4427 2674 4494 τῆς
2697 4427 2880 4479 αὐτῶν
2909 4427 3222 4497 θεραπείας,
3249 4431 3472 4494 εἰκότως
3501 4431 3566 4484 ἂν
3591 4433 3806 4504 ἐνεκλή-

2233 4535 2423 4606 θησαν.
2468 4535 2684 4607 Ἐπειδὴ
2709 4536 2765 4589 δὲ
2790 4537 3070 4599 κινδύνους
3107 4517 3360 4606 ἠγάπων,
3413 4542 3506 4593 καὶ
3539 4543 3804 4607 θανάτους

2233 4645 2566 4711 ἐπεσπῶντο,
2599 4645 2683 4696 ἵνα
2715 4645 2842 4708 τοὺς
2863 4645 3054 4708 ἄλλους
3079 4647 3415 4701 διασώσωσιν
3435 4649 3803 4718 ἆπαντας,τίς

2231 4751 2399 4814 οὕτως
2425 4751 2628 4816 ἄθλιος,
2665 4752 2806 4804 ὥστε
2843 4753 3136 4821 ἐγκαλέσαι
3185 4755 3462 4827 προθυμία
3512 4759 3753 4832 τοσαύτῃ
3786 4777 3800 4826 ;

2233 4859 2353 4912 Ὀτι
2402 4859 2509 4928 γὰρ
2555 4859 2652 4926 τῆς
2684 4859 2791 4910 τῶν
2822 4859 3208 4928 ἀπολλυμένων
3239 4864 3518 4932 σωτηρίας
3563 4866 3800 4934 ἐρῶντες

2228 4966 2396 5020 ταῦτα
2423 4965 2709 5037 ἔπραττον,
2732 4966 2966 5036 ἐδήλωσε
2993 4966 3086 5018 καὶ
3121 4969 3154 5038 ἠ
3179 4968 3279 5021 τοῦ
3300 4969 3433 5023 Θεοῦ
3458 4971 3654 5041 ψῆφος,
3685 4974 3802 5045 ἐδή-

2228 5078 2364 5131 λωσε
2397 5080 2489 5132 καὶ
2516 5078 2671 5148 ήτῶν
2697 5077 2882 5141 κακῶς
2914 5077 3255 5148 ἐρασθέντων
3285 5081 3378 5133 τὸν
3400 5079 3578 5149 ἔρωτα
3607 5084 3800 5137 τοῦτον

2227 5185 2488 5239 ἀπώλεια.
2533 5187 2874 5257 Ἐπεπήδησε
2901 5186 3009 5256 γάρ
3041 5203 3169 5238 ποτε
3195 5187 3288 5241 καὶ
3317 5189 3500 5259 ἕτερος
3529 5191 3670 5262 ἀρχῇ
3707 5195 3802 5248 καὶ

2229 5291 2550 5362 προστασίᾳ,
2605 5289 2740 5342 ἀλλά
2782 5291 2981 5352 πάντες
3030 5289 3321 5350 ἀπέθανον,
3351 5293 3398 5342 οἱ
3433 5293 3530 5361 μὲν
3577 5297 3800 5366 ἐμπρη-

2229 5399 2462 5462 σθέντες,
2498 5399 2546 5450 οἱ
2594 5397 2650 5449 δὲ
2679 5399 2781 5466 γῆς
2822 5397 3100 5451 διαστάσει
3127 5399 3551 5463 καταποθέντες.
3583 5403 3659 5455 Ού
3688 5405 3799 5474 709

2225 5508 2312 5561 6:0
2361 5505 2693 5576 προστασίαν
2726 5504 2882 5557 τοῦτο
2913 5505 3151 5568 ἐποίουν,
3182 5505 3315 5559 ἀλλὰ
3363 5507 3452 5560 6:.0
3501 5509 3797 5581 προεδρίας

2226 5617 2422 5686 ἔρωτα.
2461 5612 2797 5684 Ἐπεπήδησε
2825 5613 2918 5666 καὶ
2961 5614 3160 5678 Ὀζίας,
3183 5615 3321 5668 ἀλλὰ
3351 5616 3443 5671 καὶ
3481 5610 3636 5678 0610;
3659 5619 3800 5678 ἀχά.

2229 5728 2423 5799 θαρτος
2451 5725 2708 5794 γέγονεν’
2737 5723 3045 5795 ἐπεπήδησε
3093 5726 3185 5779 καὶ
3229 5727 3430 5800 Σίμων,
3476 5727 3614 5781 ἀλλὰ
3667 5745 3801 5782 κατ-
