4082 6434
188 412 290 471 509

254 521 435 593 Angin
475 517 712 575 custodes
758 515 936 571 nostri.
966 543 1039 555 -—
1063 513 1120 569 Si
1150 511 1293 568 enim
1334 510 1606 581 prepriam
1651 518 1779 563 tan-

181 611 463 668 tummodo
499 609 662 667 vitam
713 606 1039 678 regentibus,
1082 603 1324 673 nihilque
1374 615 1472 671 pro
1514 598 1785 655 communi

184 704 415 759 utilitate
458 699 800 762 facientibus,
841 697 1015 767 angeli
1055 695 1124 750 ab
1150 694 1389 748 omnium
1430 692 1659 747 Domino
1686 690 1783 745 de-

180 793 355 864 putati
382 802 525 855 sunt,
562 792 701 844 sicut
724 789 797 842 ait
833 802 967 841 unus
988 801 1052 839 cx
1077 784 1256 853 justis,
1286 782 1507 852 Angelus
1539 782 1626 851 qui
1653 780 1784 833 eruit

178 901 263 937 me
291 900 324 935 α
344 884 610 953 juventute
650 896 762 933 mea
786 876 939 952 (Gen.
962 875 1052 931 48.
1088 874 1180 944 16)
1211 892 1225 927 :
1254 875 1426 929 multo
1465 872 1632 941 magis
1672 870 1777 935 his,

175 975 382 1045 quibus
432 974 594 1029 totius
640 972 787 1025 orbis
827 984 956 1025 cura
1001 968 1285 1023 commissa
1332 975 1431 1030 est,
1491 964 1784 1033 taliumque

173 1066 447 1121 donorum
476 1079 638 1119 onera
667 1063 1000 1133 portantibus
1026 1060 1251 1115 virtutes
1278 1059 1473 1112 adsunt
1510 1071 1779 1125 superum.

175 1157 249 1211 Et
268 1157 345 1211 illi
372 1155 586 1225 quidem
609 1155 696 1224 qui
725 1153 776 1207 in
805 1154 1040 1207 exercitu
1062 1150 1166 1204 hoc
1195 1150 1399 1203 honore
1423 1148 1605 1202 donati
1633 1155 1778 1211 sunt,
1814 1150 1817 1151 ⁷

173 1255 442 1301 ornantur
470 1252 620 1298 veste
665 1243 919 1312 pretiosa,
958 1240 1137 1294 aureis
1169 1238 1446 1307 torquibus
1485 1237 1623 1291 colla
1652 1235 1784 1290 sub-

173 1338 318 1399 nixi,
347 1335 578 1389 nitentes
606 1333 880 1400 undique,
924 1340 979 1384 et
1006 1328 1240 1398 undique
1276 1326 1636 1396 refulgentes;
1680 1326 1781 1380 iStc

174 1442 315 1484 vero
336 1438 523 1483 catena
552 1440 650 1494 pro
679 1434 866 1494 torque
892 1420 1257 1477 circumdatus
1283 1459 1298 1485 ,
1331 1428 1506 1488 gestat
1538 1432 1778 1483 crucem,

174 1527 234 1575 et
267 1517 742 1588 persequutionem
772 1513 1003 1582 undique
1042 1511 1333 1573 sustinens,
1363 1509 1556 1561 famem
1587 1507 1782 1575 ubique

175 1611 514 1681 perpetiens.
545 1605 650 1663 Sed
682 1605 813 1659 nihil
850 1613 952 1669 est,
982 1602 1351 1663 dilectissime,
1384 1598 1529 1670 quod
1560 1615 1629 1653 ex
1675 1597 1780 1651 hu-

176 1700 479 1773 juscemodi
525 1696 863 1753 sermonibus
894 1694 1231 1764 ingemiscas.
1260 1692 1533 1761 Siquidem
1562 1690 1664 1745 iste
1686 1705 1780 1743 or-

179 1800 341 1847 natus
368 1792 542 1845 multo
570 1798 653 1843 est
681 1787 775 1842 illo
802 1787 995 1841 melior
1019 1796 1074 1840 et
1107 1785 1326 1849 clarior,
1369 1792 1529 1853 atque
1552 1782 1779 1835 amicior

177 1884 318 1949 Deo,
346 1890 569 1952 propter
599 1879 740 1949 quod
772 1888 825 1933 et
849 1890 1069 1948 portans
1092 1876 1311 1930 minime
1341 1874 1637 1929 laborabat.
1670 1873 1782 1927 lloc

177 1982 269 2029 est
293 1986 525 2041 namque
552 1969 816 2033 mirabile,
854 1967 979 2037 quia
1022 1981 1144 2023 cum
1174 1965 1423 2030 vinculis,
1455 1962 1775 2017 verberibus

178 2079 349 2134 atque
389 2063 706 2118 vulneribus
747 2062 904 2130 longe
947 2058 1279 2129 splendidior
1321 2069 1439 2113 erat
1474 2057 1780 2112 diademate

180 2169 526 2226 purpuraque
562 2153 904 2223 fulgentibus.
946 2151 1099 2218 Quod
1138 2152 1282 2205 enim
1322 2160 1469 2205 esset
1510 2166 1639 2205 vere
1666 2150 1779 2203 cla-

179 2249 315 2310 rior,
350 2254 404 2299 et
431 2246 558 2313 quia
597 2260 704 2297 non
747 2242 816 2297 ad
840 2257 1033 2297 sonum
1061 2240 1430 2295 tantummodo
1458 2240 1558 2294 ista
1588 2240 1780 2294 dican-

179 2346 295 2401 tur,
325 2336 493 2404 ipsius
521 2334 840 2388 vestimenta
868 2332 1186 2387 docuerunt.
1215 2329 1352 2385 Nam
1395 2330 1440 2383 si
1485 2330 1632 2384 mille
1660 2329 1779 2383 dia-

180 2427 404 2482 demata
427 2424 753 2493 totidemque
780 2437 1040 2494 purpuras
1079 2422 1288 2477 ardenti
1318 2420 1558 2477 febribus
1588 2436 1780 2489 super-

180 2535 378 2590 ponas,
422 2533 492 2573 ne
533 2517 799 2573 modicum
843 2515 1059 2586 quidem
1096 2514 1327 2569 flammae
1373 2514 1493 2582 ejus
1529 2512 1784 2567 valebunt

180 2612 552 2679 exstinguere.
581 2612 651 2663 At
678 2623 809 2663 vero
837 2606 993 2676 hujus
1028 2606 1379 2670 semicinctia,
1408 2604 1779 2673 argrotantium

180 2701 402 2757 admota
460 2698 804 2768 corporibus,
875 2696 1093 2751 morbos
1143 2710 1334 2750 omnes
1395 2695 1667 2765 fugabant.
1723 2695 1780 2750 Si

179 2794 331 2849 enim
363 2792 597 2845 latrones
620 2790 860 2844 videntes
886 2789 1096 2859 signum
1128 2788 1257 2841 illud
1285 2787 1540 2853 militare,
1568 2805 1673 2843 non
1704 2790 1780 2843 ir-

184 2892 373 2948 ruunt,
405 2883 499 2937 sed
524 2882 696 2936 aversi
729 2889 950 2950 repente
969 2879 1253 2948 diﬂ‘ugiunt
1282 2896 1295 2933 :
1328 2879 1499 2934 multo
1529 2880 1697 2948 magis
1726 2888 1781 2935 et

182 2974 535 3045 aegritudines
591 2982 645 3027 et
700 2972 973 3026 dannones
1027 2969 1230 3025 ChriSIi
1284 2970 1437 3039 signo
1486 2980 1779 3039 appareute

182 3064 477 3136 fugiebant.
511 3063 599 3118 Sic
621 3072 798 3118 autem
826 3062 1021 3116 Paulus
1049 3060 1255 3115 ferebat
1278 3059 1380 3113 hoc
1408 3060 1645 3130 signum,
1670 3075 1778 3116 non

181 3167 247 3213 ut
294 3157 442 3211 solus
484 3155 617 3209 illud
650 3162 904 3223 portaret,
953 3153 1046 3209 sed
1078 3162 1139 3207 ut
1181 3167 1371 3207 onmes
1400 3167 1613 3221 quoque
1646 3154 1778 3208 tales

183 3262 309 3301 esse
335 3246 551 3300 doceret
582 3260 645 3300 ac
679 3245 914 3300 faceret:
942 3254 1161 3313 propter
1196 3242 1338 3314 quod
1378 3244 1574 3297 clamat
1619 3255 1780 3313 atque

183 3339 320 3393 dicit
347 3355 360 3390 :
392 3336 676 3391 lmitatores
703 3339 801 3390 utei
823 3346 998 3401 estote,
1030 3336 1158 3389 sicut
1194 3334 1384 3388 habetis
1407 3339 1628 3406 formam
1662 3352 1776 3391 nos.

187 3432 257 3486 Et
286 3444 490 3497 rursus,
526 3428 653 3495 Qua:
676 3428 871 3482 vidistis
903 3436 950 3480 et
977 3426 1210 3480 audiistis
1244 3426 1296 3478 in
1341 3442 1436 3489 me,
1462 3426 1570 3479 lucc
1596 3428 1731 3496 agile
1757 3442 1778 3480 :

183 3532 241 3579 et
268 3536 477 3586 rursus,
522 3521 668 3575 Vobis
697 3521 940 3575 donatum
986 3530 1082 3584 est,
1129 3536 1231 3573 non
1258 3521 1422 3573 solum
1465 3529 1521 3572 ut
1573 3521 1627 3573 in
1664 3536 1778 3575 eum

184 3614 425 3673 credatis.
452 3614 542 3667 sed
584 3622 637 3665 ut
676 3614 826 3665 etiam
866 3627 960 3680 pro
1002 3610 1097 3664 illo
1133 3611 1399 3681 patiamini
1430 3609 1687 3681 (Philipp.
1722 3611 1777 3665 3.

186 3706 278 3760 17.
308 3714 354 3757 et
383 3703 435 3759 4.
472 3702 527 3757 9.
559 3712 603 3755 et
637 3704 685 3756 l.
711 3700 828 3770 29).
859 3701 1069 3755 Etenim
1107 3702 1383 3769 prtesentis
1405 3700 1527 3755 vitm
1553 3701 1781 3771 dignita-

187 3807 271 3852 tes
298 3810 423 3850 tunc
451 3794 705 3849 clariores
748 3793 916 3847 videri
950 3792 1146 3857 solent,
1178 3793 1395 3860 quando
1427 3794 1478 3845 in
1523 3808 1630 3845 uno
1660 3804 1779 3847 tan-

186 3897 299 3940 tum
326 3886 539 3939 homine
563 3884 898 3939 constiterint
927 3901 941 3937 :
967 3883 1019 3936 iu
1049 3883 1412 3951 spiritualibus
1436 3898 1563 3938 vero
1589 3900 1619 3938 e
1647 3899 1780 3938 con-

188 3977 355 4030 trario
382 3986 508 4029 tunc
553 3975 719 4045 magis
762 3972 1045 4043 Splendeat
1076 3974 1325 4036 honores,
1359 3988 1477 4026 cum
1518 3974 1618 4027 sibi
1656 3974 1780 4044 plu-

188 4065 311 4120 rimi
341 4080 527 4119 eorum
567 4066 948 4118 οοιηιηυηίοηθ
999 4064 1294 4125 εοοὶίιηιωθ,
1341 4078 1461 4116 CUlll
1505 4079 1609 4117 llOll
1642 4080 1782 4120 unus

186 4166 273 4212 est
297 4159 563 4225 particeps
589 4155 879 4224 dignitatis,
913 4152 1008 4207 scd
1035 4153 1232 4208 multos
1274 4152 1433 4206 habet
1456 4154 1543 4223 qui
1576 4154 1780 4209 eisdem

190 4246 484 4302 honoribus
516 4246 875 4313 perfruantur.

263 4336 450 4391 Omnes
470 4333 745 4390 Christiani
763 4334 1013 4404 signiferi.
1036 4363 1108 4373 ——
1128 4331 1288 4387 Vides
1310 4332 1468 4402 igitur
1487 4332 1572 4385 hic
1595 4347 1781 4388 omnes

187 4442 312 4483 esse
341 4423 643 4495 signiferos,
677 4434 731 4477 et
758 4423 955 4477 Christi
987 4437 1182 4477 nomen
1225 4437 1657 4492 unumquemque
1686 4439 1782 4490 ge-

187 4528 335 4573 stare
363 4518 416 4571 in
444 4524 733 4585 conspectu
756 4514 994 4583 gentium
1030 4523 1189 4583 atque
1215 4529 1423 4582 regum,
1453 4514 1622 4582 ipsum
1656 4529 1783 4568 vero

187 4608 412 4664 Paulum
443 4606 601 4661 etiam
630 4612 750 4659 cum
793 4605 893 4659 sibi
925 4604 1208 4658 anathema
1243 4614 1410 4673 aptat,
1445 4616 1603 4673 atque
1650 4621 1780 4673 sup-

189 4702 432 4771 plicium.
461 4698 565 4754 Sed
591 4714 697 4753 non
730 4700 830 4751 hoc
858 4698 1111 4765 praecepit
1137 4706 1191 4751 et
1215 4697 1446 4760 creteris,
1474 4697 1613 4765 quod
1637 4708 1783 4752 certe

188 4791 268 4845 illi
296 4800 511 4860 portare
538 4804 642 4841 non
671 4796 934 4858 poterant.
964 4787 1183 4841 Vidistis
1206 4804 1396 4856 nempe
1426 4798 1637 4857 quantru
1667 4804 1771 4841 no-

189 4890 300 4935 stra
328 4881 399 4934 sit
430 4889 619 4933 natura
651 4893 815 4947 capax
851 4878 1080 4939 virtutis,
1115 4893 1273 4945 quam
1306 4878 1437 4930 nihil
1468 4878 1537 4931 sit
1566 4879 1780 4931 homine

189 4970 498 5040 pretiosius,
543 4977 596 5023 et
624 4969 795 5022 adlmc
828 4969 1008 5035 utique
1038 4968 1266 5020 mortali.
1294 4968 1427 5033 Quid
1462 4969 1604 5022 enim
1651 4967 1780 5021 mihi

191 5062 296 5118 hoc
337 5061 529 5130 majus,
571 5062 679 5114 imo
708 5060 832 5130 quid
866 5060 1063 5129 poteris
1108 5059 1297 5113 saltem
1342 5062 1549 5129 arquale
1577 5076 1781 5114 memo-

192 5136 354 5206 rare?
397 5150 731 5217 Quantorum
784 5166 887 5203 non
931 5150 1052 5213 iste,
1094 5164 1296 5217 qumso,
1349 5150 1552 5205 honore
1592 5151 1783 5220 dignus

190 5248 274 5298 cst
322 5242 654 5311 angelorum,
706 5241 797 5310 qui
844 5240 945 5294 hoc
991 5242 1210 5295 verbum
1244 5243 1411 5309 potuit
1454 5242 1639 5296 effari?
1681 5244 1780 5310 Qui

191 5334 337 5388 enim
372 5332 429 5385 in
454 5330 735 5400 temporali
768 5331 869 5385 hoc
898 5341 1057 5401 atque
1084 5332 1295 5385 mortali
1324 5346 1550 5400 corpore
1579 5334 1779 5386 consti-

190 5433 338 5477 tutus
376 5433 588 5487 cuncta,
622 5424 783 5475 etiam
823 5435 1050 5490 quorum
1095 5437 1200 5475 non
1231 5431 1346 5475 erat
1387 5422 1654 5487 dominus,
1686 5439 1783 5493 pro

190 5514 406 5569 Christo
432 5528 536 5566 non
559 5512 765 5567 dubitat
791 5510 1009 5575 offerre,
1038 5511 1124 5565 hic
1152 5512 1195 5565 si
1231 5512 1558 5580 incorporea:
1596 5511 1785 5568 fuisset

193 5616 415 5670 uatum,
446 5605 574 5674 quid
610 5605 824 5659 tandem
866 5605 1064 5666 dicere,
1098 5604 1221 5673 quid
1256 5614 1433 5658 autem
1474 5606 1647 5659 facere
1674 5605 1784 5657 dis-

192 5700 446 5756 tulisset?
501 5698 631 5753 Nam
675 5706 730 5752 et
771 5698 989 5767 angelos
1030 5706 1311 5765 propterea
1354 5697 1628 5764 miramur,
1678 5712 1783 5750 non

192 5807 315 5864 quia
354 5792 653 5862 incorporei
692 5798 818 5846 sunt
851 5790 1017 5846 creati
1053 5808 1065 5843 :
1100 5789 1362 5862 siquidem
1387 5806 1507 5848 cum
1535 5789 1777 5846 diabolus

1006 401 1097 459 DE
1137 396 1483 458 LAUDIBUS
1514 396 1570 454 S.
1602 397 1806 455 PAULI
1867 391 2224 451 APOSTOLI.
2264 393 2496 451 HOMIL.
2539 393 2654 451 Vll.

3377 396 3485 453 510

1889 507 1959 561 sit
1986 506 2331 577 incorporeus
2361 516 2417 563 et
2439 507 2740 577 invisibilis,
2764 517 2846 566 est
2870 518 3045 566 tamen
3076 511 3325 567 omnibus
3352 513 3489 569 infe-

1889 599 2044 654 licior
2072 616 2086 653 :
2118 600 2241 670 quia
2264 598 2478 655 factoris
2504 599 2599 655 Dei
2626 603 2823 657 meruit
2847 602 3129 657 offensam.
3160 603 3292 659 lline
3318 605 3483 659 etiam

1889 689 2135 745 homines
2174 690 2418 747 infelices
2463 707 2739 758 vocamus,
2786 710 2892 748 non
2941 696 3065 764 quia
3112 695 3353 751 videmus
3390 712 3489 753 eos

1883 796 2051 846 carne
2106 782 2492 851 circumdatos,
2546 784 2639 839 sed
2687 801 2809 841 cum
2868 802 2973 840 non
3021 803 3104 849 ca,
3154 799 3209 842 ut
3252 778 3485 859 opai-tet,

1890 876 2402 945 utuntur:alioquin
2428 884 2482 930 et
2523 891 2687 932 carne
2714 876 3036 932 induebatur
3079 879 3297 935 Paulus.
3335 880 3489 937 Uuth

1889 964 2049 1033 igitur
2080 966 2197 1019 talis
2224 967 2468 1034 emersit,
2503 977 2558 1022 et
2588 968 2807 1023 tantus?
2850 968 2918 1024 Et
2946 985 3015 1024 ex
3048 971 3268 1040 proprio
3295 972 3487 1027 videli-

1887 1066 1995 1123 cet,
2025 1066 2081 1112 et
2108 1075 2173 1113 ex
2204 1060 2312 1114 Deo
2342 1076 2356 1113 :
2389 1067 2443 1114 et
2469 1060 2670 1115 idcirco
2705 1077 2772 1115 ex
2823 1061 2955 1126 Deo,
2988 1064 3113 1132 quia
3152 1063 3221 1118 de
3247 1065 3489 1133 proprio.

1886 1147 2003 1202 Non
2031 1148 2174 1203 enim
2215 1159 2298 1204 est
2324 1163 2690 1219 personarum
2736 1161 2990 1222 acceptor
3026 1153 3166 1208 Deus
3199 1136 3336 1224 (εἶσι.
3372 1154 3487 1225 10).

1888 1238 1943 1293 Si
1987 1249 2165 1293 autem
2203 1240 2429 1307 dixeris,
2473 1241 2539 1295 Et
2585 1242 3036 1311 quemadmodum
3089 1244 3237 1298 illum
3290 1238 3489 1299 imitari

1888 1330 2141 1399 possibile
2182 1331 2307 1385 est?
2358 1331 2507 1386 disce
2554 1332 2682 1401 quid
2735 1332 2935 1387 dixerit
2984 1350 2999 1387 :
3049 1331 3341 1388 lmilatores
3394 1336 3493 1388 mei

1886 1430 2060 1485 estote,
2100 1423 2229 1475 sicut
2276 1430 2324 1477 et
2362 1438 2454 1492 ego
2483 1420 2676 1477 Christi
2706 1425 2781 1495 (l.
2816 1422 2935 1477 Cor.
2966 1425 3052 1479 ll.
3088 1424 3167 1495 1).
3198 1426 3293 1480 ille
3322 1425 3491 1495 ipsius

1885 1510 2083 1566 Christi
2128 1511 2352 1567 effectus
2393 1522 2476 1568 est
2524 1514 2779 1581 imitator,
2832 1521 2889 1569 tu
2938 1529 3071 1570 vero
3115 1530 3216 1570 nec
3258 1517 3491 1585 apostoli

1886 1606 2172 1659 conservi:
2205 1606 2294 1660 ille
2326 1588 2534 1660 Domini
2560 1606 2842 1661 tennulator
2886 1608 3003 1671 fuit,
3023 1617 3076 1661 tu
3102 1619 3283 1663 autem
3316 1624 3492 1679 neque

1886 1695 2133 1750 ennservi
2162 1713 2175 1748 :
2205 1703 2260 1749 et
2298 1710 2457 1765 quam
2490 1695 2702 1751 tandem
2744 1695 2947 1766 poteris
2994 1697 3336 1766 negligentia:
3383 1708 3495 1753 tua:

1888 1787 2133 1842 umbram
2175 1786 2506 1841 obtendere?
2544 1787 3008 1854 Quemadmodum
3044 1804 3175 1843 vero
3202 1804 3326 1843 eum
3369 1790 3491 1845 imi-

1887 1886 2029 1933 tatus
2070 1878 2159 1943 sit,
2210 1878 2465 1933 ostendit.
2511 1877 2676 1948 idque
2722 1878 2791 1932 ab
2830 1878 2982 1933 initio
3012 1880 3295 1933 considera
3325 1890 3381 1935 et
3418 1882 3490 1936 ab

1887 1970 2019 2037 ipsis
2072 1970 2369 2040 principiis.
2420 1970 2646 2039 Quando
2706 1970 2850 2025 enim
2894 1987 2959 2026 ex
3010 1971 3116 2026 illis
3161 1972 3489 2032 salutaribus

1887 2063 2108 2115 emersit
2135 2061 2370 2127 fluentis,
2406 2070 2555 2116 tanto
2584 2062 2707 2133 igne
2734 2062 2924 2130 plenus
2951 2062 3145 2129 exivit,
3179 2074 3238 2117 ut
3266 2080 3365 2118 nec
3391 2080 3488 2119 ne-

1886 2153 2179 2207 cessarium
2206 2153 2309 2208 sibi
2348 2160 2561 2221 putaret
2595 2154 2934 2222 magistrum.
2963 2152 3082 2208 Non
3118 2158 3263 2208 enim
3292 2170 3485 2225 exspe-

1886 2247 2048 2300 ctavit
2068 2246 2309 2310 Petrum,
2334 2260 2434 2301 nec
2458 2246 2603 2301 venit
2628 2246 2695 2300 ad
2719 2245 3001 2311 Iacobum,
3024 2261 3201 2317 neque
3224 2246 3292 2301 ad
3318 2248 3486 2303 alium

1886 2336 2105 2389 omnino
2142 2337 2467 2407 quemquam
2502 2353 2517 2389 :
2556 2335 2653 2391 sed
2698 2336 2916 2405 propria
2956 2337 3233 2391 alacritate
3276 2347 3484 2407 raptus,

1888 2426 1955 2479 ita
1988 2435 2150 2479 totam
2175 2427 2316 2480 illam
2344 2427 2397 2480 in
2420 2441 2523 2496 qua
2553 2426 2730 2481 fuerat
2755 2425 3078 2495 baptizatus,
3106 2426 3489 2496 prtcdicatione

1886 2532 1979 2571 sua
2012 2515 2357 2571 inﬂammavit
2385 2516 2593 2581 urbem,
2629 2525 2686 2571 ut
2712 2516 3065 2570 smvissimum
3096 2525 3283 2570 contra
3311 2531 3372 2571 se
3392 2516 3490 2573 Ju-

1885 2608 2122 2664 daeorum
2145 2609 2383 2678 prmlinm
2411 2608 2725 2663 concitaret.
2748 2608 2822 2678 (a)
2844 2604 3327 2679 [Violentissimum
3341 2608 3488 2664 enim

1885 2710 2327 2769 persequutoretn
2375 2698 2623 2753 Christus
2673 2700 2729 2753 in
2781 2698 3219 2754 ardentissimum
3266 2709 3491 2769 repente

1888 2791 2290 2861 pnndicatorem
2349 2790 2769 2863 immutaverat.]
2825 2790 3099 2862 Siquidem
3151 2792 3311 2847 etiam
3364 2806 3489 2847 cum

1885 2880 2104 2936 Judreus
2124 2890 2287 2947 esset,
2320 2895 2482 2950 supra
2514 2879 2829 2950 dignitatem
2859 2895 3012 2934 suam
3040 2881 3207 2935 multa
3240 2882 3486 2948 faciebat,

1886 2970 2130 3040 alligans,
2161 2971 2458 3038 abducens,
2492 2970 2714 3026 trahens
2736 2970 2789 3024 in
2822 2971 3096 3041 publicum
3129 2970 3486 3028 Christianos.

1885 3061 1975 3117 Sic
1999 3064 2161 3117 etiam
2201 3062 2379 3118 Moses
2416 3079 2540 3118 cum
2585 3079 2616 3118 a
2660 3063 2811 3119 nullo
2840 3064 2892 3118 in
2915 3064 3274 3134 principatum
3305 3066 3488 3135 populi

1886 3152 2164 3207 ordinatus
2194 3151 2403 3219 fuisset,
2446 3153 2777 3209 eontribules
2805 3168 2932 3209 suos
2963 3162 3145 3210 tamen
3171 3170 3203 3209 a
3236 3154 3490 3211 barbaro-

1885 3258 2001 3296 rum
2038 3242 2316 3312 iniquitate
2345 3243 2601 3298 defendit.

1959 3332 2300 3387 Fortitudinis
2328 3349 2445 3387 uera
2464 3334 2611 3405 signa
2637 3335 2690 3389 in
2718 3333 2908 3389 Paulo.
2939 3363 3009 3375 -—
3034 3334 3161 3389 Haec
3182 3337 3327 3391 enim
3362 3345 3491 3393 sunt

1887 3424 2043 3479 fortis
2084 3424 2363 3493 cujusdam
2403 3439 2468 3479 ac
2508 3426 2677 3479 virilis
2706 3427 2872 3480 animi
2911 3433 3059 3480 certa
3102 3425 3428 3483 documenta
3472 3444 3487 3481 :

1888 3514 1991 3569 hoc
2012 3515 2221 3584 signum
2248 3517 2482 3585 propriae
2504 3514 2797 3586 liberaeque
2821 3517 3123 3582 sententiae,
3151 3533 3490 3587 nequaquam

1889 3606 1943 3659 in
1988 3606 2216 3660 aliorum
2244 3605 2626 3662 afflictionibus
2675 3616 2861 3662 tenere
2891 3608 3228 3677 patientiam,
3265 3609 3360 3663 sed
3392 3610 3490 3664 be-

1887 3697 2049 3766 nigne
2087 3708 2247 3767 atque
2279 3706 2591 3752 constanter
2626 3699 2762 3753 tueri
2793 3713 2910 3767 eos,
2954 3698 3043 3768 qui
3088 3700 3489 3768 opprimuntur,

1886 3788 2098 3841 etiamsi
2152 3788 2331 3841 nullo‘
2384 3787 2437 3841 in
2484 3789 2585 3841 hoc
2628 3788 2908 3842 ordinetur
2953 3787 3154 3843 officio.
3194 3787 3327 3855 Quia
3360 3803 3490 3843 vero

1885 3880 2028 3948 juste
2058 3894 2190 3948 opus
2217 3878 2516 3948 arripuerat
2548 3879 2900 3949 principatus,
2935 3879 3076 3933 Deus
3111 3878 3252 3934 hanc
3272 3879 3321 3933 ei
3345 3888 3493 3949 post-

1888 3987 1950 4026 ea
1992 3972 2218 4025 contulit
2267 3971 2604 4043 dignitatem.
2661 3970 2896 4039 ldipsum
2932 3979 3109 4024 autem
3154 3971 3385 4038 servavit
3429 3969 3486 4024 in

1887 4063 2053 4117 Paulo
2084 4080 2098 4118 :
2126 4062 2215 4132 qui
2242 4077 2399 4130 quam
2431 4070 2579 4116 recte
2618 4059 2820 4115 faceret
2865 4059 3005 4114 ultro
3032 4060 3299 4130 arripiens
3335 4059 3483 4114 initia

1888 4154 2155 4207 sermonis
2178 4160 2337 4220 atque
2362 4150 2639 4215 doctrinm,
2672 4150 2812 4205 Deus
2846 4151 3092 4205 similiter
3116 4149 3351 4204 ostendit
3375 4148 3488 4205 cito

1887 4246 2123 4301 doctoris
2165 4260 2289 4299 eum
2328 4244 2532 4299 honore
2565 4243 2878 4297 sublimans.
2919 4243 2974 4297 Si
3022 4244 3163 4297 enim
3196 4243 3489 4313 magisterii

1887 4347 2045 4407 atque
2073 4336 2333 4406 primatus
2354 4334 2676 4402 adipiscendi
2696 4335 2864 4402 gratia
2893 4332 2957 4386 ad
2982 4334 3313 4402 procuranda
3342 4343 3488 4389 muta

1888 4427 2101 4496 negotia
2135 4426 2522 4493 prosiluissent,
2565 4433 2957 4491 consequenter
2986 4434 3168 4477 essent
3207 4423 3276 4477 de
3306 4424 3482 4483 ambi-

1891 4522 2036 4575 tione
2075 4518 2371 4587 culpabiles
2404 4533 2417 4569 :
2459 4531 2579 4571 cum
2609 4530 2738 4569 vero
2781 4514 3014 4583 pericula
3047 4514 3258 4583 utrique
3299 4514 3489 4583 dilige-

1889 4621 2030 4676 rent,
2062 4617 2372 4677 mortesque
2415 4607 2465 4659 in
2503 4620 2562 4659 se
2604 4606 2838 4674 undique
2866 4608 3233 4673 procurarent,
3268 4612 3325 4657 ut
3351 4604 3488 4659 alios

1890 4703 2227 4771 acquirerem
2257 4699 2308 4752 in
2352 4699 2600 4760 salutem,
2635 4697 2752 4765 quis
2802 4705 2907 4749 tam
2934 4707 3119 4764 aperte
3162 4694 3345 4749 infelix
3375 4704 3481 4762 est,
3533 4692 3545 4705 ‘

1880 4795 1977 4864 qui
2007 4801 2167 4847 tanta:
2192 4790 2490 4845 devotionis
2520 4788 2753 4843 studium
2782 4786 3136 4841 criminetur?
3162 4786 3315 4852 Quod
3341 4787 3490 4841 enim

1888 4890 2112 4943 aliorum
2144 4894 2383 4939 amantes
2420 4882 2644 4937 salutem
2675 4883 2772 4933 ista
2804 4880 3144 4949 perfecerint,
3173 4887 3228 4933 et
3264 4888 3483 4933 senten-

1890 4982 1958 5035 tia
1990 4977 2280 5033 declaravit
2308 4976 2420 5042 Dei,
2455 4984 2509 5029 et
2532 4988 2717 5028 eorum
2749 4971 2995 5042 perditio,
3040 4972 3131 5039 qui
3162 4971 3301 5024 male
3327 4971 3487 5023 istum

1890 5072 2274 5139 concupierunt
2306 5068 2584 5121 honorem.
2630 5065 2905 5119 lrrucrunt
2942 5061 3203 5132 siquidem
3259 5071 3384 5114 tunc
3433 5070 3489 5114 et

1889 5164 1980 5218 alii
2011 5163 2063 5216 in
2106 5158 2407 5229 huiusmodi
2436 5158 2813 5227 principatum,
2857 5154 2951 5208 sed
2981 5152 3155 5222 potius
3180 5150 3490 5220 interempti

1891 5262 2015 5308 sunt
2049 5270 2062 5303 :
2096 5266 2217 5303 nam
2269 5251 2496 5315 alterum
2536 5246 2751 5315 quidem
2797 5246 2978 5313 lapsus
3018 5244 3090 5298 de
3127 5244 3260 5297 caelo
3287 5240 3493 5295 exussit

1892 5343 2047 5414 ignis,
2100 5343 2324 5395 alterum
2370 5339 2576 5392 subitus
2605 5345 2761 5390 teme
2804 5335 2980 5389 hiatus
3022 5333 3318 5387 absorbuit.
3368 5329 3490 5387 Non

1893 5437 2035 5492 enim
2072 5444 2288 5504 propter
2315 5431 2687 5486 defensionem
2716 5428 2895 5498 populi
2934 5428 3032 5481 ista
3074 5424 3356 5489 faciebant,
3387 5422 3483 5477 sed

1891 5529 1961 5583 ob
1986 5528 2208 5597 gloriam
2238 5522 2528 5594 dignitatis.
2562 5520 2717 5575 lrruit
2756 5529 2809 5574 et
2834 5520 3009 5583 Ozias,
3036 5518 3132 5573 sed
3165 5518 3310 5585 lepra
3340 5531 3490 5570 com-

1891 5618 2192 5673 maculante
2228 5616 2443 5685 punitus
2488 5623 2570 5669 est
2609 5613 2686 5685 (2.
2738 5610 2921 5665 Parui.
2961 5611 3052 5681 26)
3088 5609 3284 5665 :irruit
3329 5606 3491 5664 etiam

1956 5733 1971 5762 '
2008 5738 2169 5781 Forte.
2190 5743 2220 5777 α
2243 5727 2394 5778 nullo.

1955 5795 2029 5857 (a)
2059 5802 2171 5853 Qua:
2196 5792 2383 5841 uncinis
2404 5790 2693 5841 clauduntur
2715 5790 2764 5837 in
2779 5787 2947 5839 Grzeoo
2969 5798 3066 5836 non
3089 5790 3300 5835 exstant.
