4082 6414
632 346 723 406 διι

630 471 836 536 Simon,
891 469 984 524 sed
1036 464 1348 536 reprobatus
1411 469 1529 521 est,
1578 466 1634 511 et
1695 456 1830 510 mori
1879 454 2201 524 periclitatus

636 563 771 630 (Act.
811 560 869 630 8)
899 577 912 612 :
938 559 1090 613 irruit
1127 571 1254 611 vero
1291 554 1449 608 etiam
1485 550 1700 612 Paulus,
1743 546 1837 602 sed
1879 547 2207 616 apostolatus

631 651 796 719 gloria
836 658 1122 704 coronatus
1149 654 1247 702 est.
1288 644 1401 699 Non
1427 643 1568 696 enim
1608 642 1660 694 in
1704 638 2078 703 sacerdotium,
2109 653 2208 693 nec

632 742 914 804 honorem.
935 739 1027 795 sed
1051 740 1102 794 in
1129 735 1479 791 ministerium
1508 733 1658 786 irruit
1679 746 1740 785 ac
1766 729 2010 791 labores;
2041 731 2209 782 maxi-

633 847 824 902 meque
851 833 903 884 in
933 831 1034 885 hoc
1060 829 1175 883 zelo
1197 836 1250 882 et
1265 827 1539 882 alacritate
1561 822 1864 894 properavit
1891 838 1904 874 :
1929 829 2208 889 propterea

632 922 967 989 pmdieatur,
997 927 1274 988 propterea
1299 915 1555 970 continuo
1584 914 1754 966 clarus
1783 910 2031 964 efﬁcitur.
2060 910 2210 964 Sicut

631 1010 772 1064 enim
802 1009 891 1079 qui
917 1009 1164 1078 princeps
1201 1005 1362 1060 fuerit
1387 1005 1678 1070 ordinatus,
1721 1001 1822 1054 nisi
1850 1000 2005 1071 digne
2032 1002 2205 1068 impo-

633 1101 791 1154 situm
833 1098 932 1152 sibi
959 1096 1296 1151 administret
1337 1093 1590 1158 ofﬁcium,
1618 1098 1852 1150 meretur
1895 1090 2057 1144 etiam
2089 1105 2204 1142 ma-

629 1189 741 1255 jora
784 1185 1042 1256 supplicia
1069 1202 1083 1239 :
1112 1185 1190 1239 sic
1221 1185 1355 1238 alter
1389 1183 1487 1237 etsi
1529 1196 1634 1234 non
1663 1179 1937 1234 ordinetur
1969 1179 2204 1250 quidem,

629 1278 885 1348 suscipiat
914 1285 1112 1342 tamen,
1153 1285 1208 1328 et
1249 1275 1386 1330 sicut
1414 1280 1622 1341 oportet
1669 1269 1906 1338 impleat,
1955 1284 2059 1320 non
2088 1268 2205 1321 dico

630 1367 1006 1432 sacerdotium,
1029 1366 1123 1420 sed
1145 1363 1546 1418 sollicitudinem
1576 1374 1862 1429 curamque
1893 1359 2202 1430 multorum,

633 1459 774 1512 amni
805 1458 1043 1527 profecto
1069 1466 1148 1510 est
1174 1456 1375 1508 honore
1403 1453 1765 1523 dignissimus.
1791 1452 2078 1519 Propterea
2106 1450 2202 1518 igi-

631 1560 715 1602 tur
741 1563 808 1602 ne
835 1563 995 1601 unum
1023 1546 1232 1615 quidem
1258 1545 1396 1598 d'em
1423 1545 1474 1599 in
1505 1544 1615 1598 otio
1645 1557 1829 1612 passus
1850 1550 1934 1594 est
1962 1541 2206 1609 etquiete

631 1639 855 1692 transire
882 1638 965 1692 hic
995 1638 1044 1690 in
1071 1635 1391 1706 prcedicandi
1418 1634 1608 1689 ardore
1630 1635 1744 1702 ipso
1767 1634 1886 1702 igne
1915 1631 2204 1686 vehemen-

642 1729 778 1791 tior;
821 1728 915 1781 sed
970 1727 1124 1780 simul
1168 1737 1225 1779 ut
1261 1726 1532 1786 salutifero
1572 1740 1634 1778 ex
1682 1723 1829 1778 fonte
1865 1721 2202 1785 Conscendit,

626 1817 1017 1884 plurimumque
1047 1817 1099 1867 in
1140 1830 1199 1868 se
1221 1813 1486 1872 ﬂammam
1516 1813 1629 1881 ipse
1664 1810 1954 1881 succendit,
1980 1825 2083 1864 non
2117 1824 2207 1878 pe-

632 1907 798 1960 ricula
830 1905 1020 1968 timuit,
1050 1919 1154 1957 non
1181 1904 1456 1957 irrisiones
1483 1902 1692 1956 erubuit
1716 1910 1769 1955 et
1798 1899 2080 1970 opprobria
2109 1898 2205 1953 Ju-

629 1997 888 2058 dzeorum,
917 2009 1089 2064 neque
1125 2008 1424 2057 sermonem
1453 2007 1603 2051 suum
1633 1991 1698 2044 ab
1731 1991 1835 2045 illis
1865 1991 2041 2057 respui
2073 1989 2209 2047 inuis.-

631 2095 855 2156 gnanter
905 2085 1025 2137 tulit
1054 2102 1067 2137 :
1097 2099 1203 2139 non
1257 2082 1400 2136 aliud
1461 2082 1746 2152 quidquam
1792 2079 1980 2134 horum
2033 2079 2240 2142 simile"

631 2176 898 2247 cogitavit,
946 2174 1038 2228 sed
1065 2173 1196 2227 alios
1220 2173 1487 2240 accipiens
1513 2173 1713 2236 oculos,
1743 2172 1922 2238 utique
1950 2170 2204 2236 caritatis,

631 2270 892 2338 aliamque
919 2277 1171 2330 mentem,
1205 2265 1370 2324 multo
1395 2281 1514 2319 cum
1543 2265 1740 2335 impetu
1769 2264 1937 2325 instar
1958 2261 2208 2325 torrentis

632 2360 840 2428 irrupit,
869 2358 1045 2413 omnia
1073 2359 1268 2426 pariter
1300 2355 1605 2415 Judreorum
1633 2356 1848 2408 trahens
1888 2363 2044 2422 atque
2073 2369 2204 2419 con-

632 2450 868 2511 volvens,
896 2457 951 2502 et
992 2462 1058 2501 ex
1099 2446 1385 2514 Scripturis
1431 2447 1600 2522 ipsum
1632 2459 1752 2503 esse
1792 2443 2063 2498 Christum
2093 2445 2208 2498 evi-

630 2541 819 2595 denter
845 2537 1154 2592 ostcndens.
1190 2537 1260 2594 Et
1286 2544 1430 2590 certe
1472 2535 1710 2589 nondum
1739 2535 1791 2588 in
1819 2549 1885 2588 eo
1908 2544 2014 2587 tam
2045 2535 2207 2608 multa

631 2631 813 2700 gratia:
868 2642 1086 2682 munera
1133 2627 1501 2693 coruscabant,
1562 2625 1796 2679 nondum
1845 2633 1987 2678 tanta
2039 2625 2210 2690 fuerat

633 2721 861 2789 Spiritus
900 2716 1288 2774 illuminatione
1334 2717 1581 2779 donatus,
1633 2715 1727 2770 sed
1775 2725 1948 2770 tamen
1999 2714 2208 2769 inflam-

636 2822 773 2865 mata
803 2813 1055 2864 continuo
1079 2810 1344 2872 voluntas,
1373 2808 1793 2874 mortificataque
1823 2807 1994 2859 anima
2020 2814 2208 2862 cuncta

636 2903 880 2967 faciebat,
908 2908 962 2954 et
984 2899 1133 2969 quasi
1161 2913 1372 2967 semper
1389 2896 1720 2954 satisfaceret
1753 2897 1860 2950 Deo
1880 2896 1946 2950 de
1975 2906 2212 2964 tempore

635 2994 738 3061 iam
768 2999 1002 3062 peracto,
1035 2991 1112 3047 sic
1154 2988 1375 3058 gerebat
1409 2986 1607 3051 omnia,
1643 2987 1718 3039 sic
1748 2985 1892 3038 lucra
1921 2986 2212 3054 spiritualia

636 3081 871 3150 undique
910 3080 1208 3149 colligebat,
1255 3078 1310 3132 in
1351 3079 1546 3140 locum,
1594 3077 1683 3145 qui
1731 3083 1875 3130 esset
1919 3075 2045 3130 belli
2091 3089 2212 3145 pars

637 3170 887 3233 maxima,
921 3177 977 3224 et
1003 3169 1243 3224 laborum
1275 3166 1738 3236 periculorumque
1770 3165 1944 3233 plena,
1994 3164 2216 3218 fidenter

637 3260 896 3314 insiliens.

711 3348 1003 3402 Ubedientia
1033 3346 1185 3399 Pauli
1211 3344 1608 3399 commendatur.
1633 3373 1706 3385 --
1726 3343 1838 3398 Hoc
1858 3357 1988 3399 vero
2012 3338 2216 3412 majore

640 3457 848 3512 quoque
874 3439 1225 3494 admiratione
1252 3439 1468 3508 dignum
1495 3447 1597 3503 est,
1627 3435 1768 3507 quod
1793 3450 1913 3491 cum
1942 3445 2047 3490 tam
2076 3443 2218 3489 esset

641 3535 842 3598 audax,
891 3548 953 3586 ac
992 3533 1136 3588 velut
1179 3531 1245 3585 ad
1293 3545 1522 3599 pugnam
1566 3543 1777 3598 semper
1815 3528 2115 3590 accinctus,
2165 3535 2220 3592 et

642 3629 814 3697 ignem
844 3624 1129 3695 quemdam
1161 3623 1409 3677 bellicmn
1440 3623 1647 3690 Spirans
1667 3662 1682 3685 ,
1711 3619 1780 3672 ita
1824 3633 2008 3673 rursus
2045 3616 2220 3687 placa-

641 3717 798 3774 bilem
826 3731 889 3770 ac
925 3713 1207 3769 ﬂexibilem
1237 3727 1296 3767 se
1325 3711 1596 3781 praebebat
1629 3709 1926 3778 magistris,
1975 3715 2032 3762 ut
2059 3721 2218 3760 num-

641 3826 798 3878 quam
829 3822 922 3861 eos
953 3805 1038 3859 vel
1081 3804 1135 3862 in
1167 3813 1312 3857 tanto
1357 3802 1446 3856 illo
1489 3803 1699 3869 impetu.
1725 3799 2011 3853 alacritatis
2047 3796 2218 3876 oﬂ'en-

648 3901 815 3953 Jeret.
845 3899 1023 3966 Itaque
1051 3895 1272 3950 ferventi
1302 3902 1426 3953 tunc
1445 3935 1460 3960 ,
1489 3893 1571 3947 vel
1599 3892 1771 3962 potius
1800 3889 1991 3950 furenti
2019 3903 2221 3959 prince-

647 3996 870 4063 perunt,
903 3994 960 4039 ut
989 3987 1089 4039 iret
1114 3985 1336 4038 Tarsum
1378 3993 1534 4050 atque
1557 3981 1887 4044 Caesaream,
1915 3994 2013 4034 nec
2043 3987 2222 4035 tamen

645 4077 838 4133 renuit.
881 4077 1137 4130 Dixerunt
1165 4074 1290 4144 quia
1319 4088 1438 4127 eum
1484 4087 1577 4141 per
1600 4085 1809 4124 murum
1838 4068 2031 4137 deponi
2061 4081 2222 4136 opor-

643 4177 810 4232 teret,
854 4174 910 4221 et
949 4178 1138 4235 passus
1182 4172 1265 4219 est
1302 4182 1316 4218 :
1357 4162 1618 4216 dederunt
1652 4159 1929 4214 consilium
1972 4165 2030 4211 ut
2065 4167 2225 4226 caput

643 4263 887 4323 raderet,
921 4271 1027 4313 non
1057 4255 1251 4311 restitit
1283 4274 1296 4310 :
1329 4261 1611 4308 suaserunt
1647 4267 1716 4306 ne
1759 4252 1811 4305 in
1853 4252 2115 4304 theatrum
2143 4250 2226 4306 in:-

641 4353 982 4422 grederetur,
1011 4359 1066 4405 et
1092 4349 1272 4404 cessit.
1305 4347 1378 4402 Ita
1404 4362 1461 4401 se
1490 4347 1614 4400 huic
1643 4345 1721 4399 rei
1748 4353 1916 4399 totum
1943 4342 2222 4396 dedicave-

645 4451 758 4510 rat,
784 4451 843 4496 ut
869 4441 1046 4495 omnia
1072 4454 1168 4509 pro
1197 4437 1427 4492 ﬁdelium
1459 4434 1772 4488 utilitatibus
1811 4433 2038 4487 libenter
2079 4432 2222 4486 acci-

645 4540 828 4603 peret,
860 4545 957 4608 prp
985 4530 1222 4599 ipsorum
1258 4527 1606 4587 aediﬁcatione
1632 4539 1846 4594 pacem,
1879 4535 2221 4589 consensum,

645 4622 1132 4693 dispensationem,
1176 4618 1532 4678 concordiam'
1554 4616 1858 4686 diligendo,
1886 4623 1941 4670 et
1976 4613 2223 4674 eumdem

648 4727 709 4767 se
734 4727 796 4767 ac
820 4727 1032 4782 semper
1051 4709 1306 4780 aequalem
1334 4708 1693 4779 prtedicationi
1721 4708 1914 4778 ubique
1937 4705 2221 4760 servando.

645 4804 781 4859 Cum
807 4804 961 4874 igitur
986 4805 1157 4865 audis.
1194 4803 1334 4874 quod
1364 4804 1564 4856 sororis
1591 4801 1754 4855 ﬁlium
1783 4800 1988 4858 miserit
2014 4799 2081 4852 ad
2109 4797 2227 4853 Tri-

649 4899 870 4962 bunum,
898 4897 1079 4950 volens
1106 4895 1174 4950 de
1203 4894 1452 4964 periculis
1489 4894 1721 4962 liberari,
1751 4902 1804 4947 et
1831 4893 1971 4962 quod
1998 4891 2226 4962 appellet

644 4989 933 5052 Caesarem,
963 4988 1210 5057 quodque
1239 4987 1463 5040 Romam
1495 4987 1572 5040 ire
1603 4984 1844 5049 festinet,
1890 4998 2224 5052 nequaquam

647 5090 800 5148 putes
829 5078 1047 5132 verbum
1075 5092 1194 5133 esse
1233 5078 1545 5130 formidinis.
1574 5076 1673 5143 Qui
1710 5075 1854 5129 enim
1889 5074 2133 5144 gemebat
2173 5073 2224 5126 in

648 5172 748 5224 hac
777 5185 838 5225 se
873 5170 1046 5227 adhuc
1085 5185 1204 5224 esse
1247 5170 1352 5223 vita
1375 5210 1390 5234 ,
1421 5183 1596 5221 annon
1635 5167 1809 5236 potius
1853 5166 2080 5234 eligebat
2106 5179 2226 5219 esse

645 5277 768 5316 cum
797 5261 1055 5316 Christo?
1084 5261 1170 5331 qui
1198 5269 1251 5314 et
1285 5260 1470 5314 caelum
1501 5269 1721 5327 propter
1765 5257 1931 5326 ipsum
1961 5256 2223 5325 deSpicie-

653 5353 741 5406 bat
769 5361 824 5405 et
842 5353 1080 5421 angelos,
1109 5367 1212 5420 quo
1239 5350 1450 5404 tandem
1483 5358 1635 5417 pacto
1662 5348 1774 5401 hrcc
1806 5349 2081 5417 praesentia
2107 5347 2222 5400 dili-

651 5443 847 5510 gebat?
881 5443 1040 5511 Cujus
1078 5443 1238 5513 igitur
1280 5442 1357 5496 rei
1398 5442 1564 5512 gratia
1609 5440 1707 5493 ista
1740 5439 2002 5495 faciebat?
2033 5439 2223 5494 Procul

654 5535 816 5589 dubio
837 5552 895 5588 ιιι
921 5536 1113 5589 diutius
1143 5535 1502 5604 praedicatioui
1530 5533 1816 5598 insisteret,
1846 5547 2068 5603 cumque
2089 5533 2224 5587 mul-

651 5626 722 5679 tis
757 5626 876 5679 binc
901 5625 1238 5681 credentibus
1267 5634 1424 5695 atque
1452 5625 1698 5680 omnibus
1733 5624 2000 5679 coronatis
2031 5625 2130 5678 iret
2155 5623 2224 5679 ad

649 5715 939 5771 Cbristutr.
981 5717 1114 5770 Nam
1145 5718 1376 5788 profecto
1420 5715 1721 5782 metuebat,
1764 5728 1830 5770 ne
1865 5729 2064 5785 pauper
2102 5715 2225 5771 hinc

1419 348 1473 403 S.
1507 346 1788 404 JOANNIS
1813 340 2184 400 CHRYSOS‘I'.
2232 339 2546 398 ARCHIEP.
2589 340 3125 402 CONSTANTINOP.

3837 223 3862 250 ο

3791 331 3905 386 Si!

2315 464 2472 524 atque
2501 453 2653 524 inops
2681 453 2965 507 multorum
2991 451 3177 510 salutis
3216 449 3548 508 abscederet.
3593 449 3656 515 Et
3696 448 3906 504 idcirco

2315 544 2528 598 dicebat
2563 561 2575 596 :
2615 541 2921 597 Permanere
2958 550 3124 596 autem
3171 541 3223 598 in
3259 556 3412 596 carne
3454 540 3792 593 necessarium
3825 549 3906 592 est

2315 643 2520 704 propter
2545 649 2628 688 vos
2649 633 2909 702 (Philipp.
2933 633 2981 686 1.
3002 633 3115 701 9.4).
3144 632 3432 702 Propterea
3457 647 3584 700 ergo
3608 648 3732 686 cum
3753 632 3904 686 vide-

2312 732 2395 778 ret
2415 723 2686 777 meliorem
2709 737 2808 790 pro
2829 735 2887 796 se
2913 723 2963 774 in
2984 721 3185 789 judicio
3212 723 3530 790 processisse
3549 722 3898 784 sententiam,

2314 813 2533 882 ipsoque
2557 812 2766 865 dicente
2792 811 2954 865 Festo
2973 852 2987 874 ,
3017 812 3220 864 Absolvi
3246 821 3442 879 poterat
3468 813 3617 864 homo
3637 813 3766 876 iste,
3799 811 3902 881 nisi

2312 905 2614 973 appellasset
2658 903 2909 958 Creatorem
2951 904 2967 970 (
2995 903 3108 963 Act.
3139 902 3228 957 26.
3255 903 3361 973 δὲ)
3394 919 3408 957 :
3439 902 3646 958 vinctus
3693 912 3898 980 tamen,

2312 1008 2538 1062 cumque
2567 993 2804 1064 plurimis
2832 993 3040 1056 vinctis,
3070 994 3157 1062 qui
3183 994 3329 1048 mille
3357 992 3586 1046 facinora
3610 995 3903 1048 commise-

2313 1095 2466 1148 rant,
2503 1085 2724 1147 ductus,
2757 1099 2862 1140 non
2893 1086 3104 1140 erubuit
3131 1101 3250 1139 cum
3300 1087 3402 1138 illis
3446 1086 3626 1155 ligari,
3655 1087 3904 1154 quinimo

2309 1176 2546 1234 omnium
2564 1176 2720 1229 simul
2744 1175 3101 1244 navigantium
3129 1191 3310 1241 curam
3336 1177 3571 1245 gerebat,
3589 1178 3668 1231 sui
3695 1179 3902 1246 quippe

2313 1282 2552 1331 securus,
2588 1283 2754 1337 seque
2781 1277 2948 1320 tutum
2975 1268 3104 1328 satis
3133 1281 3253 1321 esse
3279 1269 3622 1323 certissimus.
3649 1269 3901 1338 Cumque

2313 1361 2520 1416 vinctus
2550 1376 2643 1429 per
2673 1370 2780 1414 tam
2825 1367 3028 1413 vastum
3060 1359 3276 1431 pelagus
3303 1359 3587 1424 duceretur
3609 1399 3625 1424 ,
3659 1361 3728 1412 ita
3759 1376 3900 1428 gau-

2311 1451 2469 1510 debat
2499 1460 2696 1514 tamen,
2727 1461 2993 1519 tamquam
3023 1451 3076 1506 in
3098 1450 3383 1502 maximum
3414 1450 3695 1503 duceretur
3725 1451 3900 1518 impe.

2311 1543 2469 1596 rium.
2499 1542 2707 1598 Etenim
2736 1557 2841 1596 non
2869 1556 3084 1610 parvum
3113 1541 3185 1594 illi
3226 1542 3501 1609 praemium
3531 1541 3675 1595 urbis
3707 1541 3898 1596 Romae

2312 1634 2590 1689 conversio
2621 1632 3036 1701 proponebatur.
3073 1631 3266 1688 \‘erum
3298 1646 3363 1684 ne
3393 1632 3513 1687 illos
3538 1631 3774 1699 quidem,
3803 1633 3896 1700 qui

2315 1724 2512 1795 pariter
2548 1723 2896 1791 navigabant,
2923 1721 3199 1791 despectui
3229 1721 3504 1776 habendos
3533 1723 3734 1793 putavit
3760 1737 3772 1772 :
3801 1722 3896 1775 scd

2311 1814 2415 1867 illis
2455 1828 2666 1881 quoque
2694 1813 2932 1874 veritatis
2976 1814 3237 1866 suavitate
3266 1812 3566 1866 modulatus
3604 1822 3681 1867 est
3705 1853 3718 1875 ,
3753 1812 3896 1865 indi-

2313 1918 2442 1958 cans
2468 1904 2566 1956 sibi
2599 1903 2807 1958 divinos
2833 1904 3092 1973 apparuis-
3158 1892 3364 1967 'vultus,
3407 1913 3462 1958 et
3499 1918 3582 1967 ea,
3629 1919 3749 1971 qua:
3776 1902 3897 1955 fue-

2311 2004 2431 2056 rant
2469 1995 2568 2048 sibi
2611 1995 2749 2049 dicta
2775 2034 2789 2057 ,
2836 2009 3262 2050 commemorans
3293 2013 3305 2048 :
3337 1995 3389 2049 id
3415 2006 3538 2060 est,
3567 1994 3681 2053 Tibi
3712 1995 3896 2049 donavi

2311 2086 2532 2141 homines
2575 2088 2696 2139 istos
2724 2086 2867 2155 (Act.
2892 2086 2979 2139 27.
3005 2084 3131 2156 24).
3175 2086 3285 2140 Hoc
3317 2100 3442 2139 vero
3473 2085 3736 2147 faciebat,
3787 2102 3895 2138 non

2310 2178 2545 2245 seipsum
2576 2187 2886 2244 arroganter
2914 2179 3173 2231 extollens
3194 2219 3207 2242 ,
3251 2177 3344 2230 sed
3383 2177 3502 2230 illos
3532 2177 3631 2230 sibi
3661 2176 3729 2230 ad
3772 2192 3897 2244 per-

2310 2270 2615 2324 Suasionem
2658 2269 2779 2322 fidei
2823 2283 3036 2337 parans.
3082 2268 3366 2336 Propterea
3406 2276 3459 2320 et
3488 2267 3627 2320 Deus
3657 2267 3899 2336 permisit

2315 2360 2530 2428 pelagus
2561 2360 2906 2433 commoveri,
2937 2368 2994 2412 ut
3038 2374 3132 2428 per
3173 2360 3222 2412 id
3251 2357 3391 2428 quod
3417 2358 3631 2411 auditus
3662 2373 3766 2411 non
3792 2367 3896 2428 est,

2312 2458 2365 2501 ct
2413 2463 2508 2518 per
2555 2448 2606 2501 id
2650 2449 2790 2517 quod
2834 2449 3044 2502 auditus
3073 2458 3174 2518 est,
3221 2449 3510 2516 Spiritualis
3555 2448 3698 2502 Pauli
3729 2433 3897 2518 gratia

2312 2539 2658 2608 panderetur.
2682 2539 2812 2592 Nam
2835 2547 2890 2592 et
2919 2554 3038 2592 cum
3063 2538 3295 2595 dedisset
3319 2539 3618 2601 consilium,
3647 2541 3900 2608 navigan.-

2313 2629 2437 2682 dum
2470 2645 2574 2682 non
2605 2644 2745 2691 esse,
2775 2639 3110 2698 contemptus
3135 2637 3216 2682 est
3235 2669 3249 2690 .
3273 2638 3592 2697 ventumque
3621 2638 3702 2682 est
3730 2645 3900 2697 usque

2311 2720 2376 2776 ad
2407 2729 2646 2774 extrema
2695 2721 2998 2778 discrimina
3035 2719 3243 2790 (lbid.).
3275 2719 3467 2774 Verum
3499 2735 3566 2773 ne
3591 2729 3900 2787 contemptu

2314 2809 2526 2879 quidem
2580 2825 2764 2874 eorum
2819 2810 2987 2864 factus
3036 2820 3118 2863 est
3165 2809 3480 2872 onerosior;
3537 2809 3630 2864 sed
3691 2825 3898 2886 rursus,

2313 2901 2462 2972 quasi
2512 2910 2661 2970 pater
2709 2901 2830 2958 ﬁliis
2878 2901 3191 2973 providebat
3235 2904 3528 2974 agebatgue
3572 2903 3788 2964 omnia,
3834 2918 3901 2958 ne

2315 2993 2592 3063 quisquam
2623 2994 2844 3061 periret.

2381 3082 2559 3135 Romae
2575 3091 2812 3155 quantam
2826 3082 3115 3136 modestiam
3130 3083 3424 3138 exhibuerit.
3445 3080 3768 3150 Comparatio
3790 3099 3903 3135 cum

2318 3171 2446 3224 duce
2473 3172 2737 3225 exercitus.
2777 3199 2850 3211 -
2887 3171 3168 3240 Postquam
3206 3186 3333 3225 vero
3367 3171 3588 3224 Romam
3636 3173 3906 3240 ingressus

2317 3269 2402 3316 est
2421 3302 2436 3325 ,
2469 3261 2540 3314 ibi
2568 3276 2777 3330 quoque
2800 3270 2991 3332 quanta
3021 3275 3141 3323 cum
3173 3260 3432 3316 modestia
3459 3261 3736 3313 annuntiat
3762 3276 3905 3313 veri-

2320 3361 2503 3416 tatem,
2531 3363 2727 3422 quanta
2750 3353 2910 3407 etiam
2935 3367 3054 3406 cum
3080 3352 3324 3406 libertate
3348 3353 3577 3406 obstruit
3595 3367 3688 3405 ora
3717 3353 3907 3420 impio-

2321 3448 2469 3501 rum!
2502 3445 2697 3500 Verum
2728 3460 2826 3500 nec
2851 3445 2921 3498 ibi
2944 3453 3088 3499 stare
3117 3455 3417 3510 contentus,
3448 3445 3608 3498 etiam
3635 3443 3688 3497 in
3719 3443 3908 3511 [lispa-

2323 3536 2466 3590 niam
2509 3536 2792 3605 percurrit.
2837 3534 2973 3589 Cum
3019 3542 3197 3588 autem
3238 3535 3433 3603 sa‘pius
3481 3533 3624 3586 varia
3673 3533 3909 3604 pericula

2323 3626 2648 3690 sustineret,
2677 3622 2976 3682 conﬁdebat
3009 3624 3178 3694 magis
3217 3633 3377 3692 atque
3415 3623 3575 3678 ﬁebat
3609 3623 3910 3678 audacior:

2322 3731 2423 3774 nec
2450 3716 2563 3786 ipse
2597 3716 2767 3777 solum
2790 3755 2807 3789 ,
2840 3715 2932 3770 sed
2965 3715 3124 3770 etiam
3165 3713 3406 3782 discipuli
3437 3723 3654 3783 propter
3694 3715 3868 3783 ipsum
3889 3756 3906 3778 ,

2323 3810 2411 3879 qui
2437 3809 2549 3877 ejus
2574 3809 2756 3878 utique
2780 3807 3124 3865 ﬁrmabantur
3148 3807 3415 3876 exemplo.
3443 3806 3906 3873 Quemadmodum

2323 3899 2465 3954 enim
2492 3897 2536 3952 si
2559 3911 2680 3952 eum
2702 3896 3058 3953 remissiorem
3083 3895 3488 3964 segnioremque
3512 3894 3790 3957 vidissent,
3811 3895 3909 3963 ipsi

2325 3989 2485 4044 etiam
2515 3989 2737 4042 fortasse
2762 3986 2986 4042 fuissent
3015 4001 3246 4041 mter-ore
3275 3985 3468 4055 dejecti
3495 4002 3509 4038 :
3541 3985 3613 4040 ita
3643 3987 3734 4054 qui
3762 3987 3910 4061 illum

2327 4077 2601 4134 fortiorem
2630 4078 2825 4131 factum
2855 4091 2974 4131 esse
2995 4076 3311 4140 cernebant,
3340 4085 3394 4130 et
3417 4077 3557 4131 inter
3581 4076 3801 4145 injurias
3827 4087 3910 4130 at-

2327 4181 2430 4250 que
2458 4167 2638 4236 plagas
2675 4165 2987 4221 constantiae
3015 4180 3159 4234 saepe
3185 4166 3381 4220 virtute
3409 4175 3738 4219 crescentem
3763 4205 3780 4230 ,
3811 4167 3910 4236 ipsi

2327 4272 2536 4328 quoque
2561 4273 2681 4311 cum
2704 4257 2906 4326 majore
2929 4257 3116 4311 ﬁducia
3143 4256 3499 4326 praedicabant
3525 4274 3538 4308 :
3568 4257 3726 4326 idque
3746 4258 3912 4328 signi.

2329 4349 2494 4416 ficans
2519 4349 2590 4401 ait
2615 4389 2631 4414 ,
2659 4347 2745 4401 Ita
2772 4357 2823 4401 ut
2855 4349 3022 4417 plures
3048 4364 3074 4401 e
3101 4347 3343 4416 fratribus
3368 4347 3672 4414 conﬁdentes
3699 4347 3912 4400 vinculis

2328 4439 2472 4498 meis,
2495 4438 2832 4490 abundantius
2851 4439 3088 4490 auderent
3110 4438 3216 4493 sine
3238 4438 3413 4490 timore
3437 4438 3637 4490 verbum
3659 4436 3755 4490 Dei
3778 4437 3912 4504 loqui

2325 4530 2352 4600 ·(
2380 4527 2572 4598 Philip.
2604 4533 2654 4583 t.
2690 4530 2753 4586 H
2776 4528 2816 4596 ).
2871 4529 2925 4586 Si
2957 4529 3098 4583 enim
3125 4528 3231 4583 dux
3260 4529 3463 4584 militiae
3493 4529 3651 4584 fuerit
3675 4529 3827 4584 fortis
3850 4545 3913 4586 ac

2328 4622 2610 4688 robustus,
2639 4637 2743 4675 non
2782 4621 2941 4674 modo
2979 4621 3191 4682 caedetis
3227 4631 3385 4690 atque
3415 4630 3795 4691 prosternens,
3825 4638 3914 4676 ve-

2330 4727 2444 4766 rum
2470 4713 2632 4766 etiam
2661 4712 2884 4766 vulnere
2912 4713 3024 4780 ipse
3054 4726 3358 4780 percussus,
3383 4711 3624 4766 subditos
3649 4726 3779 4765 suos
3800 4712 3914 4766 effto

2332 4803 2405 4858 cit
2433 4802 2710 4869 fortiores,
2743 4804 3014 4873 magisque
3039 4802 3140 4868 hoc
3182 4812 3398 4871 praestat
3427 4804 3733 4858 vulneratus
3761 4804 3873 4871 ipse
3895 4843 3910 4868 ,

2332 4907 2489 4963 quam
2520 4892 2826 4946 vulnerans.
2875 4892 3006 4946 Cum
3051 4892 3191 4946 enim
3228 4893 3264 4958 ii
3301 4892 3390 4962 qui
3419 4893 3518 4946 sub
3548 4894 3637 4946 tali
3679 4903 3914 4964 pugnant

2330 4986 2605 5054 magistro,
2639 4983 2868 5038 viderint
2895 4984 3093 5039 inflicta
3122 4985 3339 5039 vulnera
3360 5026 3374 5049 ,
3405 4985 3657 5041 ﬂuentem
3698 4987 3913 5054 sangui-

2330 5091 2452 5132 nem
2471 5115 2487 5140 ,
2516 5085 2569 5129 et
2599 5090 2664 5129 ne
2691 5075 2768 5129 sic
2796 5075 3010 5144 quidem
3047 5075 3190 5128 illum
3223 5076 3463 5129 hostibus
3501 5075 3789 5144 aliquando
3823 5090 3911 5129 ce-

2331 5166 2541 5220 dentem
2568 5207 2582 5228 ,
2615 5165 2710 5220 sed
2738 5174 2963 5220 stantem
2990 5166 3194 5221 fortiter
3219 5207 3235 5232 ,
3265 5165 3548 5235 hastasque
3573 5167 3870 5220 vibrantem
3899 5207 3912 5228 ,

2331 5264 2385 5310 et
2403 5256 2600 5310 crebris
2618 5256 2885 5326 certisque
2911 5257 3096 5311 ictibus
3118 5257 3169 5311 in
3193 5257 3525 5312 adversarios
3544 5268 3912 5328 proruenteni,

2333 5363 2430 5402 nec
2460 5350 2676 5403 omnino
2704 5349 2989 5418 quidquam
3018 5360 3319 5418 parcentem
3343 5350 3534 5414 dolori,
3563 5351 3766 5418 majore
3795 5331 3913 5407 abs~

2331 5455 2434 5509 que
2455 5440 2616 5494 dubio
2647 5450 2793 5494 tanto
2822 5440 2942 5494 duci
2968 5441 3240 5495 alacritate
3265 5440 3579 5494 subduntur.
3607 5441 3717 5495 Hoc
3740 5441 3914 5512 itaque

2333 5531 2526 5586 factum
2552 5541 2604 5585 et
2625 5531 2809 5586 Paulo.
2841 5527 3090 5584 Videntes
3116 5532 3255 5584 enim
3284 5531 3427 5585 illum
3451 5530 3666 5599 ligatum
3688 5533 3914 5605 catenis,

2331 5631 2387 5678 et
2429 5622 2595 5676 nihilo
2637 5624 2811 5678 minus
2856 5624 2908 5678 in
2956 5637 3170 5678 carcere
3213 5623 3588 5692 praedicantem
3615 5663 3630 5686 ,
3675 5624 3918 5678 videntes

2333 5718 2492 5771 etiam
2517 5717 2876 5784 verberatum,
2900 5725 2955 5770 et
2982 5725 3156 5770 tamen
3182 5716 3523 5772 verberantes
3544 5716 3687 5786 ipsos
3709 5732 3917 5771 sermo-
