4082 6424
164 437 263 488 ῖςιτ,
1007 426 1093 480 ma
1123 425 1184 482 s.
1218 420 1525 480 ueneno
1560 419 2028 476 ANTIOCHENO.
2058 450 2127 462 -
2155 419 2491 480 nou-nun.

149 566 176 600 ιι
193 570 219 600 e
243 557 562 617 capientem,
587 550 842 615 majorem
865 546 1101 614 profecto
1129 543 1373 598 fiduciam
1393 536 1732 604 colligebant.

155 638 216 690 Et
242 635 443 692 idcirco
475 651 580 690 non
606 635 740 689 dixit
767 635 1080 702 simpliciter
1107 632 1464 702 Conﬁdentes;
1489 629 1585 684 sed
1604 669 1620 683 .
1653 627 1738 681 Ita

149 739 201 779 ιιι
225 727 569 782 abundantius
596 726 838 780 auderent
863 726 972 778 sine
995 727 1175 779 timore
1201 723 1402 777 verbum
1427 720 1525 775 Dei
1551 720 1689 776 loqui
1715 736 1735 773 :

139 819 344 888 magis,
379 818 549 887 inquit
569 859 585 882 ,
613 818 773 872 modo
800 832 958 888 quam
987 831 1109 871 cum
1135 830 1309 870 essem
1337 814 1472 868 liber
1493 829 1524 866 a
1555 811 1740 866 vincu-

145 909 206 961 lis
230 948 247 972 ,
281 909 478 962 fratres
509 907 867 976 praedicabant
893 907 1224 961 ﬁducialiter.
1269 904 1418 958 Tunc
1447 904 1587 958 enim
1615 919 1737 956 cer-

150 999 346 1053 tiorem
381 998 706 1052 alacritatem
738 1008 791 1052 et
829 998 942 1066 ipse
967 996 1250 1065 capiebat,
1280 1009 1342 1048 ac
1369 993 1737 1049 vehementius

143 1090 192 1141 in
216 1088 559 1142 adversarios
581 1087 867 1150 ferebatur,
886 1097 942 1141 et
959 1089 1286 1140 incrementa
1308 1083 1732 1155 persequutionis

139 1178 368 1246 majoris
397 1179 467 1231 illi
493 1178 691 1233 ﬁebant
709 1192 866 1232 causa
886 1177 1222 1232 constantize.
1253 1175 1494 1228 Inclusus
1521 1183 1601 1227 est
1621 1173 1740 1242 qni-

137 1269 261 1322 dem
294 1271 352 1323 in
381 1284 597 1324 carcere
616 1311 632 1336 ,
661 1277 972 1339 tantumque
1001 1270 1052 1322 in
1083 1284 1149 1323 eo
1177 1268 1385 1322 virtutis
1411 1265 1646 1329 refulsit,
1681 1275 1737 1317 ut

133 1360 300 1412 etiam
335 1358 680 1413 fundamenta
711 1368 1057 1428 quaterentur
1093 1367 1150 1412 et
1187 1356 1320 1410 ostia
1355 1354 1734 1423 panderentur.

135 1449 432 1505 Custodem
453 1465 664 1520 quoque
690 1459 815 1505 tunc
838 1451 1015 1520 ipsum
1033 1449 1265 1505 careeris
1285 1448 1352 1502 ad
1374 1449 1532 1504 fidem
1558 1458 1732 1500 trans-

139 1542 255 1595 tulit
284 1541 424 1612 (Act.
462 1542 568 1611 t6),
591 1542 759 1611 judici
789 1557 924 1612 pene
955 1543 1234 1610 persuasit,
1270 1541 1340 1596 ita
1366 1549 1424 1595 ut
1451 1541 1568 1610 ipse
1591 1538 1736 1594 dice-

139 1643 218 1687 ret
248 1651 261 1686 :
296 1633 369 1687 In
399 1635 596 1688 modica
622 1651 700 1688 me
723 1636 904 1688 suades
933 1634 1278 1689 Christianum
1308 1635 1420 1702 ﬁeri
1451 1635 1469 1705 (
1501 1637 1612 1689 Act.
1639 1635 1731 1688 26.

135 1725 249 1794 28).
293 1723 506 1778 Rursus
530 1739 651 1778 cum
677 1724 1034 1793 lapidaretur,
1082 1725 1291 1795 plenam
1323 1725 1501 1794 populi
1544 1726 1736 1779 civita-

141 1824 245 1866 tem
281 1813 409 1867 tldci
441 1815 559 1869 luce
584 1814 870 1869 donavit’:
897 1823 952 1869 et
985 1816 1246 1870 vocabant
1271 1830 1392 1869 eum
1419 1817 1567 1885 quasi
1589 1816 1734 1883 judi-

139 1905 311 1957 caturi
351 1903 527 1958 Judzei
550 1944 566 1969 ,
597 1913 724 1959 tunc
766 1905 927 1960 etiam
963 1906 1318 1960 Athenienses
1349 1906 1474 1960 facti
1513 1916 1639 1961 sunt
1669 1924 1736 1962 ex

138 1995 468 2050 adversariis
509 1997 740 2063 subditi,
769 2006 823 2051 et
848 2012 916 2052 ex
935 1996 1204 2065 judicibus
1234 2006 1451 2065 repente
1469 1998 1734 2067 discipuli.

135 2084 290 2139 Sicut
318 2085 462 2139 enim
507 2087 644 2156 ignis
672 2089 726 2141 in
764 2088 1003 2142 diversas
1029 2089 1344 2157 plet-umque
1369 2090 1618 2143 materias
1650 2090 1734 2143 in-

137 2176 326 2231 cidens
357 2185 584 2246 augetur
615 2179 784 2248 magis
808 2219 824 2244 ,
852 2187 906 2232 et
943 2195 1006 2233 ex
1047 2179 1285 2246 subjecta
1313 2178 1413 2234 sibi
1441 2177 1735 2235 substantia

142 2266 478 2320 incrementa
504 2269 721 2326 sortitur
748 2283 762 2321 :
791 2270 870 2323 sic
897 2269 1057 2324 etiam
1086 2270 1261 2339 lingua
1293 2269 1444 2323 Pauli
1470 2310 1484 2333 ,
1514 2270 1734 2338 quibus-

135 2370 372 2424 cumque
383 2355 572 2412 fuisset
586 2357 820 2423 admota,
842 2358 907 2413 ad
928 2360 1162 2428 scipsum
1183 2374 1276 2414 eos
1295 2359 1547 2414 continuo
1563 2368 1739 2414 trans-

134 2447 364 2502 (terebat.
415 2448 814 2518 lmpugnatores
857 2465 1069 2520 quoque
1115 2451 1231 2519 ejus
1277 2451 1524 2508 celeriter
1568 2452 1736 2521 ipsius

134 2537 306 2592 verbo
330 2539 473 2606 capti
506 2538 758 2607 pabulum
798 2540 1067 2609 quoddam
1094 2540 1352 2610 spirituali
1381 2541 1504 2598 huic
1531 2544 1732 2598 efficie-

135 2629 334 2683 bantur
358 2630 502 2698 igni,
533 2645 737 2700 perque
773 2630 917 2698 ipsos
945 2632 1114 2700 magis
1143 2632 1415 2701 Evangelii
1442 2632 1581 2687 fama
1610 2649 1732 2689 cre-

129 2723 343 2785 scebat,
371 2721 568 2776 idcirco
593 2721 804 2776 dicebat
832 2723 1120 2792 :Alligatns
1143 2740 1276 2788 sum,
1297 2725 1385 2777 sed
1410 2726 1610 2778 uerbum
1639 2724 1735 2779 Dei

131 2826 234 2863 non
261 2820 339 2865 est
366 2810 635 2880 alligatum
658 2811 679 2882 (
703 2811 758 2864 2.
788 2811 919 2865 Tim.
947 2812 1002 2866 2.
1029 2813 1064 2868 9
1089 2814 1127 2884 ).
1157 2813 1432 2883 Fugabant
1464 2829 1585 2869 eum
1627 2815 1731 2869 frc-

130 2910 365 2971 quenter
392 2900 614 2968 inimici,
653 2910 712 2957 et
742 2912 996 2972 quantum
1025 2905 1239 2974 quidem
1267 2905 1335 2960 ad
1363 2919 1475 2959 rem
1501 2914 1728 2972 spectat.

132 2992 596 3060 persequebantur
625 3010 638 3045 :
668 3004 924 3062 quantum
950 3009 1077 3050 vero
1106 2994 1175 3049 ad
1202 3005 1457 3050 eventum
1486 2995 1585 3059 rei,
1613 2996 1730 3048 aliis

131 3083 419 3136 mittebant
443 3085 751 3153 magistrum
776 3086 866 3153 qui
889 3100 955 3140 eo
971 3086 1227 3139 carebant
1253 3103 1267 3138 :
1294 3086 1541 3156 quodque
1566 3085 1731 3141 facie-

130 3174 261 3226 bant
299 3173 455 3226 amici
492 3182 654 3243 atque
691 3173 1015 3241 concordes,
1048 3175 1148 3229 hoc
1180 3177 1324 3229 velut
1362 3176 1540 3231 studio
1576 3191 1728 3232 exse-

129 3265 442 3332 quebantur
484 3264 682 3322 inimici
706 3304 721 3326 ,
759 3280 1045 3334 numquam
1089 3267 1328 3322 sitientes
1368 3282 1490 3322 eum
1532 3267 1585 3321 in
1625 3284 1729 3322 una

133 3352 495 3408 habitaculum
522 3355 738 3424 regione
776 3355 1042 3410 collocare
1063 3397 1078 3419 ,
1105 3357 1201 3410 sed
1231 3359 1730 3427 persequutionibus

136 3442 459 3514 insidiisque
486 3443 746 3513 pellentes
764 3483 780 3510 ,
808 3459 904 3514 per
931 3455 1151 3501 cunctas
1174 3447 1394 3502 omnino
1429 3448 1730 3518 provincias

245 3583 347 3637 α..
372 3577 667 3642 lapidata:
682 3578 922 3631 ciuitatem
941 3580 1188 3645 ingressus
1214 3581 1497 3633 immunivit.

3329 426 3431 484 ειι

1846 535 2113 591 medicum
2133 535 2618 601 circnmducebant,
2644 547 2698 591 ut
2716 552 2902 592 omnes
2918 536 3165 592 videlicet
3181 537 3433 592 salutaria

1843 624 1960 693 ejus
2002 626 2197 696 lingua:
2243 629 2476 682 remedia
2518 630 2796 682 sentirent.
2845 628 3051 683 Rursus
3080 629 3433 699 alligaverunt

1841 733 1964 774 eum
1990 759 2005 783 ,
2034 719 2127 773 sed
2163 719 2338 772 acrius
2365 720 2417 772 in
2444 719 2804 774 defensionem
2837 719 2956 773 lidei
2981 719 3270 789 discipulos
3295 735 3430 774 cou-

1843 809 2104 871 citarunt;
2133 809 2439 878 persequuti
2459 818 2601 872 sunt,
2625 817 2678 862 ct
2705 824 2808 863 non
2834 809 3149 863 habentibus
3171 811 3432 864 miserunt

1843 897 2187 966 magistrum;
2250 898 2314 951 ad
2347 899 2517 964 majus
2539 898 2797 967 judicium
2831 909 3290 968 provocavcrunt,
3339 899 3436 956 sed

1843 987 2058 1042 uberius
2087 987 2253 1041 Judwi
2285 989 2596 1043 benelicium
2623 992 3026 1054 contulerunt‘,
3052 999 3270 1059 propter
3292 1000 3434 1058 quod

1843 1089 1898 1133 et
1920 1080 2090 1133 Juda-i
2130 1080 2378 1135 dicebant
2407 1081 2474 1135 de
2502 1082 2758 1150 apostolis
2790 1082 3032 1138 dolentes
3064 1100 3075 1134 :
3109 1082 3244 1147 Quid
3272 1083 3432 1153 facie-

1844 1187 1954 1222 mus
1997 1172 2104 1224 istis
2131 1170 2414 1225 hominibus
2440 1174 2456 1240 (
2482 1173 2594 1224 Act.
2625 1173 2680 1227 4.
2713 1172 2780 1226 16
2800 1172 2859 1243 )?
2901 1173 3002 1226 Per
3027 1188 3146 1241 qua:
3171 1173 3313 1228 enim
3341 1186 3434 1227 eos

1843 1262 2146 1337 Opprimere
2176 1263 2453 1328 volumus,
2486 1279 2578 1331 per
2602 1279 2664 1317 ea
2704 1264 2814 1332 ipsa
2845 1263 3210 1333 provehimus.
3247 1263 3434 1318 Tradi-

1842 1351 2036 1404 derunt
2082 1353 2289 1407 custodi
2332 1354 2587 1417 carceris,
2632 1363 2688 1408 ut
2729 1369 2852 1408 eum
2897 1354 3181 1420 diligenter
3227 1355 3434 1423 ligaret,

1842 1444 1936 1497 sed
1962 1445 2077 1513 ipse
2105 1459 2134 1496 a
2163 1445 2327 1500 Paulo
2355 1447 2552 1501 arctius
2576 1447 2821 1516 alligatus
2849 1456 2950 1501 est.
2982 1446 3117 1500 Cum
3144 1448 3249 1501 reis.
3275 1457 3434 1515 atque

1842 1535 2034 1590 vinctis
2072 1550 2193 1588 eum
2236 1535 2533 1602 miserunt,
2565 1553 2632 1592 ne
2674 1536 2984 1605 aufugeret;
3032 1545 3088 1589 at
3115 1537 3202 1591 ille
3232 1539 3434 1592 vinctos

1841 1626 2141 1682 Christiana
2171 1627 2411 1683 doctrina
2449 1628 2655 1682 imbuit.
2704 1629 3079 1697 lmposuerunt
3117 1643 3240 1682 eum
3269 1628 3390 1683 navi
3415 1669 3432 1693 ,

1843 1727 1898 1771 ut
1924 1717 2082 1785 plane
2106 1716 2268 1771 etiam
2294 1718 2534 1773 nolentes
2559 1720 2709 1773 ocius
2738 1717 2837 1772 iter
2858 1718 2975 1786 ejus
2998 1717 3235 1772 facerent
3258 1718 3430 1787 expli-

1841 1806 1952 1862 cari
1975 1848 1992 1870 ,
2029 1807 2384 1877 accidensque
2421 1807 2753 1877 naufragium
2796 1806 2994 1862 factum
3035 1806 3436 1876 cuntApostolo

1841 1897 2210 1966 navigantibus
2243 1913 2400 1952 causa
2430 1898 2706 1952 doctrinae.
2756 1898 3094 1953 Minabantur
3131 1897 3277 1953 mille
3304 1912 3432 1968 sup-

1843 1988 1994 2056 plicia
2020 2027 2034 2050 ,
2063 1997 2123 2042 ut
2160 1987 2337 2057 ignem
2379 1987 2770 2056 praedicationis
2810 1988 3215 2056 cxstinguerent
3236 2027 3250 2051 ,
3279 1988 3368 2058 qui
3401 2005 3432 2039 ιτ

1841 2078 2111 2132 contrario
2147 2080 2315 2148 magis
2351 2079 2474 2134 inde
2500 2080 2796 2134 crescebat.
2847 2080 2915 2133 Et
2949 2083 3086 2135 sicut
3114 2080 3181 2134 de
3211 2080 3437 2134 Domino

1841 2173 2121 2233 dixerunt,
2153 2172 2458 2225 Occidamus
2486 2189 2629 2237 eum,
2663 2189 2726 2226 ne
2749 2173 2951 2226 veniunt
2975 2171 3198 2225 Romani
3216 2214 3230 2233 .
3256 2182 3304 2226 et
3333 2174 3434 2226 tol-

1841 2263 1946 2316 lunt
1974 2263 2138 2317 locum
2162 2273 2389 2317 nostrum
2415 2273 2566 2333 atque
2589 2274 2785 2334 gentem
2818 2262 2996 2333 (Joau.
3025 2265 3111 2318 ll.
3146 2260 3258 2335 48),
3289 2265 3438 2318 acci-

1843 2355 2027 2424 ditque
2057 2356 2380 2410 contrarium
2413 2374 2428 2409 :
2457 2372 2577 2410 nam
2616 2356 2738 2426 quia
2783 2356 3095 2410 occiderunt
3121 2371 3242 2412 eum
3265 2398 3278 2417 .
3311 2372 3434 2428 pro-

1841 2459 2018 2515 pterea
2043 2446 2267 2500 Romani
2296 2455 2348 2500 et
2369 2435 2583 2516 gentem
2604 2462 2790 2500 eorum
2813 2457 2864 2500 et
2887 2447 3156 2500 civitatem
3177 2447 3434 2501 tulerunt:

1840 2546 1893 2591 et
1919 2552 2038 2606 qua:
2076 2537 2398 2606 putabantur
2428 2537 2804 2606 impedimenta
2836 2537 3246 2606 praadicationis,
3276 2536 3429 2592 fortia

1839 2626 2205 2681 efficiebantur
2228 2628 2422 2681 auxilia
2451 2645 2464 2680 :
2487 2628 2563 2681 sic
2584 2627 2742 2681 etiam
2764 2627 3087 2697 praedicante
3107 2627 3292 2694 Paulo,
3313 2644 3433 2696 qua:

1837 2716 2125 2770 adversarii
2169 2717 2234 2770 ad
2282 2717 2694 2786 opprimendum
2741 2718 2970 2772 intulere
3012 2718 3271 2785 verbum,
3314 2718 3431 2773 haec

1839 2807 1964 2860 illud
2008 2807 2074 2861 ad
2115 2807 2435 2863 ineifabilent
2479 2808 2764 2878 quamdam
2803 2807 3136 2864 alsitudinem
3177 2808 3430 2864 subleva-

1838 2907 1978 2950 runt.
2009 2897 2184 2966 Super
2211 2898 2295 2952 his
2320 2914 2447 2954 vero
2482 2899 2731 2954 onmibus
2768 2900 2968 2968 gratias
2999 2900 3139 2954 bono
3168 2909 3433 2954 tantarum

1837 3003 2014 3041 rerum
2043 2990 2247 3044 auctori
2271 3005 2495 3059 agamus
2524 2992 2651 3056 lico,
2676 2991 3040 3062 gloriﬁcemus
3069 2991 3314 3057 Paulum,
3341 3007 3433 3062 per

1835 3097 1992 3150 quem
2024 3083 2122 3136 ista
2147 3083 2414 3152 completa
2439 3093 2564 3138 sunt
2593 3102 2605 3135 :
2633 3098 2855 3138 oremus
2880 3085 3062 3149 etiam,
3093 3093 3148 3137 ut
3174 3083 3271 3154 ipsi
3302 3099 3434 3152 quo-

1834 3188 1938 3240 que
1967 3173 2172 3228 eisdem
2203 3173 2540 3242 perfruamur
2570 3176 2724 3230 bonis
2743 3217 2756 3238 ,
2790 3177 2958 3245 gratia
2985 3183 3040 3230 et
3066 3175 3432 3230 misericordia

1837 3264 2046 3318 Domini
2092 3266 2260 3319 nostri
2305 3264 2433 3319 Jesu
2470 3265 2699 3328 Christi,
2746 3282 2839 3333 per
2876 3282 3036 3334 quem
3079 3276 3133 3320 et
3175 3281 3297 3320 cum
3328 3279 3435 3336 quo

1834 3358 2003 3426 gloria
2034 3357 2176 3412 Patri
2202 3399 2217 3422 ,
2249 3372 2369 3413 cum
2399 3357 2598 3427 Spiritu
2626 3369 2811 3413 sancto
2839 3401 2854 3425 ,
2889 3360 2942 3412 in
2972 3358 3167 3412 sa‘cula
3207 3358 3433 3414 sacculo-

1834 3465 1973 3502 rum.
2003 3451 2197 3503 Amen.

1898 3587 1916 3617 ³
1950 3589 2049 3643 Gr.,
2074 3589 2121 3634 et
2142 3583 2320 3648 majori
2341 3585 2567 3650 profuere
2585 3585 2779 3636 civitati.
2806 3592 3009 3650 Propter
3030 3587 3179 3650 quod,
3206 3593 3305 3638 etc.

126 3887 3396 3940 mw”

1015 4090 1113 4151 AD
1147 4092 1528 4154 HOMILIAM
1569 4093 1648 4153 IN
1693 4093 2049 4158 SANCTUM
2092 4099 2513 4164 MELETIUM.

129 4255 366 4312 omnino
390 4256 604 4316 videtur
631 4262 776 4318 hanc
819 4262 1098 4323 homiliam
1131 4269 1542 4339 pronuntiatam
1594 4271 1766 4331 fuisse
1805 4275 1888 4330 vel
1948 4292 2095 4334 anno
2138 4279 2281 4347 386,
2329 4293 2453 4352 post
2495 4299 2738 4341 mensem
2781 4284 3024 4358 Maium,
3073 4289 3158 4346 vel
3195 4289 3430 4348 ineunte.

123 4387 274 4428 anno
297 4375 426 4432 387.

190 4509 272 4566 De
301 4510 360 4567 S.
396 4511 615 4572 Ieletio
639 4519 890 4589 quaedam
910 4521 1156 4581 diximus
1180 4527 1235 4582 in
1271 4526 1396 4585 Vita
1425 4529 1486 4587 S.
1523 4530 1811 4589 Athanasii
1843 4535 1912 4590 ad
1960 4551 2167 4592 annum
2199 4537 2328 4593 56!.
2362 4537 2412 4594 Is
2470 4556 2668 4613 nempe
2705 4544 2778 4598 ab
2834 4544 3080 4611 Arianis,
3133 4544 3228 4616 qui
3284 4545 3403 4602 suis

117 4624 371 4692 partibus
398 4625 550 4702 [5l8]
575 4631 853 4690 addictum
883 4640 1172 4706 putabant,
1200 4643 1492 4702 ordinatus
1531 4647 1585 4702 in
1616 4649 1937 4721 episcopum
1987 4653 2414 4720 Antiochcn'utn,
2456 4656 2553 4710 τοῦ
2581 4660 2874 4729 dnuo-arrisit
2909 4659 3168 4717 defensor
3199 4661 3407 4717 acerri-

118 4755 246 4796 mus
284 4751 443 4813 erat;
471 4761 583 4816 quo
603 4760 907 4821 comperto,
939 4753 1129 4811 Ariani
1161 4773 1327 4826 penes
1348 4776 1491 4830 quos
1529 4773 1648 4817 tum
1690 4780 1910 4821 summa
1929 4778 2070 4831 erat,
2101 4769 2381 4826 hominem
2414 4772 2468 4825 in
2496 4773 2756 4829 exsilium
2795 4773 3075 4846 deportari
3107 4789 3403 4838 curarunt.

123 4859 452 4919 Dedissidio
477 4875 658 4922 autem
681 4867 802 4939 ejus
831 4879 1078 4943 tempore
1104 4873 1272 4929 etiam
1330 4877 1473 4934 inter
1507 4878 1830 4938 Catholicos
1879 4883 2134 4950 subortu,
2176 4886 2300 4942 vide
2327 4903 2452 4958 qua:
2479 4887 2723 4946 diximus
2757 4892 2811 4946 in
2851 4892 3056 4949 Monito
3087 4893 3155 4948 ad
3215 4892 3407 4950 Homi-

119 4977 250 5032 liam
273 4978 343 5033 de
368 4979 748 5038 Anathemate.
787 4982 1062 5042 Caeterum
1094 4989 1149 5043 in
1177 4991 1281 5047 hac
1324 4993 1548 5050 humilia
1579 5006 1634 5052 et
1666 4997 1967 5068 imaginum
2003 5001 2190 5058 cultus
2213 5013 2268 5058 et
2317 5004 2643 5062 intercessio
2671 5006 3004 5064 Sanctorum
3041 5019 3228 5079 aperte
3255 5025 3404 5082 pra-

119 5094 362 5150 dicatur.

190 5203 390 5263 lncerti
418 5208 924 5282 interpretationem
956 5217 1144 5274 multis
1171 5218 1225 5274 in
1251 5219 1389 5278 locis
1423 5223 1771 5280 emendatam
1799 5241 1832 5280 e
1867 5227 2089 5298 regione
2112 5229 2286 5286 Graeci
2327 5240 2506 5286 textus
2535 5231 2758 5289 damus.
