4082 6422
621 409 721 463 τοιό

1411 519 3190 546 ____________________..________.__.....__

1386 402 1440 454 S.
1481 397 1753 454 JOANNIS
1793 388 2264 457 CIIRYSQSTOMI
2307 387 2625 446 ARCHIEP.
2664 385 3196 445 CONSTANTINOP.

3772 379 3900 441 ’516

1505 612 2000 698 HOMILIA
2055 604 2916 691 ENCOMIASTICA

623 809 684 850 LV
730 806 781 850 Β.
829 806 1081 865 ΡΔἸἮΕΜ
1126 796 1415 843 ΝοετιιυΜ
1462 791 1814 838 MELETIUM.
1863 788 2204 833 ARCIIIEPIS

2310 786 2409 827 ὈΜ
2455 783 2687 826 ΜΔΕΝΒ
2721 782 3103 836 ΑΝΤῙΟΟΗΜΞ,
3151 785 3230 825 ΕΤ
3275 783 3355 824 [ll
3388 783 3621 826 STUDIO
3678 784 3899 826 BORUH

1862 889 1968 940 QUI
2011 886 2466 930 convenam?
2509 867 2619 945 to).

691 1177 740 1227 Ι.
789 1172 1008 1226 Sacrum
1059 1166 1198 1219 hunc
1239 1176 1450 1234 gregem
1481 1157 1650 1211 oculis
1693 1155 1924 1222 undique
1968 1153 2196 1206 circum-

619 1267 844 1334 spiciens
864 1305 880 1330 ,
926 1272 979 1316 et
1017 1260 1316 1313 universam
1345 1254 1610 1307 civitatem
1638 1249 1822 1302 videns
1854 1247 1938 1300 hic
1968 1260 2195 1315 prasen-

621 1369 764 1420 n-m,
812 1352 993 1406 nescio
1021 1363 1178 1419 quem
1218 1346 1362 1414 prius
1404 1343 1615 1395 beatum
1659 1336 2032 1406 pronuntiem,
2075 1348 2197 1386 san-

618 1459 832 1500 rtumne
858 1443 1142 1502 Meletium,
1167 1435 1305 1506 quod
1336 1433 1416 1487 vel
1438 1439 1555 1501 post
1581 1436 1804 1483 mortem
1829 1434 1974 1480 tanto
1996 1425 2197 1478 honore

623 1537 843 1598 fruatur,
874 1548 939 1586 an
967 1539 1193 1584 vestram
1211 1526 1506 1587 caritatem,
1524 1520 1666 1590 quod
1693 1527 1890 1572 tantam
1913 1517 1965 1570 in
1990 1523 2197 1570 vestros

620 1635 860 1701 pastores
904 1618 1322 1676 benevolentiam
1353 1614 1510 1670 etiam
1540 1620 1659 1682 post
1696 1611 1974 1664 decessum
2013 1617 2194 1662 osten-

619 1699 778 1775 datis.
831 1714 1023 1771 Beatus
1050 1711 1193 1766 enim
1232 1709 1358 1771 ille,
1402 1704 1541 1775 quod
1584 1710 1784 1756 tantum
1833 1699 1911 1753 sui
1962 1711 2195 1751 amorem

619 1814 767 1865 vobis
792 1810 1037 1864 omnibus
1067 1799 1609 1876 potu‘eritrelinquere
1636 1811 1650 1846 :
1683 1792 1820 1846 beati
1847 1804 1941 1843 vos
1961 1803 2194 1858 quoque,

623 1902 761 1973 quod
788 1944 802 1966 ,
842 1915 963 1955 eum
992 1896 1227 1952 caritatis
1265 1891 1560 1960 depositum
1589 1880 1900 1951 acceperitis
1920 1921 1935 1944 ,
1979 1893 2097 1932 eam
2123 1876 2193 1942 ei,

619 1993 710 2063 qui
739 1989 978 2058 deposuit
1005 2029 1018 2051 ,
1063 1988 1319 2053 integram
1366 1980 1467 2033 huc
1496 1989 1662 2044 usque
1692 1981 1946 2041 perpetuo
1976 1983 2195 2024 conser-

618 2060 883 2136 vaveritis.
915 2079 1137 2146 Quintus
1162 2074 1302 2128 enim
1337 2083 1507 2124 annus
1533 2067 1641 2135 jam
1675 2060 1968 2133 praeteriit,
2004 2073 2069 2112 ex
2091 2071 2197 2124 quo

619 2174 709 2226 ille
754 2170 995 2240 migravit
1031 2167 1094 2218 ad
1136 2163 1313 2218 Iesum
1339 2201 1354 2225 ,
1386 2173 1542 2228 quem
1569 2152 1905 2208 desiderabat
1932 2189 1946 2212 ,
1977 2162 2040 2201 ac
2071 2161 2191 2214 per-

619 2263 743 2318 inde
767 2239 896 2316 aesi
929 2257 1038 2312 heri
1074 2263 1127 2308 et
1155 2253 1346 2306 nudius
1377 2249 1564 2302 tertius
1593 2260 1713 2299 eum
1743 2239 2006 2293 vidissetis
2025 2278 2040 2301 ,
2089 2245 2194 2288 tam

619 2353 835 2408 ferventi
865 2362 1044 2403 amore
1087 2345 1151 2398 ad
1197 2357 1317 2397 eum
1349 2340 1506 2393 hodie
1533 2333 1851 2408 accessistis.
1909 2330 2195 2394 Pr0plerea

620 2449 804 2498 beatus
845 2440 933 2494 ille
975 2446 1056 2489 est
1099 2433 1236 2502 quod
1271 2430 1400 2483 tales
1441 2402 1682 2496 genuerit
1725 2422 1903 2475 filios:
1937 2416 2072 2471 beati
2103 2429 2197 2466 vos

621 2549 846 2604 quoque,
876 2527 1012 2595 quod
1047 2525 1194 2577 vobis
1215 2519 1461 2588 obtigerlt
1483 2525 1538 2569 ut
1564 2516 1723 2568 talem
1744 2520 1945 2580 patrem
1974 2506 2196 2559 haberes

621 2599 704 2680 Iis.
739 2599 956 2692 Egregia
986 2625 1068 2672 est
1092 2613 1242 2667 radix
1272 2619 1328 2665 et
1353 2604 1693 2664 admirabilis,
1725 2601 1815 2654 sed
1841 2599 2040 2652 fructus
2066 2609 2196 2663 quo-

617 2734 720 2787 que
751 2688 854 2769 non
885 2688 1020 2766 sunt
1060 2705 1258 2775 indigni
1301 2703 1400 2756 hac
1428 2699 1623 2753 radice.
1675 2693 1884 2747 Etenim
1924 2688 2196 2758 quomodo

619 2783 769 2863 radix
799 2805 1053 2875 quaepiam
1090 2793 1449 2855 admirabilis,
1481 2805 1599 2859 quae
1629 2787 1754 2840 latet
1785 2785 1834 2836 in
1870 2783 1988 2835 sinu
2016 2791 2191 2839 terrm,

619 2901 729 2969 ipsa
769 2868 978 2965 quidem
1009 2905 1113 2944 non
1139 2892 1386 2956 apparet,
1427 2878 1747 2949 perfractas
1792 2882 1966 2927 autem
1990 2868 2194 2924 virtutis

617 2964 729 3048 sua:
753 2964 916 3044 robur
942 2982 1172 3038 ostendit
1195 2998 1206 3031 :
1233 2979 1303 3032 ita
1335 2976 1495 3030 etiam
1526 2973 1714 3026 beatus
1741 2966 1982 3021 Meletius
2014 2964 2064 3016 in
2100 2964 2197 3015 hac

618 3099 774 3154 capsa
819 3079 1100 3138 conditus,
1147 3077 1259 3141 ipse
1298 3067 1508 3138 quidem
1558 3077 1664 3117 non
1701 3059 1934 3114 cernitur
1971 3069 2000 3107 a
2047 3052 2198 3106 nobis

618 3148 784 3228 oculis
811 3169 1047 3237 corporis
1072 3183 1086 3229 ;
1134 3178 1226 3231 per
1257 3174 1351 3212 vos
1372 3172 1498 3209 vero
1523 3197 1536 3218 ,
1567 3151 1656 3220 qui
1688 3151 1818 3203 estis
1843 3148 2059 3204 fructus,
2088 3157 2198 3194 sua:

618 3265 801 3335 gratia:
829 3263 844 3292 ¹
877 3231 1016 3312 vires
1043 3252 1294 3309 ostendit.
1352 3247 1499 3301 Licet
1543 3256 1641 3294 nos
1679 3240 1957 3299 sileamus,
2004 3231 2199 3335 sufficit

618 3321 733 3410 dies
758 3353 960 3413 festus,
1007 3356 1060 3401 et
1097 3345 1270 3399 fervor
1311 3337 1474 3392 vestri
1502 3331 1699 3394 studii,
1747 3327 1810 3381 ad
1847 3326 1971 3379 tuba
2005 3321 2198 3376 clarius

620 3440 1050 3517 proclamandum
1100 3431 1267 3488 sancti
1309 3426 1502 3482 Meletii
1535 3425 1584 3476 in
1624 3437 1718 3473 vos
1746 3429 2016 3478 amorem,
2041 3422 2198 3517 ‘tam:

621 3501 777 3607 quam
820 3533 873 3587 in
905 3529 1058 3582 filios.
1113 3524 1202 3579 Sic
1228 3520 1370 3575 enim
1396 3525 1601 3570 vestras
1627 3520 1832 3563 mentes
1861 3501 2102 3557 accendit
2128 3501 2195 3554 ad

621 3596 703 3682 sui
733 3635 968 3678 amorem
989 3659 1003 3680 ,
1033 3627 1089 3669 ut
1115 3613 1198 3668 vel
1227 3611 1291 3665 ad
1318 3609 1489 3664 solum
1521 3617 1711 3658 nomen
1751 3596 2083 3653 incalescatis
2103 3633 2117 3657 ,
2147 3600 2201 3646 et

622 3713 924 3774 cxcitemini
950 3709 1016 3763 ad
1039 3709 1202 3777 ipsam
1231 3699 1655 3770 appellationem.

700 3805 883 3859 Meletii
910 3795 1089 3854 nomen
1127 3795 1246 3863 ﬁliis
1274 3792 1378 3845 suis
1419 3788 1606 3840 dabant
1654 3779 1976 3840 Antiocheni;
2012 3777 2200 3844 ipsius-

626 3914 720 3970 que
739 3894 1004 3963 imagineth
1029 3887 1208 3955 ubique
1232 3880 1518 3952 pingebant.
1539 3874 1923 3970 —:Propte_rea
1947 3882 2046 3935 ego
2072 3881 2202 3934 quo-

627 3958 731 4059 que
758 3958 896 4037 runic
938 3996 1041 4034 non
1088 3987 1316 4034 temere,
1362 3969 1454 4024 sed
1494 3965 1667 4020 studio
1707 3971 1762 4015 et
1803 3958 1979 4014 dedita
2018 3970 2200 4025 opera,

632 4057 824 4132 nomen
857 4073 984 4128 illud
1013 4071 1063 4123 in
1094 4068 1226 4122 meis
1252 4063 1463 4117 assidue
1490 4057 1667 4112 verbis
1693 4062 1950 4113 annecto,
1997 4058 2051 4102 et
2077 4062 2204 4115 per-

630 4173 755 4224 inde
784 4182 845 4219 ac
869 4162 1164 4233 quispiam,
1206 4157 1292 4222 qui
1324 4163 1574 4205 coronam
1605 4145 1732 4199 texit
1767 4156 2010 4200 auream,
2061 4153 2204 4191 mar-

631 4259 829 4328 garitas
852 4229 1043 4308 deinde
1089 4249 1327 4301 inserens
1347 4285 1361 4306 ,
1390 4251 1718 4321 gemmarum
1749 4229 2040 4301 frequentia
2070 4242 2204 4296 pra:-

634 4321 826 4406 idarius
862 4345 1024 4400 efficit
1067 4339 1352 4394 diadema:
1386 4333 1455 4384 ita
1499 4343 1599 4397 ego
1642 4338 1851 4395 quoque
1893 4323 2047 4373 beato
2094 4321 2210 4385 ejus

637 4440 794 4508 capiti
819 4448 1069 4491 coronam
1115 4438 1301 4483 texens
1328 4421 1686 4477 encomiorum
1713 4456 1727 4479 ,
1772 4413 1930 4467 veluti
1959 4409 2212 4507 margari-

639 4497 811 4585 tarum
840 4521 1182 4595 quarumdam
1212 4511 1560 4584 frequentiam
1584 4550 1599 4572 ,
1626 4520 1769 4573 ξιξερο
1799 4502 2074 4570 repetitam
2098 4497 2212 4563 eius

639 4592 1044 4689 appellationem
1087 4606 1310 4663 orationi
1340 4614 1548 4663 attcxo,
1597 4611 1817 4666 sperans
1863 4593 2012 4654 fore,
2055 4592 2213 4689 utsic

641 4681 756 4769 eain
800 4706 1167 4779 jucundiorem
1211 4697 1426 4752 reddam
1456 4701 1508 4746 et
1553 4686 1978 4758 splendidiormn.
2031 4681 2215 4735 Solent

641 4806 781 4859 enim
801 4772 1050 4854 amantes
1069 4807 1275 4851 eorum,
1303 4803 1434 4855 quos
1453 4791 1648 4842 amant,
1671 4780 1754 4833 vel
1779 4778 1914 4831 nuda
1934 4772 2215 4842 complecti

646 4896 859 4950 nomina
886 4933 900 4952 ,
928 4900 981 4943 et
1006 4885 1328 4940 incalescere
1366 4875 1430 4930 ad
1461 4875 1601 4942 ipsas
1623 4869 2003 4938 appellationes
2032 4882 2043 4916 :
2076 4861 2216 4932 quod

647 4987 795 5041 vobis
826 4995 1032 5050 quoque
1073 4977 1123 5030 in
1155 4974 1256 5027 hoc
1283 4972 1435 5024 beato
1459 4981 1554 5018 usu
1587 4963 1746 5016 venit.
1782 4960 1910 5013 Nam
1948 4971 2068 5010 cum
2096 4969 2218 5008 eum

647 5096 675 5130 a
707 5074 962 5146 [il‘itttipin
987 5071 1036 5123 in
1062 5069 1327 5122 civitatem
1351 5062 1643 5129 ingressum
1670 5049 2031 5120 excepissctis,
2057 5059 2218 5100 unus-

648 5141 871 5235 quisque
915 5162 1077 5214 lilinm
1129 5170 1282 5208 suum
1329 5152 1442 5218 ejus
1487 5147 1702 5201 nomine
1749 5141 2076 5211 appellabat,
2133 5151 2224 5202 per

651 5232 1054 5328 appellationem
1074 5247 1380 5302 existimans
1397 5236 1752 5306 unusquisrpic
1775 5234 1826 5285 in
1843 5232 2057 5284 domum
2074 5242 2222 5279 suam

650 5319 893 5403 sanctum
947 5337 1320 5394 introducere,
1377 5328 1657 5395 missisque
1714 5322 1984 5391 patribus,
2034 5319 2145 5370 avis
2174 5326 2227 5369 et

656 5437 864 5507 proavis
886 5442 1079 5485 matres
1109 5425 1243 5480 beati
1268 5420 1459 5476 Mclctii
1481 5431 1670 5470 nomen
1698 5405 2228 5480 imponebantliberis

616 5549 618 5551 ·
656 5499 786 5598 quos
813 5529 1146 5592 pepererant.
1183 5513 1432 5567 Naturam
1459 5508 1598 5560 enim
1632 5504 1870 5557 vincebat
1896 5515 2044 5553 amor
2075 5499 2230 5570 pieta-

721 5641 738 5670 ’
777 5637 902 5685 Alius
926 5633 1096 5690 culex,
1119 5626 1321 5682 virtutis,
1348 5619 1699 5690 pro,_gruti_re._.

724 5668 1580 5747 ίαδ¹ἶὴέδὲνιῖὀιῖιῖἰἶείῖἶῖἑοῖὶὶῦἰὶὶίίιιε
1593 5668 1789 5729 Codices
1801 5683 1915 5738 tteg.
1938 5670 2074 5730 {959,
2088 5668 2173 5721 em
2182 5670 2229 5726 0,

661 5699 801 5811 3&3).
827 5768 876 5808 et
898 5757 1100 5806 tzolbert.
1126 5753 1234 5800 970.

827 5768 876 5808 et
898 5757 1100 5806 tzolbert.
1126 5753 1234 5800 970.

2170 1010 2562 1065 Silii?“—

2310 1153 2374 1206 tis
2400 1194 2414 1216 ,
2441 1161 2494 1206 et
2522 1152 2773 1221 deinceps
2799 1152 2889 1222 qui
2921 1152 3291 1217 nascebantur,
3324 1168 3431 1207 non
3467 1154 3692 1209 naturali
3716 1154 3898 1210 solum

2305 1243 2708 1307 benevolentia,
2754 1245 2846 1298 sed
2877 1245 3037 1299 etiam
3077 1244 3266 1300 affectu
3295 1259 3418 1314 erga
3459 1245 3598 1300 illam
3647 1248 3898 1317 appella-

2303 1336 2538 1399 tionem,
2572 1344 2724 1390 erant
2751 1336 2858 1390 cari
2906 1337 3230 1405 parentibus.
3287 1337 3463 1406 Ipsum
3505 1338 3646 1391 enim
3693 1353 3898 1392 nomen

2304 1437 2356 1480 et
2381 1438 2749 1482 ornamentum
2772 1427 3122 1497 cognationis,
3156 1437 3210 1481 et
3235 1427 3427 1481 aedium
3459 1429 3711 1491 tutelam,
3742 1440 3801 1484 et
3822 1433 3896 1482 ita

2304 1521 2505 1574 vocatis
2532 1521 2755 1574 salutem
2779 1523 3041 1575 etamoris
3067 1521 3311 1574 solatium
3340 1537 3460 1576 esse
3485 1523 3892 1585 existimabant,

2303 1623 2354 1667 et
2380 1613 2600 1682 perinde
2623 1628 2685 1667 ac
2713 1613 2757 1667 si
2783 1613 3027 1682 quidam,
3067 1613 3313 1668 sedentes
3359 1614 3409 1667 in
3451 1616 3686 1670 tenebris
3711 1658 3726 1678 ,
3767 1631 3895 1670 cum

2304 1721 2404 1758 una
2455 1705 2654 1773 lampas
2702 1717 2983 1773 conspecta
3039 1705 3233 1770 fuerit,
3285 1707 3484 1759 multas
3530 1707 3895 1762 accendentcs

2304 1799 2544 1852 lucernas
2572 1837 2586 1860 ,
2641 1799 3002 1867 unusquisque
3049 1799 3204 1851 infert
3246 1799 3296 1851 in
3347 1797 3563 1852 domum
3591 1814 3743 1853 suam
3772 1817 3785 1851 :
3819 1800 3890 1853 ita

2303 1892 2459 1945 etiam
2486 1904 2605 1942 cum
2634 1890 2722 1944 illa
2762 1889 3045 1957 appellatio
3083 1897 3349 1958 tamquam
3395 1890 3572 1943 lumen
3613 1890 3889 1944 incidissrt

2303 1982 2352 2034 in
2401 1981 2667 2033 civitatem
2693 2020 2708 2044 ,
2753 1981 2973 2048 quilibet
3025 1980 3076 2033 in
3119 1980 3334 2034 dommn
3375 1995 3522 2033 suam
3565 1982 3704 2036 beati
3748 1982 3883 2035 illius

2303 2087 2495 2126 nomen
2528 2071 2817 2124 introduxit
2837 2111 2851 2133 ,
2883 2065 3044 2125 Veluti
3067 2071 3350 2139 quemdam
3381 2071 3690 2126 thesaurum
3717 2072 3887 2126 bent»

2303 2176 2418 2214 rum
2446 2161 2904 2214 innumerabilium
2929 2161 3172 2227 perillius
3191 2160 3417 2214 efferens
3438 2162 3880 2229 appellationem,

2301 2260 2518 2319 eratque
2547 2265 2675 2304 vere
2704 2248 2826 2303 illud
2857 2265 3058 2318 magna:
3081 2251 3290 2316 pietatis
3313 2250 3573 2303 doctrina.
3600 2249 3729 2302 Nam
3759 2266 3886 2302 cum

2299 2341 2513 2394 assidue
2558 2351 2875 2408 cogerentur
2915 2339 3221 2393 meminisse
3263 2340 3403 2394 illius
3430 2341 3804 2407 appellationis
3833 2352 3889 2393 et

2300 2440 2542 2484 sanctum
2582 2432 2750 2484 virum
2787 2430 2965 2484 animo
2993 2431 3312 2500 complecti,
3364 2430 3629 2484 habebant
3656 2432 3760 2484 hoc
3791 2447 3888 2483 no-

2300 2537 2421 2575 men
2451 2532 2715 2590 tamquam
2745 2537 2889 2575 arma
2917 2522 3157 2591 quaedam
3178 2563 3194 2588 ,
3222 2522 3414 2591 quibus
3435 2521 3714 2592 fugabatur
3731 2538 3887 2590 quae—

2300 2614 2380 2666 vis
2422 2630 2448 2665 a
2496 2615 2700 2667 ratione
2754 2614 2925 2667 aliena
2982 2614 3190 2667 affectio
3239 2624 3292 2668 et
3341 2615 3626 2683 cogitatio,
3677 2612 3889 2684 fuitque

2303 2704 2352 2758 id
2383 2704 2515 2757 adeo
2543 2703 2822 2770 frequens,
2872 2715 2927 2757 ut
2956 2705 3149 2773 ubique
3178 2706 3227 2757 in
3271 2705 3422 2758 biviis
3447 2747 3461 2765 ,
3511 2707 3561 2758 in
3605 2705 3722 2758 foro
3743 2745 3760 2766 ,
3825 2706 3882 2759 in

2300 2794 2441 2862 agris
2471 2803 2526 2848 et
2557 2796 2605 2846 in
2643 2795 2739 2847 viis
2780 2798 2879 2848 hoc
2910 2809 3102 2848 nomen
3153 2795 3383 2863 undique
3431 2797 3882 2849 circumsonaret.

2299 2887 2414 2940 Non
2464 2901 2586 2956 erga
2630 2900 2823 2939 nomen
2872 2895 3046 2940 autem
3083 2888 3253 2940 solum
3298 2888 3432 2940 adeo
3477 2886 3647 2942 affecti
3695 2889 3887 2951 eratis,

2301 2977 2392 3031 sed
2437 2991 2558 3045 erga
2611 2977 2776 3046 ipsam
2826 2975 2985 3029 etiam
3046 2975 3268 3046 figuram
3304 2978 3560 3045 corporis.
3605 2961 3890 3044 Quomodo

2302 3069 2441 3122 enim
2472 3069 2668 3122 fecistis
2696 3068 2747 3121 in
2781 3069 3100 3130 nominibus,
3130 3068 3231 3122 hoc
3255 3071 3412 3121 etiam
3443 3069 3640 3122 fecistis
3666 3071 3718 3122 in
3742 3070 3892 3124 illius

2304 3160 2531 3227 imagine
2555 3177 2568 3211 :
2598 3161 2794 3214 ctenim
2823 3160 2873 3212 in
2915 3159 3048 3226 palis
3072 3159 3409 3223 annulorum,
3437 3170 3490 3212 et
3518 3159 3570 3212 in
3594 3159 3804 3228 sigillis,
3833 3172 3886 3215 et

2305 3250 2354 3301 in
2404 3249 2610 3317 phialis,
2654 3260 2706 3301 et
2746 3250 2797 3302 in
2848 3249 3198 3303 thalamorum
3249 3249 3556 3315 parietibus,
3608 3260 3662 3303 et
3690 3250 3892 3319 ubique

2302 3356 2506 3394 sacram
2551 3341 2693 3393 illam
2742 3340 2889 3392 multi
2921 3347 3300 3407 expresserunt
3340 3339 3643 3407 imaginem,
3693 3350 3750 3393 ut
3779 3355 3888 3393 non

2304 3435 2473 3487 solum
2518 3433 2763 3486 audirent
2807 3440 3042 3483 sanctam
3093 3429 3236 3483 illam
3282 3431 3731 3497 appellationem,
3792 3432 3889 3485 sed

2304 3527 2462 3579 etiam
2507 3525 2699 3592 ubique
2750 3523 2985 3576 viderent
3030 3523 3248 3590 lignratn
3287 3522 3546 3589 corporis,
3576 3530 3630 3576 cl.
3649 3521 3768 3590 ejus
3797 3537 3890 3576 ex-

2304 3618 2405 3671 silii
2435 3617 2694 3684 duplicem
2725 3617 3141 3670 consolationem
3171 3614 3492 3681 acciperent.

2378 3708 2610 3761 Meletius
2653 3708 2706 3759 in
2751 3707 2981 3759 exsilium
3009 3704 3278 3775 pulsus.—
3299 3703 3509 3758 Etenim
3537 3702 3771 3772 primum
3805 3704 3892 3758 in-

2304 3813 2541 3867 gressus,
2571 3797 2747 3849 statim
2776 3794 3028 3864 expulsus
3053 3802 3135 3847 est
3161 3809 3192 3847 e
3219 3793 3453 3855 civitate,
3487 3792 3717 3847 inimicis
3741 3794 3893 3848 veri-

2307 3891 2430 3944 tatis
2457 3904 2577 3943 eum
2605 3887 3011 3956 expellentibus.
3039 3885 3180 3939 Deus
3201 3897 3327 3939 vero
3348 3884 3397 3936 id
3419 3885 3704 3948 concessit,
3732 3885 3894 3940 simul

2308 3990 2362 4036 et
2421 3981 2561 4035 illius
2607 3980 2852 4032 virtutem
2909 3986 2966 4031 et
3007 3985 3239 4030 vestram
3286 3973 3650 4028 fortitudinem
3703 3973 3897 4029 volens

2307 4071 2609 4126 ostendere.
2642 4069 2774 4124 Cum
2798 4068 2939 4122 enim
2966 4066 3256 4136 ingressus,
3279 4065 3415 4118 sicut
3441 4064 3612 4118 Moses
3642 4064 3696 4118 in
3727 4063 3901 4136 Egy-

2310 4171 2457 4231 ptum
2505 4161 2781 4216 liberasset
2819 4160 3087 4213 civitatem
3128 4158 3197 4211 ab
3237 4171 3419 4211 errore
3445 4154 3686 4220 haeresis,
3720 4159 3901 4224 putri-

2312 4257 2513 4323 basque
2544 4252 2797 4307 membris
2816 4261 2873 4306 et
2891 4248 3364 4304 immedicabilibus
3389 4265 3417 4302 a
3449 4250 3653 4319 reliquo
3667 4265 3902 4317 corpore

2313 4351 2615 4417 amputatis,
2668 4348 2925 4416 integram
2972 4345 3290 4399 restituisset
3317 4343 3595 4397 sanitatem
3644 4344 3902 4398 Ecclesia-

2318 4437 2658 4498 multitudini,
2687 4435 2882 4489 inimici
2912 4433 3152 4488 veritatis
3191 4449 3293 4489 non
3332 4433 3563 4487 ferentes
3601 4433 3902 4486 correctio-

2319 4545 2460 4593 nem,
2521 4527 2782 4581 concitato
2833 4527 3194 4593 lmperatore,
3246 4523 3571 4592 expulerunt
3621 4537 3744 4576 eum
3801 4524 3906 4578 hac

2319 4619 2547 4681 civitate,
2598 4626 2970 4684 exspectantes
3009 4615 3142 4677 fore,
3189 4621 3249 4667 ut
3292 4613 3391 4667 hac
3432 4613 3638 4666 ratione
3675 4613 3906 4667 veritate

2320 4719 2500 4764 essent
2519 4708 2839 4774 superiores,
2871 4715 2925 4761 et
2950 4721 3065 4759 eam
3093 4719 3270 4760 rerum
3301 4703 3727 4764 emendationem
3754 4718 3908 4757 ever-

2324 4810 2517 4856 terent.
2564 4799 2752 4853 Evenit
2792 4807 2969 4852 autem
2997 4806 3182 4850 contra
3213 4808 3371 4863 quam
3398 4792 3813 4862 exspectabant;
3845 4808 3910 4848 ac

2323 4908 2442 4946 cum
2488 4891 2717 4945 studium
2762 4898 3017 4952 vestrum,
3051 4897 3160 4940 tum
3196 4886 3313 4955 ejus
3339 4885 3390 4937 in
3416 4883 3662 4938 docendo
3687 4885 3907 4938 scientia

2326 4986 2494 5054 magis
2537 4981 2771 5038 effulsit:
2807 4980 2944 5034 illius
2987 4977 3223 5050 quidem,
3257 4976 3397 5045 quod
3438 4975 3652 5045 triginta
3696 4976 3907 5038 diebus,

2329 5093 2426 5131 nec
2469 5077 2532 5130 iis
2574 5073 2784 5141 quidem
2815 5072 3052 5140 integris,
3098 5079 3300 5124 tantum
3327 5081 3423 5120 vos
3448 5065 3617 5134 potuit
3649 5066 3703 5119 in
3733 5065 3910 5119 studio

2331 5171 2452 5224 fidei
2489 5168 2731 5229 fundare,
2782 5175 2839 5218 ut
2885 5177 3067 5232 postea
3099 5163 3423 5218 irruentibus
3447 5158 3724 5230 spiritibus
3753 5158 3911 5214 imm-

2333 5259 2670 5314 inerabilibus
2720 5255 3012 5311 illabefaeta
3058 5265 3111 5310 et
3153 5255 3466 5308 inconcussa
3519 5254 3779 5306 manserit
3827 5252 3912 5303 illa

2333 5351 2569 5406 doctrina
2605 5367 2619 5403 :
2671 5347 2846 5400 fervor
2892 5357 3066 5400 autem
3113 5356 3289 5400 vester
3334 5358 3392 5396 se
3435 5353 3616 5410 aperte
3660 5344 3910 5403 ostendit,

2333 5442 2472 5512 quod
2503 5441 2735 5508 triginta.
2763 5447 2816 5490 et
2841 5452 2939 5491 nec
2967 5437 3031 5489 iis
3059 5435 3270 5504 quidem
3300 5433 3540 5502 integris,
3565 5432 3752 5496 diebus
3779 5434 3913 5498 jacla

2337 5536 2403 5588 ab
2441 5533 2534 5586 illo
2565 5532 2764 5586 semina
2799 5540 2902 5581 tam
2950 5536 3196 5582 accurate
3242 5524 3570 5592 suscepistis,
3605 5532 3661 5574 ut
3687 5523 3752 5573 ad
3778 5537 3900 5589 pro-
3959 5544 3966 5553 -

2339 5625 2553 5678 fumium
2598 5620 2791 5675 mentis
2833 5617 3038 5670 radices
3068 5612 3489 5675 transmiseritis,
3534 5620 3586 5664 et
3614 5612 3744 5664 nulli
3771 5610 3912 5663 dein-

2339 5734 2465 5787 αρε.
2493 5717 2646 5770 illanc
2675 5716 2739 5767 ιιι)
2768 5723 2961 5766 cetero
2986 5708 3250 5762 cesseritis
3283 5703 3578 5769 tentatieni.
