  <div class='ocr_page' id='page_1' title='image "/cluster/home/n/w/nwhite01/storage/ocr_20150623/50/ien.35556001660778/116.png"; bbox 0 0 4082 6418; ppageno 0'>
   <div class='ocr_carea' id='block_1_1' title="bbox 208 390 316 447">
    <p class='ocr_par' dir='ltr' id='par_1_1' title="bbox 208 390 316 447">
     <span class='ocr_line' id='line_1_1' title="bbox 208 390 316 447; baseline -0.065 1"><span class='ocrx_word' id='word_1_1' title='bbox 208 390 316 447; x_wconf 74' lang='grc'><strong>817</strong></span> 
     </span>
    </p>
   </div>
   <div class='ocr_carea' id='block_1_2' title="bbox 275 476 1800 564">
    <p class='ocr_par' dir='ltr' id='par_1_2' title="bbox 275 476 1800 564">
     <span class='ocr_line' id='line_1_2' title="bbox 275 476 1800 564; baseline -0.022 -6"><span class='ocrx_word' id='word_1_2' title='bbox 275 504 332 558; x_wconf 69' lang='lat'><strong>2.</strong></span> <span class='ocrx_word' id='word_1_3' title='bbox 375 494 607 556; x_wconf 65' lang='lat' dir='ltr'><strong>lautius</strong></span> <span class='ocrx_word' id='word_1_4' title='bbox 631 496 752 551; x_wconf 72' lang='lat' dir='ltr'><strong>urbe</strong></span> <span class='ocrx_word' id='word_1_5' title='bbox 776 491 950 564; x_wconf 73' lang='lat' dir='ltr'><strong>pulsus</strong></span> <span class='ocrx_word' id='word_1_6' title='bbox 986 487 1106 558; x_wconf 77' lang='lat' dir='ltr'><strong>tegit</strong></span> <span class='ocrx_word' id='word_1_7' title='bbox 1134 480 1552 555; x_wconf 71' lang='lat' dir='ltr'><strong>caputprmidis,</strong></span> <span class='ocrx_word' id='word_1_8' title='bbox 1578 493 1647 531; x_wconf 77' lang='lat' dir='ltr'><strong>ne</strong></span> <span class='ocrx_word' id='word_1_9' title='bbox 1667 476 1800 564; x_wconf 34' lang='lat' dir='ltr'><strong>lapit-</strong></span> 
     </span>
    </p>
   </div>
   <div class='ocr_carea' id='block_1_3' title="bbox 204 562 1797 657">
    <p class='ocr_par' dir='ltr' id='par_1_3' title="bbox 204 562 1797 657">
     <span class='ocr_line' id='line_1_3' title="bbox 204 562 1797 657; baseline -0.02 -10"><span class='ocrx_word' id='word_1_10' title='bbox 204 592 357 657; x_wconf 63' lang='lat' dir='ltr'><strong>dibtta</strong></span> <span class='ocrx_word' id='word_1_11' title='bbox 378 590 638 646; x_wconf 73' lang='lat' dir='ltr'><strong>obruatur.</strong></span> <span class='ocrx_word' id='word_1_12' title='bbox 657 562 934 652; x_wconf 71' lang='lat' dir='ltr'><strong>—Operae</strong></span> <span class='ocrx_word' id='word_1_13' title='bbox 960 578 1189 649; x_wconf 88' lang='lat' dir='ltr'><strong>pretium</strong></span> <span class='ocrx_word' id='word_1_14' title='bbox 1217 580 1300 629; x_wconf 83' lang='lat' dir='ltr'><strong>est</strong></span> <span class='ocrx_word' id='word_1_15' title='bbox 1326 580 1501 626; x_wconf 85' lang='lat' dir='ltr'><strong>autem</strong></span> <span class='ocrx_word' id='word_1_16' title='bbox 1529 582 1635 622; x_wconf 92' lang='lat' dir='ltr'><strong>non</strong></span> <span class='ocrx_word' id='word_1_17' title='bbox 1658 562 1797 657; x_wconf 79' lang='lat' dir='ltr'><strong>illud</strong></span> 
     </span>
    </p>
   </div>
   <div class='ocr_carea' id='block_1_4' title="bbox 206 651 1795 751">
    <p class='ocr_par' dir='ltr' id='par_1_4' title="bbox 206 651 1795 751">
     <span class='ocr_line' id='line_1_4' title="bbox 206 651 1795 751; baseline -0.021 -13"><span class='ocrx_word' id='word_1_18' title='bbox 206 651 636 751; x_wconf 62' lang='lat' dir='ltr'><strong>printer-mittere,</strong></span> <span class='ocrx_word' id='word_1_19' title='bbox 675 651 815 745; x_wconf 84' lang='lat' dir='ltr'><strong>quod</strong></span> <span class='ocrx_word' id='word_1_20' title='bbox 864 665 1056 725; x_wconf 89' lang='lat' dir='ltr'><strong>accidit</strong></span> <span class='ocrx_word' id='word_1_21' title='bbox 1100 666 1153 720; x_wconf 85' lang='lat' dir='ltr'><strong>in</strong></span> <span class='ocrx_word' id='word_1_22' title='bbox 1202 664 1319 732; x_wconf 85' lang='lat' dir='ltr'><strong>ejus</strong></span> <span class='ocrx_word' id='word_1_23' title='bbox 1365 655 1795 730; x_wconf 87' lang='lat' dir='ltr'><strong>persequutione.</strong></span> 
     </span>
    </p>
   </div>
   <div class='ocr_carea' id='block_1_5' title="bbox 203 747 1801 837">
    <p class='ocr_par' dir='ltr' id='par_1_5' title="bbox 203 747 1801 837">
     <span class='ocr_line' id='line_1_5' title="bbox 203 747 1801 837; baseline -0.018 -10"><span class='ocrx_word' id='word_1_24' title='bbox 203 747 341 827; x_wconf 50' lang='lat' dir='ltr'><strong>itam</strong></span> <span class='ocrx_word' id='word_1_25' title='bbox 386 772 506 826; x_wconf 88' lang='lat' dir='ltr'><strong>cum</strong></span> <span class='ocrx_word' id='word_1_26' title='bbox 546 778 749 837; x_wconf 80' lang='lat' dir='ltr'><strong>praeses</strong></span> <span class='ocrx_word' id='word_1_27' title='bbox 788 760 1018 817; x_wconf 73' lang='lat' dir='ltr'><strong>civitatis</strong></span> <span class='ocrx_word' id='word_1_28' title='bbox 1065 768 1224 810; x_wconf 89' lang='lat' dir='ltr'><strong>curru</strong></span> <span class='ocrx_word' id='word_1_29' title='bbox 1268 761 1452 807; x_wconf 85' lang='lat' dir='ltr'><strong>vectus</strong></span> <span class='ocrx_word' id='word_1_30' title='bbox 1495 747 1666 804; x_wconf 80' lang='lat' dir='ltr'><strong>exiret</strong></span> <span class='ocrx_word' id='word_1_31' title='bbox 1704 757 1801 814; x_wconf 77' lang='lat' dir='ltr'><strong>per</strong></span> 
     </span>
    </p>
   </div>
   <div class='ocr_carea' id='block_1_6' title="bbox 204 836 1800 919">
    <p class='ocr_par' dir='ltr' id='par_1_6' title="bbox 204 836 1800 919">
     <span class='ocr_line' id='line_1_6' title="bbox 204 836 1800 919; baseline -0.018 -2"><span class='ocrx_word' id='word_1_32' title='bbox 204 859 444 917; x_wconf 88' lang='lat' dir='ltr'><strong>medium</strong></span> <span class='ocrx_word' id='word_1_33' title='bbox 471 836 664 919; x_wconf 80' lang='lat' dir='ltr'><strong>forum,</strong></span> <span class='ocrx_word' id='word_1_34' title='bbox 699 852 919 908; x_wconf 91' lang='lat' dir='ltr'><strong>sedente</strong></span> <span class='ocrx_word' id='word_1_35' title='bbox 946 848 1012 903; x_wconf 89' lang='lat' dir='ltr'><strong>ad</strong></span> <span class='ocrx_word' id='word_1_36' title='bbox 1039 846 1181 901; x_wconf 89' lang='lat' dir='ltr'><strong>latus</strong></span> <span class='ocrx_word' id='word_1_37' title='bbox 1215 852 1405 899; x_wconf 85' lang='lat' dir='ltr'><strong>saneto</strong></span> <span class='ocrx_word' id='word_1_38' title='bbox 1432 840 1569 903; x_wconf 91' lang='lat' dir='ltr'><strong>viro,</strong></span> <span class='ocrx_word' id='word_1_39' title='bbox 1598 836 1800 906; x_wconf 75' lang='lat' dir='ltr'><strong>lapides</strong></span> 
     </span>
    </p>
   </div>
   <div class='ocr_carea' id='block_1_7' title="bbox 207 927 1795 1010">
    <p class='ocr_par' dir='ltr' id='par_1_7' title="bbox 207 927 1795 1010">
     <span class='ocr_line' id='line_1_7' title="bbox 207 927 1795 1010; baseline -0.016 -8"><span class='ocrx_word' id='word_1_40' title='bbox 207 949 335 1002; x_wconf 82' lang='lat' dir='ltr'><strong>nive</strong></span> <span class='ocrx_word' id='word_1_41' title='bbox 360 937 661 1001; x_wconf 84' lang='lat' dir='ltr'><strong>crebriores</strong></span> <span class='ocrx_word' id='word_1_42' title='bbox 681 942 914 1010; x_wconf 77' lang='lat' dir='ltr'><strong>undique</strong></span> <span class='ocrx_word' id='word_1_43' title='bbox 942 938 994 992; x_wconf 89' lang='lat' dir='ltr'><strong>in</strong></span> <span class='ocrx_word' id='word_1_44' title='bbox 1023 944 1181 1004; x_wconf 88' lang='lat' dir='ltr'><strong>caput</strong></span> <span class='ocrx_word' id='word_1_45' title='bbox 1198 930 1442 1001; x_wconf 75' lang='lat' dir='ltr'><strong>prtesidis</strong></span> <span class='ocrx_word' id='word_1_46' title='bbox 1469 927 1795 989; x_wconf 79' lang='lat' dir='ltr'><strong>ferebamur,</strong></span> 
     </span>
    </p>
   </div>
   <div class='ocr_carea' id='block_1_8' title="bbox 204 1017 1799 1095">
    <p class='ocr_par' dir='ltr' id='par_1_8' title="bbox 204 1017 1799 1095">
     <span class='ocr_line' id='line_1_8' title="bbox 204 1017 1799 1095; baseline -0.016 -2"><span class='ocrx_word' id='word_1_47' title='bbox 204 1034 424 1093; x_wconf 65' lang='lat' dir='ltr'><strong>civitate</strong></span> <span class='ocrx_word' id='word_1_48' title='bbox 464 1037 608 1090; x_wconf 84' lang='lat' dir='ltr'><strong>illam</strong></span> <span class='ocrx_word' id='word_1_49' title='bbox 652 1047 758 1089; x_wconf 91' lang='lat' dir='ltr'><strong>non</strong></span> <span class='ocrx_word' id='word_1_50' title='bbox 796 1027 1000 1085; x_wconf 83' lang='lat' dir='ltr'><strong>ferente</strong></span> <span class='ocrx_word' id='word_1_51' title='bbox 1038 1024 1455 1095; x_wconf 66' lang='lat' dir='ltr'><strong>separatiotiem,</strong></span> <span class='ocrx_word' id='word_1_52' title='bbox 1497 1019 1591 1074; x_wconf 88' lang='lat' dir='ltr'><strong>sed</strong></span> <span class='ocrx_word' id='word_1_53' title='bbox 1627 1017 1799 1086; x_wconf 88' lang='lat' dir='ltr'><strong>potius</strong></span> 
     </span>
    </p>
   </div>
   <div class='ocr_carea' id='block_1_9' title="bbox 206 1111 1803 1196">
    <p class='ocr_par' dir='ltr' id='par_1_9' title="bbox 206 1111 1803 1196">
     <span class='ocr_line' id='line_1_9' title="bbox 206 1111 1803 1196; baseline -0.015 -14"><span class='ocrx_word' id='word_1_54' title='bbox 206 1129 316 1181; x_wconf 91' lang='lat' dir='ltr'><strong>vita</strong></span> <span class='ocrx_word' id='word_1_55' title='bbox 364 1124 615 1196; x_wconf 67' lang='lat' dir='ltr'><strong>prazsenti</strong></span> <span class='ocrx_word' id='word_1_56' title='bbox 659 1121 857 1193; x_wconf 90' lang='lat' dir='ltr'><strong>privari</strong></span> <span class='ocrx_word' id='word_1_57' title='bbox 899 1117 1132 1181; x_wconf 83' lang='lat' dir='ltr'><strong>volente,</strong></span> <span class='ocrx_word' id='word_1_58' title='bbox 1159 1129 1318 1184; x_wconf 87' lang='lat' dir='ltr'><strong>quam</strong></span> <span class='ocrx_word' id='word_1_59' title='bbox 1347 1111 1529 1196; x_wconf 89' lang='lat' dir='ltr'><strong>videre</strong></span> <span class='ocrx_word' id='word_1_60' title='bbox 1560 1116 1803 1163; x_wconf 89' lang='lat' dir='ltr'><strong>sanetum</strong></span> 
     </span>
    </p>
   </div>
   <div class='ocr_carea' id='block_1_10' title="bbox 207 1194 1803 1281">
    <p class='ocr_par' dir='ltr' id='par_1_10' title="bbox 207 1194 1803 1281">
     <span class='ocr_line' id='line_1_10' title="bbox 207 1194 1803 1281; baseline -0.014 -10"><span class='ocrx_word' id='word_1_61' title='bbox 207 1194 571 1272; x_wconf 43' lang='lat' dir='ltr'><strong>illum—avelli.</strong></span> <span class='ocrx_word' id='word_1_62' title='bbox 594 1212 727 1279; x_wconf 84' lang='lat' dir='ltr'><strong>Quid</strong></span> <span class='ocrx_word' id='word_1_63' title='bbox 749 1224 879 1281; x_wconf 79' lang='lat' dir='ltr'><strong>ergo</strong></span> <span class='ocrx_word' id='word_1_64' title='bbox 900 1218 1027 1263; x_wconf 86' lang='lat' dir='ltr'><strong>tunc</strong></span> <span class='ocrx_word' id='word_1_65' title='bbox 1048 1206 1172 1262; x_wconf 81' lang='lat' dir='ltr'><strong>fecit</strong></span> <span class='ocrx_word' id='word_1_66' title='bbox 1199 1204 1289 1257; x_wconf 90' lang='lat' dir='ltr'><strong>ille</strong></span> <span class='ocrx_word' id='word_1_67' title='bbox 1314 1194 1539 1258; x_wconf 74' lang='lat' dir='ltr'><strong>beatus?</strong></span> <span class='ocrx_word' id='word_1_68' title='bbox 1568 1199 1698 1254; x_wconf 89' lang='lat' dir='ltr'><strong>Cum</strong></span> <span class='ocrx_word' id='word_1_69' title='bbox 1725 1198 1803 1250; x_wconf 91' lang='lat' dir='ltr'><strong>vi-</strong></span> 
     </span>
    </p>
   </div>
   <div class='ocr_carea' id='block_1_11' title="bbox 206 1287 1801 1375">
    <p class='ocr_par' dir='ltr' id='par_1_11' title="bbox 206 1287 1801 1375">
     <span class='ocr_line' id='line_1_11' title="bbox 206 1287 1801 1375; baseline -0.013 -14"><span class='ocrx_word' id='word_1_70' title='bbox 206 1307 382 1361; x_wconf 89' lang='lat' dir='ltr'><strong>disset</strong></span> <span class='ocrx_word' id='word_1_71' title='bbox 424 1306 601 1375; x_wconf 82' lang='lat' dir='ltr'><strong>jactus</strong></span> <span class='ocrx_word' id='word_1_72' title='bbox 643 1302 898 1372; x_wconf 82' lang='lat' dir='ltr'><strong>lapidum,</strong></span> <span class='ocrx_word' id='word_1_73' title='bbox 938 1296 1235 1365; x_wconf 71' lang='lat' dir='ltr'><strong>complestis</strong></span> <span class='ocrx_word' id='word_1_74' title='bbox 1269 1294 1381 1350; x_wconf 87' lang='lat' dir='ltr'><strong>suis</strong></span> <span class='ocrx_word' id='word_1_75' title='bbox 1406 1292 1645 1347; x_wconf 76' lang='lat' dir='ltr'><strong>vestibus</strong></span> <span class='ocrx_word' id='word_1_76' title='bbox 1670 1287 1801 1343; x_wconf 82' lang='lat' dir='ltr'><strong>con-</strong></span> 
     </span>
    </p>
   </div>
   <div class='ocr_carea' id='block_1_12' title="bbox 210 1380 1800 1465">
    <p class='ocr_par' dir='ltr' id='par_1_12' title="bbox 210 1380 1800 1465">
     <span class='ocr_line' id='line_1_12' title="bbox 210 1380 1800 1465; baseline -0.013 -13"><span class='ocrx_word' id='word_1_77' title='bbox 210 1398 343 1452; x_wconf 80' lang='lat' dir='ltr'><strong>texit</strong></span> <span class='ocrx_word' id='word_1_78' title='bbox 365 1405 525 1465; x_wconf 86' lang='lat' dir='ltr'><strong>caput</strong></span> <span class='ocrx_word' id='word_1_79' title='bbox 555 1393 831 1464; x_wconf 70' lang='lat' dir='ltr'><strong>prmaidis:</strong></span> <span class='ocrx_word' id='word_1_80' title='bbox 865 1390 1022 1447; x_wconf 80' lang='lat' dir='ltr'><strong>simul</strong></span> <span class='ocrx_word' id='word_1_81' title='bbox 1070 1396 1123 1443; x_wconf 89' lang='lat' dir='ltr'><strong>et</strong></span> <span class='ocrx_word' id='word_1_82' title='bbox 1166 1387 1411 1442; x_wconf 87' lang='lat' dir='ltr'><strong>inimicos</strong></span> <span class='ocrx_word' id='word_1_83' title='bbox 1454 1383 1657 1454; x_wconf 88' lang='lat' dir='ltr'><strong>pudore</strong></span> <span class='ocrx_word' id='word_1_84' title='bbox 1684 1380 1800 1434; x_wconf 79' lang='lat' dir='ltr'><strong>alii-</strong></span> 
     </span>
    </p>
   </div>
   <div class='ocr_carea' id='block_1_13' title="bbox 208 1473 1803 1554">
    <p class='ocr_par' dir='ltr' id='par_1_13' title="bbox 208 1473 1803 1554">
     <span class='ocr_line' id='line_1_13' title="bbox 208 1473 1803 1554; baseline -0.012 -11"><span class='ocrx_word' id='word_1_85' title='bbox 208 1490 363 1543; x_wconf 83' lang='lat' dir='ltr'><strong>ciens</strong></span> <span class='ocrx_word' id='word_1_86' title='bbox 403 1488 476 1541; x_wconf 84' lang='lat' dir='ltr'><strong>ob</strong></span> <span class='ocrx_word' id='word_1_87' title='bbox 512 1485 771 1554; x_wconf 84' lang='lat' dir='ltr'><strong>insignem</strong></span> <span class='ocrx_word' id='word_1_88' title='bbox 819 1479 1303 1539; x_wconf 73' lang='lat' dir='ltr'><strong>mansuetudinem,</strong></span> <span class='ocrx_word' id='word_1_89' title='bbox 1349 1483 1404 1531; x_wconf 87' lang='lat' dir='ltr'><strong>et</strong></span> <span class='ocrx_word' id='word_1_90' title='bbox 1445 1484 1571 1530; x_wconf 89' lang='lat' dir='ltr'><strong>suos</strong></span> <span class='ocrx_word' id='word_1_91' title='bbox 1605 1473 1803 1527; x_wconf 89' lang='lat' dir='ltr'><strong>docens</strong></span> 
     </span>
    </p>
   </div>
   <div class='ocr_carea' id='block_1_14' title="bbox 210 1562 1807 1649">
    <p class='ocr_par' dir='ltr' id='par_1_14' title="bbox 210 1562 1807 1649">
     <span class='ocr_line' id='line_1_14' title="bbox 210 1562 1807 1649; baseline -0.013 -16"><span class='ocrx_word' id='word_1_92' title='bbox 210 1578 523 1649; x_wconf 78' lang='lat' dir='ltr'><strong>discipulos,</strong></span> <span class='ocrx_word' id='word_1_93' title='bbox 544 1583 794 1645; x_wconf 84' lang='lat' dir='ltr'><strong>quantam</strong></span> <span class='ocrx_word' id='word_1_94' title='bbox 822 1570 1107 1626; x_wconf 72' lang='lat' dir='ltr'><strong>ostendere</strong></span> <span class='ocrx_word' id='word_1_95' title='bbox 1129 1575 1375 1637; x_wconf 84' lang='lat' dir='ltr'><strong>oporteat</strong></span> <span class='ocrx_word' id='word_1_96' title='bbox 1404 1563 1709 1635; x_wconf 81' lang='lat' dir='ltr'><strong>patientiam</strong></span> <span class='ocrx_word' id='word_1_97' title='bbox 1746 1562 1807 1613; x_wconf 84' lang='lat' dir='ltr'><strong>in</strong></span> 
     </span>
    </p>
   </div>
   <div class='ocr_carea' id='block_1_15' title="bbox 140 1653 1801 1737">
    <p class='ocr_par' dir='ltr' id='par_1_15' title="bbox 140 1653 1801 1737">
     <span class='ocr_line' id='line_1_15' title="bbox 140 1653 1801 1737; baseline -0.011 -12"><span class='ocrx_word' id='word_1_98' title='bbox 140 1716 145 1717; x_wconf 42' lang='grc' dir='ltr'><em>ν</em></span> <span class='ocrx_word' id='word_1_99' title='bbox 211 1681 332 1733; x_wconf 84' lang='lat' dir='ltr'><strong>eos,</strong></span> <span class='ocrx_word' id='word_1_100' title='bbox 371 1669 461 1737; x_wconf 89' lang='lat' dir='ltr'><strong>qui</strong></span> <span class='ocrx_word' id='word_1_101' title='bbox 509 1666 698 1736; x_wconf 85' lang='lat' dir='ltr'><strong>injuria</strong></span> <span class='ocrx_word' id='word_1_102' title='bbox 741 1663 1009 1725; x_wconf 71' lang='lat' dir='ltr'><strong>afﬁciunt;</strong></span> <span class='ocrx_word' id='word_1_103' title='bbox 1056 1669 1111 1715; x_wconf 89' lang='lat' dir='ltr'><strong>et</strong></span> <span class='ocrx_word' id='word_1_104' title='bbox 1146 1659 1290 1729; x_wconf 85' lang='lat' dir='ltr'><strong>quod</strong></span> <span class='ocrx_word' id='word_1_105' title='bbox 1319 1672 1425 1712; x_wconf 87' lang='lat' dir='ltr'><strong>non</strong></span> <span class='ocrx_word' id='word_1_106' title='bbox 1468 1656 1639 1710; x_wconf 85' lang='lat' dir='ltr'><strong>solum</strong></span> <span class='ocrx_word' id='word_1_107' title='bbox 1671 1653 1801 1708; x_wconf 82' lang='lat' dir='ltr'><strong>nihil</strong></span> 
     </span>
    </p>
   </div>
   <div class='ocr_carea' id='block_1_16' title="bbox 210 1744 1801 1828">
    <p class='ocr_par' dir='ltr' id='par_1_16' title="bbox 210 1744 1801 1828">
     <span class='ocr_line' id='line_1_16' title="bbox 210 1744 1801 1828; baseline -0.012 -15"><span class='ocrx_word' id='word_1_108' title='bbox 210 1767 458 1828; x_wconf 84' lang='lat' dir='ltr'><strong>oporteat</strong></span> <span class='ocrx_word' id='word_1_109' title='bbox 496 1757 577 1810; x_wconf 86' lang='lat' dir='ltr'><strong>eis</strong></span> <span class='ocrx_word' id='word_1_110' title='bbox 622 1755 744 1808; x_wconf 89' lang='lat' dir='ltr'><strong>mali</strong></span> <span class='ocrx_word' id='word_1_111' title='bbox 773 1756 967 1817; x_wconf 84' lang='lat' dir='ltr'><strong>facere,</strong></span> <span class='ocrx_word' id='word_1_112' title='bbox 998 1751 1091 1805; x_wconf 88' lang='lat' dir='ltr'><strong>sed</strong></span> <span class='ocrx_word' id='word_1_113' title='bbox 1120 1748 1326 1825; x_wconf 63' lang='lat' dir='ltr'><strong>ethimsi</strong></span> <span class='ocrx_word' id='word_1_114' title='bbox 1353 1748 1422 1801; x_wconf 88' lang='lat' dir='ltr'><strong>ab</strong></span> <span class='ocrx_word' id='word_1_115' title='bbox 1446 1746 1563 1799; x_wconf 87' lang='lat' dir='ltr'><strong>aliis</strong></span> <span class='ocrx_word' id='word_1_116' title='bbox 1597 1744 1677 1799; x_wconf 89' lang='lat' dir='ltr'><strong>eis</strong></span> <span class='ocrx_word' id='word_1_117' title='bbox 1702 1744 1801 1797; x_wconf 86' lang='lat' dir='ltr'><strong>im-</strong></span> 
     </span>
    </p>
   </div>
   <div class='ocr_carea' id='block_1_17' title="bbox 217 1836 1802 1917">
    <p class='ocr_par' dir='ltr' id='par_1_17' title="bbox 217 1836 1802 1917">
     <span class='ocr_line' id='line_1_17' title="bbox 217 1836 1802 1917; baseline -0.012 -12"><span class='ocrx_word' id='word_1_118' title='bbox 217 1852 421 1905; x_wconf 88' lang='lat' dir='ltr'><strong>mineat</strong></span> <span class='ocrx_word' id='word_1_119' title='bbox 443 1847 754 1917; x_wconf 82' lang='lat' dir='ltr'><strong>periculum,</strong></span> <span class='ocrx_word' id='word_1_120' title='bbox 791 1844 838 1899; x_wconf 76' lang='lat' dir='ltr'><strong>id</strong></span> <span class='ocrx_word' id='word_1_121' title='bbox 866 1857 1079 1913; x_wconf 90' lang='lat' dir='ltr'><strong>quoque</strong></span> <span class='ocrx_word' id='word_1_122' title='bbox 1103 1842 1248 1895; x_wconf 89' lang='lat' dir='ltr'><strong>omni</strong></span> <span class='ocrx_word' id='word_1_123' title='bbox 1270 1838 1445 1893; x_wconf 87' lang='lat' dir='ltr'><strong>studio</strong></span> <span class='ocrx_word' id='word_1_124' title='bbox 1474 1836 1802 1906; x_wconf 85' lang='lat' dir='ltr'><strong>prepulsare.</strong></span> 
     </span>
    </p>
   </div>
   <div class='ocr_carea' id='block_1_18' title="bbox 213 1927 1803 2008">
    <p class='ocr_par' dir='ltr' id='par_1_18' title="bbox 213 1927 1803 2008">
     <span class='ocr_line' id='line_1_18' title="bbox 213 1927 1803 2008; baseline -0.01 -15"><span class='ocrx_word' id='word_1_125' title='bbox 213 1940 347 2008; x_wconf 88' lang='lat' dir='ltr'><strong>Quis</strong></span> <span class='ocrx_word' id='word_1_126' title='bbox 377 1949 502 1992; x_wconf 91' lang='lat' dir='ltr'><strong>tunc</strong></span> <span class='ocrx_word' id='word_1_127' title='bbox 527 1952 633 1990; x_wconf 88' lang='lat' dir='ltr'><strong>non</strong></span> <span class='ocrx_word' id='word_1_128' title='bbox 680 1935 777 1989; x_wconf 85' lang='lat' dir='ltr'><strong>fuit</strong></span> <span class='ocrx_word' id='word_1_129' title='bbox 822 1932 1236 2001; x_wconf 62' lang='lat' dir='ltr'><strong>obstupefactus,</strong></span> <span class='ocrx_word' id='word_1_130' title='bbox 1264 1929 1451 1983; x_wconf 88' lang='lat' dir='ltr'><strong>videns</strong></span> <span class='ocrx_word' id='word_1_131' title='bbox 1471 1936 1528 1981; x_wconf 91' lang='lat' dir='ltr'><strong>et</strong></span> <span class='ocrx_word' id='word_1_132' title='bbox 1559 1927 1803 1980; x_wconf 87' lang='lat' dir='ltr'><strong>insanum</strong></span> 
     </span>
    </p>
   </div>
   <div class='ocr_carea' id='block_1_19' title="bbox 215 2018 1806 2109">
    <p class='ocr_par' dir='ltr' id='par_1_19' title="bbox 215 2018 1806 2109">
     <span class='ocr_line' id='line_1_19' title="bbox 215 2018 1806 2109; baseline -0.011 -24"><span class='ocrx_word' id='word_1_133' title='bbox 215 2044 458 2085; x_wconf 86' lang='lat' dir='ltr'><strong>amorem</strong></span> <span class='ocrx_word' id='word_1_134' title='bbox 497 2028 757 2109; x_wconf 28' lang='lat' dir='ltr'><strong>civitatisg</strong></span> <span class='ocrx_word' id='word_1_135' title='bbox 783 2034 837 2079; x_wconf 89' lang='lat' dir='ltr'><strong>et</strong></span> <span class='ocrx_word' id='word_1_136' title='bbox 881 2036 1148 2079; x_wconf 85' lang='lat' dir='ltr'><strong>summam</strong></span> <span class='ocrx_word' id='word_1_137' title='bbox 1194 2019 1580 2091; x_wconf 79' lang='lat' dir='ltr'><strong>philosophiam</strong></span> <span class='ocrx_word' id='word_1_138' title='bbox 1617 2018 1806 2071; x_wconf 58' lang='lat' dir='ltr'><strong>lenita-</strong></span> 
     </span>
    </p>
   </div>
   <div class='ocr_carea' id='block_1_20' title="bbox 218 2109 1807 2188">
    <p class='ocr_par' dir='ltr' id='par_1_20' title="bbox 218 2109 1807 2188">
     <span class='ocr_line' id='line_1_20' title="bbox 218 2109 1807 2188; baseline -0.009 -13"><span class='ocrx_word' id='word_1_139' title='bbox 218 2130 439 2188; x_wconf 80' lang='lat' dir='ltr'><strong>temque</strong></span> <span class='ocrx_word' id='word_1_140' title='bbox 479 2127 534 2172; x_wconf 91' lang='lat' dir='ltr'><strong>et</strong></span> <span class='ocrx_word' id='word_1_141' title='bbox 578 2116 1039 2170; x_wconf 84' lang='lat' dir='ltr'><strong>mansuetudinem</strong></span> <span class='ocrx_word' id='word_1_142' title='bbox 1065 2113 1336 2168; x_wconf 83' lang='lat' dir='ltr'><strong>doetoris?</strong></span> <span class='ocrx_word' id='word_1_143' title='bbox 1364 2119 1517 2165; x_wconf 88' lang='lat' dir='ltr'><strong>erant</strong></span> <span class='ocrx_word' id='word_1_144' title='bbox 1546 2110 1686 2163; x_wconf 88' lang='lat' dir='ltr'><strong>enim</strong></span> <span class='ocrx_word' id='word_1_145' title='bbox 1713 2109 1807 2162; x_wconf 84' lang='lat' dir='ltr'><strong>ad-</strong></span> 
     </span>
    </p>
   </div>
   <div class='ocr_carea' id='block_1_21' title="bbox 215 2201 1804 2275">
    <p class='ocr_par' dir='ltr' id='par_1_21' title="bbox 215 2201 1804 2275">
     <span class='ocr_line' id='line_1_21' title="bbox 215 2201 1804 2275; baseline -0.009 -9"><span class='ocrx_word' id='word_1_146' title='bbox 215 2210 482 2266; x_wconf 82' lang='lat' dir='ltr'><strong>mirabilia</strong></span> <span class='ocrx_word' id='word_1_147' title='bbox 510 2225 596 2273; x_wconf 89' lang='lat' dir='ltr'><strong>ea,</strong></span> <span class='ocrx_word' id='word_1_148' title='bbox 623 2224 741 2275; x_wconf 71' lang='lat' dir='ltr'><strong>qua:</strong></span> <span class='ocrx_word' id='word_1_149' title='bbox 765 2217 885 2261; x_wconf 83' lang='lat' dir='ltr'><strong>tunc</strong></span> <span class='ocrx_word' id='word_1_150' title='bbox 909 2206 1237 2260; x_wconf 82' lang='lat' dir='ltr'><strong>acciderunt.</strong></span> <span class='ocrx_word' id='word_1_151' title='bbox 1264 2203 1454 2256; x_wconf 85' lang='lat' dir='ltr'><strong>Pastor</strong></span> <span class='ocrx_word' id='word_1_152' title='bbox 1474 2201 1804 2271; x_wconf 85' lang='lat' dir='ltr'><strong>abigcbatur,</strong></span> 
     </span>
    </p>
   </div>
   <div class='ocr_carea' id='block_1_22' title="bbox 214 2290 1804 2369">
    <p class='ocr_par' dir='ltr' id='par_1_22' title="bbox 214 2290 1804 2369">
     <span class='ocr_line' id='line_1_22' title="bbox 214 2290 1804 2369; baseline -0.008 -14"><span class='ocrx_word' id='word_1_153' title='bbox 214 2310 273 2355; x_wconf 89' lang='lat' dir='ltr'><strong>et</strong></span> <span class='ocrx_word' id='word_1_154' title='bbox 298 2314 431 2354; x_wconf 86' lang='lat' dir='ltr'><strong>oves</strong></span> <span class='ocrx_word' id='word_1_155' title='bbox 455 2312 560 2352; x_wconf 89' lang='lat' dir='ltr'><strong>non</strong></span> <span class='ocrx_word' id='word_1_156' title='bbox 588 2296 1049 2369; x_wconf 77' lang='lat' dir='ltr'><strong>dispergebantur;</strong></span> <span class='ocrx_word' id='word_1_157' title='bbox 1073 2294 1395 2363; x_wconf 77' lang='lat' dir='ltr'><strong>gubernator</strong></span> <span class='ocrx_word' id='word_1_158' title='bbox 1420 2290 1804 2360; x_wconf 67' lang='lat' dir='ltr'><strong>expellebantur,</strong></span> 
     </span>
    </p>
   </div>
   <div class='ocr_carea' id='block_1_23' title="bbox 213 2380 1808 2457">
    <p class='ocr_par' dir='ltr' id='par_1_23' title="bbox 213 2380 1808 2457">
     <span class='ocr_line' id='line_1_23' title="bbox 213 2380 1808 2457; baseline -0.007 -13"><span class='ocrx_word' id='word_1_159' title='bbox 213 2400 274 2445; x_wconf 88' lang='lat' dir='ltr'><strong>et</strong></span> <span class='ocrx_word' id='word_1_160' title='bbox 315 2387 515 2457; x_wconf 82' lang='lat' dir='ltr'><strong>scapha</strong></span> <span class='ocrx_word' id='word_1_161' title='bbox 560 2402 665 2441; x_wconf 89' lang='lat' dir='ltr'><strong>non</strong></span> <span class='ocrx_word' id='word_1_162' title='bbox 706 2386 1077 2454; x_wconf 77' lang='lat' dir='ltr'><strong>mergebatur;</strong></span> <span class='ocrx_word' id='word_1_163' title='bbox 1126 2382 1361 2453; x_wconf 76' lang='lat' dir='ltr'><strong>agricola</strong></span> <span class='ocrx_word' id='word_1_164' title='bbox 1404 2380 1701 2451; x_wconf 85' lang='lat' dir='ltr'><strong>fugabatur,</strong></span> <span class='ocrx_word' id='word_1_165' title='bbox 1753 2389 1808 2433; x_wconf 89' lang='lat' dir='ltr'><strong>et</strong></span> 
     </span>
    </p>
   </div>
   <div class='ocr_carea' id='block_1_24' title="bbox 223 2462 1807 2547">
    <p class='ocr_par' dir='ltr' id='par_1_24' title="bbox 223 2462 1807 2547">
     <span class='ocr_line' id='line_1_24' title="bbox 223 2462 1807 2547; baseline -0.007 -12"><span class='ocrx_word' id='word_1_166' title='bbox 223 2462 490 2547; x_wconf 56' lang='lat' dir='ltr'><strong>vitis.pius</strong></span> <span class='ocrx_word' id='word_1_167' title='bbox 527 2474 725 2531; x_wconf 81' lang='lat' dir='ltr'><strong>fructus</strong></span> <span class='ocrx_word' id='word_1_168' title='bbox 753 2473 979 2529; x_wconf 84' lang='lat' dir='ltr'><strong>ferebat.</strong></span> <span class='ocrx_word' id='word_1_169' title='bbox 1013 2474 1277 2540; x_wconf 85' lang='lat' dir='ltr'><strong>Quonia&#39;m</strong></span> <span class='ocrx_word' id='word_1_170' title='bbox 1302 2472 1445 2526; x_wconf 87' lang='lat' dir='ltr'><strong>enim</strong></span> <span class='ocrx_word' id='word_1_171' title='bbox 1475 2471 1686 2525; x_wconf 90' lang='lat' dir='ltr'><strong>vinculo</strong></span> <span class='ocrx_word' id='word_1_172' title='bbox 1715 2485 1807 2525; x_wconf 76' lang='lat' dir='ltr'><strong>cn-</strong></span> 
     </span>
    </p>
   </div>
   <div class='ocr_carea' id='block_1_25' title="bbox 214 2561 1808 2633">
    <p class='ocr_par' dir='ltr' id='par_1_25' title="bbox 214 2561 1808 2633">
     <span class='ocr_line' id='line_1_25' title="bbox 214 2561 1808 2633; baseline -0.008 -7"><span class='ocrx_word' id='word_1_173' title='bbox 214 2571 393 2626; x_wconf 82' lang='lat' dir='ltr'><strong>ritatls</strong></span> <span class='ocrx_word' id='word_1_174' title='bbox 432 2569 597 2624; x_wconf 80' lang='lat' dir='ltr'><strong>eratis</strong></span> <span class='ocrx_word' id='word_1_175' title='bbox 639 2569 777 2621; x_wconf 85' lang='lat' dir='ltr'><strong>inter</strong></span> <span class='ocrx_word' id='word_1_176' title='bbox 804 2582 901 2621; x_wconf 91' lang='lat' dir='ltr'><strong>vos</strong></span> <span class='ocrx_word' id='word_1_177' title='bbox 946 2566 1173 2619; x_wconf 87' lang='lat' dir='ltr'><strong>invicem</strong></span> <span class='ocrx_word' id='word_1_178' title='bbox 1198 2563 1454 2633; x_wconf 75' lang='lat' dir='ltr'><strong>colligati,</strong></span> <span class='ocrx_word' id='word_1_179' title='bbox 1510 2576 1616 2615; x_wconf 90' lang='lat' dir='ltr'><strong>non</strong></span> <span class='ocrx_word' id='word_1_180' title='bbox 1647 2561 1808 2614; x_wconf 73' lang='lat' dir='ltr'><strong>illatae</strong></span> 
     </span>
    </p>
   </div>
   <div class='ocr_carea' id='block_1_26' title="bbox 218 2650 1809 2724">
    <p class='ocr_par' dir='ltr' id='par_1_26' title="bbox 218 2650 1809 2724">
     <span class='ocr_line' id='line_1_26' title="bbox 218 2650 1809 2724; baseline -0.008 -8"><span class='ocrx_word' id='word_1_181' title='bbox 218 2654 561 2721; x_wconf 79' lang='lat' dir='ltr'><strong>tentationes,</strong></span> <span class='ocrx_word' id='word_1_182' title='bbox 594 2672 699 2711; x_wconf 89' lang='lat' dir='ltr'><strong>non</strong></span> <span class='ocrx_word' id='word_1_183' title='bbox 738 2655 1101 2724; x_wconf 84' lang='lat' dir='ltr'><strong>impendentia</strong></span> <span class='ocrx_word' id='word_1_184' title='bbox 1139 2653 1395 2723; x_wconf 90' lang='lat' dir='ltr'><strong>pericula,</strong></span> <span class='ocrx_word' id='word_1_185' title='bbox 1422 2666 1530 2706; x_wconf 91' lang='lat' dir='ltr'><strong>non</strong></span> <span class='ocrx_word' id='word_1_186' title='bbox 1563 2651 1660 2704; x_wconf 70' lang='lat' dir='ltr'><strong>vim</strong></span> <span class='ocrx_word' id='word_1_187' title='bbox 1687 2650 1809 2705; x_wconf 87' lang='lat' dir='ltr'><strong>lon-</strong></span> 
     </span>
    </p>
   </div>
   <div class='ocr_carea' id='block_1_27' title="bbox 214 2740 1808 2819">
    <p class='ocr_par' dir='ltr' id='par_1_27' title="bbox 214 2740 1808 2819">
     <span class='ocr_line' id='line_1_27' title="bbox 214 2740 1808 2819; baseline -0.009 -11"><span class='ocrx_word' id='word_1_188' title='bbox 214 2752 426 2819; x_wconf 67' lang='lat' dir='ltr'><strong>gitudo,</strong></span> <span class='ocrx_word' id='word_1_189' title='bbox 459 2765 564 2804; x_wconf 91' lang='lat' dir='ltr'><strong>non</strong></span> <span class='ocrx_word' id='word_1_190' title='bbox 610 2748 933 2802; x_wconf 81' lang='lat' dir='ltr'><strong>diuturnitas</strong></span> <span class='ocrx_word' id='word_1_191' title='bbox 981 2747 1257 2815; x_wconf 89' lang='lat' dir='ltr'><strong>temporis,</strong></span> <span class='ocrx_word' id='word_1_192' title='bbox 1305 2758 1480 2813; x_wconf 89' lang='lat' dir='ltr'><strong>neque</strong></span> <span class='ocrx_word' id='word_1_193' title='bbox 1519 2740 1808 2811; x_wconf 76' lang='lat' dir='ltr'><strong>quidquam</strong></span> 
     </span>
    </p>
   </div>
   <div class='ocr_carea' id='block_1_28' title="bbox 216 2832 1809 2909">
    <p class='ocr_par' dir='ltr' id='par_1_28' title="bbox 216 2832 1809 2909">
     <span class='ocr_line' id='line_1_28' title="bbox 216 2832 1809 2909; baseline -0.006 -12"><span class='ocrx_word' id='word_1_194' title='bbox 216 2843 364 2897; x_wconf 82' lang='lat' dir='ltr'><strong>aliud</strong></span> <span class='ocrx_word' id='word_1_195' title='bbox 393 2856 491 2896; x_wconf 86' lang='lat' dir='ltr'><strong>vos</strong></span> <span class='ocrx_word' id='word_1_196' title='bbox 534 2840 705 2909; x_wconf 81' lang='lat' dir='ltr'><strong>patuit</strong></span> <span class='ocrx_word' id='word_1_197' title='bbox 743 2839 1100 2908; x_wconf 88' lang='lat' dir='ltr'><strong>disjungerea</strong></span> <span class='ocrx_word' id='word_1_198' title='bbox 1147 2836 1285 2891; x_wconf 84' lang='lat' dir='ltr'><strong>beati</strong></span> <span class='ocrx_word' id='word_1_199' title='bbox 1330 2835 1563 2906; x_wconf 75' lang='lat' dir='ltr'><strong>pastoris</strong></span> <span class='ocrx_word' id='word_1_200' title='bbox 1610 2832 1809 2889; x_wconf 71' lang='lat' dir='ltr'><strong>Heletii</strong></span> 
     </span>
    </p>
   </div>
   <div class='ocr_carea' id='block_1_29' title="bbox 214 2926 1813 2997">
    <p class='ocr_par' dir='ltr' id='par_1_29' title="bbox 214 2926 1813 2997">
     <span class='ocr_line' id='line_1_29' title="bbox 214 2926 1813 2997; baseline -0.004 -10"><span class='ocrx_word' id='word_1_201' title='bbox 214 2931 624 2992; x_wconf 86' lang='lat' dir='ltr'><strong>consuetudine,</strong></span> <span class='ocrx_word' id='word_1_202' title='bbox 651 2929 745 2983; x_wconf 88' lang='lat' dir='ltr'><strong>sed</strong></span> <span class='ocrx_word' id='word_1_203' title='bbox 771 2929 1142 2997; x_wconf 84' lang='lat' dir='ltr'><strong>expellebatur</strong></span> <span class='ocrx_word' id='word_1_204' title='bbox 1168 2926 1404 2997; x_wconf 86' lang='lat' dir='ltr'><strong>quidem,</strong></span> <span class='ocrx_word' id='word_1_205' title='bbox 1439 2936 1495 2980; x_wconf 90' lang='lat' dir='ltr'><strong>ut</strong></span> <span class='ocrx_word' id='word_1_206' title='bbox 1520 2933 1664 2981; x_wconf 83' lang='lat' dir='ltr'><strong>esset</strong></span> <span class='ocrx_word' id='word_1_207' title='bbox 1686 2938 1813 2995; x_wconf 86' lang='lat' dir='ltr'><strong>pro—</strong></span> 
     </span>
    </p>
   </div>
   <div class='ocr_carea' id='block_1_30' title="bbox 214 3016 1807 3086">
    <p class='ocr_par' dir='ltr' id='par_1_30' title="bbox 214 3016 1807 3086">
     <span class='ocr_line' id='line_1_30' title="bbox 214 3016 1807 3086; baseline -0.005 -8"><span class='ocrx_word' id='word_1_208' title='bbox 214 3025 305 3078; x_wconf 90' lang='lat' dir='ltr'><strong>cul</strong></span> <span class='ocrx_word' id='word_1_209' title='bbox 332 3039 364 3078; x_wconf 88' lang='lat' dir='ltr'><strong>a</strong></span> <span class='ocrx_word' id='word_1_210' title='bbox 417 3023 587 3079; x_wconf 83' lang='lat' dir='ltr'><strong>ﬁliis:</strong></span> <span class='ocrx_word' id='word_1_211' title='bbox 638 3022 965 3075; x_wconf 82' lang='lat' dir='ltr'><strong>contrarium</strong></span> <span class='ocrx_word' id='word_1_212' title='bbox 1012 3028 1189 3074; x_wconf 89' lang='lat' dir='ltr'><strong>autem</strong></span> <span class='ocrx_word' id='word_1_213' title='bbox 1232 3019 1444 3073; x_wconf 88' lang='lat' dir='ltr'><strong>accidit.</strong></span> <span class='ocrx_word' id='word_1_214' title='bbox 1471 3016 1635 3086; x_wconf 75' lang='lat' dir='ltr'><strong>Magis</strong></span> <span class='ocrx_word' id='word_1_215' title='bbox 1663 3016 1807 3072; x_wconf 90' lang='lat' dir='ltr'><strong>enim</strong></span> 
     </span>
    </p>
   </div>
   <div class='ocr_carea' id='block_1_31' title="bbox 217 3108 1810 3180">
    <p class='ocr_par' dir='ltr' id='par_1_31' title="bbox 217 3108 1810 3180">
     <span class='ocr_line' id='line_1_31' title="bbox 217 3108 1810 3180; baseline -0.003 -16"><span class='ocrx_word' id='word_1_216' title='bbox 217 3114 371 3168; x_wconf 82' lang='lat' dir='ltr'><strong>vobis</strong></span> <span class='ocrx_word' id='word_1_217' title='bbox 409 3111 870 3180; x_wconf 79' lang='lat' dir='ltr'><strong>constringehatur</strong></span> <span class='ocrx_word' id='word_1_218' title='bbox 918 3108 1143 3164; x_wconf 86' lang='lat' dir='ltr'><strong>vinculis</strong></span> <span class='ocrx_word' id='word_1_219' title='bbox 1191 3108 1450 3172; x_wconf 88' lang='lat' dir='ltr'><strong>caritatis,</strong></span> <span class='ocrx_word' id='word_1_220' title='bbox 1494 3116 1550 3160; x_wconf 92' lang='lat' dir='ltr'><strong>et</strong></span> <span class='ocrx_word' id='word_1_221' title='bbox 1591 3113 1810 3175; x_wconf 89' lang='lat' dir='ltr'><strong>accepta</strong></span> 
     </span>
    </p>
   </div>
   <div class='ocr_carea' id='block_1_32' title="bbox 215 3194 1804 3267">
    <p class='ocr_par' dir='ltr' id='par_1_32' title="bbox 215 3194 1804 3267">
     <span class='ocr_line' id='line_1_32' title="bbox 215 3194 1804 3267; baseline -0.003 -11"><span class='ocrx_word' id='word_1_222' title='bbox 215 3218 402 3256; x_wconf 82' lang='lat' dir='ltr'><strong>secum</strong></span> <span class='ocrx_word' id='word_1_223' title='bbox 446 3204 690 3256; x_wconf 84' lang='lat' dir='ltr'><strong>universa</strong></span> <span class='ocrx_word' id='word_1_224' title='bbox 730 3194 942 3255; x_wconf 81' lang='lat' dir='ltr'><strong>civitate</strong></span> <span class='ocrx_word' id='word_1_225' title='bbox 985 3202 1037 3253; x_wconf 91' lang='lat' dir='ltr'><strong>in</strong></span> <span class='ocrx_word' id='word_1_226' title='bbox 1069 3200 1374 3253; x_wconf 81' lang='lat' dir='ltr'><strong>Armeniam</strong></span> <span class='ocrx_word' id='word_1_227' title='bbox 1408 3197 1678 3267; x_wconf 87' lang='lat' dir='ltr'><strong>profectus</strong></span> <span class='ocrx_word' id='word_1_228' title='bbox 1700 3206 1804 3251; x_wconf 89' lang='lat' dir='ltr'><strong>est.</strong></span> 
     </span>
    </p>
   </div>
   <div class='ocr_carea' id='block_1_33' title="bbox 217 3290 1821 3362">
    <p class='ocr_par' dir='ltr' id='par_1_33' title="bbox 217 3290 1821 3362">
     <span class='ocr_line' id='line_1_33' title="bbox 217 3290 1821 3362; baseline 0 -15"><span class='ocrx_word' id='word_1_229' title='bbox 217 3295 289 3348; x_wconf 83' lang='lat' dir='ltr'><strong>Et</strong></span> <span class='ocrx_word' id='word_1_230' title='bbox 311 3301 426 3347; x_wconf 89' lang='lat' dir='ltr'><strong>erat</strong></span> <span class='ocrx_word' id='word_1_231' title='bbox 460 3292 676 3362; x_wconf 87' lang='lat' dir='ltr'><strong>quidem</strong></span> <span class='ocrx_word' id='word_1_232' title='bbox 719 3306 914 3361; x_wconf 89' lang='lat' dir='ltr'><strong>corpus</strong></span> <span class='ocrx_word' id='word_1_233' title='bbox 943 3291 1174 3360; x_wconf 87' lang='lat' dir='ltr'><strong>positum</strong></span> <span class='ocrx_word' id='word_1_234' title='bbox 1202 3292 1253 3343; x_wconf 93' lang='lat' dir='ltr'><strong>in</strong></span> <span class='ocrx_word' id='word_1_235' title='bbox 1285 3290 1473 3358; x_wconf 80' lang='lat' dir='ltr'><strong>patria,</strong></span> <span class='ocrx_word' id='word_1_236' title='bbox 1507 3304 1658 3342; x_wconf 89' lang='lat' dir='ltr'><strong>mens</strong></span> <span class='ocrx_word' id='word_1_237' title='bbox 1680 3303 1821 3347; x_wconf 17' lang='lat' dir='ltr'><strong>vero.</strong></span> 
     </span>
    </p>
   </div>
   <div class='ocr_carea' id='block_1_34' title="bbox 216 3378 1808 3452">
    <p class='ocr_par' dir='ltr' id='par_1_34' title="bbox 216 3378 1808 3452">
     <span class='ocr_line' id='line_1_34' title="bbox 216 3378 1808 3452; baseline -0.004 -14"><span class='ocrx_word' id='word_1_238' title='bbox 216 3393 275 3439; x_wconf 87' lang='lat' dir='ltr'><strong>et</strong></span> <span class='ocrx_word' id='word_1_239' title='bbox 301 3382 571 3452; x_wconf 85' lang='lat' dir='ltr'><strong>cogitatio,</strong></span> <span class='ocrx_word' id='word_1_240' title='bbox 622 3381 784 3435; x_wconf 81' lang='lat' dir='ltr'><strong>veluti</strong></span> <span class='ocrx_word' id='word_1_241' title='bbox 832 3396 862 3434; x_wconf 90' lang='lat' dir='ltr'><strong>a</strong></span> <span class='ocrx_word' id='word_1_242' title='bbox 912 3381 1229 3451; x_wconf 89' lang='lat' dir='ltr'><strong>quibusdam</strong></span> <span class='ocrx_word' id='word_1_243' title='bbox 1279 3378 1489 3447; x_wconf 89' lang='lat' dir='ltr'><strong>pennis,</strong></span> <span class='ocrx_word' id='word_1_244' title='bbox 1544 3380 1595 3431; x_wconf 92' lang='lat' dir='ltr'><strong>in</strong></span> <span class='ocrx_word' id='word_1_245' title='bbox 1642 3379 1808 3431; x_wconf 87' lang='lat' dir='ltr'><strong>altum</strong></span> 
     </span>
    </p>
   </div>
   <div class='ocr_carea' id='block_1_35' title="bbox 217 3467 1811 3541">
    <p class='ocr_par' dir='ltr' id='par_1_35' title="bbox 217 3467 1811 3541">
     <span class='ocr_line' id='line_1_35' title="bbox 217 3467 1811 3541; baseline -0.003 -14"><span class='ocrx_word' id='word_1_246' title='bbox 217 3474 357 3527; x_wconf 81' lang='lat' dir='ltr'><strong>elata</strong></span> <span class='ocrx_word' id='word_1_247' title='bbox 396 3487 428 3526; x_wconf 85' lang='lat' dir='ltr'><strong>a</strong></span> <span class='ocrx_word' id='word_1_248' title='bbox 473 3471 641 3541; x_wconf 79' lang='lat' dir='ltr'><strong>gratia</strong></span> <span class='ocrx_word' id='word_1_249' title='bbox 680 3470 930 3539; x_wconf 85' lang='lat' dir='ltr'><strong>Spiritus,</strong></span> <span class='ocrx_word' id='word_1_250' title='bbox 958 3479 1014 3525; x_wconf 89' lang='lat' dir='ltr'><strong>et</strong></span> <span class='ocrx_word' id='word_1_251' title='bbox 1034 3470 1170 3538; x_wconf 88' lang='lat' dir='ltr'><strong>apud</strong></span> <span class='ocrx_word' id='word_1_252' title='bbox 1201 3482 1298 3527; x_wconf 89' lang='lat' dir='ltr'><strong>vos</strong></span> <span class='ocrx_word' id='word_1_253' title='bbox 1322 3477 1585 3540; x_wconf 87' lang='lat' dir='ltr'><strong>perpetuo</strong></span> <span class='ocrx_word' id='word_1_254' title='bbox 1609 3467 1811 3538; x_wconf 84' lang='lat' dir='ltr'><strong>degens</strong></span> 
     </span>
    </p>
   </div>
   <div class='ocr_carea' id='block_1_36' title="bbox 218 3559 1806 3630">
    <p class='ocr_par' dir='ltr' id='par_1_36' title="bbox 218 3559 1806 3630">
     <span class='ocr_line' id='line_1_36' title="bbox 218 3559 1806 3630; baseline 0 -18"><span class='ocrx_word' id='word_1_255' title='bbox 218 3562 529 3616; x_wconf 85' lang='lat' dir='ltr'><strong>universum</strong></span> <span class='ocrx_word' id='word_1_256' title='bbox 582 3562 725 3616; x_wconf 91' lang='lat' dir='ltr'><strong>hunc</strong></span> <span class='ocrx_word' id='word_1_257' title='bbox 746 3562 998 3630; x_wconf 88' lang='lat' dir='ltr'><strong>populum</strong></span> <span class='ocrx_word' id='word_1_258' title='bbox 1046 3560 1456 3615; x_wconf 80' lang='lat' dir='ltr'><strong>circumferebat</strong></span> <span class='ocrx_word' id='word_1_259' title='bbox 1496 3560 1549 3613; x_wconf 92' lang='lat' dir='ltr'><strong>in</strong></span> <span class='ocrx_word' id='word_1_260' title='bbox 1582 3559 1806 3615; x_wconf 80' lang='lat' dir='ltr'><strong>visceri-</strong></span> 
     </span>
    </p>
   </div>
   <div class='ocr_carea' id='block_1_37' title="bbox 216 3646 1806 3720">
    <p class='ocr_par' dir='ltr' id='par_1_37' title="bbox 216 3646 1806 3720">
     <span class='ocr_line' id='line_1_37' title="bbox 216 3646 1806 3720; baseline -0.001 -16"><span class='ocrx_word' id='word_1_261' title='bbox 216 3650 339 3704; x_wconf 85' lang='lat' dir='ltr'><strong>bus.</strong></span> <span class='ocrx_word' id='word_1_262' title='bbox 382 3650 533 3718; x_wconf 87' lang='lat' dir='ltr'><strong>Quod</strong></span> <span class='ocrx_word' id='word_1_263' title='bbox 582 3650 752 3719; x_wconf 90' lang='lat' dir='ltr'><strong>ipsum</strong></span> <span class='ocrx_word' id='word_1_264' title='bbox 798 3666 1009 3720; x_wconf 88' lang='lat' dir='ltr'><strong>quoque</strong></span> <span class='ocrx_word' id='word_1_265' title='bbox 1050 3652 1199 3704; x_wconf 88' lang='lat' dir='ltr'><strong>vobis</strong></span> <span class='ocrx_word' id='word_1_266' title='bbox 1243 3665 1339 3704; x_wconf 91' lang='lat' dir='ltr'><strong>usu</strong></span> <span class='ocrx_word' id='word_1_267' title='bbox 1384 3648 1647 3703; x_wconf 81' lang='lat' dir='ltr'><strong>veniebat.</strong></span> <span class='ocrx_word' id='word_1_268' title='bbox 1674 3646 1806 3702; x_wconf 84' lang='lat' dir='ltr'><strong>Nam</strong></span> 
     </span>
    </p>
   </div>
   <div class='ocr_carea' id='block_1_38' title="bbox 214 3740 1805 3810">
    <p class='ocr_par' dir='ltr' id='par_1_38' title="bbox 214 3740 1805 3810">
     <span class='ocr_line' id='line_1_38' title="bbox 214 3740 1805 3810; baseline 0 -15"><span class='ocrx_word' id='word_1_269' title='bbox 214 3756 339 3795; x_wconf 86' lang='lat' dir='ltr'><strong>cum</strong></span> <span class='ocrx_word' id='word_1_270' title='bbox 372 3740 457 3795; x_wconf 86' lang='lat' dir='ltr'><strong>hic</strong></span> <span class='ocrx_word' id='word_1_271' title='bbox 496 3743 777 3805; x_wconf 83' lang='lat' dir='ltr'><strong>sederetis,</strong></span> <span class='ocrx_word' id='word_1_272' title='bbox 828 3751 883 3796; x_wconf 85' lang='lat' dir='ltr'><strong>et</strong></span> <span class='ocrx_word' id='word_1_273' title='bbox 912 3742 1042 3796; x_wconf 91' lang='lat' dir='ltr'><strong>urbe</strong></span> <span class='ocrx_word' id='word_1_274' title='bbox 1068 3741 1661 3805; x_wconf 85' lang='lat' dir='ltr'><strong>circumscriberemini,</strong></span> <span class='ocrx_word' id='word_1_275' title='bbox 1694 3742 1805 3810; x_wconf 91' lang='lat' dir='ltr'><strong>spi-</strong></span> 
     </span>
    </p>
   </div>
   <div class='ocr_carea' id='block_1_39' title="bbox 216 3818 1807 3901">
    <p class='ocr_par' dir='ltr' id='par_1_39' title="bbox 216 3818 1807 3901">
     <span class='ocr_line' id='line_1_39' title="bbox 216 3818 1807 3901; baseline 0.001 -16"><span class='ocrx_word' id='word_1_276' title='bbox 216 3832 323 3885; x_wconf 87' lang='lat' dir='ltr'><strong>ritu</strong></span> <span class='ocrx_word' id='word_1_277' title='bbox 347 3831 584 3885; x_wconf 88' lang='lat' dir='ltr'><strong>caritatis</strong></span> <span class='ocrx_word' id='word_1_278' title='bbox 610 3832 662 3885; x_wconf 91' lang='lat' dir='ltr'><strong>iu</strong></span> <span class='ocrx_word' id='word_1_279' title='bbox 694 3818 999 3886; x_wconf 77' lang='lat' dir='ltr'><strong>Armeniam</strong></span> <span class='ocrx_word' id='word_1_280' title='bbox 1020 3830 1258 3901; x_wconf 87' lang='lat' dir='ltr'><strong>quotidie</strong></span> <span class='ocrx_word' id='word_1_281' title='bbox 1286 3831 1581 3900; x_wconf 83' lang='lat' dir='ltr'><strong>evolantes,</strong></span> <span class='ocrx_word' id='word_1_282' title='bbox 1607 3842 1661 3887; x_wconf 88' lang='lat' dir='ltr'><strong>et</strong></span> <span class='ocrx_word' id='word_1_283' title='bbox 1684 3848 1807 3887; x_wconf 81' lang='lat' dir='ltr'><strong>san-</strong></span> 
     </span>
    </p>
   </div>
   <div class='ocr_carea' id='block_1_40' title="bbox 214 3922 1808 3995">
    <p class='ocr_par' dir='ltr' id='par_1_40' title="bbox 214 3922 1808 3995">
     <span class='ocr_line' id='line_1_40' title="bbox 214 3922 1808 3995; baseline 0.004 -21"><span class='ocrx_word' id='word_1_284' title='bbox 214 3930 363 3974; x_wconf 84' lang='lat' dir='ltr'><strong>ctum</strong></span> <span class='ocrx_word' id='word_1_285' title='bbox 385 3922 589 3976; x_wconf 85' lang='lat' dir='ltr'><strong>vultum</strong></span> <span class='ocrx_word' id='word_1_286' title='bbox 615 3923 904 3985; x_wconf 87' lang='lat' dir='ltr'><strong>intuentes.</strong></span> <span class='ocrx_word' id='word_1_287' title='bbox 932 3934 986 3977; x_wconf 90' lang='lat' dir='ltr'><strong>et</strong></span> <span class='ocrx_word' id='word_1_288' title='bbox 1010 3923 1452 3993; x_wconf 87' lang='lat' dir='ltr'><strong>jucundissimam</strong></span> <span class='ocrx_word' id='word_1_289' title='bbox 1490 3924 1808 3995; x_wconf 80' lang='lat' dir='ltr'><strong>beatamque</strong></span> 
     </span>
    </p>
   </div>
   <div class='ocr_carea' id='block_1_41' title="bbox 215 4011 1806 4084">
    <p class='ocr_par' dir='ltr' id='par_1_41' title="bbox 215 4011 1806 4084">
     <span class='ocr_line' id='line_1_41' title="bbox 215 4011 1806 4084; baseline 0.005 -20"><span class='ocrx_word' id='word_1_290' title='bbox 215 4024 408 4065; x_wconf 88' lang='lat' dir='ltr'><strong>vocem</strong></span> <span class='ocrx_word' id='word_1_291' title='bbox 431 4011 728 4077; x_wconf 86' lang='lat' dir='ltr'><strong>audientes,</strong></span> <span class='ocrx_word' id='word_1_292' title='bbox 756 4012 834 4066; x_wconf 89' lang='lat' dir='ltr'><strong>sic</strong></span> <span class='ocrx_word' id='word_1_293' title='bbox 862 4014 1294 4069; x_wconf 87' lang='lat' dir='ltr'><strong>revertebamini.</strong></span> <span class='ocrx_word' id='word_1_294' title='bbox 1320 4014 1389 4068; x_wconf 89' lang='lat' dir='ltr'><strong>Et</strong></span> <span class='ocrx_word' id='word_1_295' title='bbox 1418 4024 1636 4084; x_wconf 90' lang='lat' dir='ltr'><strong>propter</strong></span> <span class='ocrx_word' id='word_1_296' title='bbox 1670 4017 1806 4071; x_wconf 90' lang='lat' dir='ltr'><strong>hanc</strong></span> 
     </span>
    </p>
   </div>
   <div class='ocr_carea' id='block_1_42' title="bbox 212 4103 1802 4175">
    <p class='ocr_par' dir='ltr' id='par_1_42' title="bbox 212 4103 1802 4175">
     <span class='ocr_line' id='line_1_42' title="bbox 212 4103 1802 4175; baseline 0.003 -20"><span class='ocrx_word' id='word_1_297' title='bbox 212 4115 435 4155; x_wconf 84' lang='lat' dir='ltr'><strong>causam</strong></span> <span class='ocrx_word' id='word_1_298' title='bbox 464 4103 727 4156; x_wconf 82' lang='lat' dir='ltr'><strong>concessit</strong></span> <span class='ocrx_word' id='word_1_299' title='bbox 756 4103 897 4157; x_wconf 89' lang='lat' dir='ltr'><strong>Deus</strong></span> <span class='ocrx_word' id='word_1_300' title='bbox 920 4119 1044 4157; x_wconf 84' lang='lat' dir='ltr'><strong>eum</strong></span> <span class='ocrx_word' id='word_1_301' title='bbox 1068 4106 1247 4158; x_wconf 87' lang='lat' dir='ltr'><strong>statim</strong></span> <span class='ocrx_word' id='word_1_302' title='bbox 1278 4105 1473 4173; x_wconf 69' lang='lat' dir='ltr'><strong>eripeﬂi</strong></span> <span class='ocrx_word' id='word_1_303' title='bbox 1513 4120 1544 4159; x_wconf 90' lang='lat' dir='ltr'><strong>e</strong></span> <span class='ocrx_word' id='word_1_304' title='bbox 1567 4106 1802 4175; x_wconf 90' lang='lat' dir='ltr'><strong>civitate,</strong></span> 
     </span>
    </p>
   </div>
   <div class='ocr_carea' id='block_1_43' title="bbox 215 4192 1804 4261">
    <p class='ocr_par' dir='ltr' id='par_1_43' title="bbox 215 4192 1804 4261">
     <span class='ocr_line' id='line_1_43' title="bbox 215 4192 1804 4261; baseline 0.004 -14"><span class='ocrx_word' id='word_1_305' title='bbox 215 4207 327 4261; x_wconf 84' lang='lat' dir='ltr'><strong>quo</strong></span> <span class='ocrx_word' id='word_1_306' title='bbox 350 4233 369 4259; x_wconf 90' lang='lat'><strong>,</strong></span> <span class='ocrx_word' id='word_1_307' title='bbox 415 4192 552 4247; x_wconf 80' lang='lat' dir='ltr'><strong>sicut</strong></span> <span class='ocrx_word' id='word_1_308' title='bbox 596 4193 736 4261; x_wconf 80' lang='lat' dir='ltr'><strong>dixi,</strong></span> <span class='ocrx_word' id='word_1_309' title='bbox 780 4196 1085 4251; x_wconf 86' lang='lat' dir='ltr'><strong>ostenderet</strong></span> <span class='ocrx_word' id='word_1_310' title='bbox 1124 4195 1264 4251; x_wconf 84' lang='lat' dir='ltr'><strong>Deus</strong></span> <span class='ocrx_word' id='word_1_311' title='bbox 1294 4207 1525 4251; x_wconf 85' lang='lat' dir='ltr'><strong>vestram</strong></span> <span class='ocrx_word' id='word_1_312' title='bbox 1553 4197 1672 4253; x_wconf 81' lang='lat' dir='ltr'><strong>ﬁdei</strong></span> <span class='ocrx_word' id='word_1_313' title='bbox 1711 4198 1804 4253; x_wconf 73' lang='lat' dir='ltr'><strong>fit&quot;-</strong></span> 
     </span>
    </p>
   </div>
   <div class='ocr_carea' id='block_1_44' title="bbox 213 4284 1808 4362">
    <p class='ocr_par' dir='ltr' id='par_1_44' title="bbox 213 4284 1808 4362">
     <span class='ocr_line' id='line_1_44' title="bbox 213 4284 1808 4362; baseline 0.005 -23"><span class='ocrx_word' id='word_1_314' title='bbox 213 4284 459 4339; x_wconf 83' lang='lat' dir='ltr'><strong>mitatem</strong></span> <span class='ocrx_word' id='word_1_315' title='bbox 490 4285 717 4341; x_wconf 89' lang='lat' dir='ltr'><strong>inimicis</strong></span> <span class='ocrx_word' id='word_1_316' title='bbox 739 4326 754 4351; x_wconf 93' lang='lat'><strong>,</strong></span> <span class='ocrx_word' id='word_1_317' title='bbox 793 4287 883 4357; x_wconf 88' lang='lat' dir='ltr'><strong>qui</strong></span> <span class='ocrx_word' id='word_1_318' title='bbox 911 4301 1004 4341; x_wconf 81' lang='lat' dir='ltr'><strong>vos</strong></span> <span class='ocrx_word' id='word_1_319' title='bbox 1045 4297 1100 4343; x_wconf 89' lang='lat' dir='ltr'><strong>et</strong></span> <span class='ocrx_word' id='word_1_320' title='bbox 1133 4288 1273 4342; x_wconf 89' lang='lat' dir='ltr'><strong>illius</strong></span> <span class='ocrx_word' id='word_1_321' title='bbox 1296 4288 1350 4343; x_wconf 85' lang='lat' dir='ltr'><strong>in</strong></span> <span class='ocrx_word' id='word_1_322' title='bbox 1375 4288 1625 4346; x_wconf 73' lang='lat' dir='ltr'><strong>docendo</strong></span> <span class='ocrx_word' id='word_1_323' title='bbox 1665 4294 1808 4362; x_wconf 76' lang='lat' dir='ltr'><strong>peri-</strong></span> 
     </span>
    </p>
   </div>
   <div class='ocr_carea' id='block_1_45' title="bbox 216 4375 767 4448">
    <p class='ocr_par' dir='ltr' id='par_1_45' title="bbox 216 4375 767 4448">
     <span class='ocr_line' id='line_1_45' title="bbox 216 4375 767 4448; baseline 0.007 -19"><span class='ocrx_word' id='word_1_324' title='bbox 216 4375 346 4430; x_wconf 84' lang='lat' dir='ltr'><strong>tiam</strong></span> <span class='ocrx_word' id='word_1_325' title='bbox 372 4380 767 4448; x_wconf 76' lang='lat' dir='ltr'><strong>oppugnabant.</strong></span> 
     </span>
    </p>
   </div>
   <div class='ocr_carea' id='block_1_46' title="bbox 289 4464 1803 4543">
    <p class='ocr_par' dir='ltr' id='par_1_46' title="bbox 289 4464 1803 4543">
     <span class='ocr_line' id='line_1_46' title="bbox 289 4464 1803 4543; baseline 0.007 -24"><span class='ocrx_word' id='word_1_326' title='bbox 289 4464 482 4521; x_wconf 68' lang='lat' dir='ltr'><strong>Hcletii</strong></span> <span class='ocrx_word' id='word_1_327' title='bbox 502 4470 692 4523; x_wconf 74' lang='lat' dir='ltr'><strong>reditus</strong></span> <span class='ocrx_word' id='word_1_328' title='bbox 728 4469 791 4523; x_wconf 78' lang='lat' dir='ltr'><strong>ab</strong></span> <span class='ocrx_word' id='word_1_329' title='bbox 820 4469 1016 4524; x_wconf 73' lang='lat' dir='ltr'><strong>exsilio.</strong></span> <span class='ocrx_word' id='word_1_330' title='bbox 1035 4471 1252 4526; x_wconf 89' lang='lat' dir='ltr'><strong>—lllud</strong></span> <span class='ocrx_word' id='word_1_331' title='bbox 1278 4480 1457 4527; x_wconf 86' lang='lat' dir='ltr'><strong>autem</strong></span> <span class='ocrx_word' id='word_1_332' title='bbox 1482 4471 1605 4528; x_wconf 91' lang='lat' dir='ltr'><strong>hinc</strong></span> <span class='ocrx_word' id='word_1_333' title='bbox 1630 4475 1803 4543; x_wconf 89' lang='lat' dir='ltr'><strong>palam</strong></span> 
     </span>
    </p>
   </div>
   <div class='ocr_carea' id='block_1_47' title="bbox 213 4555 1801 4633">
    <p class='ocr_par' dir='ltr' id='par_1_47' title="bbox 213 4555 1801 4633">
     <span class='ocr_line' id='line_1_47' title="bbox 213 4555 1801 4633; baseline 0.006 -23"><span class='ocrx_word' id='word_1_334' title='bbox 213 4564 321 4610; x_wconf 86' lang='lat' dir='ltr'><strong>est.</strong></span> <span class='ocrx_word' id='word_1_335' title='bbox 351 4555 483 4611; x_wconf 86' lang='lat' dir='ltr'><strong>Nam</strong></span> <span class='ocrx_word' id='word_1_336' title='bbox 512 4569 631 4627; x_wconf 89' lang='lat' dir='ltr'><strong>post</strong></span> <span class='ocrx_word' id='word_1_337' title='bbox 660 4560 884 4629; x_wconf 89' lang='lat' dir='ltr'><strong>primam</strong></span> <span class='ocrx_word' id='word_1_338' title='bbox 916 4576 1161 4616; x_wconf 85' lang='lat' dir='ltr'><strong>reversus</strong></span> <span class='ocrx_word' id='word_1_339' title='bbox 1186 4565 1672 4633; x_wconf 87' lang='lat' dir='ltr'><strong>persequutionem,</strong></span> <span class='ocrx_word' id='word_1_340' title='bbox 1697 4580 1801 4619; x_wconf 91' lang='lat' dir='ltr'><strong>non</strong></span> 
     </span>
    </p>
   </div>
   <div class='ocr_carea' id='block_1_48' title="bbox 216 4645 1801 4718">
    <p class='ocr_par' dir='ltr' id='par_1_48' title="bbox 216 4645 1801 4718">
     <span class='ocr_line' id='line_1_48' title="bbox 216 4645 1801 4718; baseline 0.008 -21"><span class='ocrx_word' id='word_1_341' title='bbox 216 4645 429 4714; x_wconf 88' lang='lat' dir='ltr'><strong>triginta</strong></span> <span class='ocrx_word' id='word_1_342' title='bbox 446 4649 617 4701; x_wconf 87' lang='lat' dir='ltr'><strong>solum</strong></span> <span class='ocrx_word' id='word_1_343' title='bbox 638 4648 769 4714; x_wconf 91' lang='lat' dir='ltr'><strong>dies,</strong></span> <span class='ocrx_word' id='word_1_344' title='bbox 796 4651 890 4704; x_wconf 90' lang='lat' dir='ltr'><strong>sed</strong></span> <span class='ocrx_word' id='word_1_345' title='bbox 911 4652 1070 4705; x_wconf 89' lang='lat' dir='ltr'><strong>etiam</strong></span> <span class='ocrx_word' id='word_1_346' title='bbox 1101 4667 1332 4718; x_wconf 88' lang='lat' dir='ltr'><strong>menses,</strong></span> <span class='ocrx_word' id='word_1_347' title='bbox 1355 4665 1406 4707; x_wconf 91' lang='lat' dir='ltr'><strong>et</strong></span> <span class='ocrx_word' id='word_1_348' title='bbox 1423 4669 1619 4708; x_wconf 88' lang='lat' dir='ltr'><strong>annum</strong></span> <span class='ocrx_word' id='word_1_349' title='bbox 1637 4670 1801 4709; x_wconf 90' lang='lat' dir='ltr'><strong>unum</strong></span> 
     </span>
    </p>
   </div>
   <div class='ocr_carea' id='block_1_49' title="bbox 211 4735 1804 4808">
    <p class='ocr_par' dir='ltr' id='par_1_49' title="bbox 211 4735 1804 4808">
     <span class='ocr_line' id='line_1_49' title="bbox 211 4735 1804 4808; baseline 0.006 -19"><span class='ocrx_word' id='word_1_350' title='bbox 211 4745 269 4790; x_wconf 81' lang='lat' dir='ltr'><strong>et</strong></span> <span class='ocrx_word' id='word_1_351' title='bbox 298 4735 430 4791; x_wconf 90' lang='lat' dir='ltr'><strong>duos</strong></span> <span class='ocrx_word' id='word_1_352' title='bbox 458 4748 513 4792; x_wconf 88' lang='lat' dir='ltr'><strong>et</strong></span> <span class='ocrx_word' id='word_1_353' title='bbox 559 4739 738 4808; x_wconf 88' lang='lat' dir='ltr'><strong>plures</strong></span> <span class='ocrx_word' id='word_1_354' title='bbox 782 4740 869 4795; x_wconf 89' lang='lat' dir='ltr'><strong>hic</strong></span> <span class='ocrx_word' id='word_1_355' title='bbox 912 4750 993 4794; x_wconf 88' lang='lat' dir='ltr'><strong>est</strong></span> <span class='ocrx_word' id='word_1_356' title='bbox 1035 4742 1456 4797; x_wconf 88' lang='lat' dir='ltr'><strong>versatus.Cum</strong></span> <span class='ocrx_word' id='word_1_357' title='bbox 1486 4744 1628 4798; x_wconf 92' lang='lat' dir='ltr'><strong>enim</strong></span> <span class='ocrx_word' id='word_1_358' title='bbox 1674 4746 1804 4800; x_wconf 90' lang='lat' dir='ltr'><strong>satis</strong></span> 
     </span>
    </p>
   </div>
   <div class='ocr_carea' id='block_1_50' title="bbox 215 4828 1800 4902">
    <p class='ocr_par' dir='ltr' id='par_1_50' title="bbox 215 4828 1800 4902">
     <span class='ocr_line' id='line_1_50' title="bbox 215 4828 1800 4902; baseline 0.008 -23"><span class='ocrx_word' id='word_1_359' title='bbox 215 4841 464 4896; x_wconf 81' lang='lat' dir='ltr'><strong>magnum</strong></span> <span class='ocrx_word' id='word_1_360' title='bbox 510 4828 792 4885; x_wconf 86' lang='lat' dir='ltr'><strong>dedissetis</strong></span> <span class='ocrx_word' id='word_1_361' title='bbox 821 4841 1189 4902; x_wconf 88' lang='lat' dir='ltr'><strong>argumentum</strong></span> <span class='ocrx_word' id='word_1_362' title='bbox 1216 4844 1410 4889; x_wconf 75' lang='lat' dir='ltr'><strong>vestrze</strong></span> <span class='ocrx_word' id='word_1_363' title='bbox 1456 4835 1597 4890; x_wconf 89' lang='lat' dir='ltr'><strong>circa</strong></span> <span class='ocrx_word' id='word_1_364' title='bbox 1642 4837 1800 4892; x_wconf 87' lang='lat' dir='ltr'><strong>fidem</strong></span> 
     </span>
    </p>
   </div>
   <div class='ocr_carea' id='block_1_51' title="bbox 215 4917 1802 4994">
    <p class='ocr_par' dir='ltr' id='par_1_51' title="bbox 215 4917 1802 4994">
     <span class='ocr_line' id='line_1_51' title="bbox 215 4917 1802 4994; baseline 0.01 -27"><span class='ocrx_word' id='word_1_365' title='bbox 215 4917 483 4971; x_wconf 78' lang='lat' dir='ltr'><strong>ﬁrmitatis</strong></span> <span class='ocrx_word' id='word_1_366' title='bbox 504 4959 519 4982; x_wconf 91' lang='lat'><strong>,</strong></span> <span class='ocrx_word' id='word_1_367' title='bbox 550 4918 696 4973; x_wconf 87' lang='lat' dir='ltr'><strong>dedit</strong></span> <span class='ocrx_word' id='word_1_368' title='bbox 727 4921 879 4975; x_wconf 84' lang='lat' dir='ltr'><strong>vobis</strong></span> <span class='ocrx_word' id='word_1_369' title='bbox 909 4931 1224 4989; x_wconf 89' lang='lat' dir='ltr'><strong>potestatem</strong></span> <span class='ocrx_word' id='word_1_370' title='bbox 1243 4923 1481 4994; x_wconf 77' lang='lat' dir='ltr'><strong>jucunde</strong></span> <span class='ocrx_word' id='word_1_371' title='bbox 1519 4936 1573 4980; x_wconf 92' lang='lat' dir='ltr'><strong>et</strong></span> <span class='ocrx_word' id='word_1_372' title='bbox 1612 4939 1802 4983; x_wconf 80' lang='lat' dir='ltr'><strong>secure</strong></span> 
     </span>
    </p>
   </div>
   <div class='ocr_carea' id='block_1_52' title="bbox 213 5004 1801 5083">
    <p class='ocr_par' dir='ltr' id='par_1_52' title="bbox 213 5004 1801 5083">
     <span class='ocr_line' id='line_1_52' title="bbox 213 5004 1801 5083; baseline 0.009 -26"><span class='ocrx_word' id='word_1_373' title='bbox 213 5004 423 5059; x_wconf 79' lang='lat' dir='ltr'><strong>fruendi</strong></span> <span class='ocrx_word' id='word_1_374' title='bbox 457 5016 623 5077; x_wconf 78' lang='lat' dir='ltr'><strong>patre.</strong></span> <span class='ocrx_word' id='word_1_375' title='bbox 656 5010 782 5063; x_wconf 89' lang='lat' dir='ltr'><strong>Erat</strong></span> <span class='ocrx_word' id='word_1_376' title='bbox 813 5011 955 5065; x_wconf 88' lang='lat' dir='ltr'><strong>enim</strong></span> <span class='ocrx_word' id='word_1_377' title='bbox 993 5015 1227 5066; x_wconf 80' lang='lat' dir='ltr'><strong>maxima</strong></span> <span class='ocrx_word' id='word_1_378' title='bbox 1253 5014 1524 5083; x_wconf 78' lang='lat' dir='ltr'><strong>voluptas,</strong></span> <span class='ocrx_word' id='word_1_379' title='bbox 1554 5017 1645 5073; x_wconf 87' lang='lat' dir='ltr'><strong>illo</strong></span> <span class='ocrx_word' id='word_1_380' title='bbox 1674 5034 1801 5071; x_wconf 85' lang='lat' dir='ltr'><strong>san-</strong></span> 
     </span>
    </p>
   </div>
   <div class='ocr_carea' id='block_1_53' title="bbox 211 5094 1798 5177">
    <p class='ocr_par' dir='ltr' id='par_1_53' title="bbox 211 5094 1798 5177">
     <span class='ocr_line' id='line_1_53' title="bbox 211 5094 1798 5177; baseline 0.009 -29"><span class='ocrx_word' id='word_1_381' title='bbox 211 5105 300 5149; x_wconf 83' lang='lat' dir='ltr'><strong>cto</strong></span> <span class='ocrx_word' id='word_1_382' title='bbox 324 5094 427 5149; x_wconf 88' lang='lat' dir='ltr'><strong>frui</strong></span> <span class='ocrx_word' id='word_1_383' title='bbox 454 5099 619 5153; x_wconf 80' lang='lat' dir='ltr'><strong>vultu.</strong></span> <span class='ocrx_word' id='word_1_384' title='bbox 652 5099 768 5154; x_wconf 85' lang='lat' dir='ltr'><strong>Non</strong></span> <span class='ocrx_word' id='word_1_385' title='bbox 812 5102 956 5156; x_wconf 87' lang='lat' dir='ltr'><strong>enim</strong></span> <span class='ocrx_word' id='word_1_386' title='bbox 986 5103 1156 5157; x_wconf 90' lang='lat' dir='ltr'><strong>solum</strong></span> <span class='ocrx_word' id='word_1_387' title='bbox 1196 5105 1397 5160; x_wconf 89' lang='lat' dir='ltr'><strong>docens</strong></span> <span class='ocrx_word' id='word_1_388' title='bbox 1424 5107 1507 5160; x_wconf 88' lang='lat' dir='ltr'><strong>vel</strong></span> <span class='ocrx_word' id='word_1_389' title='bbox 1543 5107 1798 5177; x_wconf 88' lang='lat' dir='ltr'><strong>loquens,</strong></span> 
     </span>
    </p>
   </div>
   <div class='ocr_carea' id='block_1_54' title="bbox 211 5186 1798 5259">
    <p class='ocr_par' dir='ltr' id='par_1_54' title="bbox 211 5186 1798 5259">
     <span class='ocr_line' id='line_1_54' title="bbox 211 5186 1798 5259; baseline 0.01 -21"><span class='ocrx_word' id='word_1_390' title='bbox 211 5186 305 5239; x_wconf 85' lang='lat' dir='ltr'><strong>sed</strong></span> <span class='ocrx_word' id='word_1_391' title='bbox 327 5188 486 5242; x_wconf 86' lang='lat' dir='ltr'><strong>etiam</strong></span> <span class='ocrx_word' id='word_1_392' title='bbox 508 5192 551 5242; x_wconf 88' lang='lat' dir='ltr'><strong>si</strong></span> <span class='ocrx_word' id='word_1_393' title='bbox 594 5201 795 5245; x_wconf 87' lang='lat' dir='ltr'><strong>tantum</strong></span> <span class='ocrx_word' id='word_1_394' title='bbox 828 5194 1098 5248; x_wconf 89' lang='lat' dir='ltr'><strong>videretur</strong></span> <span class='ocrx_word' id='word_1_395' title='bbox 1122 5237 1135 5259; x_wconf 87' lang='grc'><em>,</em></span> <span class='ocrx_word' id='word_1_396' title='bbox 1165 5196 1294 5251; x_wconf 89' lang='lat' dir='ltr'><strong>satis</strong></span> <span class='ocrx_word' id='word_1_397' title='bbox 1316 5206 1434 5251; x_wconf 87' lang='lat' dir='ltr'><strong>erat</strong></span> <span class='ocrx_word' id='word_1_398' title='bbox 1458 5197 1523 5251; x_wconf 89' lang='lat' dir='ltr'><strong>ad</strong></span> <span class='ocrx_word' id='word_1_399' title='bbox 1554 5198 1798 5253; x_wconf 86' lang='lat' dir='ltr'><strong>introdu-</strong></span> 
     </span>
    </p>
   </div>
   <div class='ocr_carea' id='block_1_55' title="bbox 208 5259 1799 5360">
    <p class='ocr_par' dir='ltr' id='par_1_55' title="bbox 208 5259 1799 5360">
     <span class='ocr_line' id='line_1_55' title="bbox 208 5259 1799 5360; baseline 0.011 -32"><span class='ocrx_word' id='word_1_400' title='bbox 208 5275 435 5331; x_wconf 85' lang='lat' dir='ltr'><strong>cendam</strong></span> <span class='ocrx_word' id='word_1_401' title='bbox 480 5292 693 5335; x_wconf 88' lang='lat' dir='ltr'><strong>omnem</strong></span> <span class='ocrx_word' id='word_1_402' title='bbox 738 5283 950 5337; x_wconf 86' lang='lat' dir='ltr'><strong>virtutis</strong></span> <span class='ocrx_word' id='word_1_403' title='bbox 996 5283 1294 5341; x_wconf 89' lang='lat' dir='ltr'><strong>doctrinam</strong></span> <span class='ocrx_word' id='word_1_404' title='bbox 1348 5289 1401 5341; x_wconf 92' lang='lat' dir='ltr'><strong>in</strong></span> <span class='ocrx_word' id='word_1_405' title='bbox 1448 5259 1665 5355; x_wconf 63' lang='lat' dir='ltr'><strong>eorum,</strong></span> <span class='ocrx_word' id='word_1_406' title='bbox 1710 5291 1799 5360; x_wconf 89' lang='lat' dir='ltr'><strong>qui</strong></span> 
     </span>
    </p>
   </div>
   <div class='ocr_carea' id='block_1_56' title="bbox 210 5366 1798 5443">
    <p class='ocr_par' dir='ltr' id='par_1_56' title="bbox 210 5366 1798 5443">
     <span class='ocr_line' id='line_1_56' title="bbox 210 5366 1798 5443; baseline 0.012 -25"><span class='ocrx_word' id='word_1_407' title='bbox 210 5366 499 5434; x_wconf 88' lang='lat' dir='ltr'><strong>videbant,</strong></span> <span class='ocrx_word' id='word_1_408' title='bbox 524 5370 777 5426; x_wconf 85' lang='lat' dir='ltr'><strong>animam.</strong></span> <span class='ocrx_word' id='word_1_409' title='bbox 820 5375 1046 5443; x_wconf 85' lang='lat' dir='ltr'><strong>Quando</strong></span> <span class='ocrx_word' id='word_1_410' title='bbox 1071 5379 1212 5432; x_wconf 90' lang='lat' dir='ltr'><strong>enim</strong></span> <span class='ocrx_word' id='word_1_411' title='bbox 1240 5378 1305 5433; x_wconf 89' lang='lat' dir='ltr'><strong>ad</strong></span> <span class='ocrx_word' id='word_1_412' title='bbox 1334 5395 1429 5435; x_wconf 88' lang='lat' dir='ltr'><strong>vos</strong></span> <span class='ocrx_word' id='word_1_413' title='bbox 1470 5382 1715 5437; x_wconf 88' lang='lat' dir='ltr'><strong>veniebat</strong></span> <span class='ocrx_word' id='word_1_414' title='bbox 1744 5392 1798 5437; x_wconf 92' lang='lat' dir='ltr'><strong>et</strong></span> 
     </span>
    </p>
   </div>
   <div class='ocr_carea' id='block_1_57' title="bbox 210 5458 1794 5541">
    <p class='ocr_par' dir='ltr' id='par_1_57' title="bbox 210 5458 1794 5541">
     <span class='ocr_line' id='line_1_57' title="bbox 210 5458 1794 5541; baseline 0.013 -32"><span class='ocrx_word' id='word_1_415' title='bbox 210 5458 459 5515; x_wconf 83' lang='lat' dir='ltr'><strong>universa</strong></span> <span class='ocrx_word' id='word_1_416' title='bbox 494 5462 680 5518; x_wconf 89' lang='lat' dir='ltr'><strong>civitas</strong></span> <span class='ocrx_word' id='word_1_417' title='bbox 710 5466 757 5519; x_wconf 91' lang='lat' dir='ltr'><strong>ei</strong></span> <span class='ocrx_word' id='word_1_418' title='bbox 806 5466 1016 5522; x_wconf 76' lang='lat' dir='ltr'><strong>Obviam</strong></span> <span class='ocrx_word' id='word_1_419' title='bbox 1048 5480 1419 5539; x_wconf 82' lang='lat' dir='ltr'><strong>processerat,</strong></span> <span class='ocrx_word' id='word_1_420' title='bbox 1465 5472 1553 5525; x_wconf 89' lang='lat' dir='ltr'><strong>alii</strong></span> <span class='ocrx_word' id='word_1_421' title='bbox 1580 5473 1794 5541; x_wconf 89' lang='lat' dir='ltr'><strong>quidem</strong></span> 
     </span>
    </p>
   </div>
   <div class='ocr_carea' id='block_1_58' title="bbox 209 5553 1798 5631">
    <p class='ocr_par' dir='ltr' id='par_1_58' title="bbox 209 5553 1798 5631">
     <span class='ocr_line' id='line_1_58' title="bbox 209 5553 1798 5631; baseline 0.009 -25"><span class='ocrx_word' id='word_1_422' title='bbox 209 5565 374 5625; x_wconf 83' lang='lat' dir='ltr'><strong>prope</strong></span> <span class='ocrx_word' id='word_1_423' title='bbox 393 5553 746 5622; x_wconf 86' lang='lat' dir='ltr'><strong>accedebant,</strong></span> <span class='ocrx_word' id='word_1_424' title='bbox 787 5567 841 5612; x_wconf 93' lang='lat' dir='ltr'><strong>et</strong></span> <span class='ocrx_word' id='word_1_425' title='bbox 880 5560 1043 5629; x_wconf 89' lang='lat' dir='ltr'><strong>pedes</strong></span> <span class='ocrx_word' id='word_1_426' title='bbox 1076 5560 1467 5631; x_wconf 86' lang='lat' dir='ltr'><strong>prchensabant</strong></span> <span class='ocrx_word' id='word_1_427' title='bbox 1488 5605 1503 5629; x_wconf 93' lang='lat'><strong>,</strong></span> <span class='ocrx_word' id='word_1_428' title='bbox 1535 5573 1590 5619; x_wconf 89' lang='lat' dir='ltr'><strong>ct</strong></span> <span class='ocrx_word' id='word_1_429' title='bbox 1610 5580 1798 5620; x_wconf 87' lang='lat' dir='ltr'><strong>manus</strong></span> 
     </span>
    </p>
   </div>
   <div class='ocr_carea' id='block_1_59' title="bbox 200 5644 1798 5727">
    <p class='ocr_par' dir='ltr' id='par_1_59' title="bbox 200 5644 1798 5727">
     <span class='ocr_line' id='line_1_59' title="bbox 200 5644 1798 5727; baseline 0.006 -27"><span class='ocrx_word' id='word_1_430' title='bbox 200 5644 585 5727; x_wconf 80' lang='lat' dir='ltr'><strong>osculabantur</strong></span> <span class='ocrx_word' id='word_1_431' title='bbox 604 5689 617 5710; x_wconf 88' lang='lat'><strong>,</strong></span> <span class='ocrx_word' id='word_1_432' title='bbox 647 5658 701 5702; x_wconf 90' lang='lat' dir='ltr'><strong>et</strong></span> <span class='ocrx_word' id='word_1_433' title='bbox 724 5664 909 5704; x_wconf 87' lang='lat' dir='ltr'><strong>vocem</strong></span> <span class='ocrx_word' id='word_1_434' title='bbox 944 5652 1259 5718; x_wconf 77' lang='lat' dir='ltr'><strong>audiebant;</strong></span> <span class='ocrx_word' id='word_1_435' title='bbox 1292 5654 1379 5707; x_wconf 90' lang='lat' dir='ltr'><strong>alii</strong></span> <span class='ocrx_word' id='word_1_436' title='bbox 1410 5663 1588 5709; x_wconf 91' lang='lat' dir='ltr'><strong>autem</strong></span> <span class='ocrx_word' id='word_1_437' title='bbox 1614 5654 1798 5726; x_wconf 87' lang='lat' dir='ltr'><strong>prohi-</strong></span> 
     </span>
    </p>
   </div>
   <div class='ocr_carea' id='block_1_60' title="bbox 206 5734 1790 5819">
    <p class='ocr_par' dir='ltr' id='par_1_60' title="bbox 206 5734 1790 5819">
     <span class='ocr_line' id='line_1_60' title="bbox 206 5734 1790 5819; baseline 0.007 -28"><span class='ocrx_word' id='word_1_438' title='bbox 206 5734 312 5791; x_wconf 89' lang='lat' dir='ltr'><strong>biti</strong></span> <span class='ocrx_word' id='word_1_439' title='bbox 346 5737 709 5807; x_wconf 86' lang='lat' dir='ltr'><strong>multitudine,</strong></span> <span class='ocrx_word' id='word_1_440' title='bbox 765 5740 935 5811; x_wconf 83' lang='lat' dir='ltr'><strong>ipsum</strong></span> <span class='ocrx_word' id='word_1_441' title='bbox 980 5746 1165 5813; x_wconf 87' lang='lat' dir='ltr'><strong>procul</strong></span> <span class='ocrx_word' id='word_1_442' title='bbox 1208 5745 1485 5811; x_wconf 87' lang='lat' dir='ltr'><strong>videntes,</strong></span> <span class='ocrx_word' id='word_1_443' title='bbox 1523 5755 1790 5819; x_wconf 85' lang='lat' dir='ltr'><strong>tamquam</strong></span> 
     </span>
    </p>
   </div>
   <div class='ocr_carea' id='block_1_61' title="bbox 1339 353 2359 424">
    <p class='ocr_par' dir='ltr' id='par_1_61' title="bbox 1339 353 2359 424">
     <span class='ocr_line' id='line_1_61' title="bbox 1339 353 2359 424; baseline -0.011 0"><span class='ocrx_word' id='word_1_444' title='bbox 1339 367 1426 424; x_wconf 80' lang='lat' dir='ltr'><strong>DE</strong></span> <span class='ocrx_word' id='word_1_445' title='bbox 1460 365 1520 420; x_wconf 88' lang='lat' dir='ltr'><strong>S.</strong></span> <span class='ocrx_word' id='word_1_446' title='bbox 1562 356 1866 418; x_wconf 75' lang='lat' dir='ltr'><strong>MELETIO</strong></span> <span class='ocrx_word' id='word_1_447' title='bbox 1906 353 2359 414; x_wconf 73' lang='lat' dir='ltr'><strong>ANTIOCHENO.</strong></span> 
     </span>
    </p>
   </div>
   <div class='ocr_carea' id='block_1_62' title="bbox 3382 341 3503 400">
    <p class='ocr_par' dir='ltr' id='par_1_62' title="bbox 3382 341 3503 400">
     <span class='ocr_line' id='line_1_62' title="bbox 3382 341 3503 400; baseline -0.041 -4"><span class='ocrx_word' id='word_1_448' title='bbox 3382 341 3503 400; x_wconf 57' lang='lat'><strong>5&amp;8.</strong></span> 
     </span>
    </p>
   </div>
   <div class='ocr_carea' id='block_1_63' title="bbox 1902 464 3488 542">
    <p class='ocr_par' dir='ltr' id='par_1_63' title="bbox 1902 464 3488 542">
     <span class='ocr_line' id='line_1_63' title="bbox 1902 464 3488 542; baseline -0.005 -19"><span class='ocrx_word' id='word_1_449' title='bbox 1902 464 1988 542; x_wconf 82' lang='lat' dir='ltr'><strong>qui</strong></span> <span class='ocrx_word' id='word_1_450' title='bbox 2031 470 2381 527; x_wconf 75' lang='lat' dir='ltr'><strong>sufﬁcientem</strong></span> <span class='ocrx_word' id='word_1_451' title='bbox 2432 466 2859 524; x_wconf 85' lang='lat' dir='ltr'><strong>benedictionem</strong></span> <span class='ocrx_word' id='word_1_452' title='bbox 2882 479 2948 520; x_wconf 79' lang='lat' dir='ltr'><strong>ex</strong></span> <span class='ocrx_word' id='word_1_453' title='bbox 2989 471 3207 533; x_wconf 80' lang='lat' dir='ltr'><strong>aspectu</strong></span> <span class='ocrx_word' id='word_1_454' title='bbox 3248 468 3488 533; x_wconf 75' lang='lat' dir='ltr'><strong>accepis-</strong></span> 
     </span>
    </p>
   </div>
   <div class='ocr_carea' id='block_1_64' title="bbox 1901 554 3488 627">
    <p class='ocr_par' dir='ltr' id='par_1_64' title="bbox 1901 554 3488 627">
     <span class='ocr_line' id='line_1_64' title="bbox 1901 554 3488 627; baseline -0.007 -10"><span class='ocrx_word' id='word_1_455' title='bbox 1901 574 2049 627; x_wconf 85' lang='lat' dir='ltr'><strong>sent,</strong></span> <span class='ocrx_word' id='word_1_456' title='bbox 2083 572 2139 617; x_wconf 89' lang='lat' dir='ltr'><strong>et</strong></span> <span class='ocrx_word' id='word_1_457' title='bbox 2163 576 2268 616; x_wconf 89' lang='lat' dir='ltr'><strong>non</strong></span> <span class='ocrx_word' id='word_1_458' title='bbox 2291 560 2467 615; x_wconf 88' lang='lat' dir='ltr'><strong>minus</strong></span> <span class='ocrx_word' id='word_1_459' title='bbox 2490 557 2828 618; x_wconf 85' lang='lat' dir='ltr'><strong>habuissent,</strong></span> <span class='ocrx_word' id='word_1_460' title='bbox 2852 570 3009 627; x_wconf 90' lang='lat' dir='ltr'><strong>quam</strong></span> <span class='ocrx_word' id='word_1_461' title='bbox 3039 557 3128 624; x_wconf 90' lang='lat' dir='ltr'><strong>qui</strong></span> <span class='ocrx_word' id='word_1_462' title='bbox 3168 568 3333 623; x_wconf 83' lang='lat' dir='ltr'><strong>prepe</strong></span> <span class='ocrx_word' id='word_1_463' title='bbox 3358 554 3488 607; x_wconf 80' lang='lat' dir='ltr'><strong>fuis-</strong></span> 
     </span>
    </p>
   </div>
   <div class='ocr_carea' id='block_1_65' title="bbox 1902 644 3491 716">
    <p class='ocr_par' dir='ltr' id='par_1_65' title="bbox 1902 644 3491 716">
     <span class='ocr_line' id='line_1_65' title="bbox 1902 644 3491 716; baseline -0.006 -10"><span class='ocrx_word' id='word_1_464' title='bbox 1902 662 2022 708; x_wconf 88' lang='lat' dir='ltr'><strong>sent</strong></span> <span class='ocrx_word' id='word_1_465' title='bbox 2038 695 2051 716; x_wconf 89' lang='lat'><strong>,</strong></span> <span class='ocrx_word' id='word_1_466' title='bbox 2074 652 2311 711; x_wconf 83' lang='lat' dir='ltr'><strong>contenti</strong></span> <span class='ocrx_word' id='word_1_467' title='bbox 2338 648 2697 706; x_wconf 88' lang='lat' dir='ltr'><strong>recedebant:</strong></span> <span class='ocrx_word' id='word_1_468' title='bbox 2722 657 2775 703; x_wconf 88' lang='lat' dir='ltr'><strong>et</strong></span> <span class='ocrx_word' id='word_1_469' title='bbox 2795 644 2936 716; x_wconf 92' lang='lat' dir='ltr'><strong>quod</strong></span> <span class='ocrx_word' id='word_1_470' title='bbox 2960 645 3119 701; x_wconf 85' lang='lat' dir='ltr'><strong>fiebat</strong></span> <span class='ocrx_word' id='word_1_471' title='bbox 3136 645 3188 699; x_wconf 82' lang='lat' dir='ltr'><strong>in</strong></span> <span class='ocrx_word' id='word_1_472' title='bbox 3214 645 3491 715; x_wconf 78' lang='lat' dir='ltr'><strong>apostolis,</strong></span> 
     </span>
    </p>
   </div>
   <div class='ocr_carea' id='block_1_66' title="bbox 1906 734 3492 813">
    <p class='ocr_par' dir='ltr' id='par_1_66' title="bbox 1906 734 3492 813">
     <span class='ocr_line' id='line_1_66' title="bbox 1906 734 3492 813; baseline -0.006 -15"><span class='ocrx_word' id='word_1_473' title='bbox 1906 744 2007 798; x_wconf 83' lang='lat' dir='ltr'><strong>hoc</strong></span> <span class='ocrx_word' id='word_1_474' title='bbox 2033 745 2085 797; x_wconf 90' lang='lat' dir='ltr'><strong>in</strong></span> <span class='ocrx_word' id='word_1_475' title='bbox 2107 758 2173 799; x_wconf 89' lang='lat' dir='ltr'><strong>eo</strong></span> <span class='ocrx_word' id='word_1_476' title='bbox 2187 755 2399 813; x_wconf 87' lang='lat' dir='ltr'><strong>quoque</strong></span> <span class='ocrx_word' id='word_1_477' title='bbox 2418 740 2776 807; x_wconf 85' lang='lat' dir='ltr'><strong>contingebat.</strong></span> <span class='ocrx_word' id='word_1_478' title='bbox 2800 738 2949 793; x_wconf 85' lang='lat' dir='ltr'><strong>Sient</strong></span> <span class='ocrx_word' id='word_1_479' title='bbox 2970 737 3113 794; x_wconf 89' lang='lat' dir='ltr'><strong>enim</strong></span> <span class='ocrx_word' id='word_1_480' title='bbox 3128 739 3187 791; x_wconf 91' lang='lat' dir='ltr'><strong>in</strong></span> <span class='ocrx_word' id='word_1_481' title='bbox 3214 734 3492 807; x_wconf 85' lang='lat' dir='ltr'><strong>apostolis,</strong></span> 
     </span>
    </p>
   </div>
   <div class='ocr_carea' id='block_1_67' title="bbox 1904 827 3501 906">
    <p class='ocr_par' dir='ltr' id='par_1_67' title="bbox 1904 827 3501 906">
     <span class='ocr_line' id='line_1_67' title="bbox 1904 827 3501 906; baseline -0.004 -17"><span class='ocrx_word' id='word_1_482' title='bbox 1904 836 1991 904; x_wconf 88' lang='lat' dir='ltr'><strong>qui</strong></span> <span class='ocrx_word' id='word_1_483' title='bbox 2027 834 2272 906; x_wconf 81' lang='lat' dir='ltr'><strong>progredi</strong></span> <span class='ocrx_word' id='word_1_484' title='bbox 2306 841 2363 888; x_wconf 90' lang='lat' dir='ltr'><strong>et</strong></span> <span class='ocrx_word' id='word_1_485' title='bbox 2400 832 2618 903; x_wconf 83' lang='lat' dir='ltr'><strong>prepius</strong></span> <span class='ocrx_word' id='word_1_486' title='bbox 2661 830 2918 886; x_wconf 73' lang='lat' dir='ltr'><strong>accedere</strong></span> <span class='ocrx_word' id='word_1_487' title='bbox 2951 843 3055 884; x_wconf 90' lang='lat' dir='ltr'><strong>non</strong></span> <span class='ocrx_word' id='word_1_488' title='bbox 3099 837 3381 898; x_wconf 89' lang='lat' dir='ltr'><strong>poterant,</strong></span> <span class='ocrx_word' id='word_1_489' title='bbox 3412 827 3501 883; x_wconf 77' lang='lat' dir='ltr'><strong>vel</strong></span> 
     </span>
    </p>
   </div>
   <div class='ocr_carea' id='block_1_68' title="bbox 1904 920 3497 989">
    <p class='ocr_par' dir='ltr' id='par_1_68' title="bbox 1904 920 3497 989">
     <span class='ocr_line' id='line_1_68' title="bbox 1904 920 3497 989; baseline -0.005 -9"><span class='ocrx_word' id='word_1_490' title='bbox 1904 942 2024 980; x_wconf 92' lang='lat' dir='ltr'><strong>cum</strong></span> <span class='ocrx_word' id='word_1_491' title='bbox 2053 926 2243 981; x_wconf 78' lang='lat' dir='ltr'><strong>umbra</strong></span> <span class='ocrx_word' id='word_1_492' title='bbox 2269 941 2455 980; x_wconf 90' lang='lat' dir='ltr'><strong>eorum</strong></span> <span class='ocrx_word' id='word_1_493' title='bbox 2477 923 2858 979; x_wconf 80' lang='lat' dir='ltr'><strong>extenderetur</strong></span> <span class='ocrx_word' id='word_1_494' title='bbox 2897 930 2952 976; x_wconf 89' lang='lat' dir='ltr'><strong>et</strong></span> <span class='ocrx_word' id='word_1_495' title='bbox 3001 929 3242 989; x_wconf 79' lang='lat' dir='ltr'><strong>tangeret</strong></span> <span class='ocrx_word' id='word_1_496' title='bbox 3288 934 3383 974; x_wconf 91' lang='lat' dir='ltr'><strong>eos</strong></span> <span class='ocrx_word' id='word_1_497' title='bbox 3407 920 3497 987; x_wconf 88' lang='lat' dir='ltr'><strong>qui</strong></span> 
     </span>
    </p>
   </div>
   <div class='ocr_carea' id='block_1_69' title="bbox 1904 1004 3498 1086">
    <p class='ocr_par' dir='ltr' id='par_1_69' title="bbox 1904 1004 3498 1086">
     <span class='ocr_line' id='line_1_69' title="bbox 1904 1004 3498 1086; baseline -0.006 -15"><span class='ocrx_word' id='word_1_498' title='bbox 1904 1004 2093 1086; x_wconf 77' lang='lat' dir='ltr'><strong>procul</strong></span> <span class='ocrx_word' id='word_1_499' title='bbox 2119 1026 2302 1082; x_wconf 89' lang='lat' dir='ltr'><strong>erant,</strong></span> <span class='ocrx_word' id='word_1_500' title='bbox 2344 1015 2589 1070; x_wconf 85' lang='lat' dir='ltr'><strong>eamdem</strong></span> <span class='ocrx_word' id='word_1_501' title='bbox 2628 1012 2971 1068; x_wconf 84' lang='lat' dir='ltr'><strong>attraltebant</strong></span> <span class='ocrx_word' id='word_1_502' title='bbox 3012 1011 3263 1080; x_wconf 76' lang='lat' dir='ltr'><strong>gratiam,</strong></span> <span class='ocrx_word' id='word_1_503' title='bbox 3306 1020 3359 1064; x_wconf 89' lang='lat' dir='ltr'><strong>et</strong></span> <span class='ocrx_word' id='word_1_504' title='bbox 3381 1009 3498 1063; x_wconf 87' lang='lat' dir='ltr'><strong>sani</strong></span> 
     </span>
    </p>
   </div>
   <div class='ocr_carea' id='block_1_70' title="bbox 1906 1102 3500 1177">
    <p class='ocr_par' dir='ltr' id='par_1_70' title="bbox 1906 1102 3500 1177">
     <span class='ocr_line' id='line_1_70' title="bbox 1906 1102 3500 1177; baseline -0.007 -15"><span class='ocrx_word' id='word_1_505' title='bbox 1906 1108 2152 1162; x_wconf 87' lang='lat' dir='ltr'><strong>similiter</strong></span> <span class='ocrx_word' id='word_1_506' title='bbox 2200 1106 2523 1161; x_wconf 89' lang='lat' dir='ltr'><strong>recedebant</strong></span> <span class='ocrx_word' id='word_1_507' title='bbox 2546 1105 2699 1177; x_wconf 80' lang='lat' dir='ltr'><strong>(Act.</strong></span> <span class='ocrx_word' id='word_1_508' title='bbox 2728 1102 2783 1159; x_wconf 84' lang='lat'><strong>5.</strong></span> <span class='ocrx_word' id='word_1_509' title='bbox 2813 1104 2915 1171; x_wconf 79' lang='grc'><strong>15)</strong></span> <span class='ocrx_word' id='word_1_510' title='bbox 2942 1120 2956 1158; x_wconf 90' lang='lat'>:</span> <span class='ocrx_word' id='word_1_511' title='bbox 2982 1102 3052 1156; x_wconf 88' lang='lat' dir='ltr'><strong>ita</strong></span> <span class='ocrx_word' id='word_1_512' title='bbox 3078 1115 3224 1156; x_wconf 87' lang='lat' dir='ltr'><strong>nunc</strong></span> <span class='ocrx_word' id='word_1_513' title='bbox 3247 1115 3460 1169; x_wconf 89' lang='lat' dir='ltr'><strong>quoque</strong></span> <span class='ocrx_word' id='word_1_514' title='bbox 3482 1142 3500 1162; x_wconf 83' lang='lat'><strong>,</strong></span> 
     </span>
    </p>
   </div>
   <div class='ocr_carea' id='block_1_71' title="bbox 1906 1179 3570 1269">
    <p class='ocr_par' dir='ltr' id='par_1_71' title="bbox 1906 1179 3570 1269">
     <span class='ocr_line' id='line_1_71' title="bbox 1906 1179 3570 1269; baseline -0.005 -17"><span class='ocrx_word' id='word_1_515' title='bbox 1906 1200 1994 1269; x_wconf 89' lang='lat' dir='ltr'><strong>qui</strong></span> <span class='ocrx_word' id='word_1_516' title='bbox 2042 1214 2144 1253; x_wconf 89' lang='lat' dir='ltr'><strong>non</strong></span> <span class='ocrx_word' id='word_1_517' title='bbox 2176 1200 2426 1268; x_wconf 80' lang='lat' dir='ltr'><strong>poterant</strong></span> <span class='ocrx_word' id='word_1_518' title='bbox 2465 1197 2725 1252; x_wconf 83' lang='lat' dir='ltr'><strong>accedere</strong></span> <span class='ocrx_word' id='word_1_519' title='bbox 2745 1203 3057 1263; x_wconf 77' lang='lat' dir='ltr'><strong>,tatnquam</strong></span> <span class='ocrx_word' id='word_1_520' title='bbox 3082 1195 3313 1261; x_wconf 86' lang='lat' dir='ltr'><strong>aliquam</strong></span> <span class='ocrx_word' id='word_1_521' title='bbox 3345 1193 3500 1262; x_wconf 81' lang='lat' dir='ltr'><strong>spiri—</strong></span> <span class='ocrx_word' id='word_1_522' title='bbox 3564 1179 3570 1183; x_wconf 64' lang='grc'><strong>’</strong></span> 
     </span>
    </p>
   </div>
   <div class='ocr_carea' id='block_1_72' title="bbox 1908 1281 3505 1359">
    <p class='ocr_par' dir='ltr' id='par_1_72' title="bbox 1908 1281 3505 1359">
     <span class='ocr_line' id='line_1_72' title="bbox 1908 1281 3505 1359; baseline -0.006 -15"><span class='ocrx_word' id='word_1_523' title='bbox 1908 1285 2123 1344; x_wconf 56' lang='grc' dir='ltr'><strong>ιυτὼηῖ</strong></span> <span class='ocrx_word' id='word_1_524' title='bbox 2148 1288 2369 1359; x_wconf 85' lang='lat' dir='ltr'><strong>gloriam</strong></span> <span class='ocrx_word' id='word_1_525' title='bbox 2391 1303 2419 1341; x_wconf 88' lang='lat' dir='ltr'><strong>a</strong></span> <span class='ocrx_word' id='word_1_526' title='bbox 2469 1294 2655 1343; x_wconf 85' lang='lat' dir='ltr'><strong>sancto</strong></span> <span class='ocrx_word' id='word_1_527' title='bbox 2684 1286 2786 1339; x_wconf 88' lang='lat' dir='ltr'><strong>illo-</strong></span> <span class='ocrx_word' id='word_1_528' title='bbox 2821 1285 2996 1353; x_wconf 86' lang='lat' dir='ltr'><strong>capite</strong></span> <span class='ocrx_word' id='word_1_529' title='bbox 3037 1283 3288 1338; x_wconf 86' lang='lat' dir='ltr'><strong>emissam</strong></span> <span class='ocrx_word' id='word_1_530' title='bbox 3308 1325 3323 1347; x_wconf 92' lang='lat'><strong>,</strong></span> <span class='ocrx_word' id='word_1_531' title='bbox 3350 1292 3403 1337; x_wconf 91' lang='lat' dir='ltr'><strong>et</strong></span> <span class='ocrx_word' id='word_1_532' title='bbox 3434 1281 3505 1335; x_wconf 84' lang='lat' dir='ltr'><strong>ad</strong></span> 
     </span>
    </p>
   </div>
   <div class='ocr_carea' id='block_1_73' title="bbox 1907 1374 3497 1450">
    <p class='ocr_par' dir='ltr' id='par_1_73' title="bbox 1907 1374 3497 1450">
     <span class='ocr_line' id='line_1_73' title="bbox 1907 1374 3497 1450; baseline -0.005 -15"><span class='ocrx_word' id='word_1_533' title='bbox 1907 1395 2003 1435; x_wconf 88' lang='lat' dir='ltr'><strong>eos</strong></span> <span class='ocrx_word' id='word_1_534' title='bbox 2017 1421 2031 1445; x_wconf 89' lang='lat'><strong>,</strong></span> <span class='ocrx_word' id='word_1_535' title='bbox 2063 1380 2153 1450; x_wconf 85' lang='lat' dir='ltr'><strong>qui</strong></span> <span class='ocrx_word' id='word_1_536' title='bbox 2176 1380 2483 1448; x_wconf 82' lang='lat' dir='ltr'><strong>longissime</strong></span> <span class='ocrx_word' id='word_1_537' title='bbox 2502 1378 2758 1442; x_wconf 87' lang='lat' dir='ltr'><strong>aberant,</strong></span> <span class='ocrx_word' id='word_1_538' title='bbox 2782 1374 3162 1445; x_wconf 84' lang='lat' dir='ltr'><strong>pervadentem</strong></span> <span class='ocrx_word' id='word_1_539' title='bbox 3183 1375 3497 1436; x_wconf 86' lang='lat' dir='ltr'><strong>sentientes,</strong></span> 
     </span>
    </p>
   </div>
   <div class='ocr_carea' id='block_1_74' title="bbox 1907 1464 3501 1533">
    <p class='ocr_par' dir='ltr' id='par_1_74' title="bbox 1907 1464 3501 1533">
     <span class='ocr_line' id='line_1_74' title="bbox 1907 1464 3501 1533; baseline -0.004 -10"><span class='ocrx_word' id='word_1_540' title='bbox 1907 1471 2067 1524; x_wconf 88' lang='lat' dir='ltr'><strong>etiam</strong></span> <span class='ocrx_word' id='word_1_541' title='bbox 2097 1468 2166 1521; x_wconf 89' lang='lat' dir='ltr'><strong>ah</strong></span> <span class='ocrx_word' id='word_1_542' title='bbox 2190 1482 2255 1521; x_wconf 90' lang='lat' dir='ltr'><strong>eo</strong></span> <span class='ocrx_word' id='word_1_543' title='bbox 2275 1510 2288 1531; x_wconf 89' lang='lat'><strong>,</strong></span> <span class='ocrx_word' id='word_1_544' title='bbox 2319 1467 2464 1520; x_wconf 92' lang='lat' dir='ltr'><strong>omni</strong></span> <span class='ocrx_word' id='word_1_545' title='bbox 2492 1466 2863 1523; x_wconf 88' lang='lat' dir='ltr'><strong>benedictione</strong></span> <span class='ocrx_word' id='word_1_546' title='bbox 2890 1480 2958 1521; x_wconf 80' lang='lat' dir='ltr'><strong>ex</strong></span> <span class='ocrx_word' id='word_1_547' title='bbox 3005 1464 3120 1518; x_wconf 86' lang='lat' dir='ltr'><strong>solo</strong></span> <span class='ocrx_word' id='word_1_548' title='bbox 3146 1470 3365 1533; x_wconf 87' lang='lat' dir='ltr'><strong>aspectu</strong></span> <span class='ocrx_word' id='word_1_549' title='bbox 3411 1478 3501 1517; x_wconf 84' lang='lat' dir='ltr'><strong>rc-</strong></span> 
     </span>
    </p>
   </div>
   <div class='ocr_carea' id='block_1_75' title="bbox 1908 1556 2693 1628">
    <p class='ocr_par' dir='ltr' id='par_1_75' title="bbox 1908 1556 2693 1628">
     <span class='ocr_line' id='line_1_75' title="bbox 1908 1556 2693 1628; baseline -0.006 -16"><span class='ocrx_word' id='word_1_550' title='bbox 1908 1559 2035 1628; x_wconf 91' lang='lat' dir='ltr'><strong>pleti</strong></span> <span class='ocrx_word' id='word_1_551' title='bbox 2056 1599 2075 1625; x_wconf 89' lang='lat'><strong>,</strong></span> <span class='ocrx_word' id='word_1_552' title='bbox 2111 1568 2298 1612; x_wconf 88' lang='lat' dir='ltr'><strong>omnes</strong></span> <span class='ocrx_word' id='word_1_553' title='bbox 2326 1556 2693 1611; x_wconf 89' lang='lat' dir='ltr'><strong>discedebant.</strong></span> 
     </span>
    </p>
   </div>
   <div class='ocr_carea' id='block_1_76' title="bbox 1979 1642 3503 1706">
    <p class='ocr_par' dir='ltr' id='par_1_76' title="bbox 1979 1642 3503 1706">
     <span class='ocr_line' id='line_1_76' title="bbox 1979 1642 3503 1706; baseline -0.007 0"><span class='ocrx_word' id='word_1_554' title='bbox 1979 1650 2032 1706; x_wconf 76' lang='lat'><strong>3.</strong></span> <span class='ocrx_word' id='word_1_555' title='bbox 2071 1651 2205 1705; x_wconf 86' lang='lat' dir='ltr'><strong>Cum</strong></span> <span class='ocrx_word' id='word_1_556' title='bbox 2235 1658 2415 1704; x_wconf 88' lang='lat' dir='ltr'><strong>autem</strong></span> <span class='ocrx_word' id='word_1_557' title='bbox 2441 1648 2616 1702; x_wconf 87' lang='lat' dir='ltr'><strong>visum</strong></span> <span class='ocrx_word' id='word_1_558' title='bbox 2661 1655 2805 1702; x_wconf 87' lang='lat' dir='ltr'><strong>esset</strong></span> <span class='ocrx_word' id='word_1_559' title='bbox 2832 1644 3104 1699; x_wconf 90' lang='lat' dir='ltr'><strong>communi</strong></span> <span class='ocrx_word' id='word_1_560' title='bbox 3152 1644 3262 1698; x_wconf 86' lang='lat' dir='ltr'><strong>Deo</strong></span> <span class='ocrx_word' id='word_1_561' title='bbox 3291 1642 3503 1696; x_wconf 87' lang='lat' dir='ltr'><strong>univcr-</strong></span> 
     </span>
    </p>
   </div>
   <div class='ocr_carea' id='block_1_77' title="bbox 1908 1734 3499 1824">
    <p class='ocr_par' dir='ltr' id='par_1_77' title="bbox 1908 1734 3499 1824">
     <span class='ocr_line' id='line_1_77' title="bbox 1908 1734 3499 1824; baseline -0.007 -28"><span class='ocrx_word' id='word_1_562' title='bbox 1908 1757 2090 1796; x_wconf 88' lang='lat' dir='ltr'><strong>sorum</strong></span> <span class='ocrx_word' id='word_1_563' title='bbox 2117 1757 2240 1824; x_wconf 75' lang='lat' dir='ltr'><strong>eum</strong></span> <span class='ocrx_word' id='word_1_564' title='bbox 2267 1754 2463 1794; x_wconf 87' lang='lat' dir='ltr'><strong>vocare</strong></span> <span class='ocrx_word' id='word_1_565' title='bbox 2490 1755 2554 1793; x_wconf 79' lang='lat' dir='ltr'><strong>ex</strong></span> <span class='ocrx_word' id='word_1_566' title='bbox 2576 1737 2682 1792; x_wconf 91' lang='lat' dir='ltr'><strong>vita</strong></span> <span class='ocrx_word' id='word_1_567' title='bbox 2714 1736 2966 1807; x_wconf 75' lang='lat' dir='ltr'><strong>prtesenti</strong></span> <span class='ocrx_word' id='word_1_568' title='bbox 2988 1745 3043 1790; x_wconf 86' lang='lat' dir='ltr'><strong>et</strong></span> <span class='ocrx_word' id='word_1_569' title='bbox 3072 1734 3126 1789; x_wconf 87' lang='lat' dir='ltr'><strong>in</strong></span> <span class='ocrx_word' id='word_1_570' title='bbox 3153 1734 3379 1789; x_wconf 88' lang='lat' dir='ltr'><strong>chorum</strong></span> <span class='ocrx_word' id='word_1_571' title='bbox 3410 1747 3499 1786; x_wconf 81' lang='lat' dir='ltr'><strong>an-</strong></span> 
     </span>
    </p>
   </div>
   <div class='ocr_carea' id='block_1_78' title="bbox 1909 1827 3507 1904">
    <p class='ocr_par' dir='ltr' id='par_1_78' title="bbox 1909 1827 3507 1904">
     <span class='ocr_line' id='line_1_78' title="bbox 1909 1827 3507 1904; baseline -0.008 -14"><span class='ocrx_word' id='word_1_572' title='bbox 1909 1835 2151 1904; x_wconf 82' lang='lat' dir='ltr'><strong>gelorum</strong></span> <span class='ocrx_word' id='word_1_573' title='bbox 2201 1832 2427 1897; x_wconf 86' lang='lat' dir='ltr'><strong>referre,</strong></span> <span class='ocrx_word' id='word_1_574' title='bbox 2454 1846 2525 1885; x_wconf 89' lang='lat' dir='ltr'><strong>ne</strong></span> <span class='ocrx_word' id='word_1_575' title='bbox 2554 1829 2657 1884; x_wconf 88' lang='lat' dir='ltr'><strong>hoc</strong></span> <span class='ocrx_word' id='word_1_576' title='bbox 2682 1829 2896 1899; x_wconf 89' lang='lat' dir='ltr'><strong>quidem</strong></span> <span class='ocrx_word' id='word_1_577' title='bbox 2927 1827 3119 1880; x_wconf 84' lang='lat' dir='ltr'><strong>factum</strong></span> <span class='ocrx_word' id='word_1_578' title='bbox 3145 1834 3232 1880; x_wconf 87' lang='lat' dir='ltr'><strong>est</strong></span> <span class='ocrx_word' id='word_1_579' title='bbox 3262 1834 3465 1879; x_wconf 85' lang='lat' dir='ltr'><strong>temere</strong></span> <span class='ocrx_word' id='word_1_580' title='bbox 3486 1862 3507 1886; x_wconf 82' lang='lat'><strong><em>.</em></strong></span> 
     </span>
    </p>
   </div>
   <div class='ocr_carea' id='block_1_79' title="bbox 1904 1917 3500 1996">
    <p class='ocr_par' dir='ltr' id='par_1_79' title="bbox 1904 1917 3500 1996">
     <span class='ocr_line' id='line_1_79' title="bbox 1904 1917 3500 1996; baseline -0.01 -14"><span class='ocrx_word' id='word_1_581' title='bbox 1904 1927 2005 1982; x_wconf 87' lang='lat' dir='ltr'><strong>sed</strong></span> <span class='ocrx_word' id='word_1_582' title='bbox 2046 1928 2221 1996; x_wconf 90' lang='lat' dir='ltr'><strong>ipsum</strong></span> <span class='ocrx_word' id='word_1_583' title='bbox 2255 1924 2473 1995; x_wconf 87' lang='lat' dir='ltr'><strong>quidem</strong></span> <span class='ocrx_word' id='word_1_584' title='bbox 2513 1932 2707 1977; x_wconf 86' lang='lat' dir='ltr'><strong>vocant</strong></span> <span class='ocrx_word' id='word_1_585' title='bbox 2761 1920 2931 1975; x_wconf 75' lang='lat' dir='ltr'><strong>litera:</strong></span> <span class='ocrx_word' id='word_1_586' title='bbox 2975 1917 3348 1988; x_wconf 71' lang='lat' dir='ltr'><strong>imperatoris,</strong></span> <span class='ocrx_word' id='word_1_587' title='bbox 3377 1930 3500 1970; x_wconf 86' lang='lat' dir='ltr'><strong>cum</strong></span> 
     </span>
    </p>
   </div>
   <div class='ocr_carea' id='block_1_80' title="bbox 1913 2011 3511 2087">
    <p class='ocr_par' dir='ltr' id='par_1_80' title="bbox 1913 2011 3511 2087">
     <span class='ocr_line' id='line_1_80' title="bbox 1913 2011 3511 2087; baseline -0.01 -12"><span class='ocrx_word' id='word_1_588' title='bbox 1913 2020 2051 2075; x_wconf 82' lang='lat' dir='ltr'><strong>Deus</strong></span> <span class='ocrx_word' id='word_1_589' title='bbox 2081 2020 2337 2074; x_wconf 85' lang='lat' dir='ltr'><strong>movisset</strong></span> <span class='ocrx_word' id='word_1_590' title='bbox 2360 2018 2768 2087; x_wconf 83' lang='lat' dir='ltr'><strong>Imperatorem.</strong></span> <span class='ocrx_word' id='word_1_591' title='bbox 2806 2014 3012 2068; x_wconf 78' lang='lat' dir='ltr'><strong>Vocant</strong></span> <span class='ocrx_word' id='word_1_592' title='bbox 3038 2022 3170 2065; x_wconf 86' lang='lat' dir='ltr'><strong>vero</strong></span> <span class='ocrx_word' id='word_1_593' title='bbox 3190 2011 3367 2079; x_wconf 87' lang='lat' dir='ltr'><strong>ipsum</strong></span> <span class='ocrx_word' id='word_1_594' title='bbox 3396 2024 3511 2063; x_wconf 83' lang='lat' dir='ltr'><strong>nou</strong></span> 
     </span>
    </p>
   </div>
   <div class='ocr_carea' id='block_1_81' title="bbox 1913 2100 3508 2180">
    <p class='ocr_par' dir='ltr' id='par_1_81' title="bbox 1913 2100 3508 2180">
     <span class='ocr_line' id='line_1_81' title="bbox 1913 2100 3508 2180; baseline -0.009 -16"><span class='ocrx_word' id='word_1_595' title='bbox 1913 2113 1963 2165; x_wconf 92' lang='lat' dir='ltr'><strong>in</strong></span> <span class='ocrx_word' id='word_1_596' title='bbox 1992 2112 2346 2180; x_wconf 89' lang='lat' dir='ltr'><strong>propinquum</strong></span> <span class='ocrx_word' id='word_1_597' title='bbox 2376 2109 2573 2171; x_wconf 89' lang='lat' dir='ltr'><strong>locum,</strong></span> <span class='ocrx_word' id='word_1_598' title='bbox 2601 2105 2695 2160; x_wconf 90' lang='lat' dir='ltr'><strong>sed</strong></span> <span class='ocrx_word' id='word_1_599' title='bbox 2728 2106 2781 2159; x_wconf 84' lang='lat' dir='ltr'><strong>it’t</strong></span> <span class='ocrx_word' id='word_1_600' title='bbox 2812 2102 2980 2170; x_wconf 86' lang='lat' dir='ltr'><strong>ipsam</strong></span> <span class='ocrx_word' id='word_1_601' title='bbox 3008 2100 3289 2155; x_wconf 82' lang='lat' dir='ltr'><strong>Thraciam</strong></span> <span class='ocrx_word' id='word_1_602' title='bbox 3320 2115 3334 2152; x_wconf 87' lang='lat' dir='ltr'><strong>t</strong></span> <span class='ocrx_word' id='word_1_603' title='bbox 3370 2106 3427 2153; x_wconf 90' lang='lat' dir='ltr'><strong>ut</strong></span> <span class='ocrx_word' id='word_1_604' title='bbox 3454 2109 3508 2151; x_wconf 87' lang='lat' dir='ltr'><strong>et</strong></span> 
     </span>
    </p>
   </div>
   <div class='ocr_carea' id='block_1_82' title="bbox 1910 2190 3513 2273">
    <p class='ocr_par' dir='ltr' id='par_1_82' title="bbox 1910 2190 3513 2273">
     <span class='ocr_line' id='line_1_82' title="bbox 1910 2190 3513 2273; baseline -0.01 -15"><span class='ocrx_word' id='word_1_605' title='bbox 1910 2202 2134 2267; x_wconf 73' lang='lat' dir='ltr'><strong>Galatae,</strong></span> <span class='ocrx_word' id='word_1_606' title='bbox 2189 2210 2242 2253; x_wconf 90' lang='lat' dir='ltr'><strong>et</strong></span> <span class='ocrx_word' id='word_1_607' title='bbox 2263 2199 2501 2273; x_wconf 83' lang='lat' dir='ltr'><strong>Bithyni,</strong></span> <span class='ocrx_word' id='word_1_608' title='bbox 2544 2206 2601 2251; x_wconf 91' lang='lat' dir='ltr'><strong>et</strong></span> <span class='ocrx_word' id='word_1_609' title='bbox 2644 2196 2876 2261; x_wconf 83' lang='lat' dir='ltr'><strong>Cilices,</strong></span> <span class='ocrx_word' id='word_1_610' title='bbox 2919 2201 2975 2249; x_wconf 90' lang='lat' dir='ltr'><strong>et</strong></span> <span class='ocrx_word' id='word_1_611' title='bbox 3019 2190 3403 2273; x_wconf 74' lang='lat' dir='ltr'><strong>Cappadoces,</strong></span> <span class='ocrx_word' id='word_1_612' title='bbox 3456 2197 3513 2243; x_wconf 84' lang='lat' dir='ltr'><strong>et</strong></span> 
     </span>
    </p>
   </div>
   <div class='ocr_carea' id='block_1_83' title="bbox 1911 2263 3505 2361">
    <p class='ocr_par' dir='ltr' id='par_1_83' title="bbox 1911 2263 3505 2361">
     <span class='ocr_line' id='line_1_83' title="bbox 1911 2263 3505 2361; baseline -0.009 -14"><span class='ocrx_word' id='word_1_613' title='bbox 1911 2263 2131 2355; x_wconf 61' lang='lat' dir='ltr'><strong>omnes,</strong></span> <span class='ocrx_word' id='word_1_614' title='bbox 2154 2292 2249 2361; x_wconf 82' lang='lat' dir='ltr'><strong>qui</strong></span> <span class='ocrx_word' id='word_1_615' title='bbox 2289 2263 2533 2344; x_wconf 66' lang='lat' dir='ltr'><strong>Thracias</strong></span> <span class='ocrx_word' id='word_1_616' title='bbox 2583 2287 2787 2342; x_wconf 87' lang='lat' dir='ltr'><strong>vicinas</strong></span> <span class='ocrx_word' id='word_1_617' title='bbox 2830 2285 3077 2355; x_wconf 84' lang='lat' dir='ltr'><strong>regiones</strong></span> <span class='ocrx_word' id='word_1_618' title='bbox 3104 2263 3376 2343; x_wconf 71' lang='lat' dir='ltr'><strong>habitant,</strong></span> <span class='ocrx_word' id='word_1_619' title='bbox 3405 2296 3505 2335; x_wconf 75' lang='lat' dir='ltr'><strong>no—</strong></span> 
     </span>
    </p>
   </div>
   <div class='ocr_carea' id='block_1_84' title="bbox 1911 2364 3555 2451">
    <p class='ocr_par' dir='ltr' id='par_1_84' title="bbox 1911 2364 3555 2451">
     <span class='ocr_line' id='line_1_84' title="bbox 1911 2364 3555 2451; baseline -0.008 -13"><span class='ocrx_word' id='word_1_620' title='bbox 1911 2392 2021 2438; x_wconf 89' lang='lat' dir='ltr'><strong>stra</strong></span> <span class='ocrx_word' id='word_1_621' title='bbox 2054 2384 2191 2437; x_wconf 91' lang='lat' dir='ltr'><strong>bona</strong></span> <span class='ocrx_word' id='word_1_622' title='bbox 2232 2389 2621 2451; x_wconf 84' lang='lat' dir='ltr'><strong>cognoscerent</strong></span> <span class='ocrx_word' id='word_1_623' title='bbox 2650 2394 2665 2431; x_wconf 88' lang='lat'><strong>:</strong></span> <span class='ocrx_word' id='word_1_624' title='bbox 2695 2388 2754 2433; x_wconf 87' lang='lat' dir='ltr'><strong>ut</strong></span> <span class='ocrx_word' id='word_1_625' title='bbox 2781 2378 2871 2448; x_wconf 89' lang='lat' dir='ltr'><strong>qui</strong></span> <span class='ocrx_word' id='word_1_626' title='bbox 2920 2384 3074 2431; x_wconf 86' lang='lat' dir='ltr'><strong>erant</strong></span> <span class='ocrx_word' id='word_1_627' title='bbox 3117 2374 3311 2444; x_wconf 90' lang='lat' dir='ltr'><strong>ubique</strong></span> <span class='ocrx_word' id='word_1_628' title='bbox 3342 2385 3511 2429; x_wconf 78' lang='lat' dir='ltr'><strong>terra—</strong></span> <span class='ocrx_word' id='word_1_629' title='bbox 3548 2364 3555 2369; x_wconf 79' lang='grc'><em>’</em></span> 
     </span>
    </p>
   </div>
   <div class='ocr_carea' id='block_1_85' title="bbox 1915 2458 3517 2543">
    <p class='ocr_par' dir='ltr' id='par_1_85' title="bbox 1915 2458 3517 2543">
     <span class='ocr_line' id='line_1_85' title="bbox 1915 2458 3517 2543; baseline -0.007 -15"><span class='ocrx_word' id='word_1_630' title='bbox 1915 2489 2032 2528; x_wconf 90' lang='lat' dir='ltr'><strong>rum</strong></span> <span class='ocrx_word' id='word_1_631' title='bbox 2058 2473 2316 2543; x_wconf 90' lang='lat' dir='ltr'><strong>episc0pi,</strong></span> <span class='ocrx_word' id='word_1_632' title='bbox 2346 2481 2619 2541; x_wconf 86' lang='lat' dir='ltr'><strong>tamquam</strong></span> <span class='ocrx_word' id='word_1_633' title='bbox 2662 2469 2715 2525; x_wconf 87' lang='lat' dir='ltr'><strong>in</strong></span> <span class='ocrx_word' id='word_1_634' title='bbox 2742 2458 3091 2539; x_wconf 75' lang='lat' dir='ltr'><strong>archetypum</strong></span> <span class='ocrx_word' id='word_1_635' title='bbox 3120 2465 3395 2535; x_wconf 79' lang='lat' dir='ltr'><strong>exemplar</strong></span> <span class='ocrx_word' id='word_1_636' title='bbox 3414 2505 3429 2529; x_wconf 91' lang='lat'><strong>,</strong></span> <span class='ocrx_word' id='word_1_637' title='bbox 3457 2464 3517 2518; x_wconf 80' lang='lat' dir='ltr'><strong>in</strong></span> 
     </span>
    </p>
   </div>
   <div class='ocr_carea' id='block_1_86' title="bbox 1914 2555 3539 2629">
    <p class='ocr_par' dir='ltr' id='par_1_86' title="bbox 1914 2555 3539 2629">
     <span class='ocr_line' id='line_1_86' title="bbox 1914 2555 3539 2629; baseline -0.005 -12"><span class='ocrx_word' id='word_1_638' title='bbox 1914 2562 2059 2619; x_wconf 87' lang='lat' dir='ltr'><strong>illius</strong></span> <span class='ocrx_word' id='word_1_639' title='bbox 2090 2564 2427 2619; x_wconf 83' lang='lat' dir='ltr'><strong>sanctitatem</strong></span> <span class='ocrx_word' id='word_1_640' title='bbox 2458 2564 2745 2624; x_wconf 82' lang='lat' dir='ltr'><strong>intuentes,</strong></span> <span class='ocrx_word' id='word_1_641' title='bbox 2766 2569 2821 2614; x_wconf 91' lang='lat' dir='ltr'><strong>et</strong></span> <span class='ocrx_word' id='word_1_642' title='bbox 2838 2568 3083 2629; x_wconf 86' lang='lat' dir='ltr'><strong>apertum</strong></span> <span class='ocrx_word' id='word_1_643' title='bbox 3111 2557 3417 2626; x_wconf 74' lang='lat' dir='ltr'><strong>exemplum</strong></span> <span class='ocrx_word' id='word_1_644' title='bbox 3442 2555 3539 2610; x_wconf 75' lang='lat' dir='ltr'><strong>ab&#39;</strong></span> 
     </span>
    </p>
   </div>
   <div class='ocr_carea' id='block_1_87' title="bbox 1913 2649 3512 2725">
    <p class='ocr_par' dir='ltr' id='par_1_87' title="bbox 1913 2649 3512 2725">
     <span class='ocr_line' id='line_1_87' title="bbox 1913 2649 3512 2725; baseline -0.005 -14"><span class='ocrx_word' id='word_1_645' title='bbox 1913 2671 1979 2711; x_wconf 91' lang='lat' dir='ltr'><strong>co</strong></span> <span class='ocrx_word' id='word_1_646' title='bbox 1999 2657 2345 2725; x_wconf 86' lang='lat' dir='ltr'><strong>accipientes,</strong></span> <span class='ocrx_word' id='word_1_647' title='bbox 2363 2656 2446 2709; x_wconf 85' lang='lat' dir='ltr'><strong>sui</strong></span> <span class='ocrx_word' id='word_1_648' title='bbox 2464 2655 2517 2708; x_wconf 90' lang='lat' dir='ltr'><strong>in</strong></span> <span class='ocrx_word' id='word_1_649' title='bbox 2542 2653 2645 2707; x_wconf 85' lang='lat' dir='ltr'><strong>hoc</strong></span> <span class='ocrx_word' id='word_1_650' title='bbox 2658 2666 2880 2707; x_wconf 86' lang='lat' dir='ltr'><strong>munere</strong></span> <span class='ocrx_word' id='word_1_651' title='bbox 2898 2650 3058 2705; x_wconf 77' lang='lat' dir='ltr'><strong>officii</strong></span> <span class='ocrx_word' id='word_1_652' title='bbox 3084 2649 3436 2705; x_wconf 80' lang='lat' dir='ltr'><strong>certissimam</strong></span> <span class='ocrx_word' id='word_1_653' title='bbox 3458 2658 3512 2703; x_wconf 84' lang='lat' dir='ltr'><strong>ct</strong></span> 
     </span>
    </p>
   </div>
   <div class='ocr_carea' id='block_1_88' title="bbox 1915 2739 3541 2816">
    <p class='ocr_par' dir='ltr' id='par_1_88' title="bbox 1915 2739 3541 2816">
     <span class='ocr_line' id='line_1_88' title="bbox 1915 2739 3541 2816; baseline -0.004 -17"><span class='ocrx_word' id='word_1_654' title='bbox 1915 2745 2267 2800; x_wconf 83' lang='lat' dir='ltr'><strong>clarissimam</strong></span> <span class='ocrx_word' id='word_1_655' title='bbox 2295 2744 2557 2816; x_wconf 71' lang='lat' dir='ltr'><strong>haberent</strong></span> <span class='ocrx_word' id='word_1_656' title='bbox 2596 2739 3319 2812; x_wconf 74' lang='lat' dir='ltr'><strong>regulam,qnemadmodum</strong></span> <span class='ocrx_word' id='word_1_657' title='bbox 3345 2753 3541 2809; x_wconf 71' lang='grc' dir='ltr'><strong>ορατ--</strong></span> 
     </span>
    </p>
   </div>
   <div class='ocr_carea' id='block_1_89' title="bbox 1914 2830 3515 2903">
    <p class='ocr_par' dir='ltr' id='par_1_89' title="bbox 1914 2830 3515 2903">
     <span class='ocr_line' id='line_1_89' title="bbox 1914 2830 3515 2903; baseline -0.005 -12"><span class='ocrx_word' id='word_1_658' title='bbox 1914 2844 2023 2891; x_wconf 87' lang='lat' dir='ltr'><strong>teat</strong></span> <span class='ocrx_word' id='word_1_659' title='bbox 2050 2835 2424 2889; x_wconf 87' lang='lat' dir='ltr'><strong>administrare</strong></span> <span class='ocrx_word' id='word_1_660' title='bbox 2455 2835 2520 2889; x_wconf 82' lang='lat' dir='ltr'><strong>&#39;et</strong></span> <span class='ocrx_word' id='word_1_661' title='bbox 2558 2848 2747 2903; x_wconf 85' lang='lat' dir='ltr'><strong>regere</strong></span> <span class='ocrx_word' id='word_1_662' title='bbox 2788 2831 3078 2886; x_wconf 83' lang='lat' dir='ltr'><strong>Ecclesias.</strong></span> <span class='ocrx_word' id='word_1_663' title='bbox 3117 2830 3251 2885; x_wconf 87' lang='lat' dir='ltr'><strong>Nam</strong></span> <span class='ocrx_word' id='word_1_664' title='bbox 3298 2838 3515 2900; x_wconf 78' lang='lat' dir='ltr'><strong>propter</strong></span> 
     </span>
    </p>
   </div>
   <div class='ocr_carea' id='block_1_90' title="bbox 1915 2920 3514 2993">
    <p class='ocr_par' dir='ltr' id='par_1_90' title="bbox 1915 2920 3514 2993">
     <span class='ocr_line' id='line_1_90' title="bbox 1915 2920 3514 2993; baseline -0.003 -14"><span class='ocrx_word' id='word_1_665' title='bbox 1915 2926 2061 2980; x_wconf 88' lang='lat' dir='ltr'><strong>urbis</strong></span> <span class='ocrx_word' id='word_1_666' title='bbox 2109 2924 2548 2993; x_wconf 78' lang='lat' dir='ltr'><strong>magnitudinem,</strong></span> <span class='ocrx_word' id='word_1_667' title='bbox 2576 2932 2633 2978; x_wconf 89' lang='lat' dir='ltr'><strong>et</strong></span> <span class='ocrx_word' id='word_1_668' title='bbox 2675 2922 2818 2991; x_wconf 88' lang='lat' dir='ltr'><strong>quod</strong></span> <span class='ocrx_word' id='word_1_669' title='bbox 2859 2922 2968 2976; x_wconf 90' lang='lat' dir='ltr'><strong>illic</strong></span> <span class='ocrx_word' id='word_1_670' title='bbox 3022 2920 3282 2976; x_wconf 86' lang='lat' dir='ltr'><strong>resideret</strong></span> <span class='ocrx_word' id='word_1_671' title='bbox 3335 2921 3514 2989; x_wconf 80' lang='lat' dir='ltr'><strong>Impe-</strong></span> 
     </span>
    </p>
   </div>
   <div class='ocr_carea' id='block_1_91' title="bbox 1918 3012 3516 3080">
    <p class='ocr_par' dir='ltr' id='par_1_91' title="bbox 1918 3012 3516 3080">
     <span class='ocr_line' id='line_1_91' title="bbox 1918 3012 3516 3080; baseline -0.001 -11"><span class='ocrx_word' id='word_1_672' title='bbox 1918 3028 2083 3080; x_wconf 88' lang='lat' dir='ltr'><strong>rator,</strong></span> <span class='ocrx_word' id='word_1_673' title='bbox 2127 3016 2278 3068; x_wconf 91' lang='lat' dir='ltr'><strong>multi</strong></span> <span class='ocrx_word' id='word_1_674' title='bbox 2330 3030 2396 3070; x_wconf 85' lang='lat' dir='ltr'><strong>ex</strong></span> <span class='ocrx_word' id='word_1_675' title='bbox 2443 3014 2624 3067; x_wconf 89' lang='lat' dir='ltr'><strong>multis</strong></span> <span class='ocrx_word' id='word_1_676' title='bbox 2666 3013 2802 3067; x_wconf 89' lang='lat' dir='ltr'><strong>locis</strong></span> <span class='ocrx_word' id='word_1_677' title='bbox 2848 3013 2994 3067; x_wconf 87' lang='lat' dir='ltr'><strong>orbis</strong></span> <span class='ocrx_word' id='word_1_678' title='bbox 3043 3022 3201 3066; x_wconf 74' lang='lat' dir='ltr'><strong>terra:</strong></span> <span class='ocrx_word' id='word_1_679' title='bbox 3232 3012 3358 3066; x_wconf 80' lang='lat' dir='ltr'><strong>illuc</strong></span> <span class='ocrx_word' id='word_1_680' title='bbox 3389 3022 3516 3067; x_wconf 88' lang='lat' dir='ltr'><strong>tunc</strong></span> 
     </span>
    </p>
   </div>
   <div class='ocr_carea' id='block_1_92' title="bbox 1916 3101 3512 3174">
    <p class='ocr_par' dir='ltr' id='par_1_92' title="bbox 1916 3101 3512 3174">
     <span class='ocr_line' id='line_1_92' title="bbox 1916 3101 3512 3174; baseline -0.001 -15"><span class='ocrx_word' id='word_1_681' title='bbox 1916 3104 2258 3160; x_wconf 81' lang='lat' dir='ltr'><strong>continebant</strong></span> <span class='ocrx_word' id='word_1_682' title='bbox 2302 3124 2316 3159; x_wconf 91' lang='lat'><strong>:</strong></span> <span class='ocrx_word' id='word_1_683' title='bbox 2361 3104 2596 3174; x_wconf 86' lang='lat' dir='ltr'><strong>episcopi</strong></span> <span class='ocrx_word' id='word_1_684' title='bbox 2660 3114 2838 3157; x_wconf 87' lang='lat' dir='ltr'><strong>autem</strong></span> <span class='ocrx_word' id='word_1_685' title='bbox 2920 3101 3313 3168; x_wconf 83' lang='lat' dir='ltr'><strong>Ecclesiarum,</strong></span> <span class='ocrx_word' id='word_1_686' title='bbox 3370 3102 3512 3172; x_wconf 88' lang='lat' dir='ltr'><strong>quod</strong></span> 
     </span>
    </p>
   </div>
   <div class='ocr_carea' id='block_1_93' title="bbox 1918 3195 3515 3266">
    <p class='ocr_par' dir='ltr' id='par_1_93' title="bbox 1918 3195 3515 3266">
     <span class='ocr_line' id='line_1_93' title="bbox 1918 3195 3515 3266; baseline -0.003 -13"><span class='ocrx_word' id='word_1_687' title='bbox 1918 3200 2170 3253; x_wconf 71' lang='lat' dir='ltr'><strong>Ecclesia:</strong></span> <span class='ocrx_word' id='word_1_688' title='bbox 2222 3213 2255 3251; x_wconf 88' lang='lat' dir='ltr'><strong>a</strong></span> <span class='ocrx_word' id='word_1_689' title='bbox 2306 3197 2468 3266; x_wconf 83' lang='lat' dir='ltr'><strong>longo</strong></span> <span class='ocrx_word' id='word_1_690' title='bbox 2503 3195 2644 3249; x_wconf 90' lang='lat' dir='ltr'><strong>bello</strong></span> <span class='ocrx_word' id='word_1_691' title='bbox 2693 3204 2750 3249; x_wconf 88' lang='lat' dir='ltr'><strong>et</strong></span> <span class='ocrx_word' id='word_1_692' title='bbox 2816 3203 3134 3264; x_wconf 86' lang='lat' dir='ltr'><strong>tempestate</strong></span> <span class='ocrx_word' id='word_1_693' title='bbox 3188 3195 3515 3264; x_wconf 69' lang='lat' dir='ltr'><strong>respiranbes</strong></span> 
     </span>
    </p>
   </div>
   <div class='ocr_carea' id='block_1_94' title="bbox 1918 3285 3513 3357">
    <p class='ocr_par' dir='ltr' id='par_1_94' title="bbox 1918 3285 3513 3357">
     <span class='ocr_line' id='line_1_94' title="bbox 1918 3285 3513 3357; baseline -0.001 -17"><span class='ocrx_word' id='word_1_694' title='bbox 1918 3288 2233 3357; x_wconf 89' lang='lat' dir='ltr'><strong>principium</strong></span> <span class='ocrx_word' id='word_1_695' title='bbox 2262 3287 2407 3355; x_wconf 89' lang='lat' dir='ltr'><strong>pacis</strong></span> <span class='ocrx_word' id='word_1_696' title='bbox 2437 3295 2492 3339; x_wconf 88' lang='lat' dir='ltr'><strong>et</strong></span> <span class='ocrx_word' id='word_1_697' title='bbox 2528 3285 2920 3355; x_wconf 86' lang='lat' dir='ltr'><strong>tranquillitatis</strong></span> <span class='ocrx_word' id='word_1_698' title='bbox 2951 3285 3256 3353; x_wconf 83' lang='lat' dir='ltr'><strong>accipereut</strong></span> <span class='ocrx_word' id='word_1_699' title='bbox 3283 3324 3299 3351; x_wconf 90' lang='lat'><strong>,</strong></span> <span class='ocrx_word' id='word_1_700' title='bbox 3346 3285 3513 3339; x_wconf 82' lang='lat' dir='ltr'><strong>literis</strong></span> 
     </span>
    </p>
   </div>
   <div class='ocr_carea' id='block_1_95' title="bbox 1919 3375 3513 3447">
    <p class='ocr_par' dir='ltr' id='par_1_95' title="bbox 1919 3375 3513 3447">
     <span class='ocr_line' id='line_1_95' title="bbox 1919 3375 3513 3447; baseline -0.001 -14"><span class='ocrx_word' id='word_1_701' title='bbox 1919 3379 2262 3447; x_wconf 84' lang='lat' dir='ltr'><strong>imperatoris</strong></span> <span class='ocrx_word' id='word_1_702' title='bbox 2293 3391 2482 3432; x_wconf 87' lang='lat' dir='ltr'><strong>onmes</strong></span> <span class='ocrx_word' id='word_1_703' title='bbox 2531 3377 2660 3431; x_wconf 89' lang='lat' dir='ltr'><strong>illuc</strong></span> <span class='ocrx_word' id='word_1_704' title='bbox 2706 3376 3053 3429; x_wconf 88' lang='lat' dir='ltr'><strong>vocabantur.</strong></span> <span class='ocrx_word' id='word_1_705' title='bbox 3088 3375 3131 3428; x_wconf 86' lang='grc' dir='ltr'>Τ</span> <span class='ocrx_word' id='word_1_706' title='bbox 3138 3391 3240 3431; x_wconf 84' lang='lat' dir='ltr'><strong>unc</strong></span> <span class='ocrx_word' id='word_1_707' title='bbox 3268 3391 3395 3447; x_wconf 89' lang='lat' dir='ltr'><strong>ergo</strong></span> <span class='ocrx_word' id='word_1_708' title='bbox 3427 3376 3513 3431; x_wconf 88' lang='lat' dir='ltr'><strong>hie</strong></span> 
     </span>
    </p>
   </div>
   <div class='ocr_carea' id='block_1_96' title="bbox 1915 3466 3513 3540">
    <p class='ocr_par' dir='ltr' id='par_1_96' title="bbox 1915 3466 3513 3540">
     <span class='ocr_line' id='line_1_96' title="bbox 1915 3466 3513 3540; baseline -0.002 -17"><span class='ocrx_word' id='word_1_709' title='bbox 1915 3486 2126 3540; x_wconf 90' lang='lat' dir='ltr'><strong>quoque</strong></span> <span class='ocrx_word' id='word_1_710' title='bbox 2190 3477 2408 3523; x_wconf 88' lang='lat' dir='ltr'><strong>sanctus</strong></span> <span class='ocrx_word' id='word_1_711' title='bbox 2469 3468 2596 3522; x_wconf 92' lang='lat' dir='ltr'><strong>illuc</strong></span> <span class='ocrx_word' id='word_1_712' title='bbox 2636 3466 2862 3521; x_wconf 89' lang='lat' dir='ltr'><strong>accedit.</strong></span> <span class='ocrx_word' id='word_1_713' title='bbox 2918 3467 2995 3520; x_wconf 84' lang='lat' dir='ltr'><strong>Ac</strong></span> <span class='ocrx_word' id='word_1_714' title='bbox 3036 3466 3177 3520; x_wconf 86' lang='lat' dir='ltr'><strong>sicut</strong></span> <span class='ocrx_word' id='word_1_715' title='bbox 3195 3502 3206 3527; x_wconf 66' lang='grc' dir='ltr'><em>,ι</em></span> <span class='ocrx_word' id='word_1_716' title='bbox 3230 3467 3282 3520; x_wconf 92' lang='lat' dir='ltr'><strong>in</strong></span> <span class='ocrx_word' id='word_1_717' title='bbox 3346 3466 3513 3521; x_wconf 77' lang='lat' dir='ltr'><strong>tribus</strong></span> 
     </span>
    </p>
   </div>
   <div class='ocr_carea' id='block_1_97' title="bbox 1919 3556 3514 3630">
    <p class='ocr_par' dir='ltr' id='par_1_97' title="bbox 1919 3556 3514 3630">
     <span class='ocr_line' id='line_1_97' title="bbox 1919 3556 3514 3630; baseline -0.001 -17"><span class='ocrx_word' id='word_1_718' title='bbox 1919 3561 2097 3630; x_wconf 89' lang='lat' dir='ltr'><strong>pueris</strong></span> <span class='ocrx_word' id='word_1_719' title='bbox 2124 3559 2339 3626; x_wconf 81' lang='lat' dir='ltr'><strong>accidit,</strong></span> <span class='ocrx_word' id='word_1_720' title='bbox 2367 3557 2580 3629; x_wconf 83' lang='lat' dir='ltr'><strong>quando</strong></span> <span class='ocrx_word' id='word_1_721' title='bbox 2604 3568 2757 3612; x_wconf 89' lang='lat' dir='ltr'><strong>erant</strong></span> <span class='ocrx_word' id='word_1_722' title='bbox 2786 3556 3052 3625; x_wconf 72' lang='lat' dir='ltr'><strong>prmcnnio</strong></span> <span class='ocrx_word' id='word_1_723' title='bbox 3093 3556 3437 3611; x_wconf 89' lang='lat' dir='ltr'><strong>renuntiandi</strong></span> <span class='ocrx_word' id='word_1_724' title='bbox 3458 3566 3514 3611; x_wconf 86' lang='lat' dir='ltr'><strong>et</strong></span> 
     </span>
    </p>
   </div>
   <div class='ocr_carea' id='block_1_98' title="bbox 1916 3645 3511 3719">
    <p class='ocr_par' dir='ltr' id='par_1_98' title="bbox 1916 3645 3511 3719">
     <span class='ocr_line' id='line_1_98' title="bbox 1916 3645 3511 3719; baseline -0.007 -12"><span class='ocrx_word' id='word_1_725' title='bbox 1916 3650 2205 3707; x_wconf 81' lang='lat' dir='ltr'><strong>Coronandi</strong></span> <span class='ocrx_word' id='word_1_726' title='bbox 2229 3693 2243 3717; x_wconf 97' lang='lat'><strong>,</strong></span> <span class='ocrx_word' id='word_1_727' title='bbox 2274 3650 2533 3704; x_wconf 78' lang='lat' dir='ltr'><strong>exstincta</strong></span> <span class='ocrx_word' id='word_1_728' title='bbox 2574 3650 2622 3701; x_wconf 85' lang='lat' dir='ltr'><strong>vi</strong></span> <span class='ocrx_word' id='word_1_729' title='bbox 2661 3648 2827 3718; x_wconf 84' lang='lat' dir='ltr'><strong>ignis,</strong></span> <span class='ocrx_word' id='word_1_730' title='bbox 2859 3645 2999 3700; x_wconf 86' lang='lat' dir='ltr'><strong>fastu</strong></span> <span class='ocrx_word' id='word_1_731' title='bbox 3043 3648 3251 3719; x_wconf 85' lang='lat' dir='ltr'><strong>tyranni</strong></span> <span class='ocrx_word' id='word_1_732' title='bbox 3296 3649 3511 3702; x_wconf 82' lang='lat' dir='ltr'><strong>concul-</strong></span> 
     </span>
    </p>
   </div>
   <div class='ocr_carea' id='block_1_99' title="bbox 1915 3726 3511 3810">
    <p class='ocr_par' dir='ltr' id='par_1_99' title="bbox 1915 3726 3511 3810">
     <span class='ocr_line' id='line_1_99' title="bbox 1915 3726 3511 3810; baseline -0.001 -14"><span class='ocrx_word' id='word_1_733' title='bbox 1915 3750 2036 3796; x_wconf 91' lang='lat' dir='ltr'><strong>cato</strong></span> <span class='ocrx_word' id='word_1_734' title='bbox 2056 3784 2071 3807; x_wconf 87' lang='lat'><strong>,</strong></span> <span class='ocrx_word' id='word_1_735' title='bbox 2102 3726 2375 3796; x_wconf 71' lang='lat' dir='ltr'><strong>confutata</strong></span> <span class='ocrx_word' id='word_1_736' title='bbox 2401 3742 2544 3795; x_wconf 92' lang='lat' dir='ltr'><strong>omni</strong></span> <span class='ocrx_word' id='word_1_737' title='bbox 2575 3752 2774 3810; x_wconf 83' lang='lat' dir='ltr'><strong>genere</strong></span> <span class='ocrx_word' id='word_1_738' title='bbox 2811 3740 3126 3809; x_wconf 87' lang='lat' dir='ltr'><strong>impietatis,</strong></span> <span class='ocrx_word' id='word_1_739' title='bbox 3161 3756 3228 3795; x_wconf 76' lang='lat' dir='ltr'><strong>ex</strong></span> <span class='ocrx_word' id='word_1_740' title='bbox 3263 3742 3511 3795; x_wconf 83' lang='lat' dir='ltr'><strong>universo</strong></span> 
     </span>
    </p>
   </div>
   <div class='ocr_carea' id='block_1_100' title="bbox 1915 3831 3509 3903">
    <p class='ocr_par' dir='ltr' id='par_1_100' title="bbox 1915 3831 3509 3903">
     <span class='ocr_line' id='line_1_100' title="bbox 1915 3831 3509 3903; baseline 0 -16"><span class='ocrx_word' id='word_1_741' title='bbox 1915 3833 2047 3888; x_wconf 88' lang='lat' dir='ltr'><strong>orbe</strong></span> <span class='ocrx_word' id='word_1_742' title='bbox 2074 3843 2231 3887; x_wconf 70' lang='lat' dir='ltr'><strong>terrae</strong></span> <span class='ocrx_word' id='word_1_743' title='bbox 2257 3840 2411 3887; x_wconf 90' lang='lat' dir='ltr'><strong>erant</strong></span> <span class='ocrx_word' id='word_1_744' title='bbox 2437 3833 2515 3887; x_wconf 85' lang='lat' dir='ltr'><strong>eis</strong></span> <span class='ocrx_word' id='word_1_745' title='bbox 2539 3831 2844 3901; x_wconf 85' lang='lat' dir='ltr'><strong>congregati</strong></span> <span class='ocrx_word' id='word_1_746' title='bbox 2868 3840 3202 3901; x_wconf 86' lang='lat' dir='ltr'><strong>spectatores</strong></span> <span class='ocrx_word' id='word_1_747' title='bbox 3231 3851 3244 3887; x_wconf 88' lang='lat'><strong>:</strong></span> <span class='ocrx_word' id='word_1_748' title='bbox 3274 3848 3396 3887; x_wconf 88' lang='lat' dir='ltr'><strong>nam</strong></span> <span class='ocrx_word' id='word_1_749' title='bbox 3419 3835 3509 3903; x_wconf 84' lang='lat' dir='ltr'><strong>qui</strong></span> 
     </span>
    </p>
   </div>
   <div class='ocr_carea' id='block_1_101' title="bbox 1914 3924 3513 3996">
    <p class='ocr_par' dir='ltr' id='par_1_101' title="bbox 1914 3924 3513 3996">
     <span class='ocr_line' id='line_1_101' title="bbox 1914 3924 3513 3996; baseline -0.001 -15"><span class='ocrx_word' id='word_1_750' title='bbox 1914 3926 2113 3996; x_wconf 86' lang='lat' dir='ltr'><strong>ubique</strong></span> <span class='ocrx_word' id='word_1_751' title='bbox 2140 3936 2400 3980; x_wconf 88' lang='lat' dir='ltr'><strong>terrarum</strong></span> <span class='ocrx_word' id='word_1_752' title='bbox 2432 3932 2588 3979; x_wconf 87' lang='lat' dir='ltr'><strong>erant</strong></span> <span class='ocrx_word' id='word_1_753' title='bbox 2625 3932 2854 3993; x_wconf 65' lang='lat' dir='ltr'><strong>satrapa:</strong></span> <span class='ocrx_word' id='word_1_754' title='bbox 2877 3965 2891 3989; x_wconf 94' lang='lat'><strong>,</strong></span> <span class='ocrx_word' id='word_1_755' title='bbox 2938 3924 3206 3993; x_wconf 82' lang='lat' dir='ltr'><strong>principes</strong></span> <span class='ocrx_word' id='word_1_756' title='bbox 3248 3934 3305 3979; x_wconf 89' lang='lat' dir='ltr'><strong>et</strong></span> <span class='ocrx_word' id='word_1_757' title='bbox 3336 3936 3513 3994; x_wconf 87' lang='lat' dir='ltr'><strong>topar-</strong></span> 
     </span>
    </p>
   </div>
   <div class='ocr_carea' id='block_1_102' title="bbox 1912 4017 3511 4089">
    <p class='ocr_par' dir='ltr' id='par_1_102' title="bbox 1912 4017 3511 4089">
     <span class='ocr_line' id='line_1_102' title="bbox 1912 4017 3511 4089; baseline 0.001 -16"><span class='ocrx_word' id='word_1_758' title='bbox 1912 4019 2051 4083; x_wconf 76' lang='lat' dir='ltr'><strong>chae,</strong></span> <span class='ocrx_word' id='word_1_759' title='bbox 2083 4027 2303 4089; x_wconf 90' lang='lat' dir='ltr'><strong>propter</strong></span> <span class='ocrx_word' id='word_1_760' title='bbox 2323 4018 2481 4071; x_wconf 89' lang='lat' dir='ltr'><strong>aliam</strong></span> <span class='ocrx_word' id='word_1_761' title='bbox 2510 4031 2727 4073; x_wconf 90' lang='lat' dir='ltr'><strong>causam</strong></span> <span class='ocrx_word' id='word_1_762' title='bbox 2756 4017 2952 4083; x_wconf 84' lang='lat' dir='ltr'><strong>vocati,</strong></span> <span class='ocrx_word' id='word_1_763' title='bbox 2990 4017 3108 4071; x_wconf 89' lang='lat' dir='ltr'><strong>illos</strong></span> <span class='ocrx_word' id='word_1_764' title='bbox 3132 4029 3511 4088; x_wconf 86' lang='lat' dir='ltr'><strong>spectaverunt</strong></span> 
     </span>
    </p>
   </div>
   <div class='ocr_carea' id='block_1_103' title="bbox 1910 4096 3509 4178">
    <p class='ocr_par' dir='ltr' id='par_1_103' title="bbox 1910 4096 3509 4178">
     <span class='ocr_line' id='line_1_103' title="bbox 1910 4096 3509 4178; baseline 0.003 -16"><span class='ocrx_word' id='word_1_765' title='bbox 1910 4109 2200 4175; x_wconf 84' lang='lat' dir='ltr'><strong>athletas;,</strong></span> <span class='ocrx_word' id='word_1_766' title='bbox 2219 4109 2380 4163; x_wconf 90' lang='lat' dir='ltr'><strong>etiam</strong></span> <span class='ocrx_word' id='word_1_767' title='bbox 2436 4116 2563 4163; x_wconf 89' lang='lat' dir='ltr'><strong>tunc</strong></span> <span class='ocrx_word' id='word_1_768' title='bbox 2608 4108 2839 4177; x_wconf 89' lang='lat' dir='ltr'><strong>accidit,</strong></span> <span class='ocrx_word' id='word_1_769' title='bbox 2870 4096 2927 4163; x_wconf 85' lang='lat' dir='ltr'><strong>ut</strong></span> <span class='ocrx_word' id='word_1_770' title='bbox 2980 4109 3293 4178; x_wconf 61' lang='lat' dir='ltr'><strong>praclarum</strong></span> <span class='ocrx_word' id='word_1_771' title='bbox 3354 4111 3509 4167; x_wconf 82' lang='lat' dir='ltr'><strong>ﬁeret</strong></span> 
     </span>
    </p>
   </div>
   <div class='ocr_carea' id='block_1_104' title="bbox 1911 4201 3503 4271">
    <p class='ocr_par' dir='ltr' id='par_1_104' title="bbox 1911 4201 3503 4271">
     <span class='ocr_line' id='line_1_104' title="bbox 1911 4201 3503 4271; baseline 0.001 -14"><span class='ocrx_word' id='word_1_772' title='bbox 1911 4203 2068 4265; x_wconf 79' lang='lat' dir='ltr'><strong>beato</strong></span> <span class='ocrx_word' id='word_1_773' title='bbox 2096 4201 2308 4257; x_wconf 82' lang='lat' dir='ltr'><strong>Meletio</strong></span> <span class='ocrx_word' id='word_1_774' title='bbox 2340 4201 2605 4256; x_wconf 88' lang='lat' dir='ltr'><strong>theatrum</strong></span> <span class='ocrx_word' id='word_1_775' title='bbox 2626 4241 2641 4267; x_wconf 89' lang='lat'><strong>,</strong></span> <span class='ocrx_word' id='word_1_776' title='bbox 2666 4215 2788 4256; x_wconf 93' lang='lat' dir='ltr'><strong>cum</strong></span> <span class='ocrx_word' id='word_1_777' title='bbox 2834 4210 3053 4271; x_wconf 90' lang='lat' dir='ltr'><strong>propter</strong></span> <span class='ocrx_word' id='word_1_778' title='bbox 3080 4202 3236 4256; x_wconf 89' lang='lat' dir='ltr'><strong>aliam</strong></span> <span class='ocrx_word' id='word_1_779' title='bbox 3284 4218 3503 4259; x_wconf 89' lang='lat' dir='ltr'><strong>causam</strong></span> 
     </span>
    </p>
   </div>
   <div class='ocr_carea' id='block_1_105' title="bbox 1912 4294 3505 4365">
    <p class='ocr_par' dir='ltr' id='par_1_105' title="bbox 1912 4294 3505 4365">
     <span class='ocr_line' id='line_1_105' title="bbox 1912 4294 3505 4365; baseline 0.003 -18"><span class='ocrx_word' id='word_1_780' title='bbox 1912 4295 2082 4348; x_wconf 88' lang='lat' dir='ltr'><strong>vocati</strong></span> <span class='ocrx_word' id='word_1_781' title='bbox 2114 4294 2349 4365; x_wconf 87' lang='lat' dir='ltr'><strong>episcopi</strong></span> <span class='ocrx_word' id='word_1_782' title='bbox 2372 4295 2516 4365; x_wconf 72' lang='lat' dir='ltr'><strong>‘,qui</strong></span> <span class='ocrx_word' id='word_1_783' title='bbox 2540 4294 2735 4364; x_wconf 89' lang='lat' dir='ltr'><strong>ubique</strong></span> <span class='ocrx_word' id='word_1_784' title='bbox 2763 4304 3027 4348; x_wconf 91' lang='lat' dir='ltr'><strong>terrarum</strong></span> <span class='ocrx_word' id='word_1_785' title='bbox 3058 4294 3505 4352; x_wconf 88' lang='lat' dir='ltr'><strong>administrabant</strong></span> 
     </span>
    </p>
   </div>
   <div class='ocr_carea' id='block_1_106' title="bbox 1911 4386 3503 4453">
    <p class='ocr_par' dir='ltr' id='par_1_106' title="bbox 1911 4386 3503 4453">
     <span class='ocr_line' id='line_1_106' title="bbox 1911 4386 3503 4453; baseline 0.001 -12"><span class='ocrx_word' id='word_1_786' title='bbox 1911 4386 2177 4442; x_wconf 82' lang='lat' dir='ltr'><strong>Ecclesias</strong></span> <span class='ocrx_word' id='word_1_787' title='bbox 2198 4394 2618 4453; x_wconf 73' lang='lat' dir='ltr'><strong>,accesserunt,</strong></span> <span class='ocrx_word' id='word_1_788' title='bbox 2649 4395 2705 4441; x_wconf 92' lang='lat' dir='ltr'><strong>et</strong></span> <span class='ocrx_word' id='word_1_789' title='bbox 2733 4394 2979 4440; x_wconf 90' lang='lat' dir='ltr'><strong>sanctum</strong></span> <span class='ocrx_word' id='word_1_790' title='bbox 3016 4386 3163 4440; x_wconf 90' lang='lat' dir='ltr'><strong>illum</strong></span> <span class='ocrx_word' id='word_1_791' title='bbox 3210 4397 3334 4442; x_wconf 89' lang='lat' dir='ltr'><strong>sunt</strong></span> <span class='ocrx_word' id='word_1_792' title='bbox 3370 4403 3503 4443; x_wconf 85' lang='lat' dir='ltr'><strong>con-</strong></span> 
     </span>
    </p>
   </div>
   <div class='ocr_carea' id='block_1_107' title="bbox 1911 4478 3507 4550">
    <p class='ocr_par' dir='ltr' id='par_1_107' title="bbox 1911 4478 3507 4550">
     <span class='ocr_line' id='line_1_107' title="bbox 1911 4478 3507 4550; baseline 0.001 -16"><span class='ocrx_word' id='word_1_793' title='bbox 1911 4480 2172 4549; x_wconf 88' lang='lat' dir='ltr'><strong>templati.</strong></span> <span class='ocrx_word' id='word_1_794' title='bbox 2205 4479 2492 4550; x_wconf 78' lang='lat' dir='ltr'><strong>Postquam</strong></span> <span class='ocrx_word' id='word_1_795' title='bbox 2537 4489 2714 4533; x_wconf 89' lang='lat' dir='ltr'><strong>autem</strong></span> <span class='ocrx_word' id='word_1_796' title='bbox 2743 4494 2864 4533; x_wconf 89' lang='lat' dir='ltr'><strong>cum</strong></span> <span class='ocrx_word' id='word_1_797' title='bbox 2899 4478 3300 4547; x_wconf 80' lang='lat' dir='ltr'><strong>adspexissent,</strong></span> <span class='ocrx_word' id='word_1_798' title='bbox 3332 4491 3385 4535; x_wconf 92' lang='lat' dir='ltr'><strong>et</strong></span> <span class='ocrx_word' id='word_1_799' title='bbox 3413 4496 3507 4536; x_wconf 83' lang='lat' dir='ltr'><strong>ac—</strong></span> 
     </span>
    </p>
   </div>
   <div class='ocr_carea' id='block_1_108' title="bbox 1910 4570 3505 4641">
    <p class='ocr_par' dir='ltr' id='par_1_108' title="bbox 1910 4570 3505 4641">
     <span class='ocr_line' id='line_1_108' title="bbox 1910 4570 3505 4641; baseline 0.001 -15"><span class='ocrx_word' id='word_1_800' title='bbox 1910 4584 2096 4627; x_wconf 91' lang='lat' dir='ltr'><strong>curate</strong></span> <span class='ocrx_word' id='word_1_801' title='bbox 2149 4571 2264 4640; x_wconf 89' lang='lat' dir='ltr'><strong>ejus</strong></span> <span class='ocrx_word' id='word_1_802' title='bbox 2301 4571 2614 4625; x_wconf 90' lang='lat' dir='ltr'><strong>didicissent</strong></span> <span class='ocrx_word' id='word_1_803' title='bbox 2662 4570 2949 4637; x_wconf 88' lang='lat' dir='ltr'><strong>pietatem,</strong></span> <span class='ocrx_word' id='word_1_804' title='bbox 2982 4570 3297 4636; x_wconf 86' lang='lat' dir='ltr'><strong>sapientiam</strong></span> <span class='ocrx_word' id='word_1_805' title='bbox 3344 4582 3505 4641; x_wconf 87' lang='lat' dir='ltr'><strong>atque</strong></span> 
     </span>
    </p>
   </div>
   <div class='ocr_carea' id='block_1_109' title="bbox 1910 4661 3507 4732">
    <p class='ocr_par' dir='ltr' id='par_1_109' title="bbox 1910 4661 3507 4732">
     <span class='ocr_line' id='line_1_109' title="bbox 1910 4661 3507 4732; baseline -0.001 -12"><span class='ocrx_word' id='word_1_806' title='bbox 1910 4666 2082 4720; x_wconf 83' lang='lat' dir='ltr'><strong>zelum</strong></span> <span class='ocrx_word' id='word_1_807' title='bbox 2117 4664 2277 4730; x_wconf 83' lang='lat' dir='ltr'><strong>fidei,</strong></span> <span class='ocrx_word' id='word_1_808' title='bbox 2312 4673 2366 4717; x_wconf 91' lang='lat' dir='ltr'><strong>ut</strong></span> <span class='ocrx_word' id='word_1_809' title='bbox 2393 4664 2481 4732; x_wconf 90' lang='lat' dir='ltr'><strong>qui</strong></span> <span class='ocrx_word' id='word_1_810' title='bbox 2516 4661 2801 4732; x_wconf 73' lang='lat' dir='ltr'><strong>perfectam</strong></span> <span class='ocrx_word' id='word_1_811' title='bbox 2833 4670 2887 4716; x_wconf 89' lang='lat' dir='ltr'><strong>et</strong></span> <span class='ocrx_word' id='word_1_812' title='bbox 2918 4661 3215 4716; x_wconf 89' lang='lat' dir='ltr'><strong>absolutam</strong></span> <span class='ocrx_word' id='word_1_813' title='bbox 3248 4663 3299 4717; x_wconf 93' lang='lat' dir='ltr'><strong>in</strong></span> <span class='ocrx_word' id='word_1_814' title='bbox 3327 4678 3385 4719; x_wconf 88' lang='lat' dir='ltr'><strong>se</strong></span> <span class='ocrx_word' id='word_1_815' title='bbox 3411 4663 3507 4718; x_wconf 63' lang='lat' dir='ltr'><strong>ba-</strong></span> 
     </span>
    </p>
   </div>
   <div class='ocr_carea' id='block_1_110' title="bbox 1910 4752 3505 4823">
    <p class='ocr_par' dir='ltr' id='par_1_110' title="bbox 1910 4752 3505 4823">
     <span class='ocr_line' id='line_1_110' title="bbox 1910 4752 3505 4823; baseline -0.001 -12"><span class='ocrx_word' id='word_1_816' title='bbox 1910 4757 2059 4811; x_wconf 86' lang='lat' dir='ltr'><strong>beret</strong></span> <span class='ocrx_word' id='word_1_817' title='bbox 2083 4770 2295 4810; x_wconf 90' lang='lat' dir='ltr'><strong>omnem</strong></span> <span class='ocrx_word' id='word_1_818' title='bbox 2324 4755 2571 4809; x_wconf 87' lang='lat' dir='ltr'><strong>virtutem</strong></span> <span class='ocrx_word' id='word_1_819' title='bbox 2593 4795 2606 4818; x_wconf 86' lang='lat'><strong>,</strong></span> <span class='ocrx_word' id='word_1_820' title='bbox 2637 4769 2755 4823; x_wconf 70' lang='lat' dir='ltr'><strong>qua:</strong></span> <span class='ocrx_word' id='word_1_821' title='bbox 2794 4752 2949 4807; x_wconf 88' lang='lat' dir='ltr'><strong>decet</strong></span> <span class='ocrx_word' id='word_1_822' title='bbox 2978 4754 3308 4808; x_wconf 86' lang='lat' dir='ltr'><strong>sacerdotem</strong></span> <span class='ocrx_word' id='word_1_823' title='bbox 3330 4796 3344 4820; x_wconf 87' lang='lat'><strong>,</strong></span> <span class='ocrx_word' id='word_1_824' title='bbox 3381 4763 3505 4811; x_wconf 89' lang='lat' dir='ltr'><strong>tunc</strong></span> 
     </span>
    </p>
   </div>
   <div class='ocr_carea' id='block_1_111' title="bbox 1908 4848 2645 4903">
    <p class='ocr_par' dir='ltr' id='par_1_111' title="bbox 1908 4848 2645 4903">
     <span class='ocr_line' id='line_1_111' title="bbox 1908 4848 2645 4903; baseline -0.008 0"><span class='ocrx_word' id='word_1_825' title='bbox 1908 4866 2029 4903; x_wconf 90' lang='lat' dir='ltr'><strong>eum</strong></span> <span class='ocrx_word' id='word_1_826' title='bbox 2067 4849 2130 4903; x_wconf 75' lang='lat' dir='ltr'><strong>ad</strong></span> <span class='ocrx_word' id='word_1_827' title='bbox 2163 4864 2222 4903; x_wconf 84' lang='lat' dir='ltr'><strong>se</strong></span> <span class='ocrx_word' id='word_1_828' title='bbox 2248 4849 2459 4901; x_wconf 86' lang='lat' dir='ltr'><strong>vocavit</strong></span> <span class='ocrx_word' id='word_1_829' title='bbox 2488 4848 2645 4900; x_wconf 90' lang='lat' dir='ltr'><strong>Deus.</strong></span> 
     </span>
    </p>
   </div>
   <div class='ocr_carea' id='block_1_112' title="bbox 1980 4936 3500 5010">
    <p class='ocr_par' dir='ltr' id='par_1_112' title="bbox 1980 4936 3500 5010">
     <span class='ocr_line' id='line_1_112' title="bbox 1980 4936 3500 5010; baseline -0.001 -15"><span class='ocrx_word' id='word_1_830' title='bbox 1980 4941 2086 4996; x_wconf 84' lang='lat' dir='ltr'><strong>Cur</strong></span> <span class='ocrx_word' id='word_1_831' title='bbox 2113 4950 2253 4994; x_wconf 73' lang='lat' dir='ltr'><strong>extra</strong></span> <span class='ocrx_word' id='word_1_832' title='bbox 2275 4940 2492 5010; x_wconf 85' lang='lat' dir='ltr'><strong>patriam</strong></span> <span class='ocrx_word' id='word_1_833' title='bbox 2524 4938 2736 4990; x_wconf 85' lang='lat' dir='ltr'><strong>moritur</strong></span> <span class='ocrx_word' id='word_1_834' title='bbox 2760 4936 3014 4991; x_wconf 76' lang='lat' dir='ltr'><strong>Meletiua.</strong></span> <span class='ocrx_word' id='word_1_835' title='bbox 3042 4965 3117 4978; x_wconf 94' lang='lat'><strong>—</strong></span> <span class='ocrx_word' id='word_1_836' title='bbox 3150 4936 3276 4992; x_wconf 83' lang='lat' dir='ltr'><strong>Ideo</strong></span> <span class='ocrx_word' id='word_1_837' title='bbox 3318 4950 3500 4995; x_wconf 88' lang='lat' dir='ltr'><strong>autem</strong></span> 
     </span>
    </p>
   </div>
   <div class='ocr_carea' id='block_1_113' title="bbox 1909 5029 3504 5098">
    <p class='ocr_par' dir='ltr' id='par_1_113' title="bbox 1909 5029 3504 5098">
     <span class='ocr_line' id='line_1_113' title="bbox 1909 5029 3504 5098; baseline 0 -10"><span class='ocrx_word' id='word_1_838' title='bbox 1909 5036 1988 5089; x_wconf 87' lang='lat' dir='ltr'><strong>sic</strong></span> <span class='ocrx_word' id='word_1_839' title='bbox 2016 5032 2230 5098; x_wconf 90' lang='lat' dir='ltr'><strong>accidit,</strong></span> <span class='ocrx_word' id='word_1_840' title='bbox 2258 5042 2317 5086; x_wconf 94' lang='lat' dir='ltr'><strong>ut</strong></span> <span class='ocrx_word' id='word_1_841' title='bbox 2338 5031 2508 5087; x_wconf 89' lang='lat' dir='ltr'><strong>levius</strong></span> <span class='ocrx_word' id='word_1_842' title='bbox 2533 5030 2698 5085; x_wconf 84' lang='lat' dir='ltr'><strong>ferret</strong></span> <span class='ocrx_word' id='word_1_843' title='bbox 2734 5038 2915 5083; x_wconf 86' lang='lat' dir='ltr'><strong>nostra</strong></span> <span class='ocrx_word' id='word_1_844' title='bbox 2947 5029 3156 5084; x_wconf 89' lang='lat' dir='ltr'><strong>civitas.</strong></span> <span class='ocrx_word' id='word_1_845' title='bbox 3178 5029 3311 5085; x_wconf 88' lang='lat' dir='ltr'><strong>Nam</strong></span> <span class='ocrx_word' id='word_1_846' title='bbox 3340 5032 3387 5087; x_wconf 87' lang='lat' dir='ltr'><strong>si</strong></span> <span class='ocrx_word' id='word_1_847' title='bbox 3416 5031 3504 5088; x_wconf 78' lang='lat' dir='ltr'><strong>hic</strong></span> 
     </span>
    </p>
   </div>
   <div class='ocr_carea' id='block_1_114' title="bbox 1904 5120 3503 5193">
    <p class='ocr_par' dir='ltr' id='par_1_114' title="bbox 1904 5120 3503 5193">
     <span class='ocr_line' id='line_1_114' title="bbox 1904 5120 3503 5193; baseline -0.003 -11"><span class='ocrx_word' id='word_1_848' title='bbox 1904 5125 2177 5182; x_wconf 83' lang='lat' dir='ltr'><strong>emisisset</strong></span> <span class='ocrx_word' id='word_1_849' title='bbox 2204 5124 2434 5178; x_wconf 88' lang='lat' dir='ltr'><strong>animam</strong></span> <span class='ocrx_word' id='word_1_850' title='bbox 2456 5166 2470 5189; x_wconf 94' lang='lat'><strong>,</strong></span> <span class='ocrx_word' id='word_1_851' title='bbox 2516 5121 2750 5175; x_wconf 90' lang='lat' dir='ltr'><strong>futurum</strong></span> <span class='ocrx_word' id='word_1_852' title='bbox 2781 5132 2896 5175; x_wconf 89' lang='lat' dir='ltr'><strong>erat</strong></span> <span class='ocrx_word' id='word_1_853' title='bbox 2926 5120 3263 5177; x_wconf 73' lang='lat' dir='ltr'><strong>intolerabile</strong></span> <span class='ocrx_word' id='word_1_854' title='bbox 3293 5125 3503 5193; x_wconf 85' lang='lat' dir='ltr'><strong>pondus</strong></span> 
     </span>
    </p>
   </div>
   <div class='ocr_carea' id='block_1_115' title="bbox 1907 5210 3499 5282">
    <p class='ocr_par' dir='ltr' id='par_1_115' title="bbox 1907 5210 3499 5282">
     <span class='ocr_line' id='line_1_115' title="bbox 1907 5210 3499 5282; baseline -0.003 -10"><span class='ocrx_word' id='word_1_855' title='bbox 1907 5216 2248 5272; x_wconf 87' lang='lat' dir='ltr'><strong>calamitatis.</strong></span> <span class='ocrx_word' id='word_1_856' title='bbox 2296 5214 2428 5282; x_wconf 89' lang='lat' dir='ltr'><strong>Quis</strong></span> <span class='ocrx_word' id='word_1_857' title='bbox 2474 5211 2617 5267; x_wconf 89' lang='lat' dir='ltr'><strong>enim</strong></span> <span class='ocrx_word' id='word_1_858' title='bbox 2665 5212 3011 5266; x_wconf 85' lang='lat' dir='ltr'><strong>sustinuisset</strong></span> <span class='ocrx_word' id='word_1_859' title='bbox 3054 5210 3239 5267; x_wconf 86' lang='lat' dir='ltr'><strong>videre</strong></span> <span class='ocrx_word' id='word_1_860' title='bbox 3284 5213 3499 5269; x_wconf 88' lang='lat' dir='ltr'><strong>beatum</strong></span> 
     </span>
    </p>
   </div>
   <div class='ocr_carea' id='block_1_116' title="bbox 1907 5302 3504 5373">
    <p class='ocr_par' dir='ltr' id='par_1_116' title="bbox 1907 5302 3504 5373">
     <span class='ocr_line' id='line_1_116' title="bbox 1907 5302 3504 5373; baseline -0.002 -11"><span class='ocrx_word' id='word_1_861' title='bbox 1907 5308 2056 5363; x_wconf 89' lang='lat' dir='ltr'><strong>illum</strong></span> <span class='ocrx_word' id='word_1_862' title='bbox 2110 5316 2410 5362; x_wconf 77' lang='lat' dir='ltr'><strong>extremum</strong></span> <span class='ocrx_word' id='word_1_863' title='bbox 2451 5304 2784 5359; x_wconf 86' lang='lat' dir='ltr'><strong>emittentem</strong></span> <span class='ocrx_word' id='word_1_864' title='bbox 2841 5302 3127 5372; x_wconf 86' lang='lat' dir='ltr'><strong>spiritum?</strong></span> <span class='ocrx_word' id='word_1_865' title='bbox 3171 5304 3291 5373; x_wconf 85' lang='lat' dir='ltr'><strong>quis</strong></span> <span class='ocrx_word' id='word_1_866' title='bbox 3340 5307 3504 5359; x_wconf 86' lang='lat' dir='ltr'><strong>susti-</strong></span> 
     </span>
    </p>
   </div>
   <div class='ocr_carea' id='block_1_117' title="bbox 1907 5394 3499 5464">
    <p class='ocr_par' dir='ltr' id='par_1_117' title="bbox 1907 5394 3499 5464">
     <span class='ocr_line' id='line_1_117' title="bbox 1907 5394 3499 5464; baseline -0.003 -9"><span class='ocrx_word' id='word_1_867' title='bbox 1907 5400 2112 5455; x_wconf 86' lang='lat' dir='ltr'><strong>nuisset</strong></span> <span class='ocrx_word' id='word_1_868' title='bbox 2146 5398 2330 5453; x_wconf 69' lang='lat' dir='ltr'><strong>‘videre</strong></span> <span class='ocrx_word' id='word_1_869' title='bbox 2377 5397 2463 5452; x_wconf 90' lang='lat' dir='ltr'><strong>illa</strong></span> <span class='ocrx_word' id='word_1_870' title='bbox 2491 5395 2774 5462; x_wconf 85' lang='lat' dir='ltr'><strong>supercilia</strong></span> <span class='ocrx_word' id='word_1_871' title='bbox 2813 5395 3092 5449; x_wconf 90' lang='lat' dir='ltr'><strong>oculorum</strong></span> <span class='ocrx_word' id='word_1_872' title='bbox 3123 5394 3381 5464; x_wconf 85' lang='lat' dir='ltr'><strong>deprimi,</strong></span> <span class='ocrx_word' id='word_1_873' title='bbox 3406 5412 3499 5451; x_wconf 88' lang='lat' dir='ltr'><strong>os-</strong></span> 
     </span>
    </p>
   </div>
   <div class='ocr_carea' id='block_1_118' title="bbox 1907 5484 3500 5563">
    <p class='ocr_par' dir='ltr' id='par_1_118' title="bbox 1907 5484 3500 5563">
     <span class='ocr_line' id='line_1_118' title="bbox 1907 5484 3500 5563; baseline -0.002 -18"><span class='ocrx_word' id='word_1_874' title='bbox 1907 5507 2011 5563; x_wconf 89' lang='lat' dir='ltr'><strong>que</strong></span> <span class='ocrx_word' id='word_1_875' title='bbox 2047 5490 2217 5545; x_wconf 88' lang='lat' dir='ltr'><strong>elaudi</strong></span> <span class='ocrx_word' id='word_1_876' title='bbox 2240 5531 2254 5556; x_wconf 91' lang='lat'><strong>,</strong></span> <span class='ocrx_word' id='word_1_877' title='bbox 2287 5496 2342 5545; x_wconf 86' lang='lat' dir='ltr'><strong>et</strong></span> <span class='ocrx_word' id='word_1_878' title='bbox 2377 5487 2623 5541; x_wconf 84' lang='lat' dir='ltr'><strong>mandata</strong></span> <span class='ocrx_word' id='word_1_879' title='bbox 2674 5485 2833 5539; x_wconf 87' lang='lat' dir='ltr'><strong>cdere</strong></span> <span class='ocrx_word' id='word_1_880' title='bbox 2880 5484 3354 5558; x_wconf 83' lang='lat' dir='ltr'><strong>novissima?quis</strong></span> <span class='ocrx_word' id='word_1_881' title='bbox 3398 5487 3500 5542; x_wconf 87' lang='lat' dir='ltr'><strong>hoc</strong></span> 
     </span>
    </p>
   </div>
   <div class='ocr_carea' id='block_1_119' title="bbox 1972 5616 3501 5689">
    <p class='ocr_par' dir='ltr' id='par_1_119' title="bbox 1972 5616 3501 5689">
     <span class='ocr_line' id='line_1_119' title="bbox 1972 5616 3501 5689; baseline -0.003 -15"><span class='ocrx_word' id='word_1_882' title='bbox 1972 5628 1987 5658; x_wconf 84' lang='grc'>¹</span> <span class='ocrx_word' id='word_1_883' title='bbox 2026 5634 2076 5675; x_wconf 88' lang='lat' dir='ltr'><strong>tn</strong></span> <span class='ocrx_word' id='word_1_884' title='bbox 2098 5625 2204 5674; x_wconf 66' lang='lat' dir='ltr'><strong>haec</strong></span> <span class='ocrx_word' id='word_1_885' title='bbox 2224 5622 2373 5673; x_wconf 87' lang='lat' dir='ltr'><strong>verba</strong></span> <span class='ocrx_word' id='word_1_886' title='bbox 2397 5619 2667 5689; x_wconf 78' lang='lat' dir='ltr'><strong>hujusmodi</strong></span> <span class='ocrx_word' id='word_1_887' title='bbox 2686 5625 2795 5689; x_wconf 72' lang='lat' dir='ltr'><strong>nota</strong></span> <span class='ocrx_word' id='word_1_888' title='bbox 2816 5616 2997 5689; x_wconf 71' lang='lat' dir='ltr'><strong>legitur</strong></span> <span class='ocrx_word' id='word_1_889' title='bbox 3020 5619 3081 5689; x_wconf 86' lang='lat' dir='ltr'><strong>in</strong></span> <span class='ocrx_word' id='word_1_890' title='bbox 3104 5617 3296 5689; x_wconf 82' lang='lat' dir='ltr'><strong>duobus</strong></span> <span class='ocrx_word' id='word_1_891' title='bbox 3316 5616 3501 5683; x_wconf 82' lang='lat' dir='ltr'><strong>codici-</strong></span> 
     </span>
    </p>
   </div>
   <div class='ocr_carea' id='block_1_120' title="bbox 1907 5670 3499 5752">
    <p class='ocr_par' dir='ltr' id='par_1_120' title="bbox 1907 5670 3499 5752">
     <span class='ocr_line' id='line_1_120' title="bbox 1907 5670 3499 5752; baseline -0.009 -11"><span class='ocrx_word' id='word_1_892' title='bbox 1907 5692 2014 5748; x_wconf 80' lang='lat' dir='ltr'><strong>bus,</strong></span> <span class='ocrx_word' id='word_1_893' title='bbox 2026 5670 2171 5752; x_wconf 50' lang='lat' dir='ltr'><strong>6:1:th</strong></span> <span class='ocrx_word' id='word_1_894' title='bbox 2171 5670 2337 5752; x_wconf 13' lang='lat' dir='ltr'><strong>autem,</strong></span> <span class='ocrx_word' id='word_1_895' title='bbox 2350 5670 2429 5736; x_wconf 54' lang='lat' dir='ltr'><strong>esi</strong></span> <span class='ocrx_word' id='word_1_896' title='bbox 2444 5670 2543 5734; x_wconf 72' lang='grc' dir='ltr'><strong>ἆιίὰ</strong></span> <span class='ocrx_word' id='word_1_897' title='bbox 2566 5670 2713 5752; x_wconf 70' lang='grc' dir='ltr'><strong><em>τρειεᾶ</em></strong></span> <span class='ocrx_word' id='word_1_898' title='bbox 2731 5680 2755 5731; x_wconf 66' lang='lat'><strong>.9</strong></span> <span class='ocrx_word' id='word_1_899' title='bbox 2772 5670 2955 5730; x_wconf 47' lang='lat' dir='ltr'><strong>scilicet</strong></span> <span class='ocrx_word' id='word_1_900' title='bbox 2979 5688 3170 5752; x_wconf 69' lang='lat' dir='ltr'><strong>centum</strong></span> <span class='ocrx_word' id='word_1_901' title='bbox 3190 5686 3235 5731; x_wconf 81' lang='lat' dir='ltr'><strong>et</strong></span> <span class='ocrx_word' id='word_1_902' title='bbox 3262 5680 3499 5744; x_wconf 70' lang='lat' dir='ltr'><strong>muriqua-</strong></span> 
     </span>
    </p>
   </div>
   <div class='ocr_carea' id='block_1_121' title="bbox 1909 5747 3039 5818">
    <p class='ocr_par' dir='ltr' id='par_1_121' title="bbox 1909 5747 3039 5818">
     <span class='ocr_line' id='line_1_121' title="bbox 1909 5747 3039 5818; baseline -0.014 -12"><span class='ocrx_word' id='word_1_903' title='bbox 1909 5756 2041 5818; x_wconf 77' lang='lat' dir='ltr'><strong>ginta</strong></span> <span class='ocrx_word' id='word_1_904' title='bbox 2054 5747 2283 5818; x_wconf 49' lang='grc' dir='ltr'><strong>Ἐρεμβοιή</strong></span> <span class='ocrx_word' id='word_1_905' title='bbox 2311 5751 2375 5801; x_wconf 78' lang='lat' dir='ltr'><strong>ad</strong></span> <span class='ocrx_word' id='word_1_906' title='bbox 2400 5747 2684 5811; x_wconf 74' lang='lat' dir='ltr'><strong>Gregorium</strong></span> <span class='ocrx_word' id='word_1_907' title='bbox 2709 5749 3039 5793; x_wconf 73' lang='lat' dir='ltr'><strong>convenerant.</strong></span> 
     </span>
    </p>
   </div>
  </div>
