4082 6420
606 342 707 400 819

1332 344 1391 402 S.
1428 341 1706 418 JOANNIS
1739 340 2209 400 CBRYSOS‘I‘OMI
2247 341 2563 410 ARClllEP.
2603 345 3135 407 CONSTANTINOP.

3781 355 3885 411 59.0

615 453 915 522 adspiciens
958 468 1066 512 non
1107 455 1395 520 defecisset
1436 456 1802 527 magnitudine
1842 454 2155 511 calamitatis
2175 453 2202 504 2
2304 473 2411 512 non
2436 474 2594 516 κω.
2615 476 2680 517 ac
2704 477 2832 543 ,ρας
2851 460 3059 530 favum,
3089 465 3487 522 circumvohﬁg
3505 481 3708 538 οαιριιε
3749 466 3887 524 hem;

603 543 683 598 Ne
727 549 832 600 hoc
871 559 1001 617 ergo
1035 547 1338 614 accideret,
1375 546 1603 616 providit
1633 547 1806 613 Deus,
1835 557 1893 600 ut
1930 545 1984 601 ln
2021 545 2195 599 aliena
2301 546 2497 605 leletli
2523 569 2539 606 :
2565 566 2726 608 causa
2755 566 2885 608 vero
2903 563 3037 619 erat,
3061 569 3170 610 non
3195 570 3226 609 a
3257 565 3447 613 natura
3471 567 3625 614 ortus
3651 558 3705 613 in
3736 557 3886 613 illum

607 638 824 708 regione
856 639 1090 694 animam
1123 639 1425 703 exhalaret,
1467 649 1527 694 ut
1564 629 1833 708 tempore,
1859 636 2000 708 quod
2027 637 2190 691 inter-

603 729 793 797 cessit,
829 729 968 787 banc
989 733 1272 787 maximam
1301 731 1650 802 praemeditati
1677 729 2051 794 calamitatem,
2069 743 2190 782 cum

599 819 903 877 videremus
955 821 1159 893 ingredi
1207 837 1443 892 corpus,
1497 837 1598 877 nec
1635 823 1815 876 animo
1869 827 2183 874 consterna-

601 922 805 974 reniur,
837 924 961 963 cum
1013 925 1166 965 mens
1207 909 1319 980 jam
1361 919 1504 966 esset
1552 909 1715 964 luctui
1769 906 2062 963 assuefacta
2089 923 2104 962 :
2132 915 2190 961 ut

597 998 758 1054 etiam
786 998 1026 1069 contigit.
1052 998 1183 1055 Cum
1217 1000 1359 1054 enim
1409 997 1765 1054 venerandum
1805 996 1933 1052 illud
1978 989 2177 1065 corpus

598 1088 808 1158 excepit
834 1088 1059 1154 civitas’,
1088 1089 1221 1144 luxit
1246 1089 1459 1160 quidem
1508 1097 1561 1141 et
1602 1086 1755 1141 valde
1783 1085 2007 1156 ejulavit
2034 1103 2048 1138 :
2079 1085 2174 1141 sed

605 1178 803 1233 luctum
854 1180 960 1234 cito
1013 1181 1300 1251 repressit,
1347 1191 1452 1233 tam
1499 1187 1718 1248 propter
1768 1191 1982 1230 causam
2024 1191 2181 1247 quam

607 1267 860 1334 diximus,
889 1283 1047 1341 quam
1077 1280 1296 1341 propter
1320 1284 1461 1335 eam,
1487 1283 1606 1336 quae
1629 1275 1713 1322 est
1739 1265 1985 1320 dicenda.

665 1357 804 1414 Laus
828 1358 1069 1415 Flaviani
1105 1360 1346 1432 episcopi.
1375 1387 1450 1400 —
1472 1358 1739 1428 Beuigims
1784 1357 1926 1410 enim
1975 1364 2028 1412 et
2071 1357 2182 1411 cle-

597 1464 748 1505 mens
779 1451 942 1518 Deus,
968 1451 1218 1506 misertus
1242 1450 1408 1504 nostri
1436 1448 1658 1513 doloris,
1686 1448 1849 1502 alium
1875 1447 1981 1501 cito
2025 1446 2178 1501 nobis

590 1542 738 1598 dedit
770 1555 1036 1614 pastorem
1055 1585 1070 1610 ,
1104 1545 1195 1615 qui
1221 1545 1446 1599 virtutes
1475 1543 1614 1598 illius
1643 1548 1888 1595 accurate
1925 1537 2166 1594 referret.

588 1633 690 1699 Qui
715 1648 835 1688 eum
867 1633 1049 1690 sedem
1073 1634 1421 1697 ascendisset,
1458 1632 1644 1688 humili
1685 1639 1742 1686 et
1782 1630 1988 1698 lugubri
2021 1638 2172 1684 veste

587 1740 688 1778 nos
713 1726 895 1782 statim
918 1726 1103 1794 exuit,
1130 1736 1183 1781 et
1212 1725 1451 1781 dolorem
1484 1723 1772 1787 exstinxit,
1803 1719 1944 1774 beati
1995 1726 2171 1774 autem

585 1816 983 1893 Meietii'magis
1011 1819 1320 1872 memoriam
1368 1816 1661 1871 renovavit.
1688 1813 1758 1869 Et
1781 1811 1937 1866 dolor
1961 1810 2172 1878 quidem

585 1907 953 1974 ﬂaccescebat,
989 1923 1141 1962 amor
1169 1923 1297 1962 vero
1347 1905 1737 1962 accendebatur
1779 1901 2168 1968 vehementius,

581 2006 640 2052 et
669 1997 890 2052 omnino
915 1998 1119 2053 sublata
1160 1997 1258 2054 fuit
1309 1996 1470 2051 animi
1519 1993 1816 2064 aegritudo:
1849 2005 2168 2062 quamquam

585 2088 642 2142 in
665 2088 956 2143 amissione
974 2105 1183 2152 eorum.
1205 2088 1294 2159 qui
1320 2086 1582 2143 carissimi
1610 2093 1756 2149 sunt,
1787 2098 1891 2136 non
1920 2082 1994 2136 ita
2029 2081 2169 2134 solet

584 2180 964 2235 evenirezsed
1019 2180 1234 2251 quando
1282 2181 1400 2251 quis
1444 2178 1612 2234 filium
1663 2175 2032 2236 carissimum,
2083 2172 2166 2225 vel

584 2269 747 2326 etiam
773 2268 1143 2327 bonorabilem
1192 2273 1439 2328 maritum
1483 2268 1724 2324 amiserit
1761 2266 1970 2330 mulier,
1997 2263 2170 2318 donec

578 2359 700 2431 ejus
749 2361 1043 2418 ferventem
1090 2371 1374 2433 conservat
1418 2359 1752 2423 memoriam,
1800 2355 2168 2412 vehementior

580 2449 764 2504 luctus
811 2453 1048 2506 animum
1105 2461 1370 2521 occupat;
1423 2449 1638 2520 quando
1688 2461 1818 2503 vero
1873 2442 2167 2499 succedens

578 2550 790 2610 tempus
818 2540 1014 2597 luctum
1041 2541 1328 2604 sedaverit,
1356 2540 1513 2596 simul
1544 2553 1682 2614 [cum
1693 2533 2047 2591 uehementia
2071 2533 2169 2589 do-

581 2632 710 2687 loris
737 2635 999 2690 exstincta
1026 2645 1109 2690 est
1134 2635 1295 2690 etiam
1315 2675 1330 2697 ,
1361 2650 1480 2703 qua:
1504 2632 1734 2700 vigebat,
1763 2628 2017 2682 memoria
2051 2644 2065 2680 :
2108 2627 2161 2680 iu

578 2719 680 2778 hoc
704 2733 883 2779 autem
929 2725 1086 2782 beato
1104 2726 1221 2781 viro
1245 2725 1571 2781 contrarium
1597 2720 1824 2776 accidit:
1847 2733 1969 2773 nam
1998 2717 2162 2771 animi

2297 625 2471 707 amor,
2521 643 2616 698 sed
2656 643 2786 698 recti
2826 643 3010 713 judicii
3055 647 3409 704 ratiocinatio.
3457 647 3583 704 Ideo
3633 663 3743 704 non
3789 649 3887 704 fuit

2296 742 2470 787 morte
2491 734 2752 788 exstincta
2783 736 2954 790 sancti
2981 736 3176 792 lleletii
3204 739 3480 807 memoria,
3503 749 3752 810 tempore
3776 757 3885 796 non

2294 823 2588 888 emarcuit;
2618 823 2711 878 sed
2735 835 2958 894 augetur
2977 838 3032 880 et
3055 828 3225 897 majus
3248 831 3440 899 accipit
3459 832 3879 898 incrementum,

2293 927 2398 966 non
2423 913 2474 966 in
2503 907 2566 967 iis
2591 915 2785 977 solum.
2814 916 2903 985 qui
2933 917 3216 984 viderunt,
3244 920 3340 975 sed
3381 922 3544 976 etiam
3574 923 3628 977 in
3653 924 3760 988 iis,
3790 927 3884 994 qui

2291 1017 2396 1058 non
2427 1002 2691 1060 viderunt.
2723 1006 2820 1061 Est
2843 1009 2985 1063 enim
3016 1008 3121 1065 hoc
3134 1026 3346 1081 quoque
3371 1012 3709 1082 admirabile,
3737 1018 3885 1086 quod

2287 1094 2377 1164 qui
2410 1093 2625 1151 fuerunt
2653 1098 2791 1153 illius
2835 1100 2958 1154 vita
3003 1107 3248 1171 tempore
3284 1103 3547 1172 iuniores,
3577 1106 3616 1160 ii
3648 1113 3884 1177 quoque

2286 1185 2653 1242 accenduntur
2675 1188 2742 1242 ad
2787 1189 2928 1244 idem
2960 1189 3306 1249 desiderium.
3334 1197 3510 1262 Atque
3533 1209 3630 1250 vos
3655 1198 3882 1266 quidem

2288 1289 2448 1330 senes
2491 1277 2543 1331 in
2592 1279 2693 1334 hoc
2719 1281 2985 1349 superatis
3009 1297 3126 1348 eos,
3154 1283 3244 1352 qui
3273 1298 3380 1337 non
3417 1284 3700 1352 viderunt,
3731 1285 3884 1355 quod

2285 1379 2407 1420 cum
2435 1381 2502 1422 eo
2544 1370 2740 1424 versati
2770 1372 2938 1438 estis,
2979 1381 3036 1427 et
3058 1371 3288 1428 fructum
3317 1375 3630 1444 percepistis
3671 1386 3885 1432 sancta.

2283 1457 2400 1526 ejus
2423 1459 2856 1527 consuetudinis;
2883 1463 2974 1532 qui
3021 1472 3200 1518 autem
3238 1479 3348 1519 non
3391 1464 3672 1532 viderunt,
3705 1468 3766 1521 in
3812 1483 3884 1523 eo

2282 1563 2379 1604 vos
2405 1561 2680 1620 superant,
2709 1552 2852 1622 quod
2880 1569 3000 1608 cum
3043 1553 3215 1609 virum
3262 1571 3369 1610 non
3401 1556 3783 1627 adspexerint,
3818 1560 3874 1613 in

2280 1641 2453 1709 ipsum
2475 1656 2580 1696 non
2610 1643 2787 1699 minus
2810 1643 3137 1699 desiderium
3171 1647 3487 1702 ostendant.

2349 1733 2651 1789 lntercessio
2677 1735 3004 1791 Sanctorum.
3027 1767 3101 1778 —
3116 1737 3342 1794 Oremus
3369 1739 3546 1810 itaque
3571 1755 3766 1796 omnes
3795 1743 3879 1797 si-

2276 1828 2515 1882 multam
2541 1827 2878 1897 magistratus
2895 1844 3054 1896 quam
3077 1828 3287 1897 privnti,
3311 1840 3416 1884 tam
3439 1830 3690 1886 mulieres
3709 1848 3878 1900 quam

2275 1917 2394 1984 viri,
2425 1927 2532 1972 tam
2560 1932 2717 1973 senes
2738 1933 2897 1987 quam
2918 1919 3144 1987 juvenes
3165 1958 3182 1983 ,
3206 1928 3313 1974 tam
3339 1921 3478 1973 servi
3506 1936 3666 1991 quani
3691 1922 3877 1986 liberi,

2275 2010 2487 2064 beatum
2516 2010 2689 2079 ipsum
2717 2009 2980 2064 Meletiqu
3009 2008 3198 2064 harum
3228 2024 3451 2080 precum
3489 2012 3695 2066 socium
3729 2013 3880 2067 acci-

2282 2102 2506 2170 pientes.
2537 2100 2634 2154 Est
2672 2101 2813 2154 enim
2841 2099 2890 2154 ei
2921 2113 3063 2153 nunc
3102 2079 3272 2168 major
3301 2079 3492 2156 fiducia
3516 2142 3531 2166 ,
3558 2110 3614 2156 et
3636 2117 3794 2156 amor
3823 2104 3880 2158 iu

2277 2205 2375 2245 nos
2405 2189 2716 2255 ferventior,
2743 2197 2803 2244 ut
2827 2188 2942 2243 haec
2960 2188 3115 2244 nobis
3142 2199 3399 2260 augeatur
3423 2192 3618 2246 caritas
3640 2232 3658 2258 ,
3688 2200 3744 2246 et
3773 2208 3879 2248 nos

2273 2296 2463 2337 omnes
2517 2282 2570 2337 id
2628 2295 3019 2352 consequamur
3049 2321 3066 2346 ,
3125 2290 3184 2336 ut
3233 2282 3503 2351 quomodo
3556 2282 3642 2339 hic
3701 2297 3878 2354 prope

2271 2388 2450 2428 arcam
2499 2374 2656 2428 istam
2697 2372 2972 2426 adstauius
3011 2371 3087 2445 (a)
3113 2412 3130 2438 ,
3173 2373 3243 2426 ita
3289 2372 3396 2428 illic
3449 2387 3662 2443 quoque
3703 2388 3876 2443 prope

2273 2462 2486 2518 beatum
2515 2471 2572 2518 et
2597 2470 2854 2516 aeternum
2885 2461 3002 2530 ejus
3041 2461 3434 2517 tabernaculum
3465 2475 3616 2524 esse.
3646 2470 3702 2516 et
3727 2462 3875 2517 bona

2271 2564 2469 2609 aeterna
2497 2553 2650 2609 nobis
2691 2553 2921 2621 reposita
2948 2553 3200 2622 consequi
3232 2553 3496 2621 possimus
3521 2567 3535 2605 :
3565 2566 3685 2622 qua:
3710 2551 3878 2608 detur

2269 2645 2423 2700 nobis
2449 2645 2696 2703 omnibus
2735 2643 2977 2698 obtinere
2999 2683 3015 2707 ,
3046 2644 3218 2712 gratia
3255 2653 3309 2697 et
3333 2643 3612 2696 clementia
3653 2639 3875 2697 Domini

2268 2735 2436 2790 nostri
2459 2735 2585 2791 Jesu
2610 2735 2853 2798 Christi;
2882 2749 2978 2804 per
3000 2750 3160 2804 quem
3186 2744 3241 2788 et
3282 2735 3494 2802 quicum
3523 2733 3664 2788 Patri
3694 2734 3870 2804 gloria

575 2815 792 2884 quidem
815 2816 1072 2886 agritudo
1098 2817 1267 2886 ejecta
1297 2817 1517 2871 omnino
1564 2813 1679 2877 fuit,
1711 2808 2011 2899 recordatio
2034 2823 2164 2897 vero

2282 2836 2323 2884 ξι
2352 2828 2648 2899 imperium,
2673 2827 2828 2881 simul
2847 2841 2971 2881 cum
2998 2833 3184 2881 sancto
3203 2824 3430 2894 Spiritu,
3457 2826 3510 2880 in
3535 2825 3731 2881 saecula
3760 2842 3867 2882 Sie-

579 2918 691 2957 non
713 2903 872 2958 simul
899 2904 1030 2958 abiit
1062 2918 1193 2959 cum
1217 2905 1401 2960 dolore
1419 2944 1433 2970 ,
1464 2902 1555 2958 sed
1580 2909 1736 2957 aucta
1756 2909 1839 2954 est
1873 2895 2160 2951 vehemené

2273 2921 2537 2975 culorum.
2567 2919 2758 2972 Amen.

576 2994 700 3049 tius.
728 2994 916 3050 Testes
935 3005 1113 3051 autem
1143 2996 1275 3052 estis
1299 3012 1417 3064 vos,
1433 2995 1522 3064 qui
1544 3003 1664 3064 post
1689 3000 1890 3046 tantum
1921 2997 2151 3068 tempus,

2326 3011 2401 3073 (α)
2432 3007 2680 3070 CapsuIam
2699 3005 3022 3071 Reliquiarum
3053 2999 3439 3069 ejus‘i‘ntelligit.

2032 3334 2387 3395 MONITUM

663 3460 814 3518 lianc
847 3462 1168 3518 concionem
1196 3460 1436 3516 habitam
1464 3475 1586 3515 esse
1619 3458 1848 3529 septima
1879 3457 1967 3513 die
1990 3455 2240 3512 Januarii
2274 3455 2404 3511 anni
2431 3452 2536 3509 587
2565 3453 2889 3523 Epiphania:
2915 3452 3116 3506 festum
3144 3454 3496 3520 insequente,
3525 3465 3636 3521 quo
3664 3449 3855 3504 homi-

588 3575 724 3632 [iam
754 3576 829 3632 De
856 3577 1126 3649 baptismo
1168 3573 1372 3630 Christi
1419 3573 1688 3639 recitavit,
1735 3573 1914 3639 ipsum
1949 3571 2234 3627 concionis
2266 3570 2433 3639 hujus
2484 3569 2702 3623 initium
2758 3574 2944 3636 aperte
2975 3566 3321 3621 demonstrat
3353 3583 3367 3619 :
3410 3563 3564 3630 Quod
3603 3565 3857 3616 hesterno

590 3694 675 3749 die
697 3689 1146 3761 pertimescebam,
1186 3687 1386 3758 inquit,
1408 3687 1594 3750 evenit,
1622 3695 1672 3740 et
1718 3685 1787 3740 ad
1824 3685 2066 3754 eiectum
2089 3682 2206 3753 jam
2253 3691 2566 3765 perductum
2598 3689 2712 3743 est;
2765 3695 2947 3750 nempe
2974 3679 3064 3733 ubi
3113 3679 3306 3748 festum
3357 3677 3637 3748 prcteriit,
3687 3681 3860 3732 simul

590 3809 754 3861 etiam
788 3805 1078 3859 multitudo
1104 3819 1139 3858 a
1170 3801 1320 3855 nobis
1346 3799 1619 3865 abscessit,
1652 3799 1924 3869 minorque
1943 3798 2095 3852 nobis
2131 3810 2293 3853 cintus
2324 3805 2402 3850 est
2430 3796 2625 3865 factus.
2660 3794 2784 3851 Haec
2813 3810 2979 3864 porro
3011 3792 3207 3850 confer
3235 3808 3359 3847 cum
3407 3791 3562 3848 initio
3609 3792 3862 3851 humilia:

594 3922 741 3974 illius
763 3918 841 3973 De
859 3919 1130 3988 baptismo
1154 3914 1382 3976 Christi,
1410 3914 1501 3968 ubi
1532 3914 1613 3968 sic
1643 3914 1856 3968 orditur
1880 3913 2303 3984 Chrysostomus
2327 3928 2341 3963 :
2377 3913 2571 3966 Omnes
2600 3927 2687 3965 vos
2707 3912 2762 3964 in
2784 3913 2975 3966 latitia
2999 3912 3175 3976 hodie,
3224 3927 3318 3981 ego
3349 3900 3471 3964 mo
3517 3909 3572 3961 in
3623 3925 3854 3966 maror:

593 4051 712 4095 sum
736 4034 900 4092 solus.
929 4032 1072 4087 Nam
1109 4049 1228 4086 cum
1257 4033 1312 4084 in
1341 4031 1440 4085 hoc
1475 4031 1753 4100 rpirituale
1801 4031 2017 4100 pelagus
2043 4030 2220 4085 oculos
2249 4046 2388 4084 meos
2424 4019 2762 4096 converto,.et
2793 4032 3078 4084 immensas
3105 4027 3358 4086 Ecclesiae
3379 4029 3596 4083 divitias
3626 4029 3867 4099 comple-

596 4165 729 4219 ctor,
757 4167 820 4206 ac
842 4147 1028 4203 deinde
1058 4144 1318 4214 perpendo
1357 4133 1498 4213 fore,
1517 4151 1574 4196 ut
1597 4158 1717 4201 cum
1744 4143 1974 4212 primum
2029 4141 2335 4196 solemnitas
2369 4141 2475 4194 ista
2504 4142 2839 4210 preterierit,
2880 4141 3170 4197 multitudo
3201 4158 3387 4196 rursus
3417 4145 3524 4197 ista
3549 4145 3765 4233 ‘rest'lt'at
3795 4164 3866 4201 ac

596 4267 852 4332 discedat,
891 4267 1099 4320 crucior
1124 4274 1170 4319 et
1197 4264 1364 4317 animi
1403 4261 1586 4316 dolore
1641 4279 1808 4332 angor
1838 4278 1858 4318 :
1893 4263 2034 4332 quod
2061 4279 2180 4315 cum
2210 4272 2318 4315 tam
2347 4262 2540 4316 multos
2564 4262 2756 4316 liberos
2786 4263 3042 4330 pepererit
3069 4261 3332 4326 Ecclesia,
3360 4278 3464 4317 non
3514 4263 3626 4320 illis
3670 4265 3867 4319 itidem

600 4391 657 4442 in
677 4384 898 4456 singulis
919 4381 1178 4444 collectis,
1213 4379 1303 4434 sed
1339 4381 1395 4433 in
1431 4381 1566 4450 festo
1603 4377 1935 4432 solummodo
1963 4377 2072 4447 frui
2097 4379 2285 4447 possit.
2331 4377 2468 4434 Hinc
2516 4379 2637 4433 luce
2670 4379 2874 4432 clarius
2893 4378 3314 4433 commonstra'"i
3353 4378 3588 4444 videtur,
3624 4380 3765 4433 hanc
3791 4380 3869 4435 de

603 4499 661 4554 S.
701 4496 940 4554 Luciano
968 4494 1260 4566 panegyriu
1299 4493 1556 4550 habuisse
1587 4492 2042 4563 Clirysostomum
2077 4494 2361 4562 postridie,
2424 4508 2587 4564 quam
2620 4492 2687 4562 de
2725 4493 2997 4564 baptismo
3031 4490 3238 4547 Christi
3272 4492 3329 4544 in
3385 4488 3688 4561 Epiphania
3719 4506 3863 4546 eon-

1558 4877 2055 4962 HOMILIA
2105 4875 2847 4962 PANEGYRICA

1718 5134 1783 5179 IN
1824 5132 1875 5176 s.
1912 5131 2266 5177 annnam
2310 5125 2632 5174 wcunuu
2665 5105 2781 5189 (ο).

2279 5339 2522 5382 monstrat
2561 5329 2852 5383 diuitiarum
2896 5339 3150 5384 naturam.
3206 5332 3427 5401 —Quod
3473 5333 3730 5392 hesterno
3775 5339 3866 5393 die

2313 5449 2389 5485 uie
2412 5442 2462 5509 tn
2485 5438 2604 5486 Edit.
2625 5437 2788 5488 Morel.
2814 5446 2893 5488 est
2914 5445 3044 5488 Tom.
3073 5441 3120 5497 1,
3146 5453 3256 5503 pag.
3278 5441 3390 5493 275.
3414 5449 3442 5492 s
3509 5445 3640 5494 uitur
3662 5440 3865 5496 Humilia

2314 5511 2343 5548 e
2371 5498 2544 5558 Spiritu
2575 5505 2622 5549 5.
2661 5507 2714 5550 et
2757 5508 2925 5551 contra
2962 5503 3173 5558 Arianos,
3207 5514 3318 5558 qua:
3356 5505 3403 5553 in
3435 5456 3552 5555 ἂι.
3586 5507 3752 5558 Morel.
3788 5513 3860 5558 est

3517 5513 3552 5555 ι.
3586 5513 3752 5558 Morel.
3788 5513 3860 5558 ebl

667 5333 724 5394 ι.
758 5336 824 5390 In
863 5332 1148 5391 socordiam
1187 5329 1522 5402 quorumdam
1552 5325 1802 5379 invehitur
1823 5340 1844 5388 ;
1869 5326 2061 5394 ﬂuxam
2089 5331 2175 5381 de.

654 5447 728 5512 (α)
759 5448 934 5498 Collata
956 5457 1065 5495 Ctlm
1084 5443 1330 5493 codicibus
1345 5414 1459 5502 Reg.
1483 5437 1626 5509 asta,
1642 5442 1696 5487 et
1709 5433 1973 5486 Colbertin.
1995 5437 2106 5510 oio.
2127 5438 2176 5508 in
2277 5449 2389 5548 quae
2412 5442 2462 5509 in
2485 5438 2604 5486 Edit.
2625 5437 2788 5488 soi-ei.
2814 5446 2893 5488 est
2914 5445 3044 5512 mi,
3073 5441 3120 5497 i.
3146 5453 3256 5503 pag.
3278 5441 3367 5513 mi

654 5530 692 5548 υ.
715 5520 958 5548 muer
978 5507 1184 5548 habetur
1210 5511 1316 5548 nom.
1337 5499 1582 5548 nominaui
1613 5499 1677 5548 de
1720 5499 1955 5548 Bantismo
1973 5500 2166 5548 Christi.
2314 5511 2343 5548 e
2371 5498 2544 5548 smrltu
2575 5505 2622 5548 5.
2661 5507 2714 5548 et
2757 5508 2925 5548 contra
2962 5509 3173 5548 Arianos.
3207 5514 3318 5548 aus:
3356 5518 3367 5548 l

595 5498 958 5586 quioiiostremo
978 5507 1184 5560 habetur
1209 5511 1316 5568 post
1337 5498 1582 5554 nominaui
1613 5499 1677 5548 de
1720 5499 1955 5560 Baptisms
1973 5500 2166 5556 Christi,

2282 5498 2343 5548 de
2371 5498 2544 5563 Spiritu
2575 5505 2622 5549 5.
2661 5507 2714 5550 et
2757 5508 2925 5551 contra
2962 5498 3173 5562 Arianos‘,
3207 5498 3318 5567 qua:
3356 5505 3403 5553 in
