4082 6420
227 372 329 429 5'“

225 478 694 556 pertimescebam,
721 473 900 532 evenit
926 482 981 528 et
1002 471 1068 528 ad
1095 469 1342 525 elfectum
1364 469 1473 538 jam
1503 465 1818 537 perductum

225 585 347 637 est;
380 588 570 642 nempe
598 570 688 625 ubi
719 568 912 623 festum
941 563 1233 637 praeteriit,
1264 560 1423 616 simul
1457 561 1616 614 etiam
1645 556 1824 611 multi-

226 664 359 720 tudo
381 664 532 718 nobis
551 659 831 724 abscessit,
855 658 1133 724 minorque
1157 653 1310 707 nobis
1331 661 1502 706 cattus
1525 659 1604 704 est
1633 646 1824 702 factus.

226 755 343 810 Hoc
367 752 612 822 equidem
641 763 859 819 prorsus
882 755 1196 801 eventurum
1223 743 1454 798 sciebam
1474 781 1486 801 .
1519 754 1624 793 non
1652 747 1826 791 tamen

227 845 429 899 idcirco
454 843 633 896 destiti
661 856 688 892 a
715 837 1082 894 cohortatione
1110 851 1124 887 :
1158 835 1283 887 licet
1307 833 1448 887 enim
1479 830 1617 882 haud
1644 840 1830 880 omnes

224 948 435 989 morem
467 931 768 1002 gesserint,
807 929 895 998 qui
929 926 1178 980 hesterna
1210 925 1328 976 luce
1357 921 1674 981 audierunt,
1724 933 1829 970 non

223 1034 407 1079 tamen
449 1036 638 1076 omnes
663 1021 820 1073 etiam
853 1034 958 1070 non
997 1016 1430 1083 obtemperarunt
1462 1028 1475 1065 :
1505 1024 1676 1077 neque
1703 1021 1832 1060 vero

224 1128 416 1183 parum
445 1112 584 1181 apud
612 1125 708 1164 nos
729 1109 795 1163 ad
819 1107 1238 1163 consolationem
1258 1101 1360 1157 hoc
1381 1103 1552 1166 valet;
1577 1099 1834 1170 quamob-

224 1220 342 1259 rem
365 1219 537 1272 neque
567 1201 823 1256 hodierno
843 1199 930 1253 die
955 1198 1023 1252 ab
1053 1197 1153 1250 hac
1172 1193 1533 1249 admonitione
1554 1191 1830 1246 desistam:

226 1309 353 1348 nam
381 1293 424 1346 si
446 1293 621 1346 minus
647 1306 711 1344 ex
741 1288 913 1353 nobis,
941 1303 1006 1341 ex
1029 1286 1179 1340 vobis
1205 1284 1417 1354 quidem
1447 1289 1594 1336 certe
1621 1280 1838 1334 audient

227 1401 353 1454 qua:
392 1383 663 1438 dicuntur.
706 1380 835 1448 Quis
875 1379 1015 1432 enim
1045 1387 1244 1431 tantam
1287 1375 1500 1430 illorum
1536 1373 1834 1428 socordiam

229 1477 445 1532 silentio
476 1476 615 1528 ferre
643 1473 806 1532 possit
833 1513 849 1536 ,
872 1479 963 1524 aut
983 1469 1136 1524 venia
1163 1468 1282 1524 illos
1316 1479 1370 1522 et
1395 1467 1737 1520 excusatione
1767 1463 1840 1517 di-

225 1583 362 1637 gnos
410 1567 609 1621 ducere
641 1607 656 1630 ,
704 1563 794 1632 qtti
837 1577 957 1616 cum
1008 1570 1154 1615 lauto
1205 1571 1446 1628 tempore
1494 1568 1717 1610 matrem
1758 1554 1840 1608 vi-

226 1663 460 1725 dissenl,
489 1670 540 1712 et
568 1659 856 1719 honorum,
887 1669 1008 1724 quae
1039 1655 1089 1708 in
1116 1668 1177 1706 ea
1208 1660 1334 1705 sunt
1357 1689 1372 1716 ,
1400 1648 1690 1718 participes
1719 1640 1845 1699 lacti

225 1759 453 1813 essent,
514 1756 893 1809 recesserant,
935 1759 1106 1812 neque
1153 1756 1338 1795 rursus
1383 1739 1585 1793 reverti
1645 1737 1843 1804 dignati

225 1850 373 1905 sunt,
401 1853 500 1893 nec
519 1839 822 1895 columbam
845 1837 954 1890 Noe
975 1835 995 1906 (
1013 1832 1138 1888 Gen.
1160 1832 1215 1901 8)
1244 1872 1256 1895 ,
1279 1829 1373 1884 sed
1395 1842 1612 1883 corvum
1655 1825 1842 1879 imitati

225 1943 397 2008 sunt;
419 1931 582 2003 idque
609 1932 735 1985 dum
764 1937 926 1983 aestus
967 1926 1140 1979 adhuc
1184 1931 1238 1978 et
1287 1929 1572 1990 tempestas
1608 1919 1693 1972 illa
1726 1932 1848 1986 per-

233 2036 478 2090 severat,
526 2023 848 2095 graviorque
888 2019 1122 2090 quotidie
1165 2015 1397 2085 procella
1437 2012 1732 2075 excitatur,
1784 2023 1846 2062 ac

234 2119 507 2188 proposita
537 2117 587 2168 in
630 2113 806 2189 medio
833 2127 955 2164 arca
983 2110 1080 2163 ista
1124 2115 1305 2161 sancta
1347 2112 1566 2158 cunctos
1601 2101 1844 2163 advocat,

232 2208 301 2261 ad
335 2222 396 2261 se
421 2205 639 2274 pellicit,
669 2211 723 2259 et
753 2202 973 2255 multam
1003 2196 1202 2267 prabet
1227 2195 1293 2248 ad
1323 2209 1381 2248 se
1424 2190 1849 2259 confugientibus

233 2295 603 2353 securitatem?
621 2294 736 2347 Non
755 2293 898 2345 enim
934 2303 1191 2355 aquarum
1215 2300 1389 2354 neque
1429 2281 1684 2336 ﬂuctuum
1711 2281 1847 2333 irru-

235 2391 449 2459 ptiones
468 2428 483 2450 ,
513 2385 606 2439 sed
651 2384 930 2438 continuas
951 2379 1396 2433 alienissimarum
1426 2391 1456 2428 a
1487 2375 1695 2427 ratione
1725 2388 1848 2440 per-

235 2480 595 2533 turbationum
636 2475 928 2529 seditiones
955 2477 1168 2524 coercet
1190 2509 1206 2533 ,
1239 2467 1489 2520 invidiam
1519 2465 1654 2518 tollit
1681 2473 1733 2517 et
1758 2479 1848 2516 ar-

236 2574 535 2643 rogantiam
581 2567 848 2622 refrmnat.
874 2563 1004 2617 Nam
1032 2575 1203 2629 neque
1227 2559 1378 2612 dives
1405 2557 1681 2624 deSpicere
1711 2570 1843 2622 pau-

237 2676 420 2732 perem
453 2659 684 2729 poterit,
715 2671 836 2710 cum
865 2670 930 2708 ex
950 2650 1243 2719 Scripturis
1268 2649 1482 2710 audiet,
1520 2645 1699 2699 Omnis
1728 2660 1848 2696 caro

237 2759 432 2822 [mnum
457 2793 472 2817 ,
499 2760 545 2803 et
572 2749 734 2802 omnis
761 2746 927 2818 gloria
954 2743 1172 2796 hominis
1216 2740 1364 2810 quasi
1390 2740 1487 2808 ﬂos
1515 2737 1638 2807 [Leni
1690 2734 1842 2807 (Isai.

235 2845 329 2899 £0.
377 2844 453 2912 6)
499 2860 511 2895 :
547 2855 718 2908 neque
762 2837 1225 2908 pauper-alterum
1274 2831 1621 2884 ditescentem
1665 2826 1852 2879 videns

239 2933 440 2988 invidia
469 2932 740 3000 capietur,
771 2944 891 2981 cum
922 2935 977 2981 et
1003 2929 1117 2994 ipse
1142 2923 1321 2977 audiet
1346 2921 1572 2974 alterum
1606 2917 1849 2984 Prophe-

239 3034 349 3078 tam
386 3023 688 3082 dicentem,
721 3017 806 3071 Ne
846 3017 1072 3070 timueris
1123 3031 1240 3066 cum
1288 3013 1423 3064 dives
1474 3011 1640 3077 factus
1694 3009 1847 3078 fuerit

239 3121 390 3168 Itonia
415 3155 430 3178 ,
473 3122 657 3165 etcum
696 3110 1033 3177 multiplicata
1079 3106 1230 3173 fuerit
1277 3105 1443 3171 gloria
1479 3105 1662 3154 domus
1715 3101 1848 3168 ejus.

253 3206 510 3270 Quoniam
530 3221 643 3257 cum
668 3191 910 3256 interierit
936 3216 1036 3251 non
1062 3207 1223 3252 sumet
1245 3199 1445 3257 omnia;
1468 3210 1627 3263 neque
1647 3193 1852 3245 descen-

241 3299 324 3351 det
352 3313 467 3349 cum
503 3311 561 3349 eo
592 3295 755 3364 gloria
776 3294 886 3362 ejus
911 3295 928 3360 (
951 3290 1096 3343 Psal.
1126 3289 1218 3341 48.
1244 3289 1328 3340 Π.
1360 3287 1427 3340 18
1531 3285 1677 3338 Talis
1705 3300 1852 3336 naut—

240 3404 349 3458 que
375 3397 457 3441 est
486 3402 644 3455 opum
678 3387 895 3438 istarum
922 3393 1107 3436 natura
1134 3399 1145 3432 :
1170 3395 1275 3433 non
1307 3379 1700 3432 transferuntur
1724 3393 1845 3430 cum

241 3479 508 3543 dominis;
539 3491 643 3529 non
688 3490 809 3527 cum
845 3472 1245 3541 possessoribus
1289 3470 1708 3536 transmigrauit;
1740 3485 1848 3521 nou

243 3573 297 3626 iu
325 3569 584 3639 judicium
626 3567 830 3621 vocatis
860 3566 968 3619 illic
997 3580 1058 3617 ac
1091 3578 1278 3632 poenas
1311 3562 1580 3615 luentibus
1625 3560 1851 3629 patroci-

244 3673 438 3715 nantur
461 3702 476 3725 ,
511 3659 606 3714 sed
636 3674 730 3729 per
778 3666 1004 3711 mortem
1040 3655 1250 3724 penitus
1286 3653 1685 3723 praecidantur;
1739 3654 1846 3705 imo

245 3753 441 3806 multos
484 3750 640 3803 etiam
667 3757 790 3800 ante
831 3756 1058 3798 mortem
1103 3744 1500 3796 deseruerunt:
1538 3741 1730 3795 inﬁdus
1772 3752 1852 3794 est

250 3858 396 3907 usus,
431 3843 633 3895 fructus
658 3839 919 3894 instabilis
942 3881 956 3904 ,
992 3837 1287 3907 periculosa
1319 3835 1605 3905 possessio.
1641 3839 1710 3888 At
1740 3851 1843 3889 neu

247 3934 514 4004 ejusmodi
543 3942 667 3987 sunt
693 3932 902 3985 virtutis
942 3941 995 3984 et
1022 3930 1375 3999 eleemosyna:
1406 3928 1542 3982 bona
1568 3968 1582 3992 ,
1611 3944 1793 3982 verum
1823 3943 1850 3980 a

251 4025 574 4095 [irmdatione
598 4030 740 4075 tutus
760 4029 844 4075 est
864 4020 948 4074 hic
974 4021 1274 4073 thesaurus.
1300 4017 1451 4073 Unde
1474 4017 1578 4070 hoc
1603 4016 1853 4071 constat?

248 4117 349 4183 Qui
380 4116 448 4170 de
472 4115 671 4169 divitiis
700 4113 812 4166 istis
852 4110 1278 4181 philosophando
1316 4109 1469 4174 dixit,
1497 4108 1616 4162 Non
1644 4109 1852 4162 descen-

249 4208 332 4258 det
359 4221 474 4258 cum
495 4220 552 4256 eo
573 4203 735 4274 gloria
770 4203 879 4270 ejus
911 4211 1020 4269 post
1046 4216 1161 4253 eum
1186 4240 1200 4260 ,
1225 4199 1307 4252 hic
1331 4209 1385 4254 et
1404 4199 1472 4254 de
1501 4199 1855 4269 cleemosyna'.

251 4297 551 4359 thesauris,
579 4296 666 4365 qui
701 4303 1012 4363 permanent
1050 4308 1261 4362 semper
1298 4309 1395 4348 nec
1435 4309 1665 4361 unquam
1703 4308 1854 4348 com-

251 4387 513 4455 pilantur,
548 4400 646 4440 nos
673 4385 934 4449 erudivit,
961 4401 1080 4438 cum
1110 4385 1177 4438 ita
1203 4384 1332 4438 dixit
1357 4400 1371 4436 :
1404 4383 1653 4453 Dispersit
1676 4425 1691 4449 ,
1718 4385 1854 4438 dedit

251 4477 575 4546 pauperibus,
586 4477 788 4547 justitia
807 4477 913 4545 ejus
931 4484 1094 4528 manet
1115 4475 1167 4527 in
1184 4474 1424 4528 steculum
1440 4475 1610 4544 (Prol.
1631 4476 1753 4528 Hl.
1769 4476 1850 4545 9).

251 4567 388 4635 Quid
409 4567 512 4621 hoc
534 4567 827 4621 mirabilius
847 4581 966 4619 esse
994 4566 1158 4634 possit
1186 4565 1210 4618 ?
1232 4565 1362 4630 Qua:
1382 4566 1706 4633 colliguntur
1732 4581 1852 4634 per-

250 4665 415 4721 eunt,
448 4667 502 4711 et
531 4664 748 4710 manent
772 4672 891 4725 qua:
915 4656 1330 4722 disperguntur,
1363 4669 1426 4707 ac
1470 4655 1660 4707 merito
1686 4667 1814 4706 sane
1840 4671 1853 4708 :

251 4764 373 4803 nam
397 4748 495 4802 ista
519 4748 730 4816 quidem
754 4747 979 4812 suscipit
1002 4746 1177 4807 Deus;
1206 4757 1461 4800 cancrum
1485 4759 1549 4798 ex
1581 4745 1671 4798 Dei
1699 4761 1854 4797 n'ianu

253 4856 444 4911 rapere
483 4853 641 4894 nemo
666 4847 841 4907 potest
871 4856 882 4890 :
915 4825 1000 4890 illa
1027 4851 1157 4892 vero
1195 4837 1246 4890 iu
1278 4836 1551 4890 hominum
1594 4837 1857 4902 thesauris

253 4941 598 4999 reponuntur,
622 4930 706 4982 ubi
732 4929 912 4982 multis
936 4928 1140 4981 insidiis
1155 4937 1277 4980 sunt
1299 4927 1549 4989 obnoxia,
1573 4928 1661 4982 ubi
1686 4929 1857 4982 multa

255 5022 449 5079 invidia
477 5033 530 5075 et
560 5023 718 5074 livor.
749 5021 866 5074 Noli
899 5038 1024 5090 ergo
1047 5063 1062 5085 ,
1110 5020 1491 5081 dilectissime,
1547 5021 1648 5072 loci
1699 5021 1856 5086 hujus

255 5113 732 5182 l'requentatlonem
753 5122 1096 5166 contemnere
1124 5130 1133 5163 :
1160 5112 1274 5165 sive
1288 5111 1428 5164 enim
1456 5125 1654 5165 mceror
1670 5112 1860 5180 aliquis

253 5205 521 5274 negotium
545 5204 791 5268 facessat,
816 5203 902 5256 hic
922 5203 1188 5268 relegatur
1213 5219 1227 5256 :
1255 5202 1368 5254 sive
1388 5216 1529 5254 curae
1552 5202 1856 5260 saeculares.

253 5295 531 5364 aulugiunt
563 5312 577 5347 :
608 5296 725 5347 sive
753 5294 939 5345 alien-.c
977 5308 1002 5343 a
1037 5292 1241 5345 ratione
1277 5293 1741 5361 perturbationes.
1778 5308 1861 5344 se.

254 5385 450 5440 dantur
480 5400 494 5438 :
525 5399 554 5436 a
584 5384 702 5436 foro
737 5394 911 5436 autem
957 5396 1011 5434 ct
1039 5383 1260 5436 theatris
1291 5398 1352 5436 ac
1379 5382 1588 5435 caeteris
1627 5381 1861 5448 profanis

254 5477 638 5540 conventibus,
670 5475 852 5529 multis
879 5475 1223 5529 accumulatis
1261 5474 1402 5527 curis
1435 5490 1497 5526 ac
1541 5473 1862 5526 maeroribus

256 5571 555 5639 animaeque
592 5568 832 5633 morbis,
865 5567 1082 5622 domum
1129 5568 1383 5620 redimus.
1430 5565 1484 5620 Si
1534 5565 1618 5619 hic
1649 5567 1861 5620 assidue

257 5669 386 5710 Tom.
413 5660 460 5718 6,
487 5673 596 5723 pag.
619 5658 732 5723 206.
752 5665 995 5723 etjvvstea
1010 5659 1113 5706 hate
1139 5670 1185 5705 ιη
1210 5664 1251 5705 S.
1269 5657 1542 5723 Luciauum,
1567 5657 1665 5723 hoc
1698 5656 1859 5714 titulo,

257 5717 745 5791 Bittidem'postridie
783 5717 1178 5770 illuminatorum.
1232 5718 1401 5767 Habita
1435 5719 1524 5780 fuit
1560 5717 1610 5768 in
1644 5724 1859 5768 sanctum

258 5791 521 5846 nuo'tyrem
546 5794 822 5835 Lanatum.

1379 355 1443 410 ΙΝ
1483 354 1536 410 S.
1584 349 1933 409 LUCIANUII
1972 347 2384 407 MARTYBBM.

1931 467 2185 530 'verserls,
2214 477 2432 533 prorsus
2456 461 2616 518 etiam
2647 477 2710 517 ea
2738 477 2856 532 quae
2879 460 3010 516 foris
3053 461 3364 516 contraxiin
3393 463 3534 516 mala

1933 551 2174 622 depones
2206 554 2328 609 :sin
2376 563 2553 608 autem
2603 552 2812 608 resilias
2853 551 3168 622 fugiasque,
3219 553 3308 607 illa
3334 554 3494 607 etiam
3516 592 3534 614 .

1932 661 2051 712 quae
2067 659 2339 699 sacrarum
2362 660 2464 714 ope
2489 645 2883 717 Scripturarum
2905 643 3043 698 bona
3069 643 3164 699 tibi
3191 646 3536 714 comparasti,

3427 346 3535 402 δτι

1937 751 2156 804 prorsus
2181 737 2395 792 amittes
2416 777 2428 798 ,
2473 746 2683 805 tumque
2730 748 2861 802 epes
2885 735 3082 789 sensim
3111 749 3143 788 a
3169 735 3407 803 profanis
3437 734 3540 787 illis

1936 828 2277 883 consessibus
2313 838 2369 882 et
2393 826 2674 896 colloquiis
2714 825 3093 895 subripientur.
3126 826 3300 894 Atque
3329 834 3385 878 ut
3425 823 3541 876 haec

1943 935 2072 999 vera
2101 935 2224 974 esse
2265 920 2499 974 noscatis
2520 956 2541 985 ,
2570 934 2692 972 cum
2736 918 2858 973 hinc
2895 917 3249 972 discesseritis
3271 957 3286 980 ,
3319 932 3412 972 eos
3450 918 3539 984 qui

1941 1010 2099 1065 hodie
2128 1010 2412 1065 abfueruut
2440 1010 2618 1064 videre
2647 1009 2856 1064 studete
2879 1049 2895 1074 ,
2947 1019 3058 1063 tum
3100 1020 3357 1077 quantum
3404 1010 3542 1063 inter

1938 1113 2170 1157 vestram
2199 1103 2361 1156 animi
2396 1101 2830 1171 tranquillitatem
2868 1110 2924 1156 et
2964 1101 3176 1155 illorum
3218 1103 3542 1157 anxietatem

1943 1192 2175 1258 intersit,
2204 1193 2660 1247 animadvertetis.
2690 1191 2808 1246 Non
2840 1194 2911 1247 ita
2934 1193 3154 1262 pulchra
3177 1202 3259 1248 est
3283 1209 3344 1248 ac
3370 1209 3543 1248 venu-

1942 1293 2022 1338 sta
2049 1299 2247 1352 sponsa
2275 1284 2328 1338 in
2357 1283 2598 1338 thalamo
2626 1284 2821 1339 sedens
2845 1325 2860 1350 ,
2887 1300 2950 1340 ac
2978 1286 3236 1341 mirabilis
3259 1297 3341 1342 est
3365 1287 3545 1342 anima

1943 1375 2285 1444 gloriosaque
2305 1416 2320 1441 ,
2355 1375 2482 1428 dum
2525 1376 2578 1429 in
2610 1376 2836 1431 ecclesia
2865 1377 3162 1446 spiritualia
3190 1380 3401 1448 spirans
3442 1395 3545 1433 uu-

1944 1459 2138 1535 guenta
2179 1476 2472 1536 comparet.
2504 1468 2605 1534 Qui
2635 1469 2777 1522 enim
2825 1469 2928 1525 huc
2969 1486 3090 1525 cum
3122 1470 3224 1525 lide
3263 1487 3327 1526 ac
3366 1473 3548 1526 studio

1947 1558 2171 1613 ventilat
2195 1599 2209 1624 ,
2254 1558 2548 1613 innumeris
2584 1561 2848 1616 thesauris
2887 1563 3086 1618 ditatus
3129 1564 3410 1618 abscedit:
3443 1566 3544 1619 etsi

1949 1657 2152 1701 tantum
2178 1663 2239 1701 os
2268 1651 2560 1717 aperuerit,
2594 1651 2738 1704 omni
2761 1654 2984 1708 odorum
3006 1656 3266 1710 suavitate
3292 1658 3547 1711 continuo

1948 1752 2009 1789 ac
2050 1739 2413 1806 spiritualibus
2443 1742 2632 1809 opibus
2660 1744 2950 1810 complebit
2976 1745 3118 1809 illos,
3148 1746 3236 1815 qui
3258 1762 3548 1816 congressu

1950 1830 2066 1898 ejus
2094 1830 2375 1894 fruuntur;
2425 1832 2526 1885 etsi
2565 1843 2831 1886 sexcenta:
2861 1833 3156 1902 iugrueriut
3181 1837 3545 1903 calamitates,

1951 1938 2139 1976 omnes
2166 1938 2322 1992 aequo
2347 1923 2527 1976 animo
2555 1923 2688 1977 feret
2715 1942 2727 1977 :
2762 1933 2944 1994 utpote
2971 1927 3059 1995 qui
3090 1943 3120 1981 e
3146 1928 3438 1997 Scripturis
3465 1932 3544 1985 di-

1952 2016 2088 2068 vinis
2120 2016 2385 2082 patientia:
2423 2015 2881 2086 philosopltizeque
2918 2019 3272 2073 sufﬁcientem
3309 2023 3551 2076 occasio-

1955 2122 2074 2159 nem
2109 2106 2231 2160 hinc
2263 2108 2548 2176 acceperit.
2579 2107 2643 2160 Et
2666 2109 2805 2162 sicut
2835 2109 2878 2162 is
2903 2151 2916 2174 ,
2942 2111 3028 2178 qui
3065 2122 3317 2180 perpetuo
3340 2115 3392 2167 in
3422 2131 3556 2184 rupe

1953 2197 2217 2259 consistit,
2242 2196 2433 2252 tinctus
2451 2199 2675 2267 despicit
2701 2201 2717 2230 ¹
2747 2216 2760 2253 :
2794 2200 2871 2255 sic
2895 2210 2950 2256 et
2978 2203 3020 2256 is
3041 2245 3054 2266 ,
3084 2205 3171 2272 qui
3200 2206 3410 2260 assidue
3439 2208 3554 2263 col-

1956 2289 2088 2344 lecta
2112 2289 2422 2357 perfruitur,
2451 2307 2514 2346 ac
2545 2291 2741 2346 divinis
2759 2295 3098 2350 sermonibus
3119 2297 3390 2367 irrigatur,
3420 2309 3557 2354 tam-

1955 2395 2113 2448 quam
2144 2381 2194 2433 in
2227 2396 2357 2448 rupe
2386 2383 2439 2434 in
2474 2395 2622 2437 reeto
2649 2400 2826 2438 turum
2859 2385 3062 2455 judicio
3089 2402 3149 2442 se
3176 2388 3349 2456 ipsum
3387 2393 3557 2445 collo-

1955 2471 2134 2535 cavit,
2165 2471 2322 2525 nullis
2369 2473 2528 2527 rebus
2574 2473 2821 2528 hut-nanis
2860 2476 3098 2544 capietur
3125 2494 3138 2530 :
3169 2486 3227 2530 ut
3270 2479 3359 2547 qui
3391 2482 3558 2536 multo

1955 2562 2116 2615 altius
2141 2577 2202 2617 se
2229 2567 2566 2630 provexerit,
2612 2581 2769 2632 quam
2815 2581 2921 2634 quo
2953 2578 3174 2634 possent
3220 2571 3556 2638 negotiorum

1957 2653 2292 2706 sa-cularium
2326 2654 2659 2708 incursiones
2688 2657 3013 2725 pertingere.
3040 2656 3224 2727 Neque
3264 2674 3394 2714 vero
3440 2669 3561 2715 tan-

1961 2755 2071 2798 tum
2118 2762 2184 2800 ex
2231 2748 2616 2811 admonitione,
2660 2749 2753 2803 sed
2790 2751 2950 2804 etiam
2979 2767 3043 2805 ex
3075 2754 3339 2819 precibus,
3372 2770 3436 2810 ex
3473 2770 3562 2823 pa.

1961 2847 2110 2891 terna
2139 2838 2530 2904 benedictione,
2563 2855 2628 2894 ex
2644 2842 2916 2895 communi
2943 2854 3207 2897 conventu
3234 2843 3563 2915 fratrumque

1957 2932 2199 2994 caritate,
2231 2939 2391 3000 atque
2418 2931 2538 2986 aliis
2562 2926 2830 2988 sexcentis
2859 2949 2923 2987 ex
2953 2935 3112 2988 rebus
3141 2935 3304 2988 multa
3337 2936 3562 2992 utilitate

1959 3031 2117 3090 atque
2159 3023 2323 3074 animi
2374 3022 2731 3078 oblectatione
2771 3036 3021 3094 percepta
3063 3026 3201 3080 solet
3243 3027 3560 3094 discedere,

1961 3125 2122 3182 atque
2167 3114 2447 3167 innumera
2475 3114 2614 3168 bona
2664 3117 2881 3169 domum
2935 3128 3230 3184 reportare.
3286 3120 3564 3189 Perpende

1961 3206 2140 3275 itaque
2168 3206 2326 3260 hodie
2351 3217 2546 3276 quanta
2573 3223 2667 3262 vos
2694 3209 3064 3264 benedictione
3094 3212 3395 3266 cumulandi
3425 3215 3557 3281 sitis,

1960 3311 2160 3367 quanto
2192 3297 2266 3350 illi
2308 3299 2504 3351 damno
2532 3298 2840 3351 mulctaudi.
2887 3299 3018 3354 Nam
3050 3317 3142 3354 vos
3169 3303 3381 3372 quidem
3417 3319 3562 3355 mar-

1964 3402 2136 3462 tyrum
2182 3390 2428 3443 mercede
2455 3399 2702 3459 percepta
2731 3390 3016 3445 discedetis
3048 3409 3060 3444 :
3089 3392 3164 3445 illi
3197 3408 3322 3446 vero
3347 3403 3566 3462 prteter-

1960 3499 2119 3553 quam
2150 3483 2290 3552 quod
2315 3483 2462 3536 lucro
2491 3484 2590 3536 isto
2614 3484 2980 3551 privabantur,
3005 3483 3112 3536 alio
3136 3499 3348 3553 quoque
3367 3485 3565 3539 damno

1959 3577 2260 3631 afficientur
2285 3618 2300 3642 ,
2333 3575 2472 3644 quod
2513 3591 2577 3630 ex
2609 3575 2848 3629 futilibus
2891 3575 3330 3644 occupationibus
3370 3576 3565 3630 multas

1960 3668 2378 3724 sollicitudinum
2447 3667 2634 3721 sordes
2703 3666 3038 3720 contrahunt.
3105 3666 3565 3731 Quemadmodum

1959 3759 2101 3812 enim
2127 3760 2169 3812 is
2196 3758 2296 3823 Qui
2315 3757 2490 3826 recipit
2513 3758 2809 3826 prophetam
2835 3757 2886 3808 in
2908 3757 3110 3808 nomine
3130 3757 3410 3825 prop/tene,
3435 3773 3566 3811 mer-

1958 3853 2128 3905 cedem
2160 3853 2416 3922 propheta!
2452 3851 2703 3920 accipiet;
2748 3858 2793 3901 et
2836 3850 2922 3915 qui
2940 3849 3140 3916 justum
3169 3851 3344 3920 recipit
3390 3850 3444 3903 in
3475 3868 3568 3903 no-

1959 3947 2096 3998 mine
2112 3945 2244 4014 justi
2263 3986 2278 4010 ,
2309 3944 2587 3996 mercedem
2621 3943 2752 4012 justi
2791 3941 3003 4011 accipiet
3032 3940 3054 4009 (
3065 3940 3262 3994 "Matth.
3295 3943 3381 3996 10.
3410 3942 3470 3996 41
3502 3943 3522 4012 )
3548 3959 3563 3997 :

1958 4040 2036 4090 sic
2067 4047 2120 4090 et
2147 4037 2190 4088 is
2221 4036 2309 4105 qui
2356 4047 2644 4106 martyrem
2691 4035 2878 4100 recipit
2908 4036 2960 4087 in
3007 4035 3221 4087 nomine
3266 4035 3517 4106 martyris
3546 4077 3561 4096 ,

1959 4126 2263 4182 mercedem
2284 4125 2530 4196 martyris
2559 4123 2801 4192 accipiet.
2823 4122 2959 4177 Tum
2981 4139 3107 4176 vero
3137 4123 3258 4193 quis
3274 4135 3566 4194 martyrem

1960 4221 2188 4290 recipit,
2225 4235 2346 4273 cum
2376 4219 2441 4272 ad
2472 4218 2588 4287 ejus
2617 4217 2930 4271 memoriam
2957 4217 3245 4282 convenit,
3274 4232 3394 4270 cum
3441 4215 3559 4284 ejus

1959 4314 2311 4369 certaminum
2341 4310 2662 4364 narrationis
2698 4311 2755 4362 lit
2796 4309 3082 4379 particeps,
3118 4323 3240 4362 cum
3273 4306 3410 4362 facta
3449 4309 3564 4363 col-

1955 4411 2288 4468 laudat.cum
2307 4406 2530 4459 virtutes
2557 4404 2814 4464 imitatur,
2834 4417 2954 4455 cum
2987 4402 3129 4468 apud
3156 4411 3384 4456 cancros
3418 4418 3562 4471 prte-

1957 4500 2103 4556 clara
2125 4499 2264 4552 illius
2283 4497 2514 4551 facinora
2536 4495 2803 4564 praedicat.
2830 4493 2956 4546 llaec
2974 4500 3264 4561 martyrum
3286 4491 3563 4561 hospitalia

1960 4600 2084 4644 sunt
2114 4591 2253 4642 dona
2278 4604 2292 4653 ;
2323 4588 2400 4640 sic
2426 4587 2556 4639 istos
2577 4593 2793 4638 sanctos
2809 4582 2928 4652 quis
2951 4582 3193 4653 suscipit,
3217 4582 3360 4636 sicut
3389 4591 3444 4637 et
3463 4597 3561 4637 vos

1960 4684 2140 4751 utique
2159 4679 2418 4734 hodierno
2446 4677 2531 4731 die
2561 4674 2781 4729 fecistis.

2030 4777 2083 4830 2.
2118 4773 2424 4844 Martyrium
2449 4781 2521 4825 est
2553 4769 2861 4838 Baptismus.
2892 4797 2967 4808 —
2994 4768 3118 4822 Heri
3165 4767 3341 4837 itaque
3373 4768 3555 4820 Domi-

1963 4885 2064 4924 nus
2104 4867 2317 4938 quidem
2363 4874 2548 4920 noster
2592 4878 2727 4932 aqua
2774 4862 3071 4929 baptizatus
3113 4869 3196 4914 est
3237 4861 3348 4929 (a),
3402 4859 3560 4913 hodie

1969 4975 2096 5015 vero
2139 4975 2325 5015 servus
2368 4954 2626 5025 sanguine
2654 4953 2951 5022 baptizatur
2987 4969 2998 5004 :
3031 4951 3287 5006 heSterno
3330 4951 3416 5004 die
3447 4950 3562 5004 caeli

1965 5061 2133 5123 porta:
2185 5059 2310 5106 sunt
2361 5055 2634 5110 reseratae,
2692 5045 2851 5098 hodie
2897 5044 3185 5096 inferorum
3233 5051 3400 5110 portat
3445 5051 3563 5093 sunt

1965 5145 2312 5201 conculcata.
2344 5142 2528 5210 Neque
2560 5137 2832 5193 miremini
2858 5176 2873 5202 ,
2905 5134 3048 5204 quod
3078 5135 3397 5204 baptismum
3430 5150 3565 5187 mar-

1969 5238 2162 5309 tyrium
2196 5234 2544 5303 nuncuparim
2578 5249 2590 5284 :
2625 5246 2747 5284 nam
2778 5238 2833 5284 et
2863 5228 2949 5282 hic
2977 5228 3208 5297 Spiritus
3236 5243 3356 5280 cum
3403 5229 3568 5278 multa

1963 5332 2177 5387 advolat
2202 5331 2464 5390 ubertate,
2488 5341 2550 5380 ac
2581 5333 2921 5395 peccatorum
2951 5321 3174 5376 abolitio
3203 5330 3257 5373 et
3284 5321 3478 5372 anima:
3511 5320 3568 5371 lit

1968 5425 2211 5493 purgatio
2238 5421 2479 5489 qua-dam
2512 5418 2771 5472 mirabilis
2797 5432 2860 5471 ac
2891 5414 3150 5484 stupenda
3182 5430 3194 5466 :
3224 5423 3278 5467 et
3308 5411 3564 5483 quemad-

1968 5517 2184 5570 modum
2219 5515 2274 5575 ii,
2308 5513 2397 5581 qui
2428 5511 2792 5580 baptizantur,
2821 5508 3006 5577 aquis,
3041 5507 3108 5560 ita
3136 5505 3224 5575 qui
3254 5504 3567 5574 martyrium

2032 5653 2046 5683 ί
2082 5648 2222 5698 sarit.
2251 5649 2300 5710 in
2319 5659 2495 5710 marg.,
2520 5644 2602 5710 qui
2626 5643 2678 5695 in
2700 5641 2828 5695 mari
2849 5649 2894 5694 et
2917 5639 2968 5692 in
2993 5652 3112 5703 rupe
3138 5651 3305 5691 secure
3329 5639 3559 5698 consistit.

1967 5713 2140 5778 fluctus
2163 5709 2384 5778 despicit.

2034 5776 2106 5839 (α)
2141 5770 2508 5842 Epiphaniorum
2531 5770 2712 5821 festum
2735 5777 2991 5818 memorat.
