4082 6418
573 350 678 409 523

575 465 868 534 patiuntur,
915 461 1131 532 proprio
1162 464 1420 532 sanguine
1445 453 1774 523 abluuntur;
1804 457 1943 525 quod
1975 455 2157 526 utique

573 565 630 610 et
657 557 709 609 iu
741 556 843 609 isto
874 555 1070 609 evenit.
1095 553 1300 609 'Verum
1341 563 1639 620 antequam
1666 552 1733 605 de
1768 549 1946 614 cwde,
1977 564 2155 616 operte

554 634 802 715 pretium
844 653 1016 700 estut
1059 645 1127 701 de
1166 645 1361 700 diaboli
1407 644 1637 698 versutia
1665 644 1825 698 verba
1876 641 2150 696 faciamus.

574 738 706 794 Nam
726 754 848 794 cum
873 753 1032 793 omne
1067 737 1443 804 suppliciorum
1479 751 1542 789 ac
1585 747 1858 803 poenarum
1896 746 2063 802 genus
2086 731 2156 786 ab

573 844 639 883 eo
666 829 900 884 derisum
928 827 1396 889 animadverteret,
1423 841 1485 879 ae
1511 840 1571 879 se
1596 838 1765 892 neque
1794 837 2017 877 accensa
2050 824 2155 876 for-

574 935 726 982 nace,
760 935 931 989 neque
960 907 1210 971 barathro
1234 917 1458 979 effosso,
1491 929 1659 984 neque
1685 925 1797 968 rota
1825 922 2027 983 parata,
2055 929 2155 967 ne-

572 1027 678 1080 que
705 1026 824 1064 cum
857 1011 906 1062 iu
937 1009 1220 1078 equuleum
1248 1009 1562 1070 sustulisset,
1596 1020 1767 1075 neque
1794 1018 1915 1058 cum
1945 1004 1998 1057 in
2020 1019 2156 1072 prte-

573 1102 751 1169 cipitia
783 1099 1113 1169 projecisSet,
1143 1113 1314 1166 neque
1335 1113 1454 1151 cum
1476 1095 1720 1149 dentibus
1750 1094 1980 1148 ferarum
2010 1093 2154 1161 obje-

572 1193 768 1257 cisset,
795 1192 962 1244 sancti
996 1189 1386 1260 philosophiam
1415 1201 1669 1256 superare
1707 1187 1942 1255 patuisse
1971 1203 1985 1239 :
2013 1185 2153 1239 aliud

570 1283 815 1339 acerbius
851 1298 1019 1351 genus
1055 1281 1405 1351 excogitavit,
1441 1293 1789 1349 qutereusque
1818 1279 2151 1344 circumibat,

569 1382 629 1426 ut
651 1372 965 1442 supplicium
997 1373 1258 1425 lnveniret
1276 1409 1290 1431 ,
1317 1368 1458 1437 quod
1485 1369 1640 1424 simul
1667 1379 1721 1422 et
1748 1368 2150 1422 acerbissimum

566 1473 712 1517 esset
762 1473 814 1517 et
869 1462 1251 1533 longissimum.
1302 1460 1562 1526 Quoniam
1617 1462 1759 1515 enim
1807 1476 1885 1515 εει)
1937 1461 2150 1529 quidem

571 1569 778 1623 preme,
806 1569 924 1622 qua:
964 1562 1087 1606 sum
1133 1552 1513 1616 intolerabiles,
1561 1550 1662 1605 hoc
1689 1550 1956 1615 afferunt,
2001 1559 2059 1604 ut
2089 1551 2153 1604 iis

565 1643 831 1713 oeyssime
855 1642 1173 1708 liberemur;
1202 1657 1320 1712 quae
1339 1656 1468 1696 vero
1495 1642 1760 1718 longiores
1786 1652 1929 1703 sunt,
1955 1641 2152 1710 aliquid

565 1732 884 1786 subtrahunt
927 1733 995 1787 de
1022 1733 1251 1787 dolore:
1282 1734 1518 1801 reperire
1561 1746 1770 1800 patriam
1817 1732 2054 1798 studuit,
2099 1733 2150 1785 in

565 1839 668 1894 qua
712 1835 995 1894 utrumque
1023 1824 1180 1878 simul
1211 1835 1388 1888 esset,
1430 1833 1483 1877 et
1511 1823 1828 1877 diuturnitas
1866 1833 1920 1877 et
1959 1824 2151 1876 intole-

568 1916 747 1968 rabilis
802 1915 1001 1970 doloris
1057 1929 1343 1979 excessus,
1390 1925 1447 1968 ut
1499 1929 1619 1968 eum
1661 1915 1992 1970 vehementia
2040 1925 2149 1968 ltllll

560 2004 887 2060 diuturnitas
924 2006 1181 2076 temporis
1217 2006 1451 2059 animum
1494 2005 1610 2074 ejus
1653 2014 1983 2059 constantem
2015 2006 2150 2074 deji-

558 2107 729 2151 ceret.

636 2187 800 2242 Fame
844 2197 1101 2254 torquetur
1148 2187 1405 2240 Luciauus
1427 2203 1447 2250 ,°
1497 2187 1780 2257 idolothyta
1824 2188 2032 2254 respuit.
2079 2216 2151 2226 —

562 2280 700 2346 Quid
726 2295 855 2350 ergo
882 2279 1004 2334 facit
1026 2281 1048 2334 ?
1074 2279 1222 2334 Fami
1257 2289 1502 2333 sanctum
1544 2279 1684 2334 hunc
1711 2279 1950 2347 exponit.
1999 2280 2067 2332 At
2093 2287 2148 2331 tu

563 2389 685 2427 cum
733 2372 802 2426 de
846 2372 984 2427 fante
1027 2373 1201 2438 audis,
1239 2387 1307 2426 ne
1334 2372 1473 2442 quod
1517 2373 1712 2426 dictum
1745 2381 1828 2426 est
1864 2372 2150 2426 oscitanter

561 2471 850 2533 prrctcreas
884 2480 897 2516 :
929 2471 1011 2518 est
1035 2463 1179 2516 enim
1222 2463 1311 2516 illa
1342 2478 1487 2516 mors
1515 2463 1756 2516 omnium
1783 2464 2145 2526 acerbissima,

560 2555 702 2625 quod
731 2554 840 2621 illi,
873 2553 960 2625 qui
999 2563 1125 2608 sunt
1149 2554 1351 2624 experti
1373 2594 1388 2617 ,
1421 2562 1682 2607 testantur
1714 2573 1727 2607 :
1756 2554 1895 2608 absit
1921 2555 2062 2608 enim
2091 2564 2150 2608 ut

560 2648 614 2702 id
646 2663 742 2702 nos
769 2648 1108 2716 experiamur
1137 2666 1150 2700 :
1181 2656 1326 2705 recte
1357 2660 1584 2715 namque
1624 2659 1810 2699 sumus
1847 2646 2020 2700 edocti
2045 2686 2060 2710 ,
2092 2656 2149 2700 ut

560 2756 795 2804 oremus,
826 2755 895 2793 ne
924 2740 974 2793 in
1009 2739 1350 2793 tentationcm
1379 2739 1635 2792 intremus
1663 2737 1873 2809 (Matth.
1901 2738 1990 2793 26.
2020 2739 2080 2793 41
2104 2741 2144 2807 ).

565 2831 776 2886 Etenim
820 2842 1087 2900 tamquam
1119 2829 1411 2884 visceribus
1456 2829 1598 2884 intus
1649 2829 1883 2883 insidens
1910 2828 2145 2883 carnifex

558 2923 820 2992 quispiam
866 2921 1044 2974 omnia
1076 2919 1312 2974 mentbra
1339 2918 1596 2981 dilaniat,
1628 2920 1816 2988 quovis
1845 2920 1968 2989 igne
2011 2917 2148 2973 fera-

559 3031 664 3084 que
688 3015 883 3067 suavius
909 3026 1102 3080 corpus
1127 3012 1270 3064 omni
1299 3026 1364 3065 ex
1396 3020 1542 3079 parte
1569 3009 1805 3064 corrodit
1828 3051 1843 3074 ,
1883 3025 1946 3064 ac
1972 3011 2145 3064 conti-

559 3122 724 3160 nuum
777 3114 831 3158 et
881 3102 1302 3172 inexplicabilem
1353 3101 1591 3156 dolorem
1642 3102 1823 3155 inurit.
1873 3103 2047 3171 Atque
2091 3110 2149 3155 ttt

558 3207 756 3268 quanta
798 3211 888 3250 res
915 3195 984 3250 sit
1031 3196 1198 3248 fames
1239 3193 1520 3263 intelligas,
1552 3194 1709 3246 etiam
1754 3193 1952 3248 liberos
1981 3209 2148 3262 smpe-

563 3302 789 3343 numero
827 3289 1152 3340 devorarunt
1190 3293 1392 3339 matres
1412 3324 1426 3347 ,
1467 3299 1586 3337 cum
1618 3283 1766 3338 istius
1797 3284 1919 3337 mali
1948 3285 2147 3339 violen-

559 3382 686 3435 tiam
710 3379 851 3433 ferre
873 3393 977 3431 non
995 3383 1233 3447 possent.
1256 3375 1318 3428 Et
1340 3375 1475 3427 banc
1490 3374 1771 3442 deplorans
1791 3375 2144 3428 calamitatem

563 3471 818 3540 propheta
872 3469 1119 3532 dicebat,
1172 3465 1360 3520 Manus
1425 3466 1689 3518 mulierum
1745 3466 2146 3519 misericordium

560 3569 801 3614 comunt
828 3559 959 3627 filios
987 3573 1104 3629 suos
1130 3555 1149 3626 (
1172 3553 1356 3608 Tltren.
1386 3555 1438 3608 4.
1470 3555 1535 3608 10
1555 3555 1592 3622 ).
1639 3554 1786 3620 Quos
1829 3565 2147 3625 pepererant

561 3651 936 3713 comedebant,
965 3656 1018 3701 et
1044 3656 1288 3700 natorum
1321 3643 1598 3699 infantium
1629 3657 1834 3710 venter,
1863 3647 1950 3716 qui
1981 3662 2145 3715 pepe-

560 3750 739 3804 rerat,
789 3739 1093 3808 sepulcrum
1161 3735 1528 3801 efﬁciebatur,
1575 3743 1631 3789 et
1682 3743 1923 3790 naturam
1979 3737 2146 3791 fames

561 3833 870 3900 superavit;
902 3829 1010 3883 imo
1037 3842 1165 3881 vero
1211 3842 1316 3880 non
1364 3825 1794 3882 naturanamodo
1814 3867 1829 3891 ,
1859 3827 1954 3881 sed
1985 3828 2144 3881 etiam

560 3926 887 3980 voluntatem
919 3938 932 3974 :
964 3928 1019 3972 at
1066 3918 1222 3986 hujus
1265 3917 1432 3970 sancti
1481 3917 1887 3985 generositatem
1928 3918 2146 3972 minime

563 4013 848 4082 superavit.
879 4011 1009 4078 Quis
1034 4023 1198 4078 ergo,
1238 4022 1358 4060 cum
1393 4006 1506 4060 tunc
1533 4005 1789 4071 audierit,
1821 4023 1925 4060 non
1956 4010 2143 4062 obstu-

563 4107 793 4177 pescat?
840 4103 1078 4157 Tametsi
1124 4100 1251 4167 quid
1302 4099 1568 4166 potentius
1614 4108 1697 4152 est
1740 4100 1976 4153 natura?
2019 4103 2144 4169 quid

562 4206 746 4250 contra
791 4194 1062 4247 voluntate
1110 4189 1456 4243 mutabilius?
1501 4187 1696 4242 Verum
1743 4196 1800 4241 ut
1847 4189 1974 4243 nihil
2025 4205 2146 4245 esse

566 4288 656 4341 ltei
703 4286 890 4338 timore
934 4281 1159 4336 validius
1203 4281 1362 4344 scias,
1410 4278 1775 4333 vehementius
1801 4280 1997 4348 aliquid
2027 4297 2146 4336 esse

563 4387 749 4433 natura
775 4375 1103 4428 voluntatem
1131 4371 1413 4439 apparuit,
1449 4384 1618 4437 eaque
1647 4379 1845 4424 matres
1875 4371 2032 4436 vicit,
2083 4388 2146 4428 ac

563 4477 744 4538 partus
774 4465 1014 4519 oblivisci
1041 4462 1216 4529 coegit
1243 4478 1258 4513 :
1293 4461 1433 4514 hunc
1462 4475 1588 4513 vero
1615 4471 1856 4514 sanctum
1887 4465 2143 4531 supplan-

561 4571 676 4611 tare
699 4571 804 4609 non
834 4553 1022 4623 potuit,
1047 4565 1222 4620 neque
1248 4549 1633 4618 philosophiam
1656 4551 1971 4620 supplicium
1998 4553 2139 4619 vicit,

558 4661 731 4716 neque
763 4643 1124 4699 fortitudinem
1155 4654 1309 4709 paena
1339 4640 1607 4708 superavit
1639 4659 1652 4692 :
1683 4641 1775 4694 sed
1809 4643 1994 4709 quovis
2019 4642 2144 4696 ada-

561 4749 740 4792 mante
771 4738 972 4791 ﬁrmior
1002 4735 1382 4805 permanebat,
1416 4746 1579 4801 seque
1610 4733 1744 4787 bona
1776 4750 1869 4803 spe
1904 4735 2141 4788 oblecta-

556 4833 693 4891 bat;
735 4831 1010 4882 materiam
1057 4840 1286 4894 agonum
1339 4839 1397 4878 se
1445 4833 1656 4876 nactum
1700 4825 2057 4893 gloriabatur,
2089 4838 2142 4905 et

552 4940 612 4975 nx
654 4921 1000 4976 certaminum
1032 4918 1208 4970 oblata
1253 4916 1530 4969 occasione
1571 4917 1974 4979 consolabatur,
2008 4934 2143 4986 ιιι-ω-

552 5014 744 5068 sertim
791 5010 1024 5079 quotidie
1067 5008 1287 5062 Paulum
1319 5006 1581 5059 dicentem
1609 5007 1830 5063 audiens
1860 5025 1871 5057 :
1906 5008 1971 5059 In
2009 5011 2142 5077 [ante

548 5114 596 5156 et
629 5104 733 5169 siti,
755 5104 807 5154 in
829 5101 1018 5171 [rigore
1039 5109 1087 5153 et
1109 5099 1335 5151 nuditate
1356 5096 1431 5165 (2.
1453 5096 1570 5152 Cor.
1592 5099 1676 5152 ll.
1695 5098 1787 5166 27)
1814 5115 1825 5149 ε
1856 5109 1907 5152 ct
1935 5115 2135 5162 rursus,

553 5191 730 5262 Usque
755 5191 807 5243 in
836 5192 966 5245 hanc
999 5189 1176 5242 horam
1207 5197 1251 5240 et
1278 5188 1524 5240 esurimus
1543 5228 1558 5251 ,
1601 5197 1647 5240 ct
1684 5188 1880 5242 sitimus
1901 5229 1915 5253 ,
1947 5200 1993 5241 et
2019 5191 2142 5243 nudi

555 5300 730 5338 sumus
755 5323 769 5344 ,
810 5290 855 5334 et
897 5279 1124 5348 colaphis
1153 5278 1395 5331 erudiatur
1419 5277 1504 5346 (ί.
1530 5276 1644 5329 Cor.
1675 5281 1725 5329 4.
1761 5281 1814 5331 Η
1842 5278 1878 5348 ).
1913 5278 2143 5333 Noverat

557 5375 783 5442 quippe,
824 5380 1040 5424 noverat
1077 5370 1241 5438 probe
1279 5368 1406 5422 illud
1428 5409 1442 5434 ,
1478 5366 1597 5420 Non
1635 5369 1687 5420 in
1727 5371 1832 5422 solo
1861 5387 1990 5438 pane
2018 5372 2141 5425 vivet

555 5468 742 5529 homo,
784 5462 871 5516 sed
914 5462 967 5514 in
1011 5460 1148 5512 omni
1189 5459 1334 5512 verba
1365 5459 1503 5525 quod
1550 5461 1770 5526 procedit
1817 5461 1878 5514 de
1916 5478 2001 5514 ore
2047 5461 2141 5516 Dei

553 5551 774 5608 (Matth.
805 5555 856 5606 4.
881 5553 956 5622 4).
991 5551 1059 5607 Ut
1084 5560 1257 5605 autem
1296 5551 1438 5604 illum
1471 5550 1742 5616 improbus
1772 5552 1977 5606 memon
2008 5555 2142 5609 vidit

553 5655 706 5699 tanta
733 5645 806 5698 rei
839 5645 1152 5698 necessitate
1181 5658 1283 5694 non
1312 5641 1499 5709 frangi,
1523 5641 1817 5709 graviorem
1847 5644 2137 5699 cruciatum

553 5733 788 5793 reddidit
821 5752 830 5789 :
861 5734 1060 5790 ctenim
1104 5735 1326 5803 sumptis
1358 5732 1663 5802 idolothytis
1684 5773 1696 5796 ,
1729 5733 1910 5802 cisque
1953 5751 2134 5791 mensa

1260 349 1318 404 s.
1359 341 1645 405 .IOANNIS
1680 345 2171 406 CHltYSOSTOMI
2218 346 2538 404 ARCHIEP.
2580 347 3128 420 CONSTANTINCP.

3754 345 3856 402 524

2269 454 2461 508 referta
2483 496 2498 522 ,
2528 463 2650 511 ante
2673 466 3017 525 conspectum
3049 472 3168 526 ejus
3192 456 3446 513 collocari
3476 473 3597 514 eam
3628 462 3864 527 curavit,

2266 555 2321 597 ut
2354 544 2580 599 facultas
2612 545 2788 599 utendi
2817 546 2981 600 animi
3011 547 3174 600 robur
3197 547 3529 617 infringeret.
3564 547 3688 604 Non
3717 552 3864 604 enim

2267 634 2401 688 adeo
2428 618 2624 690 irreiiri
2652 635 2889 691 solemus
2916 651 3038 691 cum
3067 651 3158 692 res
3185 653 3266 692 ea:
3285 679 3300 702 ,
3335 638 3528 708 quibus
3565 638 3862 705 allicimur,

2265 742 2371 780 non
2409 734 2703 796 apparent,
2735 741 2799 782 ac
2823 742 2951 782 cum
2974 729 3144 784 oculis
3182 730 3571 794 obversantur;
3617 730 3865 801 quando-

2265 816 2476 884 quidem
2501 826 2557 870 et
2579 818 2859 872 mulierum
2885 818 3228 887 cupiditatem
3257 821 3461 877 (acilius
3485 820 3608 891 quis
3632 835 3860 890 supera-

2266 909 2432 971 verit,
2461 908 2587 961 dum
2618 910 2894 964 mulierem
2941 910 3226 965 formosam
3272 927 3378 965 non
3409 910 3592 976 videt,
3624 926 3790 981 quam
3817 912 3866 965 si

2262 1013 2406 1067 sa-pe
2434 1000 2616 1054 oculos
2657 1000 2708 1053 in
2735 1015 2852 1054 eam
2898 1002 3159 1056 intendat.
3189 1001 3567 1056 Verumtamen
3594 1001 3695 1056 bas
3725 1019 3862 1066 quo-

2262 1102 2365 1156 que
2392 1088 2611 1143 insidias
2650 1090 2825 1158 jusms
2850 1091 3019 1155 vicit,
3062 1090 3311 1159 quodque
3342 1090 3710 1146 fortitudinem
3743 1093 3866 1160 ejus

2261 1178 2504 1232 diabolus
2551 1181 2899 1236 infracturum
2948 1175 3203 1252 putabat;
3254 1181 3357 1237 hoc
3397 1197 3517 1237 eum
3571 1183 3748 1251 magis
3795 1182 3867 1237 ad

2261 1270 2553 1323 certamina
2585 1272 2953 1325 corroboravit
2981 1281 3034 1325 et
3077 1273 3327 1326 instruxit
3365 1291 3379 1325 :
3410 1291 3513 1327 non
3552 1276 3698 1328 enim
3745 1283 3868 1328 tan-

2262 1367 2372 1411 ttttn
2414 1359 2543 1412 nlhil
2575 1361 2644 1413 ab
2687 1361 3102 1433 idolotltytorum
3133 1371 3351 1431 aspectu
3399 1363 3730 1427 hedebatur,
3765 1365 3867 1420 sed

2261 1465 2322 1502 ea
2353 1438 2518 1518 magis
2557 1450 2756 1504 idcirco
2784 1451 3169 1507 adversabatur
3211 1464 3265 1514 et
3306 1453 3512 1508 oderat.
3561 1455 3626 1509 Et
3662 1471 3865 1525 quem-

2260 1539 2548 1593 admodum
2570 1556 2692 1610 erga
2722 1543 2963 1597 inimicos
2984 1544 3264 1608 afficimur,
3287 1560 3422 1615 quos
3443 1546 3564 1615 quia
3586 1547 3864 1616 videmus,

2262 1639 2409 1683 tanto
2452 1645 2548 1684 eos
2592 1632 2716 1685 odio
2762 1633 2950 1701 majori
2999 1635 3372 1704 prosequimur
3397 1646 3452 1690 et
3489 1651 3862 1691 aversamur:

2260 1723 2336 1775 sie
2365 1731 2419 1776 et
2446 1722 2536 1777 ille
2565 1731 2689 1777 tunc
2713 1740 2836 1794 erga
2881 1727 3144 1795 impuram
3175 1727 3319 1781 illam
3352 1729 3622 1782 victimam
3657 1729 3868 1786 aflicie~

2261 1815 2452 1878 batur;
2500 1829 2567 1869 eo
2617 1817 2785 1884 magis
2827 1817 3194 1873 detestabatur
3237 1835 3302 1873 ac
3340 1806 3669 1890 refugiebat,
3715 1822 3864 1891 quod

2259 1903 2508 1967 videbat,
2559 1913 2612 1958 et
2663 1906 3028 1973 appositorum
3081 1908 3322 1962 ciborum
3380 1919 3629 1978 aspectus
3681 1913 3864 1980 majus

2258 1994 2435 2047 odium
2466 1995 2516 2048 in
2560 2011 2626 2050 eo
2656 2007 2814 2065 atque
2855 1999 3244 2052 aversationem
3277 2001 3540 2055 excitabat
3576 2019 3589 2057 :
3617 2003 3864 2074 dumque

2259 2087 2400 2139 intus
2425 2091 2614 2157 magna
2648 2088 2797 2142 illum
2829 2103 2960 2143 voce
2984 2090 3294 2144 sollicitaret
3321 2091 3508 2158 fames,
3532 2104 3586 2146 et
3607 2097 3860 2162 apposita

2256 2177 2535 2246 degustare
2570 2179 2814 2247 juberet,
2847 2189 2958 2234 tum
2989 2182 3079 2236 Dei
3122 2183 3281 2235 timor
3309 2184 3429 2250 ejus
3458 2200 3649 2238 manus
3674 2189 3858 2256 repri-

2257 2269 2455 2333 mebat,
2485 2279 2540 2324 et
2567 2281 2624 2324 ut
2655 2273 2820 2340 ipsius
2850 2283 3056 2328 natura:
3079 2273 3512 2342 oblivisceretur,
3543 2276 3853 2345 efliciebat;

2255 2359 2487 2429 dumque
2526 2361 2782 2429 pollutam
2814 2372 2868 2417 et
2909 2365 3287 2419 exsecrandum
3322 2382 3562 2422 mensam
3608 2370 3856 2426 intuere-

2257 2460 2340 2503 tur
2359 2493 2373 2516 ,
2404 2452 2623 2507 alterius
2652 2469 2849 2508 mensa:
2880 2456 3170 2511 tremenda:
3200 2473 3263 2511 ac
3290 2459 3492 2528 Spiritu
3522 2461 3746 2530 replctte
3774 2463 3854 2533 (α)

2253 2537 2674 2612 recordabatur,
2728 2546 2968 2616 adeoque
3015 2547 3482 2614 inﬂatumabatur,
3537 2563 3594 2605 ut
3644 2554 3856 2621 qumvis

2254 2636 2519 2689 sustinere
2542 2650 2604 2689 ac
2626 2635 2733 2705 pati
2761 2644 3021 2692 statueret
3049 2640 3243 2708 potius,
3268 2655 3427 2710 quam
3459 2641 3699 2711 impuros
3725 2643 3852 2698 illos

2253 2725 2401 2779 cibos
2425 2725 2730 2795 degustare.
2767 2727 3166 2783 l'tecordabatur
3193 2739 3247 2784 et
3280 2730 3421 2784 illius
3453 2732 3609 2786 trium
3651 2748 3853 2802 puem-

2253 2831 2370 2869 rutn
2401 2831 2599 2870 mensa:
2625 2815 2788 2887 (Dan.
2817 2819 2867 2871 l.
2895 2817 2992 2887 8),
3024 2820 3112 2888 qui
3143 2820 3369 2888 juvenes
3397 2823 3560 2891 capti,
3593 2824 3852 2893 omnique

2252 2909 2548 2976 patrocinio
2568 2908 2831 2973 destituti,
2855 2909 2910 2963 in
2937 2920 3077 2964 terra
3103 2911 3273 2965 aliena
3294 2927 3358 2966 ac
3380 2914 3605 2968 barbara
3625 2916 3850 2985 regione

2252 3007 2453 3051 tantam
2494 2997 2882 3068 philosophiam
2913 3001 3298 3068 ostenderunt,
3332 3012 3386 3057 ut
3410 3004 3478 3056 ad
3511 3005 3650 3060 hunc
3678 3021 3852 3074 usque

2252 3090 2396 3143 diem
2427 3093 2660 3160 ipsorum
2689 3091 2945 3146 fortitudo
2972 3094 3298 3150 celebretur.
3329 3097 3405 3149 Ac
3429 3096 3600 3152 Judtci
3627 3099 3850 3169 quidem

2252 3180 2379 3234 dum
2409 3197 2560 3235 suam
2583 3183 2744 3237 etiam
2769 3186 3045 3253 regionem
3070 3187 3391 3255 obtinerent,
3421 3190 3565 3258 impii
3595 3192 3646 3245 in
3677 3191 3850 3249 Deum

2251 3271 2500 3338 fuerunt,
2528 3276 2734 3337 et_.dum
2768 3275 2818 3328 iu
2852 3276 3052 3344 templo
3078 3288 3462 3347 versarentur,
3495 3283 3633 3336 idola
3664 3284 3853 3338 colae-

2251 3371 2375 3416 runt
2405 3379 2417 3414 :
2445 3371 2501 3415 at
2528 3363 2601 3416 illi
2629 3363 2852 3432 juvenes
2892 3366 2942 3419 iu
2971 3366 3299 3422 barbaricam
3334 3381 3530 3425 terram
3576 3374 3852 3442 translati,

2253 3453 2339 3505 ubi
2370 3453 2507 3506 idola
2550 3455 2831 3524 omnisque
2873 3457 3156 3525 impietatis
3183 3461 3495 3516 occasiones
3532 3477 3722 3529 erant,
3753 3482 3854 3536 pa-

2255 3553 2434 3597 ternos
2479 3544 2617 3610 ritus
2655 3555 2915 3614 perpetuo
2956 3549 3308 3603 retinuerunt.
3354 3550 3408 3605 Si
3451 3568 3581 3623 ergo
3622 3558 3852 3624 captivi,

2251 3635 2423 3698 servi,
2453 3649 2514 3688 ac
2547 3635 2780 3703 juvenes
2801 3647 2925 3691 ante
2957 3638 3126 3707 legem
3155 3642 3340 3709 gratia:
3372 3651 3572 3696 tantam
3602 3647 3853 3713 philoso-

2251 3725 2429 3792 phiam
2457 3742 2567 3795 pra:
2593 3741 2651 3780 se
2681 3727 2931 3791 tulerunt,
2963 3729 3164 3798 inquit,
3195 3747 3294 3798 qua
3328 3733 3539 3787 tandem
3568 3751 3667 3789 nos
3689 3739 3851 3793 venia

2252 3815 2396 3883 digni
2428 3817 2664 3882 erimus,
2715 3817 2760 3870 si
2792 3833 2859 3872 ne
2903 3818 2970 3871 ad
3015 3821 3257 3874 eamdem
3302 3824 3516 3892 quidem
3562 3835 3723 3895 atque
3769 3827 3852 3884 illi

2253 3906 2502 3960 virtutem
2534 3909 2817 3974 pervenire
2845 3909 3158 3965 valeamus?

2323 3999 2376 4052 5.
2431 3999 2556 4052 Hmc
2598 4001 2774 4069 itaque
2820 4016 3000 4054 secum
3045 4014 3298 4072 reputans
3339 4007 3535 4063 diaboli
3583 4010 3848 4066 malitiam

2253 4088 2522 4153 irridebat,
2553 4090 2898 4146 calliditatem
2931 4097 3338 4162 contemnebat;
3371 4113 3544 4168 neque
3577 4101 3646 4154 ad
3682 4103 3848 4172 quid-

2251 4195 2408 4249 quam
2437 4196 2656 4246 eorum,
2699 4199 2817 4253 quae
2862 4197 3140 4250 cerneret,
3185 4187 3511 4243 ﬂectebatur.
3551 4191 3847 4263 Postquam

2251 4280 2426 4322 autem
2456 4285 2514 4325 se
2541 4271 2668 4324 nihil
2704 4272 2962 4340 proficere
2991 4277 3282 4330 sceleratus
3313 4279 3400 4331 ille
3427 4280 3582 4346 vidit,
3631 4284 3696 4336 ad
3742 4286 3835 4338 tri-

2253 4359 2414 4414 bunal
2443 4375 2565 4413 eum
2595 4377 2778 4417 rursus
2806 4363 3052 4429 deducit,
3083 4377 3135 4419 et
3165 4369 3444 4422 tormentis
3472 4371 3701 4427 admotis
3728 4373 3845 4429 fre-

2251 4461 2478 4518 quenter
2524 4453 2887 4523 interrogabat
2928 4473 2942 4509 :
2978 4457 3065 4511 ille
3115 4473 3243 4512 vero
3295 4461 3358 4512 ad
3411 4477 3845 4536 unamquamque

2251 4542 2721 4612 interrogationem
2786 4558 2986 4602 tantum
3060 4551 3454 4620 respondebat,
3506 4554 3845 4615 Christianus

2251 4648 2403 4699 sum,
2452 4626 2764 4692 ac'diccnte
2809 4649 3029 4703 tortore,
3071 4641 3309 4709 Quanam
3353 4659 3418 4698 ex
3465 4648 3634 4715 patria
3687 4662 3844 4706 ortus

2249 4727 2345 4778 es?
2390 4725 2724 4784 Christianus
2775 4747 2927 4797 sum,
2976 4736 3085 4798 ait;
3116 4734 3284 4802 Quam
3329 4748 3497 4793 artem
3531 4741 3843 4809 profiteris?

2250 4817 2585 4873 Christianus
2628 4835 2782 4887 sum;
2814 4824 3017 4889 Quibus
3059 4829 3366 4894 parentibus
3409 4840 3565 4885 natus
3607 4832 3710 4887 es?
3754 4834 3857 4889 ille.

2249 4921 2377 4959 vero
2401 4908 2467 4961 ad
2496 4911 2672 4962 omnia
2702 4912 2929 4974 dicebat,
2955 4913 3285 4970 Christianus
3314 4932 3431 4970 sum
3463 4937 3475 4971 :
3510 4921 3611 4973 hoc
3636 4938 3743 4974 uno
3778 4937 3842 4977 ac

2250 4997 2476 5066 simplici
2508 5000 2671 5053 verbo
2701 5001 2898 5054 diaboli
2932 5013 3091 5071 caput
3122 5008 3453 5073 percutiens,
3480 5019 3532 5062 et
3560 5012 3633 5064 illi
3661 5016 3843 5066 cunti-

2257 5103 2359 5140 nua
2388 5087 2594 5155 sibique
2614 5090 2952 5144 succedentia
2981 5093 3195 5148 vulnera
3225 5096 3486 5165 indigens.
3504 5101 3838 5170 Quamquam

2250 5177 2338 5231 ille
2384 5181 2597 5248 quidem
2649 5184 2884 5236 externis
2932 5185 3164 5240 imbutus
3208 5187 3378 5242 fuerat
3421 5190 3736 5260 disciplinis,
3787 5207 3839 5250 at

2257 5270 2418 5338 probe
2462 5283 2682 5326 noverat
2733 5274 2784 5326 itt
2830 5275 3088 5342 ejusmodi
3136 5283 3517 5337 certaminibus
3565 5301 3673 5340 non
3721 5274 3842 5344 esse

2257 5376 2390 5430 opus
2417 5363 2736 5432 eloquentia,
2765 5364 2858 5418 sed
2890 5366 3019 5434 lidc;
3059 5385 3163 5423 non
3192 5371 3400 5425 dicendi
3436 5373 3682 5430 facultate
3702 5419 3716 5440 ,
3748 5382 3839 5432 sed

2250 5454 2422 5507 auiuta
2447 5456 2539 5509 Dei
2567 5471 2750 5511 amore
2781 5474 3053 5514 succensa.
3087 5462 3278 5518 Unum.
3310 5465 3498 5534 inquit,
3529 5469 3751 5524 verbum
3776 5474 3838 5525 ad

2249 5559 2462 5598 omnem
2490 5547 2685 5601 diaboli
2717 5559 2940 5604 turmam
2971 5553 3022 5605 in
3066 5552 3240 5622 fugant
3273 5558 3578 5612 vertendam
3622 5562 3838 5618 suflicit.

2251 5637 2329 5691 Ac
2357 5638 2568 5693 videtur
2592 5641 2804 5711 quidem
2838 5644 2923 5708 iis,
2953 5647 3042 5713 qui
3077 5664 3188 5700 rem
3219 5662 3464 5705 accurate
3495 5667 3603 5707 non
3631 5655 3831 5710 exarui-

2316 5750 2389 5810 (α)
2422 5760 2610 5801 Sacrum
2631 5753 2934 5818 intelligebat
2958 5757 3126 5808 altare.
