  <div class='ocr_page' id='page_1' title='image "/cluster/home/n/w/nwhite01/storage/ocr_20150623/50/ien.35556001660778/122.png"; bbox 0 0 4082 6420; ppageno 0'>
   <div class='ocr_carea' id='block_1_1' title="bbox 216 508 1803 581">
    <p class='ocr_par' dir='ltr' id='par_1_1' title="bbox 216 508 1803 581">
     <span class='ocr_line' id='line_1_1' title="bbox 216 508 1803 581; baseline 0.003 -16"><span class='ocrx_word' id='word_1_1' title='bbox 216 510 251 565; x_wconf 74' lang='grc' dir='ltr'><strong>δ</strong></span> <span class='ocrx_word' id='word_1_2' title='bbox 281 509 348 581; x_wconf 76' lang='grc' dir='ltr'><strong>δὴ</strong></span> <span class='ocrx_word' id='word_1_3' title='bbox 375 511 469 564; x_wconf 75' lang='grc' dir='ltr'><strong>καὶ</strong></span> <span class='ocrx_word' id='word_1_4' title='bbox 492 510 585 564; x_wconf 73' lang='grc' dir='ltr'><strong>ἐπὶ</strong></span> <span class='ocrx_word' id='word_1_5' title='bbox 616 509 808 564; x_wconf 80' lang='grc' dir='ltr'><strong>τούτου</strong></span> <span class='ocrx_word' id='word_1_6' title='bbox 866 510 1178 579; x_wconf 88' lang='grc' dir='ltr'><strong>γεγένηται.</strong></span> <span class='ocrx_word' id='word_1_7' title='bbox 1227 510 1386 564; x_wconf 78' lang='grc' dir='ltr'><strong>Ἀλλά</strong></span> <span class='ocrx_word' id='word_1_8' title='bbox 1415 511 1525 580; x_wconf 86' lang='grc' dir='ltr'><strong>γὰρ</strong></span> <span class='ocrx_word' id='word_1_9' title='bbox 1561 510 1668 581; x_wconf 78' lang='grc' dir='ltr'><strong>πρὸ</strong></span> <span class='ocrx_word' id='word_1_10' title='bbox 1699 508 1803 576; x_wconf 77' lang='grc' dir='ltr'><strong>τῆς</strong></span> 
     </span>
    </p>
   </div>
   <div class='ocr_carea' id='block_1_2' title="bbox 219 591 1807 664">
    <p class='ocr_par' dir='ltr' id='par_1_2' title="bbox 219 591 1807 664">
     <span class='ocr_line' id='line_1_2' title="bbox 219 591 1807 664; baseline -0.001 -20"><span class='ocrx_word' id='word_1_11' title='bbox 219 593 439 664; x_wconf 78' lang='grc' dir='ltr'><strong>σφαγῆς</strong></span> <span class='ocrx_word' id='word_1_12' title='bbox 477 594 775 661; x_wconf 84' lang='grc' dir='ltr'><strong>ἀναγκαῖον</strong></span> <span class='ocrx_word' id='word_1_13' title='bbox 822 594 999 645; x_wconf 85' lang='grc' dir='ltr'><strong>εἰπεῖν</strong></span> <span class='ocrx_word' id='word_1_14' title='bbox 1042 593 1136 645; x_wconf 78' lang='grc' dir='ltr'><strong>τοῦ</strong></span> <span class='ocrx_word' id='word_1_15' title='bbox 1170 591 1418 646; x_wconf 81' lang='grc' dir='ltr'><strong>διαϐόλου</strong></span> <span class='ocrx_word' id='word_1_16' title='bbox 1444 594 1545 663; x_wconf 83' lang='grc' dir='ltr'><strong>τὴν</strong></span> <span class='ocrx_word' id='word_1_17' title='bbox 1576 607 1807 662; x_wconf 82' lang='grc' dir='ltr'><strong>πανουρ·</strong></span> 
     </span>
    </p>
   </div>
   <div class='ocr_carea' id='block_1_3' title="bbox 216 672 1807 746">
    <p class='ocr_par' dir='ltr' id='par_1_3' title="bbox 216 672 1807 746">
     <span class='ocr_line' id='line_1_3' title="bbox 216 672 1807 746; baseline -0.001 -19"><span class='ocrx_word' id='word_1_18' title='bbox 216 676 371 741; x_wconf 89' lang='grc' dir='ltr'><strong>γίαν.</strong></span> <span class='ocrx_word' id='word_1_19' title='bbox 424 673 658 729; x_wconf 84' lang='grc' dir='ltr'><strong>Συνιδὼν</strong></span> <span class='ocrx_word' id='word_1_20' title='bbox 691 674 799 746; x_wconf 80' lang='grc' dir='ltr'><strong>γάρ</strong></span> <span class='ocrx_word' id='word_1_21' title='bbox 840 674 1048 737; x_wconf 84' lang='grc' dir='ltr'><strong>ἐκεῖνος</strong></span> <span class='ocrx_word' id='word_1_22' title='bbox 1086 674 1169 727; x_wconf 81' lang='grc' dir='ltr'><strong>ὅτι</strong></span> <span class='ocrx_word' id='word_1_23' title='bbox 1202 674 1384 742; x_wconf 86' lang='grc' dir='ltr'><strong>πάσης</strong></span> <span class='ocrx_word' id='word_1_24' title='bbox 1412 674 1684 745; x_wconf 80' lang='grc' dir='ltr'><strong>τιμωρίας</strong></span> <span class='ocrx_word' id='word_1_25' title='bbox 1712 672 1807 726; x_wconf 74' lang='grc' dir='ltr'><strong>καὶ</strong></span> 
     </span>
    </p>
   </div>
   <div class='ocr_carea' id='block_1_4' title="bbox 220 756 1807 828">
    <p class='ocr_par' dir='ltr' id='par_1_4' title="bbox 220 756 1807 828">
     <span class='ocr_line' id='line_1_4' title="bbox 220 756 1807 828; baseline -0.003 -18"><span class='ocrx_word' id='word_1_26' title='bbox 220 756 503 820; x_wconf 77' lang='grc' dir='ltr'><strong>κολάσεως</strong></span> <span class='ocrx_word' id='word_1_27' title='bbox 527 757 700 821; x_wconf 75' lang='grc' dir='ltr'><strong>εἴδους</strong></span> <span class='ocrx_word' id='word_1_28' title='bbox 730 756 1061 824; x_wconf 77' lang='grc' dir='ltr'><strong>κατεγέλασε</strong></span> <span class='ocrx_word' id='word_1_29' title='bbox 1092 766 1134 821; x_wconf 88' lang='grc'><strong>⁸,</strong></span> <span class='ocrx_word' id='word_1_30' title='bbox 1153 757 1249 811; x_wconf 75' lang='grc' dir='ltr'><strong>καὶ</strong></span> <span class='ocrx_word' id='word_1_31' title='bbox 1276 757 1403 811; x_wconf 80' lang='grc' dir='ltr'><strong>οὔτε</strong></span> <span class='ocrx_word' id='word_1_32' title='bbox 1452 758 1683 828; x_wconf 82' lang='grc' dir='ltr'><strong>κάμινον</strong></span> <span class='ocrx_word' id='word_1_33' title='bbox 1708 756 1807 808; x_wconf 86' lang='grc' dir='ltr'><strong>ἀν-</strong></span> 
     </span>
    </p>
   </div>
   <div class='ocr_carea' id='block_1_5' title="bbox 218 837 1804 912">
    <p class='ocr_par' dir='ltr' id='par_1_5' title="bbox 218 837 1804 912">
     <span class='ocr_line' id='line_1_5' title="bbox 218 837 1804 912; baseline -0.001 -20"><span class='ocrx_word' id='word_1_34' title='bbox 218 838 393 902; x_wconf 62' lang='grc' dir='ltr'><strong>άῷας,</strong></span> <span class='ocrx_word' id='word_1_35' title='bbox 420 838 546 893; x_wconf 78' lang='grc' dir='ltr'><strong>οὔτε</strong></span> <span class='ocrx_word' id='word_1_36' title='bbox 566 837 838 912; x_wconf 79' lang='grc' dir='ltr'><strong>βάραθρον</strong></span> <span class='ocrx_word' id='word_1_37' title='bbox 858 838 1078 911; x_wconf 79' lang='grc' dir='ltr'><strong>ὀρύξας,</strong></span> <span class='ocrx_word' id='word_1_38' title='bbox 1094 838 1217 894; x_wconf 83' lang='grc' dir='ltr'><strong>οὔτε</strong></span> <span class='ocrx_word' id='word_1_39' title='bbox 1240 840 1432 911; x_wconf 86' lang='grc' dir='ltr'><strong>τροχὸν</strong></span> <span class='ocrx_word' id='word_1_40' title='bbox 1456 838 1804 910; x_wconf 81' lang='grc' dir='ltr'><strong>εὐτρεπίσας,</strong></span> 
     </span>
    </p>
   </div>
   <div class='ocr_carea' id='block_1_6' title="bbox 217 920 1801 993">
    <p class='ocr_par' dir='ltr' id='par_1_6' title="bbox 217 920 1801 993">
     <span class='ocr_line' id='line_1_6' title="bbox 217 920 1801 993; baseline 0 -20"><span class='ocrx_word' id='word_1_41' title='bbox 217 930 348 974; x_wconf 75' lang='grc' dir='ltr'><strong>οὒτε</strong></span> <span class='ocrx_word' id='word_1_42' title='bbox 378 924 458 985; x_wconf 89' lang='grc' dir='ltr'><strong>εἰς</strong></span> <span class='ocrx_word' id='word_1_43' title='bbox 483 921 641 989; x_wconf 80' lang='grc' dir='ltr'>ξύλον</span> <span class='ocrx_word' id='word_1_44' title='bbox 680 923 995 990; x_wconf 84' lang='grc' dir='ltr'><strong>ἀναγαγὼν,</strong></span> <span class='ocrx_word' id='word_1_45' title='bbox 1029 921 1154 975; x_wconf 81' lang='grc' dir='ltr'><strong>οὕτε</strong></span> <span class='ocrx_word' id='word_1_46' title='bbox 1180 923 1262 985; x_wconf 83' lang='grc' dir='ltr'><strong>είς</strong></span> <span class='ocrx_word' id='word_1_47' title='bbox 1293 922 1575 993; x_wconf 82' lang='grc' dir='ltr'><strong>κρημνοὺς</strong></span> <span class='ocrx_word' id='word_1_48' title='bbox 1605 920 1801 992; x_wconf 77' lang='grc' dir='ltr'><strong>ῥίψας,</strong></span> 
     </span>
    </p>
   </div>
   <div class='ocr_carea' id='block_1_7' title="bbox 215 1002 1806 1074">
    <p class='ocr_par' dir='ltr' id='par_1_7' title="bbox 215 1002 1806 1074">
     <span class='ocr_line' id='line_1_7' title="bbox 215 1002 1806 1074; baseline 0 -20"><span class='ocrx_word' id='word_1_49' title='bbox 215 1003 345 1055; x_wconf 75' lang='grc' dir='ltr'><strong>οὗτε</strong></span> <span class='ocrx_word' id='word_1_50' title='bbox 362 1005 445 1066; x_wconf 90' lang='grc' dir='ltr'><strong>εἰς</strong></span> <span class='ocrx_word' id='word_1_51' title='bbox 461 1003 666 1074; x_wconf 85' lang='grc' dir='ltr'><strong>θηρίων</strong></span> <span class='ocrx_word' id='word_1_52' title='bbox 682 1003 899 1067; x_wconf 85' lang='grc' dir='ltr'><strong>όδόντας</strong></span> <span class='ocrx_word' id='word_1_53' title='bbox 919 1004 944 1055; x_wconf 89' lang='grc' dir='ltr'><strong>ἐ</strong></span> <span class='ocrx_word' id='word_1_54' title='bbox 952 1003 1173 1073; x_wconf 87' lang='grc' dir='ltr'><strong>μϐαλὼν</strong></span> <span class='ocrx_word' id='word_1_55' title='bbox 1202 1004 1390 1073; x_wconf 86' lang='grc' dir='ltr'><strong>ῐσχυσε</strong></span> <span class='ocrx_word' id='word_1_56' title='bbox 1419 1002 1806 1073; x_wconf 87' lang='grc' dir='ltr'><strong>περιγενέσθαι</strong></span> 
     </span>
    </p>
   </div>
   <div class='ocr_carea' id='block_1_8' title="bbox 214 1084 1807 1156">
    <p class='ocr_par' dir='ltr' id='par_1_8' title="bbox 214 1084 1807 1156">
     <span class='ocr_line' id='line_1_8' title="bbox 214 1084 1807 1156; baseline -0.001 -18"><span class='ocrx_word' id='word_1_57' title='bbox 214 1085 321 1154; x_wconf 78' lang='grc' dir='ltr'><strong>τῆς</strong></span> <span class='ocrx_word' id='word_1_58' title='bbox 358 1085 453 1139; x_wconf 84' lang='grc' dir='ltr'><strong>τοῦ</strong></span> <span class='ocrx_word' id='word_1_59' title='bbox 494 1084 652 1153; x_wconf 83' lang='grc' dir='ltr'><strong>ἀγίου</strong></span> <span class='ocrx_word' id='word_1_60' title='bbox 679 1085 1016 1155; x_wconf 78' lang='grc' dir='ltr'><strong>φιλοσοφίας,</strong></span> <span class='ocrx_word' id='word_1_61' title='bbox 1046 1085 1235 1156; x_wconf 71' lang='grc' dir='ltr'><strong>ἕτερον</strong></span> <span class='ocrx_word' id='word_1_62' title='bbox 1273 1086 1535 1156; x_wconf 85' lang='grc' dir='ltr'><strong>ἐπενόησε</strong></span> <span class='ocrx_word' id='word_1_63' title='bbox 1556 1084 1807 1156; x_wconf 80' lang='grc' dir='ltr'><strong>χαλεπώ-</strong></span> 
     </span>
    </p>
   </div>
   <div class='ocr_carea' id='block_1_9' title="bbox 211 1167 1804 1240">
    <p class='ocr_par' dir='ltr' id='par_1_9' title="bbox 211 1167 1804 1240">
     <span class='ocr_line' id='line_1_9' title="bbox 211 1167 1804 1240; baseline 0.001 -22"><span class='ocrx_word' id='word_1_64' title='bbox 211 1183 381 1238; x_wconf 90' lang='grc' dir='ltr'><strong>τερον</strong></span> <span class='ocrx_word' id='word_1_65' title='bbox 412 1167 613 1237; x_wconf 84' lang='grc' dir='ltr'><strong>τρόπον</strong></span> <span class='ocrx_word' id='word_1_66' title='bbox 632 1207 648 1231; x_wconf 95' lang='grc'><strong>,</strong></span> <span class='ocrx_word' id='word_1_67' title='bbox 692 1168 785 1221; x_wconf 80' lang='grc' dir='ltr'><strong>καὶ</strong></span> <span class='ocrx_word' id='word_1_68' title='bbox 813 1168 1031 1239; x_wconf 79' lang='grc' dir='ltr'><strong>περιῄει</strong></span> <span class='ocrx_word' id='word_1_69' title='bbox 1073 1168 1255 1238; x_wconf 80' lang='grc' dir='ltr'><strong>ζητῶν</strong></span> <span class='ocrx_word' id='word_1_70' title='bbox 1281 1169 1553 1240; x_wconf 82' lang='grc' dir='ltr'><strong>τιμωρίαν</strong></span> <span class='ocrx_word' id='word_1_71' title='bbox 1594 1170 1804 1238; x_wconf 88' lang='grc' dir='ltr'><strong>εὑρεῖν,</strong></span> 
     </span>
    </p>
   </div>
   <div class='ocr_carea' id='block_1_10' title="bbox 215 1248 1807 1323">
    <p class='ocr_par' dir='ltr' id='par_1_10' title="bbox 215 1248 1807 1323">
     <span class='ocr_line' id='line_1_10' title="bbox 215 1248 1807 1323; baseline 0.001 -22"><span class='ocrx_word' id='word_1_72' title='bbox 215 1248 365 1302; x_wconf 87' lang='grc' dir='ltr'><strong>ῶστε</strong></span> <span class='ocrx_word' id='word_1_73' title='bbox 393 1250 491 1320; x_wconf 79' lang='grc' dir='ltr'><strong>τήν</strong></span> <span class='ocrx_word' id='word_1_74' title='bbox 519 1250 690 1321; x_wconf 83' lang='grc' dir='ltr'><strong>αὐτὴν</strong></span> <span class='ocrx_word' id='word_1_75' title='bbox 724 1250 859 1322; x_wconf 84' lang='grc' dir='ltr'><strong>ὀμοῦ</strong></span> <span class='ocrx_word' id='word_1_76' title='bbox 889 1253 982 1304; x_wconf 81' lang='grc' dir='ltr'><strong>καὶ</strong></span> <span class='ocrx_word' id='word_1_77' title='bbox 1026 1251 1364 1323; x_wconf 75' lang='grc' dir='ltr'><strong>δριμυτάτην</strong></span> <span class='ocrx_word' id='word_1_78' title='bbox 1406 1252 1662 1320; x_wconf 83' lang='grc' dir='ltr'><strong>γενέσθαι</strong></span> <span class='ocrx_word' id='word_1_79' title='bbox 1711 1252 1807 1303; x_wconf 81' lang='grc' dir='ltr'><strong>καὶ</strong></span> 
     </span>
    </p>
   </div>
   <div class='ocr_carea' id='block_1_11' title="bbox 218 1332 1809 1405">
    <p class='ocr_par' dir='ltr' id='par_1_11' title="bbox 218 1332 1809 1405">
     <span class='ocr_line' id='line_1_11' title="bbox 218 1332 1809 1405; baseline 0.001 -19"><span class='ocrx_word' id='word_1_80' title='bbox 218 1332 598 1402; x_wconf 84' lang='grc' dir='ltr'><strong>μακροτάτην.</strong></span> <span class='ocrx_word' id='word_1_81' title='bbox 640 1334 858 1405; x_wconf 77' lang='grc' dir='ltr'><strong>Ἐπειδὴ</strong></span> <span class='ocrx_word' id='word_1_82' title='bbox 891 1332 1003 1404; x_wconf 81' lang='lat'><strong>7&amp;9</strong></span> <span class='ocrx_word' id='word_1_83' title='bbox 1030 1335 1139 1387; x_wconf 89' lang='grc' dir='ltr'><strong>τῶν</strong></span> <span class='ocrx_word' id='word_1_84' title='bbox 1172 1334 1449 1388; x_wconf 80' lang='grc' dir='ltr'><strong>κολάσεων</strong></span> <span class='ocrx_word' id='word_1_85' title='bbox 1472 1337 1530 1388; x_wconf 88' lang='grc' dir='ltr'><strong>αἰ</strong></span> <span class='ocrx_word' id='word_1_86' title='bbox 1555 1335 1654 1405; x_wconf 76' lang='grc' dir='ltr'><strong>μὲν</strong></span> <span class='ocrx_word' id='word_1_87' title='bbox 1674 1334 1809 1403; x_wconf 85' lang='grc' dir='ltr'><strong>ἀφό-</strong></span> 
     </span>
    </p>
   </div>
   <div class='ocr_carea' id='block_1_12' title="bbox 215 1415 1808 1488">
    <p class='ocr_par' dir='ltr' id='par_1_12' title="bbox 215 1415 1808 1488">
     <span class='ocr_line' id='line_1_12' title="bbox 215 1415 1808 1488; baseline 0.002 -20"><span class='ocrx_word' id='word_1_88' title='bbox 215 1431 378 1485; x_wconf 81' lang='grc' dir='ltr'><strong>ρητοι</strong></span> <span class='ocrx_word' id='word_1_89' title='bbox 430 1415 696 1487; x_wconf 83' lang='grc' dir='ltr'><strong>ταχίστην</strong></span> <span class='ocrx_word' id='word_1_90' title='bbox 747 1416 1050 1488; x_wconf 79' lang='grc' dir='ltr'><strong>παρέχουσι</strong></span> <span class='ocrx_word' id='word_1_91' title='bbox 1088 1416 1187 1488; x_wconf 78' lang='grc' dir='ltr'><strong>τὴν</strong></span> <span class='ocrx_word' id='word_1_92' title='bbox 1236 1416 1591 1488; x_wconf 78' lang='grc' dir='ltr'><strong>ἀπαλλαγὴν,</strong></span> <span class='ocrx_word' id='word_1_93' title='bbox 1648 1417 1705 1470; x_wconf 87' lang='grc' dir='ltr'><strong>αί</strong></span> <span class='ocrx_word' id='word_1_94' title='bbox 1749 1417 1808 1471; x_wconf 83' lang='grc' dir='ltr'><strong>δέ</strong></span> 
     </span>
    </p>
   </div>
   <div class='ocr_carea' id='block_1_13' title="bbox 214 1495 1807 1571">
    <p class='ocr_par' dir='ltr' id='par_1_13' title="bbox 214 1495 1807 1571">
     <span class='ocr_line' id='line_1_13' title="bbox 214 1495 1807 1571; baseline 0.003 -23"><span class='ocrx_word' id='word_1_95' title='bbox 214 1495 654 1567; x_wconf 85' lang='grc' dir='ltr'><strong>ἐπιμηκέστεραι</strong></span> <span class='ocrx_word' id='word_1_96' title='bbox 684 1498 1078 1567; x_wconf 85' lang='grc' dir='ltr'><strong>ὑποτέμνονται</strong></span> <span class='ocrx_word' id='word_1_97' title='bbox 1103 1500 1202 1569; x_wconf 76' lang='grc' dir='ltr'><strong>τήν</strong></span> <span class='ocrx_word' id='word_1_98' title='bbox 1224 1498 1416 1571; x_wconf 83' lang='grc' dir='ltr'><strong>ὀδύνην</strong></span> <span class='ocrx_word' id='word_1_99' title='bbox 1433 1537 1448 1562; x_wconf 91' lang='grc'><strong>,</strong></span> <span class='ocrx_word' id='word_1_100' title='bbox 1474 1498 1807 1552; x_wconf 87' lang='grc' dir='ltr'><strong>ἐσπούδασεν</strong></span> 
     </span>
    </p>
   </div>
   <div class='ocr_carea' id='block_1_14' title="bbox 214 1576 1807 1652">
    <p class='ocr_par' dir='ltr' id='par_1_14' title="bbox 214 1576 1807 1652">
     <span class='ocr_line' id='line_1_14' title="bbox 214 1576 1807 1652; baseline 0.003 -24"><span class='ocrx_word' id='word_1_101' title='bbox 214 1577 404 1646; x_wconf 84' lang='grc' dir='ltr'><strong>εὑρεῖν</strong></span> <span class='ocrx_word' id='word_1_102' title='bbox 434 1576 658 1630; x_wconf 79' lang='grc' dir='ltr'><strong>κόλασιν</strong></span> <span class='ocrx_word' id='word_1_103' title='bbox 700 1578 837 1648; x_wconf 84' lang='grc' dir='ltr'><strong>ὀμοῦ</strong></span> <span class='ocrx_word' id='word_1_104' title='bbox 875 1596 933 1632; x_wconf 91' lang='grc' dir='ltr'><strong>τε</strong></span> <span class='ocrx_word' id='word_1_105' title='bbox 984 1581 1053 1633; x_wconf 78' lang='grc' dir='ltr'><strong>τά</strong></span> <span class='ocrx_word' id='word_1_106' title='bbox 1087 1580 1375 1652; x_wconf 90' lang='grc' dir='ltr'><strong>ἀμφότερα</strong></span> <span class='ocrx_word' id='word_1_107' title='bbox 1414 1580 1678 1650; x_wconf 76' lang='grc' dir='ltr'><strong>ἔχουσαν,</strong></span> <span class='ocrx_word' id='word_1_108' title='bbox 1711 1580 1807 1632; x_wconf 75' lang='grc' dir='ltr'><strong>καὶ</strong></span> 
     </span>
    </p>
   </div>
   <div class='ocr_carea' id='block_1_15' title="bbox 218 1661 1803 1735">
    <p class='ocr_par' dir='ltr' id='par_1_15' title="bbox 218 1661 1803 1735">
     <span class='ocr_line' id='line_1_15' title="bbox 218 1661 1803 1735; baseline 0.002 -23"><span class='ocrx_word' id='word_1_109' title='bbox 218 1661 402 1730; x_wconf 81' lang='grc' dir='ltr'><strong>μῆκος</strong></span> <span class='ocrx_word' id='word_1_110' title='bbox 440 1662 535 1713; x_wconf 83' lang='grc' dir='ltr'><strong>καὶ</strong></span> <span class='ocrx_word' id='word_1_111' title='bbox 563 1662 867 1733; x_wconf 84' lang='grc' dir='ltr'><strong>ὑπερϐολὴν</strong></span> <span class='ocrx_word' id='word_1_112' title='bbox 906 1662 1100 1733; x_wconf 81' lang='grc' dir='ltr'><strong>ὀδύνης</strong></span> <span class='ocrx_word' id='word_1_113' title='bbox 1139 1665 1458 1735; x_wconf 86' lang='grc' dir='ltr'><strong>ἀνήκεστον,</strong></span> <span class='ocrx_word' id='word_1_114' title='bbox 1493 1664 1583 1717; x_wconf 82' lang='grc' dir='ltr'><strong>ἴνα</strong></span> <span class='ocrx_word' id='word_1_115' title='bbox 1612 1663 1708 1716; x_wconf 84' lang='grc' dir='ltr'><strong>καὶ</strong></span> <span class='ocrx_word' id='word_1_116' title='bbox 1736 1664 1803 1733; x_wconf 74' lang='grc' dir='ltr'><strong>τῇ</strong></span> 
     </span>
    </p>
   </div>
   <div class='ocr_carea' id='block_1_16' title="bbox 215 1742 1807 1818">
    <p class='ocr_par' dir='ltr' id='par_1_16' title="bbox 215 1742 1807 1818">
     <span class='ocr_line' id='line_1_16' title="bbox 215 1742 1807 1818; baseline 0.004 -26"><span class='ocrx_word' id='word_1_117' title='bbox 215 1742 545 1813; x_wconf 85' lang='grc' dir='ltr'><strong>σφοδρότητι</strong></span> <span class='ocrx_word' id='word_1_118' title='bbox 586 1745 680 1797; x_wconf 77' lang='grc' dir='ltr'><strong>καὶ</strong></span> <span class='ocrx_word' id='word_1_119' title='bbox 724 1744 803 1818; x_wconf 76' lang='grc' dir='ltr'><strong>τῷ</strong></span> <span class='ocrx_word' id='word_1_120' title='bbox 842 1745 1036 1815; x_wconf 86' lang='grc' dir='ltr'><strong>πλήθει</strong></span> <span class='ocrx_word' id='word_1_121' title='bbox 1088 1744 1183 1799; x_wconf 80' lang='grc' dir='ltr'><strong>τοῦ</strong></span> <span class='ocrx_word' id='word_1_122' title='bbox 1226 1747 1419 1816; x_wconf 85' lang='grc' dir='ltr'><strong>χρόνου</strong></span> <span class='ocrx_word' id='word_1_123' title='bbox 1465 1744 1527 1798; x_wconf 77' lang='grc' dir='ltr'><strong>τὸ</strong></span> <span class='ocrx_word' id='word_1_124' title='bbox 1575 1744 1807 1817; x_wconf 78' lang='grc' dir='ltr'><strong>στερρὸν</strong></span> 
     </span>
    </p>
   </div>
   <div class='ocr_carea' id='block_1_17' title="bbox 216 1825 1094 1897">
    <p class='ocr_par' dir='ltr' id='par_1_17' title="bbox 216 1825 1094 1897">
     <span class='ocr_line' id='line_1_17' title="bbox 216 1825 1094 1897; baseline 0.005 -20"><span class='ocrx_word' id='word_1_125' title='bbox 216 1825 501 1897; x_wconf 81' lang='grc' dir='ltr'><strong>καταϐάλῃ</strong></span> <span class='ocrx_word' id='word_1_126' title='bbox 526 1829 627 1897; x_wconf 77' lang='grc' dir='ltr'><strong>τῆς</strong></span> <span class='ocrx_word' id='word_1_127' title='bbox 646 1827 813 1880; x_wconf 79' lang='grc' dir='ltr'><strong>αὑτοῦ</strong></span> <span class='ocrx_word' id='word_1_128' title='bbox 836 1827 1094 1891; x_wconf 85' lang='grc' dir='ltr'><strong>διανοίας.</strong></span> 
     </span>
    </p>
   </div>
   <div class='ocr_carea' id='block_1_18' title="bbox 289 1907 1801 1982">
    <p class='ocr_par' dir='ltr' id='par_1_18' title="bbox 289 1907 1801 1982">
     <span class='ocr_line' id='line_1_18' title="bbox 289 1907 1801 1982; baseline 0.001 -21"><span class='ocrx_word' id='word_1_129' title='bbox 289 1908 402 1961; x_wconf 71' lang='grc' dir='ltr'><strong>Καὶ</strong></span> <span class='ocrx_word' id='word_1_130' title='bbox 430 1909 482 1961; x_wconf 87' lang='grc' dir='ltr'><strong>τί</strong></span> <span class='ocrx_word' id='word_1_131' title='bbox 513 1912 688 1973; x_wconf 78' lang='grc' dir='ltr'><strong>ποιεῖς</strong></span> <span class='ocrx_word' id='word_1_132' title='bbox 722 1909 883 1981; x_wconf 86' lang='grc' dir='ltr'><strong>Λιμῷ</strong></span> <span class='ocrx_word' id='word_1_133' title='bbox 919 1912 1012 1964; x_wconf 81' lang='grc' dir='ltr'><strong>τὸν</strong></span> <span class='ocrx_word' id='word_1_134' title='bbox 1043 1911 1199 1980; x_wconf 80' lang='grc' dir='ltr'><strong>ἀγιον</strong></span> <span class='ocrx_word' id='word_1_135' title='bbox 1228 1910 1561 1982; x_wconf 88' lang='grc' dir='ltr'><strong>παραδίδωσι</strong></span> <span class='ocrx_word' id='word_1_136' title='bbox 1586 1907 1801 1963; x_wconf 75' lang='grc' dir='ltr'><strong>τοῦτονο</strong></span> 
     </span>
    </p>
   </div>
   <div class='ocr_carea' id='block_1_19' title="bbox 218 1989 1803 2066">
    <p class='ocr_par' dir='ltr' id='par_1_19' title="bbox 218 1989 1803 2066">
     <span class='ocr_line' id='line_1_19' title="bbox 218 1989 1803 2066; baseline 0.003 -25"><span class='ocrx_word' id='word_1_137' title='bbox 218 1989 288 2041; x_wconf 78' lang='grc' dir='ltr'><strong>σὺ</strong></span> <span class='ocrx_word' id='word_1_138' title='bbox 312 1990 371 2042; x_wconf 89' lang='grc' dir='ltr'><strong>δέ</strong></span> <span class='ocrx_word' id='word_1_139' title='bbox 404 1990 563 2060; x_wconf 82' lang='grc' dir='ltr'><strong>λιμὸν</strong></span> <span class='ocrx_word' id='word_1_140' title='bbox 600 1991 838 2057; x_wconf 88' lang='grc' dir='ltr'><strong>ἀκούσας</strong></span> <span class='ocrx_word' id='word_1_141' title='bbox 885 1993 961 2065; x_wconf 80' lang='grc' dir='ltr'><strong>μὴ</strong></span> <span class='ocrx_word' id='word_1_142' title='bbox 1004 1992 1283 2066; x_wconf 80' lang='grc' dir='ltr'><strong>παρέλθῃς</strong></span> <span class='ocrx_word' id='word_1_143' title='bbox 1314 1992 1503 2056; x_wconf 87' lang='grc' dir='ltr'><strong>ἁπλῶς</strong></span> <span class='ocrx_word' id='word_1_144' title='bbox 1548 1993 1609 2046; x_wconf 84' lang='grc' dir='ltr'><strong>τὸ</strong></span> <span class='ocrx_word' id='word_1_145' title='bbox 1647 1993 1803 2060; x_wconf 88' lang='grc' dir='ltr'><strong>λεγό-</strong></span> 
     </span>
    </p>
   </div>
   <div class='ocr_carea' id='block_1_20' title="bbox 220 2070 1805 2147">
    <p class='ocr_par' dir='ltr' id='par_1_20' title="bbox 220 2070 1805 2147">
     <span class='ocr_line' id='line_1_20' title="bbox 220 2070 1805 2147; baseline 0.003 -23"><span class='ocrx_word' id='word_1_146' title='bbox 220 2088 415 2141; x_wconf 82' lang='grc' dir='ltr'><strong>μενον·</strong></span> <span class='ocrx_word' id='word_1_147' title='bbox 468 2074 722 2127; x_wconf 84' lang='grc' dir='ltr'><strong>ἁπάντων</strong></span> <span class='ocrx_word' id='word_1_148' title='bbox 765 2074 876 2146; x_wconf 93' lang='lat'><strong>7&amp;9</strong></span> <span class='ocrx_word' id='word_1_149' title='bbox 923 2076 1170 2130; x_wconf 85' lang='grc' dir='ltr'><strong>θανάτων</strong></span> <span class='ocrx_word' id='word_1_150' title='bbox 1211 2070 1367 2139; x_wconf 76' lang='grc' dir='ltr'><strong>οὗτός</strong></span> <span class='ocrx_word' id='word_1_151' title='bbox 1404 2078 1521 2130; x_wconf 86' lang='grc' dir='ltr'><strong>ἐστι</strong></span> <span class='ocrx_word' id='word_1_152' title='bbox 1558 2076 1805 2147; x_wconf 82' lang='grc' dir='ltr'><strong>χαλεπώ-</strong></span> 
     </span>
    </p>
   </div>
   <div class='ocr_carea' id='block_1_21' title="bbox 209 2157 1805 2231">
    <p class='ocr_par' dir='ltr' id='par_1_21' title="bbox 209 2157 1805 2231">
     <span class='ocr_line' id='line_1_21' title="bbox 209 2157 1805 2231; baseline 0.003 -24"><span class='ocrx_word' id='word_1_153' title='bbox 209 2171 397 2217; x_wconf 86' lang='grc' dir='ltr'><strong>τατος.</strong></span> <span class='ocrx_word' id='word_1_154' title='bbox 428 2157 542 2210; x_wconf 76' lang='grc' dir='ltr'><strong>Καὶ</strong></span> <span class='ocrx_word' id='word_1_155' title='bbox 589 2158 868 2229; x_wconf 89' lang='grc' dir='ltr'><strong>μάρτυρες</strong></span> <span class='ocrx_word' id='word_1_156' title='bbox 899 2161 948 2212; x_wconf 86' lang='grc' dir='ltr'><strong>οἰ</strong></span> <span class='ocrx_word' id='word_1_157' title='bbox 995 2162 1193 2231; x_wconf 87' lang='grc' dir='ltr'><strong>πεῖραν</strong></span> <span class='ocrx_word' id='word_1_158' title='bbox 1224 2159 1507 2231; x_wconf 74' lang='grc' dir='ltr'><strong>εἰληφότες</strong></span> <span class='ocrx_word' id='word_1_159' title='bbox 1526 2174 1541 2188; x_wconf 75' lang='grc' dir='ltr'><strong><em>ο</em></strong></span> <span class='ocrx_word' id='word_1_160' title='bbox 1590 2159 1663 2229; x_wconf 84' lang='grc' dir='ltr'><strong>μὴ</strong></span> <span class='ocrx_word' id='word_1_161' title='bbox 1695 2158 1805 2229; x_wconf 91' lang='lat'><strong>7&amp;9</strong></span> 
     </span>
    </p>
   </div>
   <div class='ocr_carea' id='block_1_22' title="bbox 211 2236 1805 2313">
    <p class='ocr_par' dir='ltr' id='par_1_22' title="bbox 211 2236 1805 2313">
     <span class='ocr_line' id='line_1_22' title="bbox 211 2236 1805 2313; baseline 0.003 -24"><span class='ocrx_word' id='word_1_162' title='bbox 211 2236 281 2307; x_wconf 79' lang='grc' dir='ltr'><strong>δὴ</strong></span> <span class='ocrx_word' id='word_1_163' title='bbox 311 2240 472 2306; x_wconf 84' lang='grc' dir='ltr'><strong>ἡμεῖς</strong></span> <span class='ocrx_word' id='word_1_164' title='bbox 510 2242 713 2310; x_wconf 61' lang='grc' dir='ltr'><strong>πεῖραν,</strong></span> <span class='ocrx_word' id='word_1_165' title='bbox 734 2239 996 2312; x_wconf 90' lang='grc' dir='ltr'><strong>λάϐοιμεν</strong></span> <span class='ocrx_word' id='word_1_166' title='bbox 1035 2259 1051 2274; x_wconf 78' lang='lat'>&#39;</span> <span class='ocrx_word' id='word_1_167' title='bbox 1080 2242 1262 2306; x_wconf 87' lang='grc' dir='ltr'><strong>καλῶς</strong></span> <span class='ocrx_word' id='word_1_168' title='bbox 1309 2242 1421 2313; x_wconf 97' lang='lat'><strong>7&amp;9</strong></span> <span class='ocrx_word' id='word_1_169' title='bbox 1444 2242 1805 2312; x_wconf 83' lang='grc' dir='ltr'><strong>ἐδιδάχθημεν</strong></span> 
     </span>
    </p>
   </div>
   <div class='ocr_carea' id='block_1_23' title="bbox 212 2317 1805 2396">
    <p class='ocr_par' dir='ltr' id='par_1_23' title="bbox 212 2317 1805 2396">
     <span class='ocr_line' id='line_1_23' title="bbox 212 2317 1805 2396; baseline 0.005 -26"><span class='ocrx_word' id='word_1_170' title='bbox 212 2317 495 2388; x_wconf 76' lang='grc' dir='ltr'><strong>εὔχεσθαι,</strong></span> <span class='ocrx_word' id='word_1_171' title='bbox 519 2321 595 2391; x_wconf 75' lang='grc' dir='ltr'><strong>μὴ</strong></span> <span class='ocrx_word' id='word_1_172' title='bbox 620 2323 882 2389; x_wconf 83' lang='grc' dir='ltr'><strong>εἰσελθεῖν</strong></span> <span class='ocrx_word' id='word_1_173' title='bbox 900 2324 928 2364; x_wconf 72' lang='grc' dir='ltr'><strong>ιι</strong></span> <span class='ocrx_word' id='word_1_174' title='bbox 954 2327 1034 2389; x_wconf 82' lang='grc' dir='ltr'><strong>είς</strong></span> <span class='ocrx_word' id='word_1_175' title='bbox 1062 2327 1388 2396; x_wconf 87' lang='grc' dir='ltr'><strong>πειρασμόν.</strong></span> <span class='ocrx_word' id='word_1_176' title='bbox 1412 2324 1681 2395; x_wconf 82' lang='grc' dir='ltr'><strong>Καθάπερ</strong></span> <span class='ocrx_word' id='word_1_177' title='bbox 1696 2326 1805 2395; x_wconf 85' lang='lat'><strong>7&amp;9</strong></span> 
     </span>
    </p>
   </div>
   <div class='ocr_carea' id='block_1_24' title="bbox 210 2401 1804 2478">
    <p class='ocr_par' dir='ltr' id='par_1_24' title="bbox 210 2401 1804 2478">
     <span class='ocr_line' id='line_1_24' title="bbox 210 2401 1804 2478; baseline 0.004 -25"><span class='ocrx_word' id='word_1_178' title='bbox 210 2401 411 2471; x_wconf 87' lang='grc' dir='ltr'><strong>δήμιός</strong></span> <span class='ocrx_word' id='word_1_179' title='bbox 437 2419 520 2465; x_wconf 90' lang='grc' dir='ltr'><strong>τις</strong></span> <span class='ocrx_word' id='word_1_180' title='bbox 548 2405 662 2465; x_wconf 84' lang='grc' dir='ltr'><strong>τοῖς</strong></span> <span class='ocrx_word' id='word_1_181' title='bbox 698 2406 1028 2475; x_wconf 83' lang='grc' dir='ltr'><strong>σπλάγχνοις</strong></span> <span class='ocrx_word' id='word_1_182' title='bbox 1060 2408 1210 2462; x_wconf 83' lang='grc' dir='ltr'><strong>ἔνδον</strong></span> <span class='ocrx_word' id='word_1_183' title='bbox 1244 2408 1551 2478; x_wconf 83' lang='grc' dir='ltr'><strong>καθήμενος</strong></span> <span class='ocrx_word' id='word_1_184' title='bbox 1587 2406 1804 2459; x_wconf 75' lang='grc' dir='ltr'><strong>ἅπαντα</strong></span> 
     </span>
    </p>
   </div>
   <div class='ocr_carea' id='block_1_25' title="bbox 213 2484 1804 2560">
    <p class='ocr_par' dir='ltr' id='par_1_25' title="bbox 213 2484 1804 2560">
     <span class='ocr_line' id='line_1_25' title="bbox 213 2484 1804 2560; baseline 0.004 -25"><span class='ocrx_word' id='word_1_185' title='bbox 213 2484 534 2548; x_wconf 78' lang='grc' dir='ltr'><strong>καταξαίνει</strong></span> <span class='ocrx_word' id='word_1_186' title='bbox 565 2488 635 2538; x_wconf 91' lang='grc' dir='ltr'><strong>τά</strong></span> <span class='ocrx_word' id='word_1_187' title='bbox 673 2486 834 2558; x_wconf 82' lang='grc' dir='ltr'><strong>μέλη,</strong></span> <span class='ocrx_word' id='word_1_188' title='bbox 884 2489 1056 2558; x_wconf 80' lang='grc' dir='ltr'><strong>πυρὸς</strong></span> <span class='ocrx_word' id='word_1_189' title='bbox 1103 2490 1303 2554; x_wconf 76' lang='grc' dir='ltr'><strong>παντὸς</strong></span> <span class='ocrx_word' id='word_1_190' title='bbox 1332 2491 1427 2543; x_wconf 79' lang='grc' dir='ltr'><strong>καὶ</strong></span> <span class='ocrx_word' id='word_1_191' title='bbox 1456 2490 1646 2560; x_wconf 84' lang='grc' dir='ltr'><strong>θηρίου</strong></span> <span class='ocrx_word' id='word_1_192' title='bbox 1677 2507 1804 2558; x_wconf 85' lang='grc' dir='ltr'><strong>σφο-</strong></span> 
     </span>
    </p>
   </div>
   <div class='ocr_carea' id='block_1_26' title="bbox 213 2566 1801 2643">
    <p class='ocr_par' dir='ltr' id='par_1_26' title="bbox 213 2566 1801 2643">
     <span class='ocr_line' id='line_1_26' title="bbox 213 2566 1801 2643; baseline 0.004 -24"><span class='ocrx_word' id='word_1_193' title='bbox 213 2566 471 2637; x_wconf 88' lang='grc' dir='ltr'><strong>δρότερον</strong></span> <span class='ocrx_word' id='word_1_194' title='bbox 536 2569 837 2623; x_wconf 84' lang='grc' dir='ltr'><strong>κατεσθίων</strong></span> <span class='ocrx_word' id='word_1_195' title='bbox 902 2572 1169 2626; x_wconf 87' lang='grc' dir='ltr'><strong>πάντοθεν</strong></span> <span class='ocrx_word' id='word_1_196' title='bbox 1223 2573 1286 2626; x_wconf 80' lang='grc' dir='ltr'><strong>τὸ</strong></span> <span class='ocrx_word' id='word_1_197' title='bbox 1331 2573 1490 2643; x_wconf 90' lang='grc' dir='ltr'><strong>σῶμα</strong></span> <span class='ocrx_word' id='word_1_198' title='bbox 1511 2612 1526 2635; x_wconf 92' lang='grc'><strong>,</strong></span> <span class='ocrx_word' id='word_1_199' title='bbox 1579 2572 1801 2642; x_wconf 85' lang='grc' dir='ltr'><strong>διηνεκῆ</strong></span> 
     </span>
    </p>
   </div>
   <div class='ocr_carea' id='block_1_27' title="bbox 213 2648 1804 2726">
    <p class='ocr_par' dir='ltr' id='par_1_27' title="bbox 213 2648 1804 2726">
     <span class='ocr_line' id='line_1_27' title="bbox 213 2648 1804 2726; baseline 0.006 -27"><span class='ocrx_word' id='word_1_200' title='bbox 213 2664 338 2721; x_wconf 78' lang='grc' dir='ltr'><strong>τινα</strong></span> <span class='ocrx_word' id='word_1_201' title='bbox 370 2648 465 2701; x_wconf 68' lang='grc' dir='ltr'><strong>καὶ</strong></span> <span class='ocrx_word' id='word_1_202' title='bbox 511 2649 749 2720; x_wconf 77' lang='grc' dir='ltr'><strong>ἄρρητον</strong></span> <span class='ocrx_word' id='word_1_203' title='bbox 795 2654 1053 2723; x_wconf 85' lang='grc' dir='ltr'><strong>παρέχων</strong></span> <span class='ocrx_word' id='word_1_204' title='bbox 1101 2654 1315 2725; x_wconf 82' lang='grc' dir='ltr'><strong>ὀδύνην.</strong></span> <span class='ocrx_word' id='word_1_205' title='bbox 1352 2656 1464 2708; x_wconf 71' lang='grc' dir='ltr'><strong>Καὶ</strong></span> <span class='ocrx_word' id='word_1_206' title='bbox 1495 2654 1581 2707; x_wconf 78' lang='grc' dir='ltr'><strong>ἵνα</strong></span> <span class='ocrx_word' id='word_1_207' title='bbox 1625 2654 1804 2726; x_wconf 76' lang='grc' dir='ltr'><strong>μάθῃς</strong></span> 
     </span>
    </p>
   </div>
   <div class='ocr_carea' id='block_1_28' title="bbox 214 2729 1803 2808">
    <p class='ocr_par' dir='ltr' id='par_1_28' title="bbox 214 2729 1803 2808">
     <span class='ocr_line' id='line_1_28' title="bbox 214 2729 1803 2808; baseline 0.004 -25"><span class='ocrx_word' id='word_1_208' title='bbox 214 2729 341 2783; x_wconf 75' lang='grc' dir='ltr'><strong>ὅσον</strong></span> <span class='ocrx_word' id='word_1_209' title='bbox 379 2731 497 2782; x_wconf 81' lang='grc' dir='ltr'><strong>ἐστὶ</strong></span> <span class='ocrx_word' id='word_1_210' title='bbox 544 2731 731 2799; x_wconf 76' lang='grc' dir='ltr'><strong>λιμὸς,</strong></span> <span class='ocrx_word' id='word_1_211' title='bbox 784 2734 878 2785; x_wconf 78' lang='grc' dir='ltr'><strong>καὶ</strong></span> <span class='ocrx_word' id='word_1_212' title='bbox 913 2734 1120 2789; x_wconf 90' lang='grc' dir='ltr'><strong>τέκνων</strong></span> <span class='ocrx_word' id='word_1_213' title='bbox 1154 2736 1529 2802; x_wconf 85' lang='grc' dir='ltr'><strong>ἀπεγεύσαντο</strong></span> <span class='ocrx_word' id='word_1_214' title='bbox 1568 2738 1803 2808; x_wconf 83' lang='grc' dir='ltr'><strong>μητέρες</strong></span> 
     </span>
    </p>
   </div>
   <div class='ocr_carea' id='block_1_29' title="bbox 214 2811 1798 2887">
    <p class='ocr_par' dir='ltr' id='par_1_29' title="bbox 214 2811 1798 2887">
     <span class='ocr_line' id='line_1_29' title="bbox 214 2811 1798 2887; baseline 0.004 -23"><span class='ocrx_word' id='word_1_215' title='bbox 214 2811 501 2876; x_wconf 85' lang='grc' dir='ltr'><strong>πολλάκις,</strong></span> <span class='ocrx_word' id='word_1_216' title='bbox 531 2812 630 2885; x_wconf 79' lang='grc' dir='ltr'><strong>τὴν</strong></span> <span class='ocrx_word' id='word_1_217' title='bbox 655 2812 749 2866; x_wconf 76' lang='grc' dir='ltr'><strong>τοῦ</strong></span> <span class='ocrx_word' id='word_1_218' title='bbox 784 2816 955 2869; x_wconf 81' lang='grc' dir='ltr'><strong>κακοῦ</strong></span> <span class='ocrx_word' id='word_1_219' title='bbox 984 2817 1173 2870; x_wconf 89' lang='grc' dir='ltr'><strong>τούτου</strong></span> <span class='ocrx_word' id='word_1_220' title='bbox 1192 2818 1314 2887; x_wconf 82' lang='grc' dir='ltr'><strong>βίαν</strong></span> <span class='ocrx_word' id='word_1_221' title='bbox 1337 2819 1438 2871; x_wconf 89' lang='grc' dir='ltr'><strong>οὐκ</strong></span> <span class='ocrx_word' id='word_1_222' title='bbox 1457 2818 1798 2885; x_wconf 70' lang='grc' dir='ltr'><strong>ἐνεγκοῦσαν</strong></span> 
     </span>
    </p>
   </div>
   <div class='ocr_carea' id='block_1_30' title="bbox 214 2893 1804 2970">
    <p class='ocr_par' dir='ltr' id='par_1_30' title="bbox 214 2893 1804 2970">
     <span class='ocr_line' id='line_1_30' title="bbox 214 2893 1804 2970; baseline 0.009 -22"><span class='ocrx_word' id='word_1_223' title='bbox 214 2893 314 2948; x_wconf 80' lang='grc' dir='ltr'><strong>καὶ</strong></span> <span class='ocrx_word' id='word_1_224' title='bbox 353 2895 557 2964; x_wconf 87' lang='grc' dir='ltr'><strong>ταύτην</strong></span> <span class='ocrx_word' id='word_1_225' title='bbox 613 2895 711 2966; x_wconf 76' lang='grc' dir='ltr'><strong>τὴν</strong></span> <span class='ocrx_word' id='word_1_226' title='bbox 758 2898 1044 2967; x_wconf 83' lang='grc' dir='ltr'><strong>συμφοράν</strong></span> <span class='ocrx_word' id='word_1_227' title='bbox 1086 2900 1380 2970; x_wconf 85' lang='grc' dir='ltr'><strong>τραγῳδῶν</strong></span> <span class='ocrx_word' id='word_1_228' title='bbox 1433 2903 1462 2954; x_wconf 93' lang='grc' dir='ltr'><strong>ὀ</strong></span> <span class='ocrx_word' id='word_1_229' title='bbox 1518 2901 1804 2970; x_wconf 76' lang='grc' dir='ltr'><strong>προφήτης</strong></span> 
     </span>
    </p>
   </div>
   <div class='ocr_carea' id='block_1_31' title="bbox 213 2976 1802 3051">
    <p class='ocr_par' dir='ltr' id='par_1_31' title="bbox 213 2976 1802 3051">
     <span class='ocr_line' id='line_1_31' title="bbox 213 2976 1802 3051; baseline 0.004 -22"><span class='ocrx_word' id='word_1_230' title='bbox 213 2976 408 3045; x_wconf 72' lang='grc' dir='ltr'><strong>ἔλεγε·</strong></span> <span class='ocrx_word' id='word_1_231' title='bbox 453 2976 656 3045; x_wconf 78' lang='grc' dir='ltr'><strong>Χεῖρες</strong></span> <span class='ocrx_word' id='word_1_232' title='bbox 693 2980 997 3048; x_wconf 76' lang='grc' dir='ltr'><strong>γυναικῶν</strong></span> <span class='ocrx_word' id='word_1_233' title='bbox 1034 2984 1423 3050; x_wconf 78' lang='grc' dir='ltr'><strong>οἱκτιρμόνων</strong></span> <span class='ocrx_word' id='word_1_234' title='bbox 1445 2983 1703 3051; x_wconf 70' lang='grc' dir='ltr'><strong>ἥψησάν</strong></span> <span class='ocrx_word' id='word_1_235' title='bbox 1730 2982 1802 3035; x_wconf 84' lang='grc' dir='ltr'><strong>τὰ</strong></span> 
     </span>
    </p>
   </div>
   <div class='ocr_carea' id='block_1_32' title="bbox 214 3058 1802 3136">
    <p class='ocr_par' dir='ltr' id='par_1_32' title="bbox 214 3058 1802 3136">
     <span class='ocr_line' id='line_1_32' title="bbox 214 3058 1802 3136; baseline 0.004 -26"><span class='ocrx_word' id='word_1_236' title='bbox 214 3058 405 3112; x_wconf 77' lang='grc' dir='ltr'><strong>τέκνα</strong></span> <span class='ocrx_word' id='word_1_237' title='bbox 445 3058 664 3116; x_wconf 79' lang='grc' dir='ltr'><strong>αὐτῶν.</strong></span> <span class='ocrx_word' id='word_1_238' title='bbox 702 3060 811 3122; x_wconf 81' lang='grc' dir='ltr'><strong>Οὑς</strong></span> <span class='ocrx_word' id='word_1_239' title='bbox 853 3062 1038 3116; x_wconf 80' lang='grc' dir='ltr'><strong>ἔτεκον</strong></span> <span class='ocrx_word' id='word_1_240' title='bbox 1081 3064 1316 3134; x_wconf 79' lang='grc' dir='ltr'><strong>μητέρες</strong></span> <span class='ocrx_word' id='word_1_241' title='bbox 1360 3065 1676 3136; x_wconf 83' lang='grc' dir='ltr'><strong>κατήσθιον,</strong></span> <span class='ocrx_word' id='word_1_242' title='bbox 1707 3069 1802 3117; x_wconf 79' lang='grc' dir='ltr'><strong>καὶ</strong></span> 
     </span>
    </p>
   </div>
   <div class='ocr_carea' id='block_1_33' title="bbox 213 3138 1803 3217">
    <p class='ocr_par' dir='ltr' id='par_1_33' title="bbox 213 3138 1803 3217">
     <span class='ocr_line' id='line_1_33' title="bbox 213 3138 1803 3217; baseline 0.005 -23"><span class='ocrx_word' id='word_1_243' title='bbox 213 3138 329 3195; x_wconf 73' lang='grc' dir='ltr'><strong>τῶν</strong></span> <span class='ocrx_word' id='word_1_244' title='bbox 357 3141 724 3211; x_wconf 72' lang='grc' dir='ltr'><strong>γεννηθέντων</strong></span> <span class='ocrx_word' id='word_1_245' title='bbox 766 3145 994 3199; x_wconf 87' lang='grc' dir='ltr'><strong>παιδίων</strong></span> <span class='ocrx_word' id='word_1_246' title='bbox 1021 3149 1056 3216; x_wconf 85' lang='grc' dir='ltr'><strong>ή</strong></span> <span class='ocrx_word' id='word_1_247' title='bbox 1084 3147 1320 3200; x_wconf 81' lang='grc' dir='ltr'><strong>τεκοῦσα</strong></span> <span class='ocrx_word' id='word_1_248' title='bbox 1346 3148 1559 3217; x_wconf 82' lang='grc' dir='ltr'><strong>γαστὴρ</strong></span> <span class='ocrx_word' id='word_1_249' title='bbox 1586 3148 1803 3215; x_wconf 90' lang='grc' dir='ltr'><strong>ἐγένετο</strong></span> 
     </span>
    </p>
   </div>
   <div class='ocr_carea' id='block_1_34' title="bbox 213 3222 1801 3299">
    <p class='ocr_par' dir='ltr' id='par_1_34' title="bbox 213 3222 1801 3299">
     <span class='ocr_line' id='line_1_34' title="bbox 213 3222 1801 3299; baseline 0.004 -24"><span class='ocrx_word' id='word_1_250' title='bbox 213 3222 418 3290; x_wconf 82' lang='grc' dir='ltr'><strong>τάφος,</strong></span> <span class='ocrx_word' id='word_1_251' title='bbox 447 3226 542 3277; x_wconf 80' lang='grc' dir='ltr'><strong>καὶ</strong></span> <span class='ocrx_word' id='word_1_252' title='bbox 568 3224 785 3291; x_wconf 85' lang='grc' dir='ltr'><strong>φύσεως</strong></span> <span class='ocrx_word' id='word_1_253' title='bbox 814 3227 1119 3297; x_wconf 87' lang='grc' dir='ltr'><strong>ἐκράτησεν</strong></span> <span class='ocrx_word' id='word_1_254' title='bbox 1149 3232 1178 3282; x_wconf 89' lang='grc' dir='ltr'><strong>ὀ</strong></span> <span class='ocrx_word' id='word_1_255' title='bbox 1204 3228 1389 3299; x_wconf 76' lang='grc' dir='ltr'><strong>λιμόςο</strong></span> <span class='ocrx_word' id='word_1_256' title='bbox 1424 3229 1623 3299; x_wconf 82' lang='grc' dir='ltr'><strong>μᾶλλον</strong></span> <span class='ocrx_word' id='word_1_257' title='bbox 1650 3230 1706 3283; x_wconf 86' lang='grc' dir='ltr'><strong>δέ</strong></span> <span class='ocrx_word' id='word_1_258' title='bbox 1741 3230 1801 3282; x_wconf 84' lang='grc' dir='ltr'><strong>οὐ</strong></span> 
     </span>
    </p>
   </div>
   <div class='ocr_carea' id='block_1_35' title="bbox 214 3302 1805 3381">
    <p class='ocr_par' dir='ltr' id='par_1_35' title="bbox 214 3302 1805 3381">
     <span class='ocr_line' id='line_1_35' title="bbox 214 3302 1805 3381; baseline 0.004 -26"><span class='ocrx_word' id='word_1_259' title='bbox 214 3302 436 3372; x_wconf 86' lang='grc' dir='ltr'><strong>φύσεως</strong></span> <span class='ocrx_word' id='word_1_260' title='bbox 474 3305 668 3375; x_wconf 87' lang='grc' dir='ltr'><strong>μόνον,</strong></span> <span class='ocrx_word' id='word_1_261' title='bbox 692 3306 830 3360; x_wconf 89' lang='grc' dir='ltr'><strong>ἀλλά</strong></span> <span class='ocrx_word' id='word_1_262' title='bbox 872 3309 970 3362; x_wconf 73' lang='grc' dir='ltr'><strong>καὶ</strong></span> <span class='ocrx_word' id='word_1_263' title='bbox 1018 3312 1120 3379; x_wconf 77' lang='grc' dir='ltr'><strong>τῆς</strong></span> <span class='ocrx_word' id='word_1_264' title='bbox 1166 3312 1568 3381; x_wconf 87' lang='grc' dir='ltr'><strong>προαιρέσεως·</strong></span> <span class='ocrx_word' id='word_1_265' title='bbox 1604 3310 1705 3379; x_wconf 80' lang='grc' dir='ltr'><strong>τῆς</strong></span> <span class='ocrx_word' id='word_1_266' title='bbox 1748 3310 1805 3363; x_wconf 85' lang='grc' dir='ltr'><strong>δέ</strong></span> 
     </span>
    </p>
   </div>
   <div class='ocr_carea' id='block_1_36' title="bbox 214 3386 1805 3463">
    <p class='ocr_par' dir='ltr' id='par_1_36' title="bbox 214 3386 1805 3463">
     <span class='ocr_line' id='line_1_36' title="bbox 214 3386 1805 3463; baseline 0.004 -24"><span class='ocrx_word' id='word_1_267' title='bbox 214 3386 313 3439; x_wconf 81' lang='grc' dir='ltr'><strong>τοῦ</strong></span> <span class='ocrx_word' id='word_1_268' title='bbox 343 3386 501 3453; x_wconf 89' lang='grc' dir='ltr'><strong>ἀγίου</strong></span> <span class='ocrx_word' id='word_1_269' title='bbox 523 3386 713 3441; x_wconf 90' lang='grc' dir='ltr'><strong>τούτου</strong></span> <span class='ocrx_word' id='word_1_270' title='bbox 735 3390 1110 3458; x_wconf 83' lang='grc' dir='ltr'><strong>γενναιότητος</strong></span> <span class='ocrx_word' id='word_1_271' title='bbox 1132 3392 1234 3445; x_wconf 80' lang='grc' dir='ltr'><strong>οὐκ</strong></span> <span class='ocrx_word' id='word_1_272' title='bbox 1263 3392 1557 3463; x_wconf 89' lang='grc' dir='ltr'><strong>ἐκράτησε.</strong></span> <span class='ocrx_word' id='word_1_273' title='bbox 1590 3393 1684 3455; x_wconf 88' lang='grc' dir='ltr'><strong>Τίς</strong></span> <span class='ocrx_word' id='word_1_274' title='bbox 1706 3394 1805 3445; x_wconf 90' lang='grc' dir='ltr'><strong>οὐκ</strong></span> 
     </span>
    </p>
   </div>
   <div class='ocr_carea' id='block_1_37' title="bbox 215 3469 1807 3545">
    <p class='ocr_par' dir='ltr' id='par_1_37' title="bbox 215 3469 1807 3545">
     <span class='ocr_line' id='line_1_37' title="bbox 215 3469 1807 3545; baseline 0.001 -20"><span class='ocrx_word' id='word_1_275' title='bbox 215 3470 285 3525; x_wconf 78' lang='grc' dir='ltr'><strong>ἂν</strong></span> <span class='ocrx_word' id='word_1_276' title='bbox 312 3469 613 3541; x_wconf 71' lang='grc' dir='ltr'><strong>ἐκπλαγείη</strong></span> <span class='ocrx_word' id='word_1_277' title='bbox 644 3472 817 3526; x_wconf 84' lang='grc' dir='ltr'><strong>ταῦτα</strong></span> <span class='ocrx_word' id='word_1_278' title='bbox 848 3474 1119 3539; x_wconf 86' lang='grc' dir='ltr'><strong>ἀκούσας;</strong></span> <span class='ocrx_word' id='word_1_279' title='bbox 1153 3476 1346 3529; x_wconf 76' lang='grc' dir='ltr'><strong>Καίτοι</strong></span> <span class='ocrx_word' id='word_1_280' title='bbox 1376 3475 1430 3528; x_wconf 84' lang='grc' dir='ltr'><strong>τί</strong></span> <span class='ocrx_word' id='word_1_281' title='bbox 1465 3474 1683 3545; x_wconf 90' lang='grc' dir='ltr'><strong>φύσεως</strong></span> <span class='ocrx_word' id='word_1_282' title='bbox 1715 3476 1807 3527; x_wconf 73' lang='grc' dir='ltr'><strong>δυο-</strong></span> 
     </span>
    </p>
   </div>
   <div class='ocr_carea' id='block_1_38' title="bbox 216 3552 1805 3629">
    <p class='ocr_par' dir='ltr' id='par_1_38' title="bbox 216 3552 1805 3629">
     <span class='ocr_line' id='line_1_38' title="bbox 216 3552 1805 3629; baseline 0.004 -25"><span class='ocrx_word' id='word_1_283' title='bbox 216 3552 558 3623; x_wconf 74' lang='grc' dir='ltr'><strong>νατώτερονς</strong></span> <span class='ocrx_word' id='word_1_284' title='bbox 581 3553 633 3605; x_wconf 92' lang='grc' dir='ltr'><strong>τί</strong></span> <span class='ocrx_word' id='word_1_285' title='bbox 654 3553 713 3606; x_wconf 84' lang='grc' dir='ltr'><strong>δέ</strong></span> <span class='ocrx_word' id='word_1_286' title='bbox 734 3556 1107 3626; x_wconf 87' lang='grc' dir='ltr'><strong>προαιρέσεως</strong></span> <span class='ocrx_word' id='word_1_287' title='bbox 1128 3556 1629 3629; x_wconf 75' lang='grc' dir='ltr'><strong>ὀξυρρεπέστερονς</strong></span> <span class='ocrx_word' id='word_1_288' title='bbox 1666 3557 1805 3610; x_wconf 84' lang='grc' dir='ltr'><strong>Ἀλλ’</strong></span> 
     </span>
    </p>
   </div>
   <div class='ocr_carea' id='block_1_39' title="bbox 219 3634 1807 3711">
    <p class='ocr_par' dir='ltr' id='par_1_39' title="bbox 219 3634 1807 3711">
     <span class='ocr_line' id='line_1_39' title="bbox 219 3634 1807 3711; baseline 0.003 -25"><span class='ocrx_word' id='word_1_289' title='bbox 219 3634 312 3687; x_wconf 85' lang='grc' dir='ltr'><strong>ῖνα</strong></span> <span class='ocrx_word' id='word_1_290' title='bbox 352 3634 559 3705; x_wconf 79' lang='grc' dir='ltr'><strong>μάθῃς,</strong></span> <span class='ocrx_word' id='word_1_291' title='bbox 605 3636 690 3689; x_wconf 85' lang='grc' dir='ltr'><strong>δτι</strong></span> <span class='ocrx_word' id='word_1_292' title='bbox 722 3636 818 3689; x_wconf 81' lang='grc' dir='ltr'><strong>τοῦ</strong></span> <span class='ocrx_word' id='word_1_293' title='bbox 853 3638 1019 3705; x_wconf 83' lang='grc' dir='ltr'><strong>φόϐου</strong></span> <span class='ocrx_word' id='word_1_294' title='bbox 1058 3637 1154 3701; x_wconf 71' lang='grc' dir='ltr'><strong>τοῦ</strong></span> <span class='ocrx_word' id='word_1_295' title='bbox 1198 3639 1334 3693; x_wconf 82' lang='grc' dir='ltr'><strong>Θεοῦ</strong></span> <span class='ocrx_word' id='word_1_296' title='bbox 1379 3639 1533 3693; x_wconf 77' lang='grc' dir='ltr'><strong>οὐδὲν</strong></span> <span class='ocrx_word' id='word_1_297' title='bbox 1590 3640 1807 3711; x_wconf 85' lang='grc' dir='ltr'><strong>ἰσχυρό-</strong></span> 
     </span>
    </p>
   </div>
   <div class='ocr_carea' id='block_1_40' title="bbox 215 3718 1806 3793">
    <p class='ocr_par' dir='ltr' id='par_1_40' title="bbox 215 3718 1806 3793">
     <span class='ocr_line' id='line_1_40' title="bbox 215 3718 1806 3793; baseline 0.004 -24"><span class='ocrx_word' id='word_1_298' title='bbox 215 3734 377 3787; x_wconf 88' lang='grc' dir='ltr'><strong>τερον</strong></span> <span class='ocrx_word' id='word_1_299' title='bbox 396 3759 411 3782; x_wconf 93' lang='grc'><strong>,</strong></span> <span class='ocrx_word' id='word_1_300' title='bbox 446 3720 765 3791; x_wconf 90' lang='grc' dir='ltr'><strong>προαίρεσις</strong></span> <span class='ocrx_word' id='word_1_301' title='bbox 794 3718 946 3793; x_wconf 72' lang='grc'><strong>[527]</strong></span> <span class='ocrx_word' id='word_1_302' title='bbox 974 3721 1189 3790; x_wconf 83' lang='grc' dir='ltr'><strong>φύσεως</strong></span> <span class='ocrx_word' id='word_1_303' title='bbox 1225 3722 1564 3792; x_wconf 88' lang='grc' dir='ltr'><strong>εὑτονωτέρα</strong></span> <span class='ocrx_word' id='word_1_304' title='bbox 1595 3725 1767 3793; x_wconf 85' lang='grc' dir='ltr'><strong>ἐφάνη</strong></span> <span class='ocrx_word' id='word_1_305' title='bbox 1790 3765 1806 3789; x_wconf 88' lang='grc'><strong>,</strong></span> 
     </span>
    </p>
   </div>
   <div class='ocr_carea' id='block_1_41' title="bbox 221 3802 1808 3873">
    <p class='ocr_par' dir='ltr' id='par_1_41' title="bbox 221 3802 1808 3873">
     <span class='ocr_line' id='line_1_41' title="bbox 221 3802 1808 3873; baseline 0.006 -21"><span class='ocrx_word' id='word_1_306' title='bbox 221 3802 320 3853; x_wconf 68' lang='grc' dir='ltr'><strong>καὶ</strong></span> <span class='ocrx_word' id='word_1_307' title='bbox 370 3802 614 3872; x_wconf 80' lang='grc' dir='ltr'><strong>μητέρας</strong></span> <span class='ocrx_word' id='word_1_308' title='bbox 660 3803 758 3873; x_wconf 86' lang='grc' dir='ltr'><strong>μέν</strong></span> <span class='ocrx_word' id='word_1_309' title='bbox 808 3802 1004 3873; x_wconf 81' lang='grc' dir='ltr'><strong>ήλεγξε</strong></span> <span class='ocrx_word' id='word_1_310' title='bbox 1023 3845 1038 3869; x_wconf 94' lang='grc'><strong>,</strong></span> <span class='ocrx_word' id='word_1_311' title='bbox 1082 3807 1174 3858; x_wconf 75' lang='grc' dir='ltr'><strong>καὶ</strong></span> <span class='ocrx_word' id='word_1_312' title='bbox 1218 3806 1424 3860; x_wconf 85' lang='grc' dir='ltr'><strong>ὠδίνων</strong></span> <span class='ocrx_word' id='word_1_313' title='bbox 1456 3806 1808 3861; x_wconf 74' lang='grc' dir='ltr'><strong>ἐπιλαθέσθαι</strong></span> 
     </span>
    </p>
   </div>
   <div class='ocr_carea' id='block_1_42' title="bbox 219 3884 1808 3961">
    <p class='ocr_par' dir='ltr' id='par_1_42' title="bbox 219 3884 1808 3961">
     <span class='ocr_line' id='line_1_42' title="bbox 219 3884 1808 3961; baseline 0.006 -26"><span class='ocrx_word' id='word_1_314' title='bbox 219 3884 478 3954; x_wconf 85' lang='grc' dir='ltr'><strong>ἐποίησε,</strong></span> <span class='ocrx_word' id='word_1_315' title='bbox 512 3886 606 3937; x_wconf 80' lang='grc' dir='ltr'><strong>τὸν</strong></span> <span class='ocrx_word' id='word_1_316' title='bbox 636 3885 693 3938; x_wconf 81' lang='grc' dir='ltr'><strong>δέ</strong></span> <span class='ocrx_word' id='word_1_317' title='bbox 723 3886 878 3954; x_wconf 72' lang='grc' dir='ltr'><strong>ἅγιον</strong></span> <span class='ocrx_word' id='word_1_318' title='bbox 913 3887 1102 3942; x_wconf 83' lang='grc' dir='ltr'><strong>τοῦτον</strong></span> <span class='ocrx_word' id='word_1_319' title='bbox 1148 3888 1501 3943; x_wconf 88' lang='grc' dir='ltr'><strong>ὑποσκελίσαι</strong></span> <span class='ocrx_word' id='word_1_320' title='bbox 1529 3889 1630 3941; x_wconf 89' lang='grc' dir='ltr'><strong>οὐκ</strong></span> <span class='ocrx_word' id='word_1_321' title='bbox 1655 3891 1808 3961; x_wconf 77' lang='grc' dir='ltr'><strong>ἴσχυ-</strong></span> 
     </span>
    </p>
   </div>
   <div class='ocr_carea' id='block_1_43' title="bbox 224 3966 1808 4042">
    <p class='ocr_par' dir='ltr' id='par_1_43' title="bbox 224 3966 1808 4042">
     <span class='ocr_line' id='line_1_43' title="bbox 224 3966 1808 4042; baseline 0.004 -25"><span class='ocrx_word' id='word_1_322' title='bbox 224 3981 341 4029; x_wconf 86' lang='grc' dir='ltr'><strong>σεν,</strong></span> <span class='ocrx_word' id='word_1_323' title='bbox 388 3966 510 4020; x_wconf 81' lang='grc' dir='ltr'><strong>οὐδέ</strong></span> <span class='ocrx_word' id='word_1_324' title='bbox 564 3970 912 4040; x_wconf 79' lang='grc' dir='ltr'><strong>περιεγένετο</strong></span> <span class='ocrx_word' id='word_1_325' title='bbox 963 3971 1066 4040; x_wconf 76' lang='grc' dir='ltr'><strong>τῆς</strong></span> <span class='ocrx_word' id='word_1_326' title='bbox 1116 3970 1435 4040; x_wconf 83' lang='grc' dir='ltr'><strong>φιλοσοφίας</strong></span> <span class='ocrx_word' id='word_1_327' title='bbox 1470 3973 1504 4042; x_wconf 81' lang='grc' dir='ltr'><strong>ή</strong></span> <span class='ocrx_word' id='word_1_328' title='bbox 1550 3972 1808 4041; x_wconf 87' lang='grc' dir='ltr'><strong>κόλασις,</strong></span> 
     </span>
    </p>
   </div>
   <div class='ocr_carea' id='block_1_44' title="bbox 220 4046 1811 4131">
    <p class='ocr_par' dir='ltr' id='par_1_44' title="bbox 220 4046 1811 4131">
     <span class='ocr_line' id='line_1_44' title="bbox 220 4046 1811 4131; baseline 0.006 -32"><span class='ocrx_word' id='word_1_329' title='bbox 220 4046 347 4131; x_wconf 71' lang='grc' dir='ltr'><strong>οὐδὲ</strong></span> <span class='ocrx_word' id='word_1_330' title='bbox 369 4047 470 4117; x_wconf 81' lang='grc' dir='ltr'><strong>τῆς</strong></span> <span class='ocrx_word' id='word_1_331' title='bbox 496 4048 750 4131; x_wconf 78' lang='grc' dir='ltr'><strong>ἀνδρείας</strong></span> <span class='ocrx_word' id='word_1_332' title='bbox 777 4051 1082 4122; x_wconf 81' lang='grc' dir='ltr'><strong>ἐκράτησεν</strong></span> <span class='ocrx_word' id='word_1_333' title='bbox 1112 4054 1143 4123; x_wconf 84' lang='grc' dir='ltr'><strong>ή</strong></span> <span class='ocrx_word' id='word_1_334' title='bbox 1166 4054 1407 4131; x_wconf 90' lang='grc' dir='ltr'><strong>τιμωρία</strong></span> <span class='ocrx_word' id='word_1_335' title='bbox 1424 4068 1441 4082; x_wconf 77' lang='grc'><strong><em>⁸</em></strong></span> <span class='ocrx_word' id='word_1_336' title='bbox 1475 4054 1590 4107; x_wconf 78' lang='grc' dir='ltr'><strong>ἀλλ’</strong></span> <span class='ocrx_word' id='word_1_337' title='bbox 1618 4054 1811 4124; x_wconf 77' lang='grc' dir='ltr'><strong>ἔμενεν</strong></span> 
     </span>
    </p>
   </div>
   <div class='ocr_carea' id='block_1_45' title="bbox 220 4128 1813 4205">
    <p class='ocr_par' dir='ltr' id='par_1_45' title="bbox 220 4128 1813 4205">
     <span class='ocr_line' id='line_1_45' title="bbox 220 4128 1813 4205; baseline 0.003 -24"><span class='ocrx_word' id='word_1_338' title='bbox 220 4128 530 4198; x_wconf 72' lang='grc' dir='ltr'><strong>ἀδάμαντος</strong></span> <span class='ocrx_word' id='word_1_339' title='bbox 566 4130 769 4193; x_wconf 76' lang='grc' dir='ltr'><strong>παντὸς</strong></span> <span class='ocrx_word' id='word_1_340' title='bbox 808 4131 1154 4204; x_wconf 84' lang='grc' dir='ltr'><strong>ἰσχυρότερος</strong></span> <span class='ocrx_word' id='word_1_341' title='bbox 1172 4174 1188 4197; x_wconf 91' lang='grc'><strong>,</strong></span> <span class='ocrx_word' id='word_1_342' title='bbox 1219 4128 1342 4191; x_wconf 78' lang='grc' dir='ltr'><strong>ταῖς</strong></span> <span class='ocrx_word' id='word_1_343' title='bbox 1368 4132 1604 4201; x_wconf 80' lang='grc' dir='ltr'><strong>ἀγαθαῖς</strong></span> <span class='ocrx_word' id='word_1_344' title='bbox 1623 4136 1813 4205; x_wconf 72' lang='grc' dir='ltr'><strong>ἐντρυο</strong></span> 
     </span>
    </p>
   </div>
   <div class='ocr_carea' id='block_1_46' title="bbox 222 4208 1813 4287">
    <p class='ocr_par' dir='ltr' id='par_1_46' title="bbox 222 4208 1813 4287">
     <span class='ocr_line' id='line_1_46' title="bbox 222 4208 1813 4287; baseline 0.007 -27"><span class='ocrx_word' id='word_1_345' title='bbox 222 4208 353 4287; x_wconf 81' lang='grc' dir='ltr'><strong>φῶν</strong></span> <span class='ocrx_word' id='word_1_346' title='bbox 375 4209 593 4287; x_wconf 83' lang='grc' dir='ltr'><strong>ἐλπίσι,</strong></span> <span class='ocrx_word' id='word_1_347' title='bbox 639 4211 733 4265; x_wconf 82' lang='grc' dir='ltr'><strong>καὶ</strong></span> <span class='ocrx_word' id='word_1_348' title='bbox 758 4215 825 4284; x_wconf 73' lang='grc' dir='ltr'><strong>τῇ</strong></span> <span class='ocrx_word' id='word_1_349' title='bbox 857 4212 967 4266; x_wconf 89' lang='grc' dir='ltr'><strong>τῶν</strong></span> <span class='ocrx_word' id='word_1_350' title='bbox 995 4214 1223 4282; x_wconf 81' lang='grc' dir='ltr'><strong>ἀγώνων</strong></span> <span class='ocrx_word' id='word_1_351' title='bbox 1268 4215 1813 4287; x_wconf 77' lang='grc' dir='ltr'><strong>ἐγκαλλωπιζόμενος</strong></span> 
     </span>
    </p>
   </div>
   <div class='ocr_carea' id='block_1_47' title="bbox 222 4286 1812 4367">
    <p class='ocr_par' dir='ltr' id='par_1_47' title="bbox 222 4286 1812 4367">
     <span class='ocr_line' id='line_1_47' title="bbox 222 4286 1812 4367; baseline 0.008 -30"><span class='ocrx_word' id='word_1_352' title='bbox 222 4286 512 4351; x_wconf 85' lang='grc' dir='ltr'><strong>ὑποθέσει,</strong></span> <span class='ocrx_word' id='word_1_353' title='bbox 549 4289 742 4362; x_wconf 72' lang='grc' dir='ltr'><strong>ἱκανὴν</strong></span> <span class='ocrx_word' id='word_1_354' title='bbox 782 4290 1139 4361; x_wconf 74' lang='grc' dir='ltr'><strong>παραμυθίαν</strong></span> <span class='ocrx_word' id='word_1_355' title='bbox 1179 4292 1318 4363; x_wconf 73' lang='grc' dir='ltr'><strong>ἔχων</strong></span> <span class='ocrx_word' id='word_1_356' title='bbox 1350 4294 1458 4347; x_wconf 87' lang='grc' dir='ltr'><strong>τῶν</strong></span> <span class='ocrx_word' id='word_1_357' title='bbox 1491 4286 1669 4349; x_wconf 74' lang='grc' dir='ltr'><strong>ἄθλων</strong></span> <span class='ocrx_word' id='word_1_358' title='bbox 1712 4296 1812 4367; x_wconf 82' lang='grc' dir='ltr'><strong>τὴν</strong></span> 
     </span>
    </p>
   </div>
   <div class='ocr_carea' id='block_1_48' title="bbox 220 4368 1814 4443">
    <p class='ocr_par' dir='ltr' id='par_1_48' title="bbox 220 4368 1814 4443">
     <span class='ocr_line' id='line_1_48' title="bbox 220 4368 1814 4443; baseline 0.007 -22"><span class='ocrx_word' id='word_1_359' title='bbox 220 4368 479 4439; x_wconf 75' lang='grc' dir='ltr'><strong>ἀφορμὴν</strong></span> <span class='ocrx_word' id='word_1_360' title='bbox 497 4411 512 4433; x_wconf 90' lang='grc'><strong>,</strong></span> <span class='ocrx_word' id='word_1_361' title='bbox 552 4370 789 4440; x_wconf 89' lang='grc' dir='ltr'><strong>μάλιστα</strong></span> <span class='ocrx_word' id='word_1_362' title='bbox 814 4372 935 4426; x_wconf 87' lang='grc' dir='ltr'><strong>καθ’</strong></span> <span class='ocrx_word' id='word_1_363' title='bbox 970 4375 1209 4443; x_wconf 80' lang='grc' dir='ltr'><strong>ἑκάστην</strong></span> <span class='ocrx_word' id='word_1_364' title='bbox 1236 4377 1451 4431; x_wconf 88' lang='grc' dir='ltr'><strong>ἀκούων</strong></span> <span class='ocrx_word' id='word_1_365' title='bbox 1482 4379 1697 4432; x_wconf 89' lang='grc' dir='ltr'><strong>Παύλου</strong></span> <span class='ocrx_word' id='word_1_366' title='bbox 1724 4378 1814 4432; x_wconf 86' lang='grc' dir='ltr'><strong>λέ·-</strong></span> 
     </span>
    </p>
   </div>
   <div class='ocr_carea' id='block_1_49' title="bbox 220 4452 1808 4539">
    <p class='ocr_par' dir='ltr' id='par_1_49' title="bbox 220 4452 1808 4539">
     <span class='ocr_line' id='line_1_49' title="bbox 220 4452 1808 4539; baseline 0.008 -36"><span class='ocrx_word' id='word_1_367' title='bbox 468 4452 726 4539; x_wconf 47' lang='grc' dir='ltr'><strong>Ὲνέιμῷ</strong></span> <span class='ocrx_word' id='word_1_368' title='bbox 744 4453 840 4507; x_wconf 79' lang='grc' dir='ltr'><strong>καί</strong></span> <span class='ocrx_word' id='word_1_369' title='bbox 858 4454 1032 4539; x_wconf 68' lang='grc' dir='ltr'><strong>δίψη,</strong></span> <span class='ocrx_word' id='word_1_370' title='bbox 1054 4457 1123 4509; x_wconf 80' lang='grc' dir='ltr'><strong>ἐν</strong></span> <span class='ocrx_word' id='word_1_371' title='bbox 1136 4458 1320 4539; x_wconf 71' lang='grc' dir='ltr'><strong>ψύχει</strong></span> <span class='ocrx_word' id='word_1_372' title='bbox 1336 4460 1434 4539; x_wconf 64' lang='grc' dir='ltr'><strong>καί</strong></span> <span class='ocrx_word' id='word_1_373' title='bbox 1455 4462 1780 4539; x_wconf 64' lang='grc' dir='ltr'><strong>γυμνότητι</strong></span> <span class='ocrx_word' id='word_1_374' title='bbox 1793 4479 1808 4493; x_wconf 89' lang='grc'><strong>·</strong></span> 
     </span>
    </p>
   </div>
   <div class='ocr_carea' id='block_1_50' title="bbox 222 4524 1811 4612">
    <p class='ocr_par' dir='ltr' id='par_1_50' title="bbox 222 4524 1811 4612">
     <span class='ocr_line' id='line_1_50' title="bbox 222 4524 1811 4612; baseline 0.009 -28"><span class='ocrx_word' id='word_1_375' title='bbox 358 4533 554 4612; x_wconf 70' lang='grc' dir='ltr'><strong>πάλιν.</strong></span> <span class='ocrx_word' id='word_1_376' title='bbox 600 4535 773 4603; x_wconf 80' lang='grc' dir='ltr'><strong>Ἀχρι</strong></span> <span class='ocrx_word' id='word_1_377' title='bbox 822 4534 930 4603; x_wconf 72' lang='grc' dir='ltr'><strong>τῆς</strong></span> <span class='ocrx_word' id='word_1_378' title='bbox 960 4538 1092 4605; x_wconf 74' lang='grc' dir='ltr'><strong>ἄρτι</strong></span> <span class='ocrx_word' id='word_1_379' title='bbox 1133 4524 1291 4607; x_wconf 75' lang='grc' dir='ltr'><strong>ὥρας</strong></span> <span class='ocrx_word' id='word_1_380' title='bbox 1335 4524 1433 4595; x_wconf 64' lang='lat' dir='ltr'><strong>mil</strong></span> <span class='ocrx_word' id='word_1_381' title='bbox 1462 4524 1811 4612; x_wconf 53' lang='grc' dir='ltr'><strong>πεινῶμεν,</strong></span> 
     </span>
    </p>
   </div>
   <div class='ocr_carea' id='block_1_51' title="bbox 223 4609 1812 4689">
    <p class='ocr_par' dir='ltr' id='par_1_51' title="bbox 223 4609 1812 4689">
     <span class='ocr_line' id='line_1_51' title="bbox 223 4609 1812 4689; baseline 0.009 -27"><span class='ocrx_word' id='word_1_382' title='bbox 223 4609 324 4663; x_wconf 79' lang='grc' dir='ltr'><strong>καί</strong></span> <span class='ocrx_word' id='word_1_383' title='bbox 372 4609 671 4680; x_wconf 68' lang='grc' dir='ltr'><strong>διψῶμεν,</strong></span> <span class='ocrx_word' id='word_1_384' title='bbox 717 4614 818 4668; x_wconf 80' lang='grc' dir='ltr'><strong>καί</strong></span> <span class='ocrx_word' id='word_1_385' title='bbox 846 4619 1334 4688; x_wconf 75' lang='grc' dir='ltr'><strong>γυμνητεύομεν,</strong></span> <span class='ocrx_word' id='word_1_386' title='bbox 1365 4621 1463 4674; x_wconf 83' lang='grc' dir='ltr'><strong>καί</strong></span> <span class='ocrx_word' id='word_1_387' title='bbox 1497 4609 1812 4689; x_wconf 49' lang='grc' dir='ltr'><strong>κολαφιζό-</strong></span> 
     </span>
    </p>
   </div>
   <div class='ocr_carea' id='block_1_52' title="bbox 221 4692 1815 4772">
    <p class='ocr_par' dir='ltr' id='par_1_52' title="bbox 221 4692 1815 4772">
     <span class='ocr_line' id='line_1_52' title="bbox 221 4692 1815 4772; baseline 0.008 -27"><span class='ocrx_word' id='word_1_388' title='bbox 221 4694 393 4772; x_wconf 74' lang='grc' dir='ltr'><strong>μεθα·</strong></span> <span class='ocrx_word' id='word_1_389' title='bbox 424 4692 542 4763; x_wconf 64' lang='grc' dir='ltr'><strong>ᾔδει</strong></span> <span class='ocrx_word' id='word_1_390' title='bbox 564 4696 694 4765; x_wconf 88' lang='lat'><strong>7&amp;9,</strong></span> <span class='ocrx_word' id='word_1_391' title='bbox 721 4696 838 4767; x_wconf 69' lang='grc' dir='ltr'><strong>ᾔδει</strong></span> <span class='ocrx_word' id='word_1_392' title='bbox 867 4698 1077 4767; x_wconf 86' lang='grc' dir='ltr'><strong>σαφῶς,</strong></span> <span class='ocrx_word' id='word_1_393' title='bbox 1103 4700 1186 4753; x_wconf 80' lang='grc' dir='ltr'><strong>ὅτι</strong></span> <span class='ocrx_word' id='word_1_394' title='bbox 1205 4703 1329 4755; x_wconf 82' lang='grc' dir='ltr'><strong>Οὐκ</strong></span> <span class='ocrx_word' id='word_1_395' title='bbox 1353 4701 1447 4754; x_wconf 78' lang='grc' dir='ltr'><strong>ἐπ’</strong></span> <span class='ocrx_word' id='word_1_396' title='bbox 1478 4702 1634 4769; x_wconf 74' lang='grc' dir='ltr'><strong>ἄρτῳ</strong></span> <span class='ocrx_word' id='word_1_397' title='bbox 1648 4706 1815 4772; x_wconf 82' lang='grc' dir='ltr'><strong>μόνῳ</strong></span> 
     </span>
    </p>
   </div>
   <div class='ocr_carea' id='block_1_53' title="bbox 224 4771 1814 4852">
    <p class='ocr_par' dir='ltr' id='par_1_53' title="bbox 224 4771 1814 4852">
     <span class='ocr_line' id='line_1_53' title="bbox 224 4771 1814 4852; baseline 0.008 -25"><span class='ocrx_word' id='word_1_398' title='bbox 224 4771 472 4842; x_wconf 75' lang='grc' dir='ltr'><strong>ζήσεται</strong></span> <span class='ocrx_word' id='word_1_399' title='bbox 490 4774 806 4845; x_wconf 72' lang='grc' dir='ltr'><strong>ἄνθρωπος</strong></span> <span class='ocrx_word' id='word_1_400' title='bbox 824 4819 841 4844; x_wconf 95' lang='grc'><strong>,</strong></span> <span class='ocrx_word' id='word_1_401' title='bbox 879 4779 1020 4834; x_wconf 71' lang='grc' dir='ltr'><strong>ἀλλ’</strong></span> <span class='ocrx_word' id='word_1_402' title='bbox 1046 4780 1119 4834; x_wconf 74' lang='grc' dir='ltr'><strong>ἐν</strong></span> <span class='ocrx_word' id='word_1_403' title='bbox 1145 4782 1323 4835; x_wconf 66' lang='grc' dir='ltr'><strong>πατρτί</strong></span> <span class='ocrx_word' id='word_1_404' title='bbox 1344 4783 1566 4852; x_wconf 72' lang='grc' dir='ltr'><strong>ῥήματι</strong></span> <span class='ocrx_word' id='word_1_405' title='bbox 1585 4797 1607 4824; x_wconf 77' lang='grc' dir='ltr'><strong>ο</strong></span> <span class='ocrx_word' id='word_1_406' title='bbox 1635 4771 1814 4840; x_wconf 74' lang='grc' dir='ltr'><strong>ἐκπο-</strong></span> 
     </span>
    </p>
   </div>
   <div class='ocr_carea' id='block_1_54' title="bbox 219 4852 1813 4946">
    <p class='ocr_par' dir='ltr' id='par_1_54' title="bbox 219 4852 1813 4946">
     <span class='ocr_line' id='line_1_54' title="bbox 219 4852 1813 4946; baseline 0.011 -33"><span class='ocrx_word' id='word_1_407' title='bbox 219 4860 530 4946; x_wconf 74' lang='grc' dir='ltr'><strong>ρευομένῳ</strong></span> <span class='ocrx_word' id='word_1_408' title='bbox 550 4863 649 4919; x_wconf 78' lang='grc' dir='ltr'><strong>διὰ</strong></span> <span class='ocrx_word' id='word_1_409' title='bbox 668 4852 1170 4936; x_wconf 56' lang='grc' dir='ltr'><strong>σεόιιατοξθεοῦ.</strong></span> <span class='ocrx_word' id='word_1_410' title='bbox 1214 4870 1303 4933; x_wconf 80' lang='grc' dir='ltr'><strong>Ὦς</strong></span> <span class='ocrx_word' id='word_1_411' title='bbox 1328 4871 1386 4924; x_wconf 78' lang='grc' dir='ltr'><strong>δὲ</strong></span> <span class='ocrx_word' id='word_1_412' title='bbox 1407 4869 1545 4925; x_wconf 84' lang='grc' dir='ltr'><strong>εῑδεν</strong></span> <span class='ocrx_word' id='word_1_413' title='bbox 1565 4876 1595 4927; x_wconf 89' lang='grc' dir='ltr'><strong>ό</strong></span> <span class='ocrx_word' id='word_1_414' title='bbox 1618 4875 1813 4946; x_wconf 83' lang='grc' dir='ltr'><strong>μιαρὸς</strong></span> 
     </span>
    </p>
   </div>
   <div class='ocr_carea' id='block_1_55' title="bbox 224 4944 1814 5034">
    <p class='ocr_par' dir='ltr' id='par_1_55' title="bbox 224 4944 1814 5034">
     <span class='ocr_line' id='line_1_55' title="bbox 224 4944 1814 5034; baseline 0.011 -35"><span class='ocrx_word' id='word_1_415' title='bbox 224 4944 437 5015; x_wconf 86' lang='grc' dir='ltr'><strong>δαίμων</strong></span> <span class='ocrx_word' id='word_1_416' title='bbox 483 4952 585 5005; x_wconf 86' lang='grc' dir='ltr'><strong>οὐκ</strong></span> <span class='ocrx_word' id='word_1_417' title='bbox 629 4953 902 5009; x_wconf 88' lang='grc' dir='ltr'><strong>ἐνδιδόντα</strong></span> <span class='ocrx_word' id='word_1_418' title='bbox 946 4958 1014 5026; x_wconf 80' lang='grc' dir='ltr'><strong>τῇ</strong></span> <span class='ocrx_word' id='word_1_419' title='bbox 1067 4957 1302 5034; x_wconf 79' lang='grc' dir='ltr'><strong>τοσαύτῃ</strong></span> <span class='ocrx_word' id='word_1_420' title='bbox 1346 4959 1441 5013; x_wconf 80' lang='grc' dir='ltr'><strong>τοῦ</strong></span> <span class='ocrx_word' id='word_1_421' title='bbox 1491 4944 1814 5033; x_wconf 80' lang='grc' dir='ltr'><strong>πράγματος</strong></span> 
     </span>
    </p>
   </div>
   <div class='ocr_carea' id='block_1_56' title="bbox 227 5034 1815 5117">
    <p class='ocr_par' dir='ltr' id='par_1_56' title="bbox 227 5034 1815 5117">
     <span class='ocr_line' id='line_1_56' title="bbox 227 5034 1815 5117; baseline 0.011 -30"><span class='ocrx_word' id='word_1_422' title='bbox 227 5034 477 5106; x_wconf 75' lang='grc' dir='ltr'><strong>ἀνάγκη,</strong></span> <span class='ocrx_word' id='word_1_423' title='bbox 522 5039 603 5092; x_wconf 78' lang='grc' dir='ltr'><strong>ἐτι</strong></span> <span class='ocrx_word' id='word_1_424' title='bbox 647 5040 1034 5114; x_wconf 75' lang='grc' dir='ltr'><strong>χαλεπωτέραν</strong></span> <span class='ocrx_word' id='word_1_425' title='bbox 1080 5046 1252 5099; x_wconf 84' lang='grc' dir='ltr'><strong>ἐποίει</strong></span> <span class='ocrx_word' id='word_1_426' title='bbox 1281 5048 1381 5117; x_wconf 85' lang='grc' dir='ltr'><strong>τὴν</strong></span> <span class='ocrx_word' id='word_1_427' title='bbox 1416 5047 1667 5117; x_wconf 86' lang='grc' dir='ltr'><strong>βάσανον.</strong></span> <span class='ocrx_word' id='word_1_428' title='bbox 1706 5053 1815 5105; x_wconf 68' lang='grc' dir='ltr'><strong>Καῒ</strong></span> 
     </span>
    </p>
   </div>
   <div class='ocr_carea' id='block_1_57' title="bbox 228 5120 1814 5204">
    <p class='ocr_par' dir='ltr' id='par_1_57' title="bbox 228 5120 1814 5204">
     <span class='ocr_line' id='line_1_57' title="bbox 228 5120 1814 5204; baseline 0.012 -31"><span class='ocrx_word' id='word_1_429' title='bbox 228 5120 339 5190; x_wconf 82' lang='grc' dir='ltr'><strong>γὰρ</strong></span> <span class='ocrx_word' id='word_1_430' title='bbox 368 5122 695 5181; x_wconf 83' lang='grc' dir='ltr'><strong>εἰδωλόθυτα</strong></span> <span class='ocrx_word' id='word_1_431' title='bbox 738 5127 951 5194; x_wconf 88' lang='grc' dir='ltr'><strong>λαϐὼν,</strong></span> <span class='ocrx_word' id='word_1_432' title='bbox 1011 5132 1107 5184; x_wconf 74' lang='grc' dir='ltr'><strong>καὶ</strong></span> <span class='ocrx_word' id='word_1_433' title='bbox 1154 5133 1255 5203; x_wconf 80' lang='grc' dir='ltr'><strong>τὴν</strong></span> <span class='ocrx_word' id='word_1_434' title='bbox 1288 5133 1566 5204; x_wconf 76' lang='grc' dir='ltr'><strong>τράπεζαν</strong></span> <span class='ocrx_word' id='word_1_435' title='bbox 1610 5139 1814 5192; x_wconf 89' lang='grc' dir='ltr'><strong>τούτων</strong></span> 
     </span>
    </p>
   </div>
   <div class='ocr_carea' id='block_1_58' title="bbox 294 5297 957 5353">
    <p class='ocr_par' dir='ltr' id='par_1_58' title="bbox 294 5297 957 5353">
     <span class='ocr_line' id='line_1_58' title="bbox 294 5297 957 5353; baseline 0.012 -7"><span class='ocrx_word' id='word_1_436' title='bbox 294 5307 321 5334; x_wconf 79' lang='grc' dir='ltr'>ι</span> <span class='ocrx_word' id='word_1_437' title='bbox 350 5297 526 5349; x_wconf 70' lang='grc' dir='ltr'><strong>κοεεΙ.</strong></span> <span class='ocrx_word' id='word_1_438' title='bbox 549 5306 602 5348; x_wconf 81' lang='lat' dir='ltr'><strong>et</strong></span> <span class='ocrx_word' id='word_1_439' title='bbox 624 5301 773 5351; x_wconf 73' lang='lat' dir='ltr'><strong>Savil.</strong></span> <span class='ocrx_word' id='word_1_440' title='bbox 805 5305 857 5353; x_wconf 77' lang='lat' dir='ltr'><strong>in</strong></span> <span class='ocrx_word' id='word_1_441' title='bbox 882 5317 957 5353; x_wconf 80' lang='lat' dir='ltr'><strong>ma</strong></span> 
     </span>
    </p>
   </div>
   <div class='ocr_carea' id='block_1_59' title="bbox 960 5306 1789 5366">
    <p class='ocr_par' dir='ltr' id='par_1_59' title="bbox 960 5306 1789 5366">
     <span class='ocr_line' id='line_1_59' title="bbox 960 5306 1789 5366; baseline 0.01 -13"><span class='ocrx_word' id='word_1_442' title='bbox 960 5318 1035 5366; x_wconf 72' lang='grc' dir='ltr'><strong>τε.</strong></span> <span class='ocrx_word' id='word_1_443' title='bbox 1059 5306 1133 5353; x_wconf 84' lang='grc' dir='ltr'><strong>ὅτι</strong></span> <span class='ocrx_word' id='word_1_444' title='bbox 1152 5307 1308 5364; x_wconf 79' lang='grc' dir='ltr'><strong>πάσης</strong></span> <span class='ocrx_word' id='word_1_445' title='bbox 1320 5309 1548 5366; x_wconf 82' lang='grc' dir='ltr'><strong>τιμωρίας</strong></span> <span class='ocrx_word' id='word_1_446' title='bbox 1566 5311 1647 5359; x_wconf 79' lang='grc' dir='ltr'><strong>καί</strong></span> <span class='ocrx_word' id='word_1_447' title='bbox 1667 5314 1789 5362; x_wconf 81' lang='grc' dir='ltr'><strong>κολά</strong></span> 
     </span>
    </p>
   </div>
   <div class='ocr_carea' id='block_1_60' title="bbox 232 5337 1830 5423">
    <p class='ocr_par' dir='ltr' id='par_1_60' title="bbox 232 5337 1830 5423">
     <span class='ocr_line' id='line_1_60' title="bbox 232 5337 1830 5423; baseline 0.006 -10"><span class='ocrx_word' id='word_1_448' title='bbox 232 5337 534 5417; x_wconf 55' lang='grc' dir='ltr'><strong>...ς-εῖδει</strong></span> <span class='ocrx_word' id='word_1_449' title='bbox 883 5337 1046 5416; x_wconf 54' lang='grc' dir='ltr'><strong>’ἐξιεῖ</strong></span> <span class='ocrx_word' id='word_1_450' title='bbox 1059 5337 1135 5416; x_wconf 56' lang='grc' dir='ltr'><strong>νεῖ</strong></span> <span class='ocrx_word' id='word_1_451' title='bbox 1157 5337 1830 5423; x_wconf 64' lang='grc' dir='ltr'><strong>ἱ“ἔέἶ¹ιῗ,⁵ἰίίῗὲ¹ἷ’ἒῖ“ἕᾶιίἶ”ῖιῗί</strong></span> 
     </span>
    </p>
   </div>
   <div class='ocr_carea' id='block_1_61' title="bbox 228 5423 1811 5598">
    <p class='ocr_par' dir='ltr' id='par_1_61' title="bbox 228 5423 1811 5598">
     <span class='ocr_line' id='line_1_61' title="bbox 228 5423 1811 5536; baseline 0.009 -67"><span class='ocrx_word' id='word_1_452' title='bbox 228 5428 366 5536; x_wconf 46' lang='grc' dir='ltr'><strong>εἷς</strong></span> <span class='ocrx_word' id='word_1_453' title='bbox 630 5425 731 5532; x_wconf 72' lang='grc' dir='ltr'><strong>τιιιιιί</strong></span> <span class='ocrx_word' id='word_1_454' title='bbox 775 5427 1021 5482; x_wconf 73' lang='grc' dir='ltr'><strong>κολάσεως</strong></span> <span class='ocrx_word' id='word_1_455' title='bbox 1045 5428 1167 5483; x_wconf 79' lang='grc' dir='ltr'><strong>εἶδος</strong></span> <span class='ocrx_word' id='word_1_456' title='bbox 1532 5430 1660 5506; x_wconf 66' lang='grc' dir='ltr'><strong>ιρῐτε</strong></span> <span class='ocrx_word' id='word_1_457' title='bbox 1688 5434 1811 5497; x_wconf 72' lang='lat' dir='ltr'><strong>Reg.</strong></span> 
     </span>
     <span class='ocr_line' id='line_1_62' title="bbox 355 5485 1688 5558; baseline 0.008 -27"><span class='ocrx_word' id='word_1_458' title='bbox 355 5520 366 5531; x_wconf 91' lang='lat'><strong><em>.</em></strong></span> <span class='ocrx_word' id='word_1_459' title='bbox 514 5541 525 5551; x_wconf 45' lang='lat'><strong><em>.</em></strong></span> <span class='ocrx_word' id='word_1_460' title='bbox 608 5520 617 5530; x_wconf 92' lang='lat'><em>.</em></span> <span class='ocrx_word' id='word_1_461' title='bbox 660 5485 801 5548; x_wconf 79' lang='grc' dir='ltr'><strong>ροχὸν</strong></span> <span class='ocrx_word' id='word_1_462' title='bbox 818 5486 1181 5558; x_wconf 59' lang='grc' dir='ltr'><strong>δείξας.)ίοτρί.</strong></span> <span class='ocrx_word' id='word_1_463' title='bbox 1204 5505 1288 5551; x_wconf 84' lang='grc' dir='ltr'><strong>τρο</strong></span> <span class='ocrx_word' id='word_1_464' title='bbox 1397 5507 1688 5554; x_wconf 88' lang='grc' dir='ltr'><strong>ευτρεπισας.</strong></span> 
     </span>
     <span class='ocr_line' id='line_1_63' title="bbox 292 5505 1811 5598; baseline 0.005 -6"><span class='ocrx_word' id='word_1_465' title='bbox 292 5543 323 5584; x_wconf 70' lang='grc' dir='ltr'><strong>δ</strong></span> <span class='ocrx_word' id='word_1_466' title='bbox 345 5542 496 5592; x_wconf 77' lang='lat' dir='ltr'><strong>Savil.</strong></span> <span class='ocrx_word' id='word_1_467' title='bbox 513 5556 562 5591; x_wconf 89' lang='lat' dir='ltr'><strong>In</strong></span> <span class='ocrx_word' id='word_1_468' title='bbox 583 5557 737 5598; x_wconf 65' lang='lat' dir='ltr'><strong>marg.</strong></span> <span class='ocrx_word' id='word_1_469' title='bbox 752 5547 918 5598; x_wconf 79' lang='grc' dir='ltr'><strong>πεῖραν</strong></span> <span class='ocrx_word' id='word_1_470' title='bbox 935 5564 1022 5596; x_wconf 92' lang='grc' dir='ltr'><strong>του</strong></span> <span class='ocrx_word' id='word_1_471' title='bbox 1046 5548 1202 5598; x_wconf 83' lang='grc' dir='ltr'><strong>κακοῦ</strong></span> <span class='ocrx_word' id='word_1_472' title='bbox 1225 5505 1468 5598; x_wconf 62' lang='grc' dir='ltr'><strong>λάξοιυεν.</strong></span> <span class='ocrx_word' id='word_1_473' title='bbox 1506 5552 1627 5598; x_wconf 73' lang='lat' dir='ltr'><strong>Ibid-</strong></span> <span class='ocrx_word' id='word_1_474' title='bbox 1661 5557 1811 5598; x_wconf 72' lang='lat' dir='ltr'><strong>Savil-</strong></span> 
     </span>
    </p>
   </div>
   <div class='ocr_carea' id='block_1_62' title="bbox 1319 5566 1364 5598">
    <p class='ocr_par' dir='ltr' id='par_1_62' title="bbox 1319 5566 1364 5598">
     <span class='ocr_line' id='line_1_64' title="bbox 1319 5566 1364 5598; baseline 0.022 -1"><span class='ocrx_word' id='word_1_475' title='bbox 1319 5566 1364 5598; x_wconf 87' lang='grc' dir='ltr'><strong>οι</strong></span> 
     </span>
    </p>
   </div>
   <div class='ocr_carea' id='block_1_63' title="bbox 292 5541 1813 5612">
    <p class='ocr_par' dir='ltr' id='par_1_63' title="bbox 292 5541 1813 5612">
     <span class='ocr_line' id='line_1_65' title="bbox 292 5541 1813 5612; baseline 0.009 -21"><span class='ocrx_word' id='word_1_476' title='bbox 292 5543 323 5584; x_wconf 70' lang='grc' dir='ltr'><strong>δ</strong></span> <span class='ocrx_word' id='word_1_477' title='bbox 345 5542 496 5592; x_wconf 77' lang='lat' dir='ltr'><strong>Savil.</strong></span> <span class='ocrx_word' id='word_1_478' title='bbox 510 5541 747 5612; x_wconf 39' lang='lat' dir='ltr'><strong>immiti:</strong></span> <span class='ocrx_word' id='word_1_479' title='bbox 752 5541 918 5608; x_wconf 83' lang='grc' dir='ltr'><strong>πεῖραν</strong></span> <span class='ocrx_word' id='word_1_480' title='bbox 935 5541 1022 5612; x_wconf 78' lang='grc' dir='ltr'><strong>τοῦ</strong></span> <span class='ocrx_word' id='word_1_481' title='bbox 1046 5548 1202 5598; x_wconf 83' lang='grc' dir='ltr'><strong>κακοῦ</strong></span> <span class='ocrx_word' id='word_1_482' title='bbox 1225 5541 1490 5612; x_wconf 53' lang='grc' dir='ltr'><strong>λάϐοιμεν..</strong></span> <span class='ocrx_word' id='word_1_483' title='bbox 1505 5552 1627 5602; x_wconf 70' lang='lat' dir='ltr'><strong>Ibid.</strong></span> <span class='ocrx_word' id='word_1_484' title='bbox 1659 5541 1813 5605; x_wconf 59' lang='grc' dir='ltr'><strong>ἐπει.</strong></span> 
     </span>
    </p>
   </div>
   <div class='ocr_carea' id='block_1_64' title="bbox 233 5604 1817 5674">
    <p class='ocr_par' dir='ltr' id='par_1_64' title="bbox 233 5604 1817 5674">
     <span class='ocr_line' id='line_1_66' title="bbox 233 5604 1817 5674; baseline 0.009 -24"><span class='ocrx_word' id='word_1_485' title='bbox 233 5605 283 5674; x_wconf 47' lang='lat' dir='ltr'><strong>ﬁn</strong></span> <span class='ocrx_word' id='word_1_486' title='bbox 304 5611 527 5674; x_wconf 40' lang='grc' dir='ltr'><strong>σιδηροῖ</strong></span> <span class='ocrx_word' id='word_1_487' title='bbox 546 5604 955 5674; x_wconf 62' lang='lat' dir='ltr'><strong>lorel&#39;._nosiram</strong></span> <span class='ocrx_word' id='word_1_488' title='bbox 984 5604 1649 5674; x_wconf 51' lang='lat' dir='ltr'><strong>Ieclioqcmalfeiuntquam</strong></span> <span class='ocrx_word' id='word_1_489' title='bbox 1673 5604 1817 5665; x_wconf 55' lang='lat' dir='ltr'><strong>secti;</strong></span> 
     </span>
    </p>
   </div>
   <div class='ocr_carea' id='block_1_65' title="bbox 233 5666 1816 5739">
    <p class='ocr_par' dir='ltr' id='par_1_65' title="bbox 233 5666 1816 5739">
     <span class='ocr_line' id='line_1_67' title="bbox 233 5666 1816 5739; baseline 0.011 -28"><span class='ocrx_word' id='word_1_490' title='bbox 233 5671 314 5739; x_wconf 44' lang='lat' dir='ltr'><strong>ius</strong></span> <span class='ocrx_word' id='word_1_491' title='bbox 335 5669 413 5713; x_wconf 73' lang='lat' dir='ltr'><strong>est</strong></span> <span class='ocrx_word' id='word_1_492' title='bbox 430 5666 704 5739; x_wconf 52' lang='grc' dir='ltr'><strong>ἰηξεῳξεεε</strong></span> <span class='ocrx_word' id='word_1_493' title='bbox 722 5668 771 5715; x_wconf 80' lang='lat' dir='ltr'><strong>in</strong></span> <span class='ocrx_word' id='word_1_494' title='bbox 794 5677 933 5739; x_wconf 64' lang='grc' dir='ltr'><strong>ισιιιι</strong></span> <span class='ocrx_word' id='word_1_495' title='bbox 956 5677 1120 5739; x_wconf 42' lang='grc' dir='ltr'><strong>ειιιε-ηι</strong></span> <span class='ocrx_word' id='word_1_496' title='bbox 1142 5672 1320 5739; x_wconf 51' lang='grc' dir='ltr'><strong>ῥιψὶ,</strong></span> <span class='ocrx_word' id='word_1_497' title='bbox 1347 5666 1549 5736; x_wconf 56' lang='grc' dir='ltr'><strong>Βεεζεὶ</strong></span> <span class='ocrx_word' id='word_1_498' title='bbox 1565 5676 1700 5727; x_wconf 87' lang='lat' dir='ltr'><strong>Colb.</strong></span> <span class='ocrx_word' id='word_1_499' title='bbox 1732 5680 1816 5727; x_wconf 68' lang='grc' dir='ltr'><strong>λά-</strong></span> 
     </span>
    </p>
   </div>
   <div class='ocr_carea' id='block_1_66' title="bbox 234 5725 1402 5820">
    <p class='ocr_par' dir='ltr' id='par_1_66' title="bbox 234 5725 1402 5820">
     <span class='ocr_line' id='line_1_68' title="bbox 234 5725 1402 5820; baseline 0.002 -1"><span class='ocrx_word' id='word_1_500' title='bbox 234 5725 1019 5820; x_wconf 53' lang='grc' dir='ltr'><strong>ωέἒζκξῗκειτέξγὲενρειξξεὴ</strong></span> <span class='ocrx_word' id='word_1_501' title='bbox 1041 5732 1281 5820; x_wconf 50' lang='grc' dir='ltr'><strong>ξὶτξεὲεέξὶι</strong></span> <span class='ocrx_word' id='word_1_502' title='bbox 1296 5725 1402 5820; x_wconf 62' lang='lat'><strong>2:?-</strong></span> 
     </span>
    </p>
   </div>
   <div class='ocr_carea' id='block_1_67' title="bbox 348 5786 1485 5856">
    <p class='ocr_par' dir='ltr' id='par_1_67' title="bbox 348 5786 1485 5856">
     <span class='ocr_line' id='line_1_69' title="bbox 348 5786 1485 5856; baseline 0.007 -19"><span class='ocrx_word' id='word_1_503' title='bbox 348 5786 524 5847; x_wconf 39' lang='lat' dir='ltr'><strong>Satilq</strong></span> <span class='ocrx_word' id='word_1_504' title='bbox 540 5786 673 5850; x_wconf 67' lang='grc' dir='ltr'><strong>ιιθς.</strong></span> <span class='ocrx_word' id='word_1_505' title='bbox 692 5786 1015 5841; x_wconf 18' lang='grc' dir='ltr'><strong>θνιΓιὸὶδάλλί</strong></span> <span class='ocrx_word' id='word_1_506' title='bbox 1041 5793 1114 5841; x_wconf 79' lang='grc' dir='ltr'><strong>ἐπὶ</strong></span> <span class='ocrx_word' id='word_1_507' title='bbox 1136 5786 1279 5842; x_wconf 84' lang='grc' dir='ltr'><strong>παντῖ</strong></span> <span class='ocrx_word' id='word_1_508' title='bbox 1295 5794 1485 5856; x_wconf 78' lang='grc' dir='ltr'><strong>ῥήματι.</strong></span> 
     </span>
    </p>
   </div>
   <div class='ocr_carea' id='block_1_68' title="bbox 1351 376 2324 438">
    <p class='ocr_par' dir='ltr' id='par_1_68' title="bbox 1351 376 2324 438">
     <span class='ocr_line' id='line_1_70' title="bbox 1351 376 2324 438; baseline -0.002 -3"><span class='ocrx_word' id='word_1_509' title='bbox 1351 380 1418 435; x_wconf 73' lang='lat' dir='ltr'><strong>IN</strong></span> <span class='ocrx_word' id='word_1_510' title='bbox 1446 379 1501 434; x_wconf 83' lang='lat' dir='ltr'><strong>S.</strong></span> <span class='ocrx_word' id='word_1_511' title='bbox 1533 379 1885 438; x_wconf 72' lang='lat' dir='ltr'><strong>LUCIANUM</strong></span> <span class='ocrx_word' id='word_1_512' title='bbox 1915 376 2324 435; x_wconf 70' lang='lat' dir='ltr'><strong>MABTYREM.</strong></span> 
     </span>
    </p>
   </div>
   <div class='ocr_carea' id='block_1_69' title="bbox 3404 387 3513 445">
    <p class='ocr_par' dir='ltr' id='par_1_69' title="bbox 3404 387 3513 445">
     <span class='ocr_line' id='line_1_71' title="bbox 3404 387 3513 445; baseline 0.046 -5"><span class='ocrx_word' id='word_1_513' title='bbox 3404 387 3513 445; x_wconf 65' lang='grc'><strong>5⁸28</strong></span> 
     </span>
    </p>
   </div>
   <div class='ocr_carea' id='block_1_70' title="bbox 1912 502 3515 583">
    <p class='ocr_par' dir='ltr' id='par_1_70' title="bbox 1912 502 3515 583">
     <span class='ocr_line' id='line_1_72' title="bbox 1912 502 3515 583; baseline 0.001 -24"><span class='ocrx_word' id='word_1_514' title='bbox 1912 506 2234 579; x_wconf 77' lang='grc' dir='ltr'><strong>ἐμπλήσας,</strong></span> <span class='ocrx_word' id='word_1_515' title='bbox 2276 508 2383 583; x_wconf 80' lang='grc' dir='ltr'><strong>πρὸ</strong></span> <span class='ocrx_word' id='word_1_516' title='bbox 2426 508 2536 561; x_wconf 86' lang='grc' dir='ltr'><strong>τῶν</strong></span> <span class='ocrx_word' id='word_1_517' title='bbox 2580 506 2876 578; x_wconf 72' lang='grc' dir='ltr'><strong>ὀφθαλμῶν</strong></span> <span class='ocrx_word' id='word_1_518' title='bbox 2928 504 3095 560; x_wconf 79' lang='grc' dir='ltr'><strong>αὐτοῦ</strong></span> <span class='ocrx_word' id='word_1_519' title='bbox 3120 502 3339 574; x_wconf 82' lang='grc' dir='ltr'><strong>τεθῆναι</strong></span> <span class='ocrx_word' id='word_1_520' title='bbox 3368 521 3515 577; x_wconf 64' lang='grc' dir='ltr'><strong>παρα</strong></span> 
     </span>
    </p>
   </div>
   <div class='ocr_carea' id='block_1_71' title="bbox 1910 592 3515 668">
    <p class='ocr_par' dir='ltr' id='par_1_71' title="bbox 1910 592 3515 668">
     <span class='ocr_line' id='line_1_73' title="bbox 1910 592 3515 668; baseline -0.002 -19"><span class='ocrx_word' id='word_1_521' title='bbox 1910 597 2239 661; x_wconf 84' lang='grc' dir='ltr'><strong>εσκεύασεν,</strong></span> <span class='ocrx_word' id='word_1_522' title='bbox 2268 599 2357 651; x_wconf 79' lang='grc' dir='ltr'><strong>ἵνα</strong></span> <span class='ocrx_word' id='word_1_523' title='bbox 2390 598 2451 650; x_wconf 81' lang='grc' dir='ltr'><strong>τὸ</strong></span> <span class='ocrx_word' id='word_1_524' title='bbox 2499 596 2600 665; x_wconf 79' lang='grc' dir='ltr'><strong>τῆς</strong></span> <span class='ocrx_word' id='word_1_525' title='bbox 2639 594 2887 662; x_wconf 77' lang='grc' dir='ltr'><strong>ἐξουσίας</strong></span> <span class='ocrx_word' id='word_1_526' title='bbox 2920 596 3136 666; x_wconf 86' lang='grc' dir='ltr'><strong>’ἐτοιμον</strong></span> <span class='ocrx_word' id='word_1_527' title='bbox 3185 592 3388 668; x_wconf 81' lang='grc' dir='ltr'><strong>ἐκλύση</strong></span> <span class='ocrx_word' id='word_1_528' title='bbox 3413 595 3515 667; x_wconf 86' lang='grc' dir='ltr'><strong>τῆς</strong></span> 
     </span>
    </p>
   </div>
   <div class='ocr_carea' id='block_1_72' title="bbox 1911 683 3514 758">
    <p class='ocr_par' dir='ltr' id='par_1_72' title="bbox 1911 683 3514 758">
     <span class='ocr_line' id='line_1_74' title="bbox 1911 683 3514 758; baseline 0 -19"><span class='ocrx_word' id='word_1_529' title='bbox 1911 685 2227 758; x_wconf 87' lang='grc' dir='ltr'><strong>προθυμίας</strong></span> <span class='ocrx_word' id='word_1_530' title='bbox 2259 688 2360 757; x_wconf 81' lang='grc' dir='ltr'><strong>τὴν</strong></span> <span class='ocrx_word' id='word_1_531' title='bbox 2399 687 2667 740; x_wconf 88' lang='grc' dir='ltr'><strong>εὐτονίαν.</strong></span> <span class='ocrx_word' id='word_1_532' title='bbox 2713 686 2788 739; x_wconf 88' lang='grc' dir='ltr'><strong>Οὐ</strong></span> <span class='ocrx_word' id='word_1_533' title='bbox 2826 688 2937 755; x_wconf 80' lang='grc' dir='ltr'><strong>γὰρ</strong></span> <span class='ocrx_word' id='word_1_534' title='bbox 2968 683 3142 749; x_wconf 81' lang='grc' dir='ltr'><strong>οὕτως</strong></span> <span class='ocrx_word' id='word_1_535' title='bbox 3172 684 3514 756; x_wconf 85' lang='grc' dir='ltr'><strong>ἀλισκόμεθα</strong></span> 
     </span>
    </p>
   </div>
   <div class='ocr_carea' id='block_1_73' title="bbox 1916 770 3513 848">
    <p class='ocr_par' dir='ltr' id='par_1_73' title="bbox 1916 770 3513 848">
     <span class='ocr_line' id='line_1_75' title="bbox 1916 770 3513 848; baseline -0.002 -17"><span class='ocrx_word' id='word_1_536' title='bbox 1916 777 1991 846; x_wconf 83' lang='grc' dir='ltr'><strong>μὴ</strong></span> <span class='ocrx_word' id='word_1_537' title='bbox 2047 777 2396 848; x_wconf 72' lang='grc' dir='ltr'><strong>φαινομένων</strong></span> <span class='ocrx_word' id='word_1_538' title='bbox 2444 777 2553 830; x_wconf 90' lang='grc' dir='ltr'><strong>τῶν</strong></span> <span class='ocrx_word' id='word_1_539' title='bbox 2605 770 2971 841; x_wconf 75' lang='grc' dir='ltr'><strong>δελεαζόντων</strong></span> <span class='ocrx_word' id='word_1_540' title='bbox 3025 775 3401 846; x_wconf 83' lang='grc' dir='ltr'><strong>πραγμάτων,</strong></span> <span class='ocrx_word' id='word_1_541' title='bbox 3434 775 3513 841; x_wconf 82' lang='grc' dir='ltr'><strong>ὡς</strong></span> 
     </span>
    </p>
   </div>
   <div class='ocr_carea' id='block_1_74' title="bbox 1915 861 3513 936">
    <p class='ocr_par' dir='ltr' id='par_1_74' title="bbox 1915 861 3513 936">
     <span class='ocr_line' id='line_1_76' title="bbox 1915 861 3513 936; baseline 0 -20"><span class='ocrx_word' id='word_1_542' title='bbox 1915 863 2024 936; x_wconf 79' lang='grc' dir='ltr'><strong>πρὸ</strong></span> <span class='ocrx_word' id='word_1_543' title='bbox 2045 863 2156 916; x_wconf 90' lang='grc' dir='ltr'><strong>τῶν</strong></span> <span class='ocrx_word' id='word_1_544' title='bbox 2181 864 2479 935; x_wconf 74' lang='grc' dir='ltr'><strong>ὀφθαλμῶν</strong></span> <span class='ocrx_word' id='word_1_545' title='bbox 2507 863 2778 934; x_wconf 83' lang='grc' dir='ltr'><strong>κειμένων</strong></span> <span class='ocrx_word' id='word_1_546' title='bbox 2796 880 2811 895; x_wconf 78' lang='grc' dir='ltr'><strong>ο</strong></span> <span class='ocrx_word' id='word_1_547' title='bbox 2844 865 2968 916; x_wconf 74' lang='grc' dir='ltr'><strong>ἐπεὶ</strong></span> <span class='ocrx_word' id='word_1_548' title='bbox 2996 862 3213 935; x_wconf 77' lang='grc' dir='ltr'><strong>καὶτῆς</strong></span> <span class='ocrx_word' id='word_1_549' title='bbox 3237 861 3513 932; x_wconf 87' lang='grc' dir='ltr'><strong>γυναικῶν</strong></span> 
     </span>
    </p>
   </div>
   <div class='ocr_carea' id='block_1_75' title="bbox 1916 950 3514 1024">
    <p class='ocr_par' dir='ltr' id='par_1_75' title="bbox 1916 950 3514 1024">
     <span class='ocr_line' id='line_1_77' title="bbox 1916 950 3514 1024; baseline -0.001 -19"><span class='ocrx_word' id='word_1_550' title='bbox 1916 953 2219 1024; x_wconf 86' lang='grc' dir='ltr'><strong>ἐπιθυμίας</strong></span> <span class='ocrx_word' id='word_1_551' title='bbox 2253 951 2615 1023; x_wconf 78' lang='grc' dir='ltr'><strong>εὐκολώτερον</strong></span> <span class='ocrx_word' id='word_1_552' title='bbox 2652 955 2716 1011; x_wconf 70' lang='lat' dir='ltr'><strong>1v</strong></span> <span class='ocrx_word' id='word_1_553' title='bbox 2747 969 2828 1015; x_wconf 90' lang='grc' dir='ltr'><strong>τις</strong></span> <span class='ocrx_word' id='word_1_554' title='bbox 2865 952 3162 1022; x_wconf 85' lang='grc' dir='ltr'><strong>κρατήσειε</strong></span> <span class='ocrx_word' id='word_1_555' title='bbox 3193 950 3268 1021; x_wconf 79' lang='grc' dir='ltr'><strong>μή</strong></span> <span class='ocrx_word' id='word_1_556' title='bbox 3299 950 3514 1020; x_wconf 81' lang='grc' dir='ltr'><strong>βλέπων</strong></span> 
     </span>
    </p>
   </div>
   <div class='ocr_carea' id='block_1_76' title="bbox 1912 1036 3507 1111">
    <p class='ocr_par' dir='ltr' id='par_1_76' title="bbox 1912 1036 3507 1111">
     <span class='ocr_line' id='line_1_78' title="bbox 1912 1036 3507 1111; baseline -0.002 -17"><span class='ocrx_word' id='word_1_557' title='bbox 1912 1042 2152 1111; x_wconf 84' lang='grc' dir='ltr'><strong>γυναῖκα</strong></span> <span class='ocrx_word' id='word_1_558' title='bbox 2201 1037 2479 1111; x_wconf 80' lang='grc' dir='ltr'><strong>εὔμορφον</strong></span> <span class='ocrx_word' id='word_1_559' title='bbox 2500 1079 2516 1101; x_wconf 88' lang='grc'><strong>,</strong></span> <span class='ocrx_word' id='word_1_560' title='bbox 2564 1039 2598 1110; x_wconf 77' lang='grc' dir='ltr'>ἤ</span> <span class='ocrx_word' id='word_1_561' title='bbox 2647 1037 2887 1109; x_wconf 82' lang='grc' dir='ltr'><strong>συνεχῶς</strong></span> <span class='ocrx_word' id='word_1_562' title='bbox 2914 1038 3003 1101; x_wconf 90' lang='grc' dir='ltr'><strong>εἰς</strong></span> <span class='ocrx_word' id='word_1_563' title='bbox 3028 1037 3199 1108; x_wconf 75' lang='grc' dir='ltr'><strong>αὐτὴν</strong></span> <span class='ocrx_word' id='word_1_564' title='bbox 3227 1036 3507 1102; x_wconf 79' lang='grc' dir='ltr'><strong>ἀτενίζων.</strong></span> 
     </span>
    </p>
   </div>
   <div class='ocr_carea' id='block_1_77' title="bbox 1929 1123 3511 1199">
    <p class='ocr_par' dir='ltr' id='par_1_77' title="bbox 1929 1123 3511 1199">
     <span class='ocr_line' id='line_1_79' title="bbox 1929 1123 3511 1199; baseline -0.003 -18"><span class='ocrx_word' id='word_1_565' title='bbox 1929 1126 2073 1181; x_wconf 83' lang='grc' dir='ltr'><strong>’Δλλ’</strong></span> <span class='ocrx_word' id='word_1_566' title='bbox 2116 1128 2269 1199; x_wconf 82' lang='grc' dir='ltr'><strong>ὅμως</strong></span> <span class='ocrx_word' id='word_1_567' title='bbox 2313 1126 2410 1179; x_wconf 77' lang='grc' dir='ltr'><strong>καὶ</strong></span> <span class='ocrx_word' id='word_1_568' title='bbox 2454 1125 2661 1196; x_wconf 87' lang='grc' dir='ltr'><strong>ταύτης</strong></span> <span class='ocrx_word' id='word_1_569' title='bbox 2691 1126 2964 1196; x_wconf 74' lang='grc' dir='ltr'><strong>ἐκράτησε</strong></span> <span class='ocrx_word' id='word_1_570' title='bbox 2998 1124 3097 1195; x_wconf 83' lang='grc' dir='ltr'><strong>τῆς</strong></span> <span class='ocrx_word' id='word_1_571' title='bbox 3124 1123 3348 1195; x_wconf 86' lang='grc' dir='ltr'><strong>ἐνέδρας</strong></span> <span class='ocrx_word' id='word_1_572' title='bbox 3377 1125 3407 1176; x_wconf 97' lang='lat'><strong>6</strong></span> <span class='ocrx_word' id='word_1_573' title='bbox 3430 1123 3511 1177; x_wconf 89' lang='grc' dir='ltr'><strong>δί-</strong></span> 
     </span>
    </p>
   </div>
   <div class='ocr_carea' id='block_1_78' title="bbox 1914 1208 3512 1284">
    <p class='ocr_par' dir='ltr' id='par_1_78' title="bbox 1914 1208 3512 1284">
     <span class='ocr_line' id='line_1_80' title="bbox 1914 1208 3512 1284; baseline -0.003 -17"><span class='ocrx_word' id='word_1_574' title='bbox 1914 1229 2073 1278; x_wconf 87' lang='grc' dir='ltr'><strong>καιος</strong></span> <span class='ocrx_word' id='word_1_575' title='bbox 2092 1254 2109 1279; x_wconf 96' lang='grc'><strong>,</strong></span> <span class='ocrx_word' id='word_1_576' title='bbox 2142 1215 2238 1267; x_wconf 75' lang='grc' dir='ltr'><strong>καὶ</strong></span> <span class='ocrx_word' id='word_1_577' title='bbox 2265 1214 2406 1284; x_wconf 83' lang='grc' dir='ltr'><strong>ὅπερ</strong></span> <span class='ocrx_word' id='word_1_578' title='bbox 2438 1211 2688 1284; x_wconf 76' lang='grc' dir='ltr'><strong>ἐνόμιζεν</strong></span> <span class='ocrx_word' id='word_1_579' title='bbox 2724 1212 2754 1264; x_wconf 90' lang='lat'><strong>6</strong></span> <span class='ocrx_word' id='word_1_580' title='bbox 2783 1210 3030 1274; x_wconf 88' lang='grc' dir='ltr'><strong>διάϐολος</strong></span> <span class='ocrx_word' id='word_1_581' title='bbox 3063 1209 3313 1264; x_wconf 90' lang='grc' dir='ltr'><strong>ἐκλύσειν</strong></span> <span class='ocrx_word' id='word_1_582' title='bbox 3344 1208 3512 1265; x_wconf 81' lang='grc' dir='ltr'><strong>αὑτοῦ</strong></span> 
     </span>
    </p>
   </div>
   <div class='ocr_carea' id='block_1_79' title="bbox 1910 1296 3515 1370">
    <p class='ocr_par' dir='ltr' id='par_1_79' title="bbox 1910 1296 3515 1370">
     <span class='ocr_line' id='line_1_81' title="bbox 1910 1296 3515 1370; baseline 0 -19"><span class='ocrx_word' id='word_1_583' title='bbox 1910 1300 2012 1370; x_wconf 83' lang='grc' dir='ltr'><strong>τὴν</strong></span> <span class='ocrx_word' id='word_1_584' title='bbox 2043 1298 2317 1369; x_wconf 89' lang='grc' dir='ltr'><strong>ἀνδρείαν,</strong></span> <span class='ocrx_word' id='word_1_585' title='bbox 2340 1297 2503 1353; x_wconf 79' lang='grc' dir='ltr'><strong>τοῦτο</strong></span> <span class='ocrx_word' id='word_1_586' title='bbox 2537 1298 2773 1369; x_wconf 85' lang='grc' dir='ltr'><strong>μάλιστα</strong></span> <span class='ocrx_word' id='word_1_587' title='bbox 2808 1298 2972 1353; x_wconf 78' lang='grc' dir='ltr'><strong>αὑτὸν</strong></span> <span class='ocrx_word' id='word_1_588' title='bbox 3004 1296 3196 1369; x_wconf 78' lang='grc' dir='ltr'><strong>ήλειψε</strong></span> <span class='ocrx_word' id='word_1_589' title='bbox 3221 1298 3359 1369; x_wconf 81' lang='grc' dir='ltr'><strong>πρὸς</strong></span> <span class='ocrx_word' id='word_1_590' title='bbox 3386 1299 3515 1361; x_wconf 81' lang='grc' dir='ltr'><strong>τοὺς</strong></span> 
     </span>
    </p>
   </div>
   <div class='ocr_carea' id='block_1_80' title="bbox 1912 1374 3513 1457">
    <p class='ocr_par' dir='ltr' id='par_1_80' title="bbox 1912 1374 3513 1457">
     <span class='ocr_line' id='line_1_82' title="bbox 1912 1374 3513 1457; baseline -0.002 -18"><span class='ocrx_word' id='word_1_591' title='bbox 1912 1386 2164 1454; x_wconf 84' lang='grc' dir='ltr'><strong>ἀγῶνας⁸</strong></span> <span class='ocrx_word' id='word_1_592' title='bbox 2198 1386 2261 1439; x_wconf 89' lang='grc' dir='ltr'><strong>οὐ</strong></span> <span class='ocrx_word' id='word_1_593' title='bbox 2300 1386 2410 1457; x_wconf 89' lang='lat'><strong>7&amp;9</strong></span> <span class='ocrx_word' id='word_1_594' title='bbox 2439 1385 2600 1457; x_wconf 89' lang='grc' dir='ltr'><strong>μόνον</strong></span> <span class='ocrx_word' id='word_1_595' title='bbox 2630 1374 2782 1439; x_wconf 68' lang='grc' dir='ltr'><strong>οὐδέν</strong></span> <span class='ocrx_word' id='word_1_596' title='bbox 2824 1383 3025 1438; x_wconf 75' lang='grc' dir='ltr'><strong>ἔπαθεν</strong></span> <span class='ocrx_word' id='word_1_597' title='bbox 3066 1383 3177 1437; x_wconf 83' lang='grc' dir='ltr'><strong>ἀπὺ</strong></span> <span class='ocrx_word' id='word_1_598' title='bbox 3211 1382 3311 1454; x_wconf 84' lang='grc' dir='ltr'><strong>τῆς</strong></span> <span class='ocrx_word' id='word_1_599' title='bbox 3335 1383 3513 1454; x_wconf 74' lang='grc' dir='ltr'><strong>ὅψεως</strong></span> 
     </span>
    </p>
   </div>
   <div class='ocr_carea' id='block_1_81' title="bbox 1895 1471 3513 1543">
    <p class='ocr_par' dir='ltr' id='par_1_81' title="bbox 1895 1471 3513 1543">
     <span class='ocr_line' id='line_1_83' title="bbox 1895 1471 3513 1543; baseline -0.002 -17"><span class='ocrx_word' id='word_1_600' title='bbox 1895 1472 2022 1535; x_wconf 66' lang='grc' dir='ltr'><strong>,τῶν</strong></span> <span class='ocrx_word' id='word_1_601' title='bbox 2066 1472 2467 1538; x_wconf 88' lang='grc' dir='ltr'><strong>εἰδωλοθύτων,</strong></span> <span class='ocrx_word' id='word_1_602' title='bbox 2502 1472 2641 1527; x_wconf 83' lang='grc' dir='ltr'><strong>ἀλλά</strong></span> <span class='ocrx_word' id='word_1_603' title='bbox 2685 1473 2780 1528; x_wconf 80' lang='grc' dir='ltr'><strong>καὶ</strong></span> <span class='ocrx_word' id='word_1_604' title='bbox 2821 1472 3019 1543; x_wconf 75' lang='grc' dir='ltr'><strong>μᾶλλον</strong></span> <span class='ocrx_word' id='word_1_605' title='bbox 3064 1471 3204 1525; x_wconf 88' lang='grc' dir='ltr'><strong>αὐτά</strong></span> <span class='ocrx_word' id='word_1_606' title='bbox 3242 1471 3513 1542; x_wconf 76' lang='grc' dir='ltr'><strong>ἀπεστρέο</strong></span> 
     </span>
    </p>
   </div>
   <div class='ocr_carea' id='block_1_82' title="bbox 1912 1557 3511 1632">
    <p class='ocr_par' dir='ltr' id='par_1_82' title="bbox 1912 1557 3511 1632">
     <span class='ocr_line' id='line_1_84' title="bbox 1912 1557 3511 1632; baseline -0.003 -19"><span class='ocrx_word' id='word_1_607' title='bbox 1912 1576 2046 1630; x_wconf 89' lang='grc' dir='ltr'><strong>φετο</strong></span> <span class='ocrx_word' id='word_1_608' title='bbox 2090 1560 2185 1615; x_wconf 82' lang='grc' dir='ltr'><strong>καὶ</strong></span> <span class='ocrx_word' id='word_1_609' title='bbox 2232 1561 2415 1632; x_wconf 87' lang='grc' dir='ltr'><strong>ἐμίσει</strong></span> <span class='ocrx_word' id='word_1_610' title='bbox 2436 1576 2451 1590; x_wconf 88' lang='grc'><strong>·</strong></span> <span class='ocrx_word' id='word_1_611' title='bbox 2506 1561 2600 1615; x_wconf 85' lang='grc' dir='ltr'><strong>καὶ</strong></span> <span class='ocrx_word' id='word_1_612' title='bbox 2629 1561 2767 1630; x_wconf 83' lang='grc' dir='ltr'><strong>ὅπερ</strong></span> <span class='ocrx_word' id='word_1_613' title='bbox 2800 1561 2894 1613; x_wconf 77' lang='grc' dir='ltr'><strong>ἐπὶ</strong></span> <span class='ocrx_word' id='word_1_614' title='bbox 2918 1557 3025 1613; x_wconf 84' lang='grc' dir='ltr'><strong>τῶν</strong></span> <span class='ocrx_word' id='word_1_615' title='bbox 3055 1558 3267 1629; x_wconf 83' lang='grc' dir='ltr'><strong>ἐχθρῶν</strong></span> <span class='ocrx_word' id='word_1_616' title='bbox 3303 1559 3511 1627; x_wconf 78' lang='grc' dir='ltr'><strong>πάσχο-</strong></span> 
     </span>
    </p>
   </div>
   <div class='ocr_carea' id='block_1_83' title="bbox 1917 1643 3512 1719">
    <p class='ocr_par' dir='ltr' id='par_1_83' title="bbox 1917 1643 3512 1719">
     <span class='ocr_line' id='line_1_85' title="bbox 1917 1643 3512 1719; baseline -0.002 -19"><span class='ocrx_word' id='word_1_617' title='bbox 1917 1664 2039 1718; x_wconf 86' lang='grc' dir='ltr'><strong>μεν,</strong></span> <span class='ocrx_word' id='word_1_618' title='bbox 2059 1649 2289 1719; x_wconf 81' lang='grc' dir='ltr'><strong>ὅσῳπερ</strong></span> <span class='ocrx_word' id='word_1_619' title='bbox 2312 1645 2380 1701; x_wconf 79' lang='grc' dir='ltr'><strong>ἂν</strong></span> <span class='ocrx_word' id='word_1_620' title='bbox 2405 1646 2602 1711; x_wconf 78' lang='grc' dir='ltr'><strong>αὐτοὺς</strong></span> <span class='ocrx_word' id='word_1_621' title='bbox 2630 1646 3010 1718; x_wconf 73' lang='grc' dir='ltr'><strong>ἐμϐλέψωμεν,</strong></span> <span class='ocrx_word' id='word_1_622' title='bbox 3038 1644 3277 1717; x_wconf 86' lang='grc' dir='ltr'><strong>τοσούτῳ</strong></span> <span class='ocrx_word' id='word_1_623' title='bbox 3310 1643 3512 1714; x_wconf 77' lang='grc' dir='ltr'><strong>μᾶλλον</strong></span> 
     </span>
    </p>
   </div>
   <div class='ocr_carea' id='block_1_84' title="bbox 1910 1730 3513 1806">
    <p class='ocr_par' dir='ltr' id='par_1_84' title="bbox 1910 1730 3513 1806">
     <span class='ocr_line' id='line_1_86' title="bbox 1910 1730 3513 1806; baseline -0.002 -19"><span class='ocrx_word' id='word_1_624' title='bbox 1910 1733 2113 1797; x_wconf 81' lang='grc' dir='ltr'><strong>αὐτοὺς</strong></span> <span class='ocrx_word' id='word_1_625' title='bbox 2172 1733 2439 1805; x_wconf 83' lang='grc' dir='ltr'><strong>μισοῦμεν</strong></span> <span class='ocrx_word' id='word_1_626' title='bbox 2498 1736 2591 1788; x_wconf 71' lang='grc' dir='ltr'><strong>καὶ</strong></span> <span class='ocrx_word' id='word_1_627' title='bbox 2651 1733 3148 1806; x_wconf 79' lang='grc' dir='ltr'><strong>ἀποστρεφόμεθα,</strong></span> <span class='ocrx_word' id='word_1_628' title='bbox 3210 1731 3371 1786; x_wconf 80' lang='grc' dir='ltr'><strong>τοῦτο</strong></span> <span class='ocrx_word' id='word_1_629' title='bbox 3415 1730 3513 1786; x_wconf 77' lang='grc' dir='ltr'><strong>καὶ</strong></span> 
     </span>
    </p>
   </div>
   <div class='ocr_carea' id='block_1_85' title="bbox 1913 1820 3508 1898">
    <p class='ocr_par' dir='ltr' id='par_1_85' title="bbox 1913 1820 3508 1898">
     <span class='ocr_line' id='line_1_87' title="bbox 1913 1820 3508 1898; baseline -0.002 -22"><span class='ocrx_word' id='word_1_630' title='bbox 1913 1826 2131 1887; x_wconf 80' lang='grc' dir='ltr'><strong>ἐκεῖνος</strong></span> <span class='ocrx_word' id='word_1_631' title='bbox 2172 1822 2266 1898; x_wconf 81' lang='grc' dir='ltr'><strong>ἐπὶ</strong></span> <span class='ocrx_word' id='word_1_632' title='bbox 2292 1822 2395 1893; x_wconf 80' lang='grc' dir='ltr'><strong>τῆς</strong></span> <span class='ocrx_word' id='word_1_633' title='bbox 2431 1823 2635 1894; x_wconf 80' lang='grc' dir='ltr'><strong>μιαρᾶς</strong></span> <span class='ocrx_word' id='word_1_634' title='bbox 2666 1822 2883 1891; x_wconf 85' lang='grc' dir='ltr'><strong>ἐκείνης</strong></span> <span class='ocrx_word' id='word_1_635' title='bbox 2906 1821 3110 1893; x_wconf 77' lang='grc' dir='ltr'><strong>ἔπασχε</strong></span> <span class='ocrx_word' id='word_1_636' title='bbox 3142 1820 3334 1885; x_wconf 73' lang='grc' dir='ltr'><strong>θυσίας</strong></span> <span class='ocrx_word' id='word_1_637' title='bbox 3354 1820 3508 1874; x_wconf 82' lang='grc' dir='ltr'><strong>τότε⁶</strong></span> 
     </span>
    </p>
   </div>
   <div class='ocr_carea' id='block_1_86' title="bbox 1918 1905 3510 1978">
    <p class='ocr_par' dir='ltr' id='par_1_86' title="bbox 1918 1905 3510 1978">
     <span class='ocr_line' id='line_1_88' title="bbox 1918 1905 3510 1978; baseline -0.002 -18"><span class='ocrx_word' id='word_1_638' title='bbox 1918 1907 2123 1978; x_wconf 80' lang='grc' dir='ltr'><strong>μᾶλλον</strong></span> <span class='ocrx_word' id='word_1_639' title='bbox 2161 1907 2272 1977; x_wconf 83' lang='lat'><strong>7&amp;9</strong></span> <span class='ocrx_word' id='word_1_640' title='bbox 2308 1906 2477 1978; x_wconf 77' lang='grc' dir='ltr'><strong>αὐτὴν</strong></span> <span class='ocrx_word' id='word_1_641' title='bbox 2511 1905 2655 1978; x_wconf 81' lang='grc' dir='ltr'><strong>ὀρῶν</strong></span> <span class='ocrx_word' id='word_1_642' title='bbox 2701 1905 3047 1967; x_wconf 76' lang='grc' dir='ltr'><strong>ἐϐδελύττετο</strong></span> <span class='ocrx_word' id='word_1_643' title='bbox 3090 1906 3185 1959; x_wconf 72' lang='grc' dir='ltr'><strong>καὶ</strong></span> <span class='ocrx_word' id='word_1_644' title='bbox 3212 1905 3472 1976; x_wconf 81' lang='grc' dir='ltr'><strong>ἀπεπήδα</strong></span> <span class='ocrx_word' id='word_1_645' title='bbox 3494 1943 3510 1967; x_wconf 95' lang='grc'><strong>,</strong></span> 
     </span>
    </p>
   </div>
   <div class='ocr_carea' id='block_1_87' title="bbox 1913 1992 3513 2066">
    <p class='ocr_par' dir='ltr' id='par_1_87' title="bbox 1913 1992 3513 2066">
     <span class='ocr_line' id='line_1_89' title="bbox 1913 1992 3513 2066; baseline -0.001 -19"><span class='ocrx_word' id='word_1_646' title='bbox 1913 1995 2010 2048; x_wconf 78' lang='grc' dir='ltr'><strong>καὶ</strong></span> <span class='ocrx_word' id='word_1_647' title='bbox 2043 1996 2076 2065; x_wconf 86' lang='grc' dir='ltr'><strong>ή</strong></span> <span class='ocrx_word' id='word_1_648' title='bbox 2111 1996 2343 2066; x_wconf 78' lang='grc' dir='ltr'><strong>συνεχής</strong></span> <span class='ocrx_word' id='word_1_649' title='bbox 2367 1993 2490 2064; x_wconf 75' lang='grc' dir='ltr'><strong>δψις</strong></span> <span class='ocrx_word' id='word_1_650' title='bbox 2519 1994 2719 2065; x_wconf 79' lang='grc' dir='ltr'><strong>μᾶλλον</strong></span> <span class='ocrx_word' id='word_1_651' title='bbox 2750 1994 2914 2047; x_wconf 76' lang='grc' dir='ltr'><strong>αὐτὸν</strong></span> <span class='ocrx_word' id='word_1_652' title='bbox 2941 1995 3022 2057; x_wconf 86' lang='grc' dir='ltr'><strong>εἰς</strong></span> <span class='ocrx_word' id='word_1_653' title='bbox 3063 1996 3219 2064; x_wconf 84' lang='grc' dir='ltr'><strong>μῖσος</strong></span> <span class='ocrx_word' id='word_1_654' title='bbox 3246 1992 3342 2047; x_wconf 69' lang='grc' dir='ltr'><strong>καὶ</strong></span> <span class='ocrx_word' id='word_1_655' title='bbox 3369 1992 3513 2046; x_wconf 88' lang='grc' dir='ltr'><strong>ἀπο-</strong></span> 
     </span>
    </p>
   </div>
   <div class='ocr_carea' id='block_1_88' title="bbox 1910 2076 3510 2153">
    <p class='ocr_par' dir='ltr' id='par_1_88' title="bbox 1910 2076 3510 2153">
     <span class='ocr_line' id='line_1_90' title="bbox 1910 2076 3510 2153; baseline -0.003 -18"><span class='ocrx_word' id='word_1_656' title='bbox 1910 2082 2120 2153; x_wconf 75' lang='grc' dir='ltr'><strong>τροπὴν</strong></span> <span class='ocrx_word' id='word_1_657' title='bbox 2147 2081 2255 2134; x_wconf 87' lang='grc' dir='ltr'><strong>τῶν</strong></span> <span class='ocrx_word' id='word_1_658' title='bbox 2296 2081 2671 2152; x_wconf 85' lang='grc' dir='ltr'><strong>προκειμένων</strong></span> <span class='ocrx_word' id='word_1_659' title='bbox 2714 2080 3002 2133; x_wconf 85' lang='grc' dir='ltr'><strong>ἐνέϐαλλε·</strong></span> <span class='ocrx_word' id='word_1_660' title='bbox 3042 2081 3136 2133; x_wconf 80' lang='grc' dir='ltr'><strong>καὶ</strong></span> <span class='ocrx_word' id='word_1_661' title='bbox 3172 2079 3266 2132; x_wconf 79' lang='grc' dir='ltr'><strong>τοῦ</strong></span> <span class='ocrx_word' id='word_1_662' title='bbox 3294 2076 3510 2147; x_wconf 72' lang='grc' dir='ltr'><strong>λιμοῡι1</strong></span> 
     </span>
    </p>
   </div>
   <div class='ocr_carea' id='block_1_89' title="bbox 1915 2166 3512 2239">
    <p class='ocr_par' dir='ltr' id='par_1_89' title="bbox 1915 2166 3512 2239">
     <span class='ocr_line' id='line_1_91' title="bbox 1915 2166 3512 2239; baseline -0.003 -17"><span class='ocrx_word' id='word_1_663' title='bbox 1915 2168 2063 2239; x_wconf 87' lang='grc' dir='ltr'><strong>μέγα</strong></span> <span class='ocrx_word' id='word_1_664' title='bbox 2108 2168 2321 2222; x_wconf 72' lang='grc' dir='ltr'><strong>ἔνδοθεν</strong></span> <span class='ocrx_word' id='word_1_665' title='bbox 2369 2167 2677 2237; x_wconf 81' lang='grc' dir='ltr'><strong>ἐμϐοῶντος</strong></span> <span class='ocrx_word' id='word_1_666' title='bbox 2696 2209 2710 2229; x_wconf 87' lang='grc'><strong>,</strong></span> <span class='ocrx_word' id='word_1_667' title='bbox 2755 2167 2851 2220; x_wconf 83' lang='grc' dir='ltr'><strong>καὶ</strong></span> <span class='ocrx_word' id='word_1_668' title='bbox 2879 2168 2987 2221; x_wconf 90' lang='grc' dir='ltr'><strong>τῶν</strong></span> <span class='ocrx_word' id='word_1_669' title='bbox 3016 2166 3391 2238; x_wconf 83' lang='grc' dir='ltr'><strong>προκειμένων</strong></span> <span class='ocrx_word' id='word_1_670' title='bbox 3422 2183 3512 2219; x_wconf 80' lang='grc' dir='ltr'><strong>κε-</strong></span> 
     </span>
    </p>
   </div>
   <div class='ocr_carea' id='block_1_90' title="bbox 1909 2252 3511 2325">
    <p class='ocr_par' dir='ltr' id='par_1_90' title="bbox 1909 2252 3511 2325">
     <span class='ocr_line' id='line_1_92' title="bbox 1909 2252 3511 2325; baseline -0.002 -17"><span class='ocrx_word' id='word_1_671' title='bbox 1909 2255 2153 2319; x_wconf 84' lang='grc' dir='ltr'><strong>λεύοντος</strong></span> <span class='ocrx_word' id='word_1_672' title='bbox 2193 2256 2565 2325; x_wconf 79' lang='grc' dir='ltr'><strong>ἐφάπτεσθαι,</strong></span> <span class='ocrx_word' id='word_1_673' title='bbox 2609 2258 2639 2308; x_wconf 90' lang='grc' dir='ltr'><strong>ὀ</strong></span> <span class='ocrx_word' id='word_1_674' title='bbox 2673 2254 2768 2307; x_wconf 84' lang='grc' dir='ltr'><strong>τοῦ</strong></span> <span class='ocrx_word' id='word_1_675' title='bbox 2818 2252 2956 2307; x_wconf 75' lang='grc' dir='ltr'><strong>Θεοῦ</strong></span> <span class='ocrx_word' id='word_1_676' title='bbox 2984 2253 3149 2322; x_wconf 87' lang='grc' dir='ltr'><strong>φόϐος</strong></span> <span class='ocrx_word' id='word_1_677' title='bbox 3190 2253 3290 2317; x_wconf 80' lang='grc' dir='ltr'><strong>τὰς</strong></span> <span class='ocrx_word' id='word_1_678' title='bbox 3324 2256 3511 2323; x_wconf 86' lang='grc' dir='ltr'><strong>χεῖρας</strong></span> 
     </span>
    </p>
   </div>
   <div class='ocr_carea' id='block_1_91' title="bbox 1911 2340 3512 2413">
    <p class='ocr_par' dir='ltr' id='par_1_91' title="bbox 1911 2340 3512 2413">
     <span class='ocr_line' id='line_1_93' title="bbox 1911 2340 3512 2413; baseline -0.001 -18"><span class='ocrx_word' id='word_1_679' title='bbox 1911 2342 2228 2407; x_wconf 88' lang='grc' dir='ltr'><strong>ἀνέστελλε,</strong></span> <span class='ocrx_word' id='word_1_680' title='bbox 2255 2345 2350 2397; x_wconf 75' lang='grc' dir='ltr'><strong>καὶ</strong></span> <span class='ocrx_word' id='word_1_681' title='bbox 2381 2344 2482 2413; x_wconf 84' lang='grc' dir='ltr'><strong>τῆς</strong></span> <span class='ocrx_word' id='word_1_682' title='bbox 2513 2342 2728 2412; x_wconf 89' lang='grc' dir='ltr'><strong>φύσεως</strong></span> <span class='ocrx_word' id='word_1_683' title='bbox 2759 2342 2927 2412; x_wconf 82' lang='grc' dir='ltr'><strong>αὐτῆς</strong></span> <span class='ocrx_word' id='word_1_684' title='bbox 2961 2340 3323 2395; x_wconf 79' lang='grc' dir='ltr'><strong>ἐπιλαθέσθαι</strong></span> <span class='ocrx_word' id='word_1_685' title='bbox 3370 2356 3512 2413; x_wconf 80' lang='grc' dir='ltr'><strong>παρ·</strong></span> 
     </span>
    </p>
   </div>
   <div class='ocr_carea' id='block_1_92' title="bbox 1910 2429 3508 2501">
    <p class='ocr_par' dir='ltr' id='par_1_92' title="bbox 1910 2429 3508 2501">
     <span class='ocr_line' id='line_1_94' title="bbox 1910 2429 3508 2501; baseline 0 -17"><span class='ocrx_word' id='word_1_686' title='bbox 1910 2429 2206 2494; x_wconf 75' lang='grc' dir='ltr'><strong>ἐσκεύαζεο</strong></span> <span class='ocrx_word' id='word_1_687' title='bbox 2254 2432 2348 2483; x_wconf 75' lang='grc' dir='ltr'><strong>καὶ</strong></span> <span class='ocrx_word' id='word_1_688' title='bbox 2402 2429 2682 2501; x_wconf 75' lang='grc' dir='ltr'><strong>τράπεζαν</strong></span> <span class='ocrx_word' id='word_1_689' title='bbox 2732 2430 2877 2500; x_wconf 86' lang='grc' dir='ltr'><strong>ὀρῶν</strong></span> <span class='ocrx_word' id='word_1_690' title='bbox 2933 2430 3136 2499; x_wconf 74' lang='grc' dir='ltr'><strong>μιαρὰν</strong></span> <span class='ocrx_word' id='word_1_691' title='bbox 3183 2430 3277 2482; x_wconf 73' lang='grc' dir='ltr'><strong>καὶ</strong></span> <span class='ocrx_word' id='word_1_692' title='bbox 3304 2429 3508 2498; x_wconf 83' lang='grc' dir='ltr'><strong>ἐναγῆ.</strong></span> 
     </span>
    </p>
   </div>
   <div class='ocr_carea' id='block_1_93' title="bbox 1907 2511 3512 2585">
    <p class='ocr_par' dir='ltr' id='par_1_93' title="bbox 1907 2511 3512 2585">
     <span class='ocr_line' id='line_1_95' title="bbox 1907 2511 3512 2585; baseline -0.001 -20"><span class='ocrx_word' id='word_1_693' title='bbox 1907 2512 2191 2585; x_wconf 79' lang='grc' dir='ltr'><strong>τραπέζης</strong></span> <span class='ocrx_word' id='word_1_694' title='bbox 2225 2513 2467 2583; x_wconf 84' lang='grc' dir='ltr'><strong>ἐμνήσθη</strong></span> <span class='ocrx_word' id='word_1_695' title='bbox 2498 2513 2692 2582; x_wconf 84' lang='grc' dir='ltr'><strong>ἐτέρας</strong></span> <span class='ocrx_word' id='word_1_696' title='bbox 2723 2512 2825 2582; x_wconf 85' lang='grc' dir='ltr'><strong>τῆς</strong></span> <span class='ocrx_word' id='word_1_697' title='bbox 2860 2511 3170 2583; x_wconf 83' lang='grc' dir='ltr'><strong>φρικώδους</strong></span> <span class='ocrx_word' id='word_1_698' title='bbox 3207 2513 3301 2564; x_wconf 66' lang='grc' dir='ltr'><strong>καί⁷</strong></span> <span class='ocrx_word' id='word_1_699' title='bbox 3339 2511 3512 2563; x_wconf 77' lang='grc' dir='ltr'><strong>ιῐνεύ-</strong></span> 
     </span>
    </p>
   </div>
   <div class='ocr_carea' id='block_1_94' title="bbox 1912 2597 3511 2670">
    <p class='ocr_par' dir='ltr' id='par_1_94' title="bbox 1912 2597 3511 2670">
     <span class='ocr_line' id='line_1_96' title="bbox 1912 2597 3511 2670; baseline -0.001 -17"><span class='ocrx_word' id='word_1_700' title='bbox 1912 2616 2082 2670; x_wconf 89' lang='grc' dir='ltr'><strong>ματος</strong></span> <span class='ocrx_word' id='word_1_701' title='bbox 2124 2600 2438 2669; x_wconf 83' lang='grc' dir='ltr'><strong>γεμούσης,</strong></span> <span class='ocrx_word' id='word_1_702' title='bbox 2496 2601 2589 2652; x_wconf 78' lang='grc' dir='ltr'><strong>καὶ</strong></span> <span class='ocrx_word' id='word_1_703' title='bbox 2628 2597 2803 2662; x_wconf 82' lang='grc' dir='ltr'><strong>οὑτως</strong></span> <span class='ocrx_word' id='word_1_704' title='bbox 2846 2598 3147 2669; x_wconf 80' lang='grc' dir='ltr'><strong>ἐπυροῦτο,</strong></span> <span class='ocrx_word' id='word_1_705' title='bbox 3182 2597 3257 2661; x_wconf 86' lang='grc' dir='ltr'><strong>ὡς</strong></span> <span class='ocrx_word' id='word_1_706' title='bbox 3296 2597 3511 2652; x_wconf 84' lang='grc' dir='ltr'><strong>ἐλέσθαι</strong></span> 
     </span>
    </p>
   </div>
   <div class='ocr_carea' id='block_1_95' title="bbox 1908 2685 3512 2758">
    <p class='ocr_par' dir='ltr' id='par_1_95' title="bbox 1908 2685 3512 2758">
     <span class='ocr_line' id='line_1_97' title="bbox 1908 2685 3512 2758; baseline -0.001 -18"><span class='ocrx_word' id='word_1_707' title='bbox 1908 2688 2087 2741; x_wconf 87' lang='grc' dir='ltr'><strong>πάντα</strong></span> <span class='ocrx_word' id='word_1_708' title='bbox 2114 2687 2416 2758; x_wconf 86' lang='grc' dir='ltr'><strong>ὑποστῆναι</strong></span> <span class='ocrx_word' id='word_1_709' title='bbox 2447 2689 2542 2740; x_wconf 75' lang='grc' dir='ltr'><strong>καὶ</strong></span> <span class='ocrx_word' id='word_1_710' title='bbox 2571 2686 2785 2751; x_wconf 89' lang='grc' dir='ltr'><strong>παθεῖν,</strong></span> <span class='ocrx_word' id='word_1_711' title='bbox 2825 2687 2858 2756; x_wconf 84' lang='grc' dir='ltr'>ἢ</span> <span class='ocrx_word' id='word_1_712' title='bbox 2890 2686 2999 2740; x_wconf 86' lang='grc' dir='ltr'><strong>τῶν</strong></span> <span class='ocrx_word' id='word_1_713' title='bbox 3042 2686 3257 2757; x_wconf 89' lang='grc' dir='ltr'><strong>μιαρῶν</strong></span> <span class='ocrx_word' id='word_1_714' title='bbox 3286 2685 3512 2739; x_wconf 85' lang='grc' dir='ltr'><strong>ἐκείνων</strong></span> 
     </span>
    </p>
   </div>
   <div class='ocr_carea' id='block_1_96' title="bbox 1908 2774 3510 2846">
    <p class='ocr_par' dir='ltr' id='par_1_96' title="bbox 1908 2774 3510 2846">
     <span class='ocr_line' id='line_1_98' title="bbox 1908 2774 3510 2846; baseline -0.002 -16"><span class='ocrx_word' id='word_1_715' title='bbox 1908 2774 2330 2843; x_wconf 87' lang='grc' dir='ltr'><strong>ἀπογεύσασθαι</strong></span> <span class='ocrx_word' id='word_1_716' title='bbox 2363 2775 2701 2846; x_wconf 84' lang='grc' dir='ltr'><strong>ἐδεσμάτων.</strong></span> <span class='ocrx_word' id='word_1_717' title='bbox 2747 2774 3087 2846; x_wconf 81' lang='grc' dir='ltr'><strong>’Δνεμνήσθη</strong></span> <span class='ocrx_word' id='word_1_718' title='bbox 3130 2774 3349 2844; x_wconf 75' lang='grc' dir='ltr'><strong>καὶτῆς</strong></span> <span class='ocrx_word' id='word_1_719' title='bbox 3376 2791 3510 2846; x_wconf 77' lang='lat'><strong>:92-</strong></span> 
     </span>
    </p>
   </div>
   <div class='ocr_carea' id='block_1_97' title="bbox 1911 2858 3511 2933">
    <p class='ocr_par' dir='ltr' id='par_1_97' title="bbox 1911 2858 3511 2933">
     <span class='ocr_line' id='line_1_99' title="bbox 1911 2858 3511 2933; baseline -0.001 -18"><span class='ocrx_word' id='word_1_720' title='bbox 1911 2862 2086 2931; x_wconf 79' lang='grc' dir='ltr'><strong>πέζης</strong></span> <span class='ocrx_word' id='word_1_721' title='bbox 2121 2862 2342 2931; x_wconf 86' lang='grc' dir='ltr'><strong>ἐκείνης</strong></span> <span class='ocrx_word' id='word_1_722' title='bbox 2377 2861 2486 2915; x_wconf 90' lang='grc' dir='ltr'><strong>τῶν</strong></span> <span class='ocrx_word' id='word_1_723' title='bbox 2514 2862 2683 2932; x_wconf 88' lang='grc' dir='ltr'><strong>τριῶν</strong></span> <span class='ocrx_word' id='word_1_724' title='bbox 2718 2862 2925 2915; x_wconf 82' lang='grc' dir='ltr'><strong>παίδων</strong></span> <span class='ocrx_word' id='word_1_725' title='bbox 2946 2902 2961 2926; x_wconf 91' lang='grc'><strong>,</strong></span> <span class='ocrx_word' id='word_1_726' title='bbox 2987 2861 3037 2915; x_wconf 82' lang='grc' dir='ltr'><strong>οἶ</strong></span> <span class='ocrx_word' id='word_1_727' title='bbox 3065 2862 3174 2915; x_wconf 84' lang='grc' dir='ltr'><strong>νέοι</strong></span> <span class='ocrx_word' id='word_1_728' title='bbox 3194 2858 3511 2933; x_wconf 77' lang='grc' dir='ltr'><strong>ληφθέντες,</strong></span> 
     </span>
    </p>
   </div>
   <div class='ocr_carea' id='block_1_98' title="bbox 1908 2949 3511 3022">
    <p class='ocr_par' dir='ltr' id='par_1_98' title="bbox 1908 2949 3511 3022">
     <span class='ocr_line' id='line_1_100' title="bbox 1908 2949 3511 3022; baseline 0.001 -20"><span class='ocrx_word' id='word_1_729' title='bbox 1908 2950 2004 3003; x_wconf 77' lang='grc' dir='ltr'><strong>καὶ</strong></span> <span class='ocrx_word' id='word_1_730' title='bbox 2034 2952 2217 3019; x_wconf 88' lang='grc' dir='ltr'><strong>πάσης</strong></span> <span class='ocrx_word' id='word_1_731' title='bbox 2256 2949 2456 3019; x_wconf 83' lang='grc' dir='ltr'><strong>ἐρημοι</strong></span> <span class='ocrx_word' id='word_1_732' title='bbox 2486 2949 2825 3022; x_wconf 89' lang='grc' dir='ltr'><strong>προστασίας</strong></span> <span class='ocrx_word' id='word_1_733' title='bbox 2850 2950 3001 3014; x_wconf 78' lang='grc' dir='ltr'><strong>ὄντες</strong></span> <span class='ocrx_word' id='word_1_734' title='bbox 3020 2993 3035 3015; x_wconf 94' lang='grc'><strong>,</strong></span> <span class='ocrx_word' id='word_1_735' title='bbox 3066 2953 3125 3004; x_wconf 87' lang='grc' dir='ltr'><strong>ἐν</strong></span> <span class='ocrx_word' id='word_1_736' title='bbox 3164 2950 3419 3021; x_wconf 74' lang='grc' dir='ltr'><strong>ἀλλοτρίᾳ</strong></span> <span class='ocrx_word' id='word_1_737' title='bbox 3438 2950 3511 3021; x_wconf 77' lang='grc' dir='ltr'><strong>γῇ</strong></span> 
     </span>
    </p>
   </div>
   <div class='ocr_carea' id='block_1_99' title="bbox 1908 3035 3511 3107">
    <p class='ocr_par' dir='ltr' id='par_1_99' title="bbox 1908 3035 3511 3107">
     <span class='ocr_line' id='line_1_101' title="bbox 1908 3035 3511 3107; baseline -0.001 -18"><span class='ocrx_word' id='word_1_738' title='bbox 1908 3037 2005 3090; x_wconf 72' lang='grc' dir='ltr'><strong>καὶ</strong></span> <span class='ocrx_word' id='word_1_739' title='bbox 2056 3035 2320 3107; x_wconf 84' lang='grc' dir='ltr'><strong>βαρϐάρῳ</strong></span> <span class='ocrx_word' id='word_1_740' title='bbox 2370 3035 2528 3106; x_wconf 79' lang='grc' dir='ltr'><strong>χώρᾳ</strong></span> <span class='ocrx_word' id='word_1_741' title='bbox 2569 3035 2842 3106; x_wconf 90' lang='grc' dir='ltr'><strong>τοσαύτην</strong></span> <span class='ocrx_word' id='word_1_742' title='bbox 2888 3036 3235 3101; x_wconf 81' lang='grc' dir='ltr'><strong>ἐπεδείξαντο</strong></span> <span class='ocrx_word' id='word_1_743' title='bbox 3293 3035 3511 3104; x_wconf 82' lang='grc' dir='ltr'><strong>φιλοσο-</strong></span> 
     </span>
    </p>
   </div>
   <div class='ocr_carea' id='block_1_100' title="bbox 1909 3115 3512 3194">
    <p class='ocr_par' dir='ltr' id='par_1_100' title="bbox 1909 3115 3512 3194">
     <span class='ocr_line' id='line_1_102' title="bbox 1909 3115 3512 3194; baseline 0 -19"><span class='ocrx_word' id='word_1_744' title='bbox 1909 3123 2061 3191; x_wconf 89' lang='grc' dir='ltr'><strong>φίαν,</strong></span> <span class='ocrx_word' id='word_1_745' title='bbox 2089 3115 2164 3185; x_wconf 84' lang='grc' dir='ltr'><strong>ὡς</strong></span> <span class='ocrx_word' id='word_1_746' title='bbox 2195 3122 2359 3193; x_wconf 88' lang='grc' dir='ltr'><strong>μέχρι</strong></span> <span class='ocrx_word' id='word_1_747' title='bbox 2386 3121 2484 3176; x_wconf 81' lang='grc' dir='ltr'><strong>νῦν</strong></span> <span class='ocrx_word' id='word_1_748' title='bbox 2512 3121 2737 3193; x_wconf 73' lang='grc' dir='ltr'><strong>ᾄδεσθαι</strong></span> <span class='ocrx_word' id='word_1_749' title='bbox 2764 3122 2863 3192; x_wconf 81' lang='grc' dir='ltr'><strong>τὴν</strong></span> <span class='ocrx_word' id='word_1_750' title='bbox 2892 3122 3145 3194; x_wconf 87' lang='grc' dir='ltr'><strong>ἀνδρείαν</strong></span> <span class='ocrx_word' id='word_1_751' title='bbox 3170 3122 3369 3175; x_wconf 88' lang='grc' dir='ltr'><strong>αὐτῶν.</strong></span> <span class='ocrx_word' id='word_1_752' title='bbox 3402 3123 3512 3175; x_wconf 79' lang='grc' dir='ltr'><strong>Καὶ</strong></span> 
     </span>
    </p>
   </div>
   <div class='ocr_carea' id='block_1_101' title="bbox 1908 3209 3511 3282">
    <p class='ocr_par' dir='ltr' id='par_1_101' title="bbox 1908 3209 3511 3282">
     <span class='ocr_line' id='line_1_103' title="bbox 1908 3209 3511 3282; baseline -0.001 -17"><span class='ocrx_word' id='word_1_753' title='bbox 1908 3213 1959 3265; x_wconf 91' lang='grc' dir='ltr'><strong>οἰ</strong></span> <span class='ocrx_word' id='word_1_754' title='bbox 1994 3212 2093 3282; x_wconf 80' lang='grc' dir='ltr'><strong>μὲν</strong></span> <span class='ocrx_word' id='word_1_755' title='bbox 2146 3210 2387 3264; x_wconf 83' lang='grc' dir='ltr'><strong>Ἰουδαῖοι</strong></span> <span class='ocrx_word' id='word_1_756' title='bbox 2417 3212 2519 3264; x_wconf 75' lang='grc' dir='ltr'><strong>καὶ</strong></span> <span class='ocrx_word' id='word_1_757' title='bbox 2549 3210 2648 3280; x_wconf 84' lang='grc' dir='ltr'><strong>τὴν</strong></span> <span class='ocrx_word' id='word_1_758' title='bbox 2684 3211 2895 3264; x_wconf 88' lang='grc' dir='ltr'><strong>οίκείαν</strong></span> <span class='ocrx_word' id='word_1_759' title='bbox 2922 3209 3141 3281; x_wconf 76' lang='grc' dir='ltr'><strong>ἔχοντες</strong></span> <span class='ocrx_word' id='word_1_760' title='bbox 3180 3211 3281 3281; x_wconf 80' lang='grc' dir='ltr'><strong>γῆν</strong></span> <span class='ocrx_word' id='word_1_761' title='bbox 3312 3210 3511 3281; x_wconf 75' lang='grc' dir='ltr'><strong>ἠσέϐη-</strong></span> 
     </span>
    </p>
   </div>
   <div class='ocr_carea' id='block_1_102' title="bbox 1914 3296 3515 3371">
    <p class='ocr_par' dir='ltr' id='par_1_102' title="bbox 1914 3296 3515 3371">
     <span class='ocr_line' id='line_1_104' title="bbox 1914 3296 3515 3371; baseline 0 -19"><span class='ocrx_word' id='word_1_762' title='bbox 1914 3317 2014 3353; x_wconf 89' lang='grc' dir='ltr'><strong>σαν</strong></span> <span class='ocrx_word' id='word_1_763' title='bbox 2036 3339 2050 3362; x_wconf 93' lang='grc'><strong>,</strong></span> <span class='ocrx_word' id='word_1_764' title='bbox 2080 3299 2175 3352; x_wconf 73' lang='grc' dir='ltr'><strong>καί¹</strong></span> <span class='ocrx_word' id='word_1_765' title='bbox 2204 3301 2262 3352; x_wconf 86' lang='grc' dir='ltr'><strong>ἐν</strong></span> <span class='ocrx_word' id='word_1_766' title='bbox 2290 3296 2368 3367; x_wconf 82' lang='grc' dir='ltr'><strong>τῷ</strong></span> <span class='ocrx_word' id='word_1_767' title='bbox 2396 3298 2512 3367; x_wconf 84' lang='grc' dir='ltr'><strong>ναῷ</strong></span> <span class='ocrx_word' id='word_1_768' title='bbox 2551 3297 2916 3367; x_wconf 86' lang='grc' dir='ltr'><strong>διατρίϐοντες</strong></span> <span class='ocrx_word' id='word_1_769' title='bbox 2963 3297 3412 3371; x_wconf 79' lang='grc' dir='ltr'><strong>εἰδωλολάτρουνο</strong></span> <span class='ocrx_word' id='word_1_770' title='bbox 3458 3299 3515 3352; x_wconf 88' lang='grc' dir='ltr'><strong>οἰ</strong></span> 
     </span>
    </p>
   </div>
   <div class='ocr_carea' id='block_1_103' title="bbox 1909 3384 3516 3457">
    <p class='ocr_par' dir='ltr' id='par_1_103' title="bbox 1909 3384 3516 3457">
     <span class='ocr_line' id='line_1_105' title="bbox 1909 3384 3516 3457; baseline 0 -18"><span class='ocrx_word' id='word_1_771' title='bbox 1909 3388 1968 3440; x_wconf 87' lang='grc' dir='ltr'><strong>δὲ</strong></span> <span class='ocrx_word' id='word_1_772' title='bbox 1990 3387 2103 3441; x_wconf 90' lang='grc' dir='ltr'><strong>νέοι</strong></span> <span class='ocrx_word' id='word_1_773' title='bbox 2132 3387 2332 3443; x_wconf 77' lang='grc' dir='ltr'><strong>ἐκεῖνοι</strong></span> <span class='ocrx_word' id='word_1_774' title='bbox 2349 3387 2427 3449; x_wconf 88' lang='grc' dir='ltr'><strong>είς</strong></span> <span class='ocrx_word' id='word_1_775' title='bbox 2453 3386 2554 3455; x_wconf 83' lang='grc' dir='ltr'><strong>τὴν</strong></span> <span class='ocrx_word' id='word_1_776' title='bbox 2589 3384 2937 3457; x_wconf 81' lang='grc' dir='ltr'><strong>βαρϐαρικὴν</strong></span> <span class='ocrx_word' id='word_1_777' title='bbox 2966 3384 3359 3456; x_wconf 84' lang='grc' dir='ltr'><strong>ἀπενεχθέντες</strong></span> <span class='ocrx_word' id='word_1_778' title='bbox 3385 3385 3516 3456; x_wconf 77' lang='grc' dir='ltr'><strong>γῆν,</strong></span> 
     </span>
    </p>
   </div>
   <div class='ocr_carea' id='block_1_104' title="bbox 1914 3471 3508 3545">
    <p class='ocr_par' dir='ltr' id='par_1_104' title="bbox 1914 3471 3508 3545">
     <span class='ocr_line' id='line_1_106' title="bbox 1914 3471 3508 3545; baseline -0.001 -18"><span class='ocrx_word' id='word_1_779' title='bbox 1914 3472 2042 3527; x_wconf 72' lang='grc' dir='ltr'><strong>ἔνθα</strong></span> <span class='ocrx_word' id='word_1_780' title='bbox 2084 3472 2277 3526; x_wconf 69' lang='grc' dir='ltr'><strong>εἴδωλα</strong></span> <span class='ocrx_word' id='word_1_781' title='bbox 2308 3473 2406 3526; x_wconf 72' lang='grc' dir='ltr'><strong>καὶ</strong></span> <span class='ocrx_word' id='word_1_782' title='bbox 2452 3471 2633 3543; x_wconf 88' lang='grc' dir='ltr'><strong>πάσης</strong></span> <span class='ocrx_word' id='word_1_783' title='bbox 2662 3472 2919 3535; x_wconf 87' lang='grc' dir='ltr'><strong>ἀσεϐείας</strong></span> <span class='ocrx_word' id='word_1_784' title='bbox 2948 3471 3204 3536; x_wconf 89' lang='grc' dir='ltr'><strong>ὑπόθεσις</strong></span> <span class='ocrx_word' id='word_1_785' title='bbox 3226 3512 3242 3534; x_wconf 85' lang='grc'><strong>.</strong></span> <span class='ocrx_word' id='word_1_786' title='bbox 3270 3472 3370 3545; x_wconf 77' lang='grc' dir='ltr'><strong>τὴν</strong></span> <span class='ocrx_word' id='word_1_787' title='bbox 3410 3490 3508 3526; x_wconf 85' lang='grc' dir='ltr'><strong>πα·</strong></span> 
     </span>
    </p>
   </div>
   <div class='ocr_carea' id='block_1_105' title="bbox 1912 3559 3512 3632">
    <p class='ocr_par' dir='ltr' id='par_1_105' title="bbox 1912 3559 3512 3632">
     <span class='ocr_line' id='line_1_107' title="bbox 1912 3559 3512 3632; baseline 0.001 -19"><span class='ocrx_word' id='word_1_788' title='bbox 1912 3560 2095 3632; x_wconf 82' lang='grc' dir='ltr'><strong>τρῴαν</strong></span> <span class='ocrx_word' id='word_1_789' title='bbox 2135 3560 2438 3614; x_wconf 80' lang='grc' dir='ltr'><strong>διετέλεσαν</strong></span> <span class='ocrx_word' id='word_1_790' title='bbox 2490 3560 2850 3629; x_wconf 87' lang='grc' dir='ltr'><strong>φυλάττοντες</strong></span> <span class='ocrx_word' id='word_1_791' title='bbox 2884 3559 3179 3614; x_wconf 86' lang='grc' dir='ltr'><strong>πολιτείαν.</strong></span> <span class='ocrx_word' id='word_1_792' title='bbox 3217 3562 3281 3615; x_wconf 85' lang='grc' dir='ltr'><strong>Εἰ</strong></span> <span class='ocrx_word' id='word_1_793' title='bbox 3331 3560 3512 3614; x_wconf 86' lang='grc' dir='ltr'><strong>τοίνυν</strong></span> 
     </span>
    </p>
   </div>
   <div class='ocr_carea' id='block_1_106' title="bbox 1912 3646 3511 3720">
    <p class='ocr_par' dir='ltr' id='par_1_106' title="bbox 1912 3646 3511 3720">
     <span class='ocr_line' id='line_1_108' title="bbox 1912 3646 3511 3720; baseline -0.001 -18"><span class='ocrx_word' id='word_1_794' title='bbox 1912 3650 1963 3702; x_wconf 85' lang='grc' dir='ltr'><strong>οἰ</strong></span> <span class='ocrx_word' id='word_1_795' title='bbox 1992 3648 2351 3719; x_wconf 77' lang='grc' dir='ltr'><strong>αἰχμάλωτοι,</strong></span> <span class='ocrx_word' id='word_1_796' title='bbox 2378 3647 2474 3701; x_wconf 77' lang='grc' dir='ltr'><strong>καὶ</strong></span> <span class='ocrx_word' id='word_1_797' title='bbox 2502 3646 2677 3700; x_wconf 86' lang='grc' dir='ltr'><strong>δοῦλοι</strong></span> <span class='ocrx_word' id='word_1_798' title='bbox 2701 3687 2717 3711; x_wconf 97' lang='grc'><strong>,</strong></span> <span class='ocrx_word' id='word_1_799' title='bbox 2750 3647 2848 3701; x_wconf 69' lang='grc' dir='ltr'><strong>καὶ</strong></span> <span class='ocrx_word' id='word_1_800' title='bbox 2874 3647 2988 3700; x_wconf 90' lang='grc' dir='ltr'><strong>νέοι</strong></span> <span class='ocrx_word' id='word_1_801' title='bbox 3021 3647 3129 3720; x_wconf 77' lang='grc' dir='ltr'><strong>πρὸ</strong></span> <span class='ocrx_word' id='word_1_802' title='bbox 3160 3647 3261 3718; x_wconf 84' lang='grc' dir='ltr'><strong>τῆς</strong></span> <span class='ocrx_word' id='word_1_803' title='bbox 3288 3648 3511 3719; x_wconf 86' lang='grc' dir='ltr'><strong>χάριτος</strong></span> 
     </span>
    </p>
   </div>
   <div class='ocr_carea' id='block_1_107' title="bbox 1913 3733 3511 3806">
    <p class='ocr_par' dir='ltr' id='par_1_107' title="bbox 1913 3733 3511 3806">
     <span class='ocr_line' id='line_1_109' title="bbox 1913 3733 3511 3806; baseline 0 -18"><span class='ocrx_word' id='word_1_804' title='bbox 1913 3734 2186 3806; x_wconf 81' lang='grc' dir='ltr'><strong>τοσαύτην</strong></span> <span class='ocrx_word' id='word_1_805' title='bbox 2244 3733 2588 3798; x_wconf 77' lang='grc' dir='ltr'><strong>ἐπεδείξαντο</strong></span> <span class='ocrx_word' id='word_1_806' title='bbox 2634 3733 2986 3804; x_wconf 88' lang='grc' dir='ltr'><strong>φιλοσοφίαν,</strong></span> <span class='ocrx_word' id='word_1_807' title='bbox 3045 3734 3210 3805; x_wconf 78' lang='grc' dir='ltr'><strong>φησὶ,</strong></span> <span class='ocrx_word' id='word_1_808' title='bbox 3248 3736 3409 3797; x_wconf 89' lang='grc' dir='ltr'><strong>ποίας</strong></span> <span class='ocrx_word' id='word_1_809' title='bbox 3444 3736 3511 3790; x_wconf 79' lang='grc' dir='ltr'><strong>ἂν</strong></span> 
     </span>
    </p>
   </div>
   <div class='ocr_carea' id='block_1_108' title="bbox 1916 3820 3513 3894">
    <p class='ocr_par' dir='ltr' id='par_1_108' title="bbox 1916 3820 3513 3894">
     <span class='ocr_line' id='line_1_110' title="bbox 1916 3820 3513 3894; baseline 0.001 -18"><span class='ocrx_word' id='word_1_810' title='bbox 1916 3824 2107 3893; x_wconf 75' lang='grc' dir='ltr'><strong>εἴημεν</strong></span> <span class='ocrx_word' id='word_1_811' title='bbox 2135 3825 2297 3893; x_wconf 79' lang='grc' dir='ltr'><strong>ἡμεῖς</strong></span> <span class='ocrx_word' id='word_1_812' title='bbox 2327 3820 2658 3893; x_wconf 85' lang='grc' dir='ltr'><strong>συγγνώμης</strong></span> <span class='ocrx_word' id='word_1_813' title='bbox 2687 3821 2851 3886; x_wconf 78' lang='grc' dir='ltr'><strong>ἄξιοι,</strong></span> <span class='ocrx_word' id='word_1_814' title='bbox 2888 3821 3024 3892; x_wconf 74' lang='grc' dir='ltr'><strong>μηδὲ</strong></span> <span class='ocrx_word' id='word_1_815' title='bbox 3050 3821 3188 3893; x_wconf 74' lang='grc' dir='ltr'><strong>πρὸς</strong></span> <span class='ocrx_word' id='word_1_816' title='bbox 3205 3822 3305 3894; x_wconf 81' lang='grc' dir='ltr'><strong>τὴν</strong></span> <span class='ocrx_word' id='word_1_817' title='bbox 3342 3823 3513 3893; x_wconf 79' lang='grc' dir='ltr'><strong>αὐτὴν</strong></span> 
     </span>
    </p>
   </div>
   <div class='ocr_carea' id='block_1_109' title="bbox 1915 3907 2994 3984">
    <p class='ocr_par' dir='ltr' id='par_1_109' title="bbox 1915 3907 2994 3984">
     <span class='ocr_line' id='line_1_111' title="bbox 1915 3907 2994 3984; baseline -0.002 -21"><span class='ocrx_word' id='word_1_818' title='bbox 1915 3910 2147 3972; x_wconf 87' lang='grc' dir='ltr'><strong>ἐκείνοις</strong></span> <span class='ocrx_word' id='word_1_819' title='bbox 2174 3909 2378 3980; x_wconf 80' lang='grc' dir='ltr'><strong>ἀρετὴν</strong></span> <span class='ocrx_word' id='word_1_820' title='bbox 2413 3907 2621 3984; x_wconf 82' lang='grc' dir='ltr'><strong>φθάσαι</strong></span> <span class='ocrx_word' id='word_1_821' title='bbox 2644 3907 2994 3977; x_wconf 86' lang='grc' dir='ltr'><strong>δυνηθέντες;</strong></span> 
     </span>
    </p>
   </div>
   <div class='ocr_carea' id='block_1_110' title="bbox 1986 3995 3511 4067">
    <p class='ocr_par' dir='ltr' id='par_1_110' title="bbox 1986 3995 3511 4067">
     <span class='ocr_line' id='line_1_112' title="bbox 1986 3995 3511 4067; baseline -0.001 -17"><span class='ocrx_word' id='word_1_822' title='bbox 1986 3997 2057 4066; x_wconf 81' lang='grc' dir='ltr'><strong>γ’.</strong></span> <span class='ocrx_word' id='word_1_823' title='bbox 2099 3998 2283 4050; x_wconf 80' lang='grc' dir='ltr'><strong>Ταῦτα</strong></span> <span class='ocrx_word' id='word_1_824' title='bbox 2314 3996 2380 4067; x_wconf 78' lang='grc' dir='ltr'><strong>δὴ</strong></span> <span class='ocrx_word' id='word_1_825' title='bbox 2411 3996 2590 4049; x_wconf 90' lang='grc' dir='ltr'><strong>πάντα</strong></span> <span class='ocrx_word' id='word_1_826' title='bbox 2619 3995 2967 4066; x_wconf 73' lang='grc' dir='ltr'><strong>λογιζόμενος</strong></span> <span class='ocrx_word' id='word_1_827' title='bbox 2993 3997 3264 4065; x_wconf 86' lang='grc' dir='ltr'><strong>κατεγέλα</strong></span> <span class='ocrx_word' id='word_1_828' title='bbox 3290 3996 3389 4066; x_wconf 82' lang='grc' dir='ltr'><strong>τῆς</strong></span> <span class='ocrx_word' id='word_1_829' title='bbox 3419 3995 3511 4051; x_wconf 78' lang='grc' dir='ltr'><strong>τοῦ</strong></span> 
     </span>
    </p>
   </div>
   <div class='ocr_carea' id='block_1_111' title="bbox 1917 4078 3518 4156">
    <p class='ocr_par' dir='ltr' id='par_1_111' title="bbox 1917 4078 3518 4156">
     <span class='ocr_line' id='line_1_113' title="bbox 1917 4078 3518 4156; baseline -0.001 -20"><span class='ocrx_word' id='word_1_830' title='bbox 1917 4082 2073 4156; x_wconf 72' lang='grc' dir='ltr'><strong>[ὕείὃ]</strong></span> <span class='ocrx_word' id='word_1_831' title='bbox 2101 4082 2344 4136; x_wconf 85' lang='grc' dir='ltr'><strong>διαϐόλου</strong></span> <span class='ocrx_word' id='word_1_832' title='bbox 2395 4083 2692 4154; x_wconf 69' lang='grc' dir='ltr'><strong>πονηρίας⁹</strong></span> <span class='ocrx_word' id='word_1_833' title='bbox 2743 4078 3073 4152; x_wconf 78' lang='grc' dir='ltr'><strong>κατεφρόνει</strong></span> <span class='ocrx_word' id='word_1_834' title='bbox 3131 4084 3229 4153; x_wconf 85' lang='grc' dir='ltr'><strong>τῆς</strong></span> <span class='ocrx_word' id='word_1_835' title='bbox 3279 4099 3518 4144; x_wconf 85' lang='grc' dir='ltr'><strong>κακουρ-</strong></span> 
     </span>
    </p>
   </div>
   <div class='ocr_carea' id='block_1_112' title="bbox 1916 4168 3511 4242">
    <p class='ocr_par' dir='ltr' id='par_1_112' title="bbox 1916 4168 3511 4242">
     <span class='ocr_line' id='line_1_114' title="bbox 1916 4168 3511 4242; baseline -0.002 -18"><span class='ocrx_word' id='word_1_836' title='bbox 1916 4170 2042 4239; x_wconf 88' lang='grc' dir='ltr'><strong>γίας</strong></span> <span class='ocrx_word' id='word_1_837' title='bbox 2060 4210 2075 4231; x_wconf 88' lang='grc'><strong>,</strong></span> <span class='ocrx_word' id='word_1_838' title='bbox 2106 4169 2201 4224; x_wconf 77' lang='grc' dir='ltr'><strong>καὶ</strong></span> <span class='ocrx_word' id='word_1_839' title='bbox 2230 4170 2368 4242; x_wconf 70' lang='grc' dir='ltr'><strong>πρὸς</strong></span> <span class='ocrx_word' id='word_1_840' title='bbox 2413 4169 2565 4222; x_wconf 83' lang='grc' dir='ltr'><strong>οὐδὲν</strong></span> <span class='ocrx_word' id='word_1_841' title='bbox 2593 4168 2825 4223; x_wconf 81' lang='grc' dir='ltr'><strong>ἐνεδίδου</strong></span> <span class='ocrx_word' id='word_1_842' title='bbox 2856 4170 2965 4223; x_wconf 91' lang='grc' dir='ltr'><strong>τῶν</strong></span> <span class='ocrx_word' id='word_1_843' title='bbox 2993 4170 3305 4242; x_wconf 75' lang='grc' dir='ltr'><strong>ὁρωμένων.</strong></span> <span class='ocrx_word' id='word_1_844' title='bbox 3350 4168 3437 4232; x_wconf 82' lang='grc' dir='ltr'><strong>Ὠς</strong></span> <span class='ocrx_word' id='word_1_845' title='bbox 3466 4170 3511 4221; x_wconf 78' lang='grc' dir='ltr'><strong>δ’</strong></span> 
     </span>
    </p>
   </div>
   <div class='ocr_carea' id='block_1_113' title="bbox 1917 4252 3510 4326">
    <p class='ocr_par' dir='ltr' id='par_1_113' title="bbox 1917 4252 3510 4326">
     <span class='ocr_line' id='line_1_115' title="bbox 1917 4252 3510 4326; baseline -0.001 -16"><span class='ocrx_word' id='word_1_846' title='bbox 1917 4252 2011 4311; x_wconf 78' lang='grc' dir='ltr'><strong>οὖν</strong></span> <span class='ocrx_word' id='word_1_847' title='bbox 2043 4252 2181 4309; x_wconf 72' lang='grc' dir='ltr'><strong>εἶδεν</strong></span> <span class='ocrx_word' id='word_1_848' title='bbox 2222 4255 2374 4310; x_wconf 87' lang='grc' dir='ltr'><strong>οὐδέν</strong></span> <span class='ocrx_word' id='word_1_849' title='bbox 2420 4254 2573 4326; x_wconf 84' lang='grc' dir='ltr'><strong>αὐτῷ</strong></span> <span class='ocrx_word' id='word_1_850' title='bbox 2612 4273 2669 4309; x_wconf 89' lang='grc' dir='ltr'><strong>τι</strong></span> <span class='ocrx_word' id='word_1_851' title='bbox 2714 4255 2876 4309; x_wconf 86' lang='grc' dir='ltr'><strong>πλέον</strong></span> <span class='ocrx_word' id='word_1_852' title='bbox 2912 4255 3203 4326; x_wconf 76' lang='grc' dir='ltr'><strong>γενόμενον</strong></span> <span class='ocrx_word' id='word_1_853' title='bbox 3246 4258 3276 4309; x_wconf 91' lang='grc' dir='ltr'><strong>ὀ</strong></span> <span class='ocrx_word' id='word_1_854' title='bbox 3316 4255 3510 4326; x_wconf 66' lang='grc' dir='ltr'><strong>μιαρὸς</strong></span> 
     </span>
    </p>
   </div>
   <div class='ocr_carea' id='block_1_114' title="bbox 1918 4342 3511 4414">
    <p class='ocr_par' dir='ltr' id='par_1_114' title="bbox 1918 4342 3511 4414">
     <span class='ocr_line' id='line_1_116' title="bbox 1918 4342 3511 4414; baseline -0.003 -15"><span class='ocrx_word' id='word_1_855' title='bbox 1918 4347 2151 4408; x_wconf 84' lang='grc' dir='ltr'><strong>ἐκεῖνος,</strong></span> <span class='ocrx_word' id='word_1_856' title='bbox 2196 4343 2320 4414; x_wconf 79' lang='grc' dir='ltr'><strong>ἄγει</strong></span> <span class='ocrx_word' id='word_1_857' title='bbox 2362 4343 2523 4397; x_wconf 89' lang='grc' dir='ltr'><strong>πάλιν</strong></span> <span class='ocrx_word' id='word_1_858' title='bbox 2572 4344 2738 4397; x_wconf 78' lang='grc' dir='ltr'><strong>αὑτὸν</strong></span> <span class='ocrx_word' id='word_1_859' title='bbox 2771 4345 2853 4405; x_wconf 87' lang='grc' dir='ltr'><strong>είς</strong></span> <span class='ocrx_word' id='word_1_860' title='bbox 2904 4343 2965 4396; x_wconf 78' lang='grc' dir='ltr'><strong>τὸ</strong></span> <span class='ocrx_word' id='word_1_861' title='bbox 3013 4343 3387 4413; x_wconf 80' lang='grc' dir='ltr'><strong>δικαστήριον,</strong></span> <span class='ocrx_word' id='word_1_862' title='bbox 3418 4342 3511 4395; x_wconf 66' lang='grc' dir='ltr'><strong>καὶ</strong></span> 
     </span>
    </p>
   </div>
   <div class='ocr_carea' id='block_1_115' title="bbox 1922 4429 3511 4502">
    <p class='ocr_par' dir='ltr' id='par_1_115' title="bbox 1922 4429 3511 4502">
     <span class='ocr_line' id='line_1_117' title="bbox 1922 4429 3511 4502; baseline -0.002 -16"><span class='ocrx_word' id='word_1_863' title='bbox 1922 4431 2225 4502; x_wconf 73' lang='grc' dir='ltr'><strong>βασανίζων</strong></span> <span class='ocrx_word' id='word_1_864' title='bbox 2274 4433 2519 4501; x_wconf 83' lang='grc' dir='ltr'><strong>συνεχεῖς</strong></span> <span class='ocrx_word' id='word_1_865' title='bbox 2571 4430 2745 4499; x_wconf 78' lang='grc' dir='ltr'><strong>ἐπῆγε</strong></span> <span class='ocrx_word' id='word_1_866' title='bbox 2780 4430 3037 4493; x_wconf 80' lang='grc' dir='ltr'><strong>πεύσεις·</strong></span> <span class='ocrx_word' id='word_1_867' title='bbox 3065 4432 3095 4485; x_wconf 91' lang='grc' dir='ltr'><strong>ὀ</strong></span> <span class='ocrx_word' id='word_1_868' title='bbox 3119 4430 3176 4482; x_wconf 87' lang='grc' dir='ltr'><strong>δέ</strong></span> <span class='ocrx_word' id='word_1_869' title='bbox 3214 4429 3354 4501; x_wconf 74' lang='grc' dir='ltr'><strong>πρὸς</strong></span> <span class='ocrx_word' id='word_1_870' title='bbox 3382 4430 3511 4483; x_wconf 81' lang='grc' dir='ltr'><strong>ἐκάο</strong></span> 
     </span>
    </p>
   </div>
   <div class='ocr_carea' id='block_1_116' title="bbox 1920 4518 3506 4591">
    <p class='ocr_par' dir='ltr' id='par_1_116' title="bbox 1920 4518 3506 4591">
     <span class='ocr_line' id='line_1_118' title="bbox 1920 4518 3506 4591; baseline -0.002 -17"><span class='ocrx_word' id='word_1_871' title='bbox 1920 4538 2052 4591; x_wconf 89' lang='grc' dir='ltr'><strong>στην</strong></span> <span class='ocrx_word' id='word_1_872' title='bbox 2078 4519 2270 4573; x_wconf 82' lang='grc' dir='ltr'><strong>πεῦσιν</strong></span> <span class='ocrx_word' id='word_1_873' title='bbox 2295 4521 2650 4590; x_wconf 87' lang='grc' dir='ltr'><strong>ἁπεκρίνατο,</strong></span> <span class='ocrx_word' id='word_1_874' title='bbox 2682 4519 2765 4571; x_wconf 82' lang='grc' dir='ltr'><strong>ὅτι</strong></span> <span class='ocrx_word' id='word_1_875' title='bbox 2799 4519 3129 4588; x_wconf 86' lang='grc' dir='ltr'><strong>Χριστιανός</strong></span> <span class='ocrx_word' id='word_1_876' title='bbox 3157 4520 3295 4583; x_wconf 88' lang='grc' dir='ltr'><strong>εἰμι,</strong></span> <span class='ocrx_word' id='word_1_877' title='bbox 3329 4518 3506 4589; x_wconf 90' lang='grc' dir='ltr'><strong>μόνον.</strong></span> 
     </span>
    </p>
   </div>
   <div class='ocr_carea' id='block_1_117' title="bbox 1922 4600 3511 4676">
    <p class='ocr_par' dir='ltr' id='par_1_117' title="bbox 1922 4600 3511 4676">
     <span class='ocr_line' id='line_1_119' title="bbox 1922 4600 3511 4676; baseline -0.003 -15"><span class='ocrx_word' id='word_1_878' title='bbox 1922 4607 2019 4661; x_wconf 79' lang='grc' dir='ltr'><strong>καὶ</strong></span> <span class='ocrx_word' id='word_1_879' title='bbox 2045 4606 2297 4675; x_wconf 85' lang='grc' dir='ltr'><strong>λέγοντος</strong></span> <span class='ocrx_word' id='word_1_880' title='bbox 2330 4604 2424 4658; x_wconf 83' lang='grc' dir='ltr'><strong>τοῦ</strong></span> <span class='ocrx_word' id='word_1_881' title='bbox 2469 4605 2699 4675; x_wconf 86' lang='grc' dir='ltr'><strong>δημίου·</strong></span> <span class='ocrx_word' id='word_1_882' title='bbox 2734 4604 2903 4668; x_wconf 85' lang='grc' dir='ltr'><strong>ῐΙοίας</strong></span> <span class='ocrx_word' id='word_1_883' title='bbox 2948 4600 3000 4658; x_wconf 86' lang='grc' dir='ltr'><strong>εἷ</strong></span> <span class='ocrx_word' id='word_1_884' title='bbox 3044 4605 3334 4676; x_wconf 88' lang='grc' dir='ltr'><strong>πατρίδος;</strong></span> <span class='ocrx_word' id='word_1_885' title='bbox 3374 4605 3511 4676; x_wconf 82' lang='grc' dir='ltr'><strong>Χρι-</strong></span> 
     </span>
    </p>
   </div>
   <div class='ocr_carea' id='block_1_118' title="bbox 1922 4692 3511 4766">
    <p class='ocr_par' dir='ltr' id='par_1_118' title="bbox 1922 4692 3511 4766">
     <span class='ocr_line' id='line_1_120' title="bbox 1922 4692 3511 4766; baseline -0.001 -18"><span class='ocrx_word' id='word_1_886' title='bbox 1922 4696 2135 4759; x_wconf 86' lang='grc' dir='ltr'><strong>στιανός</strong></span> <span class='ocrx_word' id='word_1_887' title='bbox 2161 4696 2299 4766; x_wconf 84' lang='grc' dir='ltr'><strong>εἰμι,</strong></span> <span class='ocrx_word' id='word_1_888' title='bbox 2321 4693 2474 4765; x_wconf 77' lang='grc' dir='ltr'><strong>φησί’</strong></span> <span class='ocrx_word' id='word_1_889' title='bbox 2509 4694 2575 4746; x_wconf 87' lang='grc' dir='ltr'><strong>Τί</strong></span> <span class='ocrx_word' id='word_1_890' title='bbox 2608 4692 2751 4763; x_wconf 78' lang='grc' dir='ltr'><strong>ἔχεις</strong></span> <span class='ocrx_word' id='word_1_891' title='bbox 2784 4692 3153 4765; x_wconf 86' lang='grc' dir='ltr'><strong>ἐπιτήδευμα;</strong></span> <span class='ocrx_word' id='word_1_892' title='bbox 3186 4693 3511 4765; x_wconf 84' lang='grc' dir='ltr'><strong>Χριστιανός</strong></span> 
     </span>
    </p>
   </div>
   <div class='ocr_carea' id='block_1_119' title="bbox 1904 4775 3510 4853">
    <p class='ocr_par' dir='ltr' id='par_1_119' title="bbox 1904 4775 3510 4853">
     <span class='ocr_line' id='line_1_121' title="bbox 1904 4775 3510 4853; baseline 0 -18"><span class='ocrx_word' id='word_1_893' title='bbox 1904 4775 2055 4853; x_wconf 76' lang='grc' dir='ltr'><strong>εἰμι’</strong></span> <span class='ocrx_word' id='word_1_894' title='bbox 2090 4782 2258 4845; x_wconf 86' lang='grc' dir='ltr'><strong>Τίνας</strong></span> <span class='ocrx_word' id='word_1_895' title='bbox 2284 4779 2613 4850; x_wconf 88' lang='grc' dir='ltr'><strong>προγόνους;</strong></span> <span class='ocrx_word' id='word_1_896' title='bbox 2642 4781 2672 4831; x_wconf 93' lang='grc' dir='ltr'><strong>ὀ</strong></span> <span class='ocrx_word' id='word_1_897' title='bbox 2699 4778 2757 4832; x_wconf 85' lang='grc' dir='ltr'><strong>δέ</strong></span> <span class='ocrx_word' id='word_1_898' title='bbox 2780 4779 2917 4851; x_wconf 83' lang='grc' dir='ltr'><strong>πρὸς</strong></span> <span class='ocrx_word' id='word_1_899' title='bbox 2943 4780 3160 4834; x_wconf 76' lang='grc' dir='ltr'><strong>ᾶπαντα</strong></span> <span class='ocrx_word' id='word_1_900' title='bbox 3195 4780 3400 4847; x_wconf 80' lang='grc' dir='ltr'><strong>ἐλεγεν,</strong></span> <span class='ocrx_word' id='word_1_901' title='bbox 3426 4781 3510 4835; x_wconf 87' lang='grc' dir='ltr'><strong>δτι</strong></span> 
     </span>
    </p>
   </div>
   <div class='ocr_carea' id='block_1_120' title="bbox 1920 4864 3509 4939">
    <p class='ocr_par' dir='ltr' id='par_1_120' title="bbox 1920 4864 3509 4939">
     <span class='ocr_line' id='line_1_122' title="bbox 1920 4864 3509 4939; baseline -0.001 -17"><span class='ocrx_word' id='word_1_902' title='bbox 1920 4867 2245 4939; x_wconf 84' lang='grc' dir='ltr'><strong>Χριστιανός</strong></span> <span class='ocrx_word' id='word_1_903' title='bbox 2273 4869 2419 4937; x_wconf 87' lang='grc' dir='ltr'><strong>εἰμι·</strong></span> <span class='ocrx_word' id='word_1_904' title='bbox 2451 4867 2530 4922; x_wconf 71' lang='grc' dir='ltr'><strong>ἐνὶ</strong></span> <span class='ocrx_word' id='word_1_905' title='bbox 2566 4865 2741 4936; x_wconf 87' lang='grc' dir='ltr'><strong>τούτῳ</strong></span> <span class='ocrx_word' id='word_1_906' title='bbox 2772 4867 2868 4920; x_wconf 77' lang='grc' dir='ltr'><strong>καὶ</strong></span> <span class='ocrx_word' id='word_1_907' title='bbox 2893 4864 3037 4937; x_wconf 76' lang='grc' dir='ltr'><strong>ψιλῷ</strong></span> <span class='ocrx_word' id='word_1_908' title='bbox 3067 4865 3147 4938; x_wconf 85' lang='grc' dir='ltr'><strong>τῷ</strong></span> <span class='ocrx_word' id='word_1_909' title='bbox 3184 4868 3393 4939; x_wconf 71' lang='grc' dir='ltr'><strong>ῥήματι</strong></span> <span class='ocrx_word' id='word_1_910' title='bbox 3413 4866 3509 4921; x_wconf 73' lang='grc' dir='ltr'><strong>τοῦ</strong></span> 
     </span>
    </p>
   </div>
   <div class='ocr_carea' id='block_1_121' title="bbox 1918 4951 3509 5025">
    <p class='ocr_par' dir='ltr' id='par_1_121' title="bbox 1918 4951 3509 5025">
     <span class='ocr_line' id='line_1_123' title="bbox 1918 4951 3509 5025; baseline 0 -18"><span class='ocrx_word' id='word_1_911' title='bbox 1918 4954 2166 5008; x_wconf 83' lang='grc' dir='ltr'><strong>διαϐόλου</strong></span> <span class='ocrx_word' id='word_1_912' title='bbox 2222 4953 2476 5025; x_wconf 82' lang='grc' dir='ltr'><strong>πλήττων</strong></span> <span class='ocrx_word' id='word_1_913' title='bbox 2528 4951 2625 5024; x_wconf 80' lang='grc' dir='ltr'><strong>τὴν</strong></span> <span class='ocrx_word' id='word_1_914' title='bbox 2671 4952 2915 5024; x_wconf 80' lang='grc' dir='ltr'><strong>κεφαλὴν</strong></span> <span class='ocrx_word' id='word_1_915' title='bbox 2936 4992 2952 5013; x_wconf 88' lang='grc'><strong>.</strong></span> <span class='ocrx_word' id='word_1_916' title='bbox 3012 4954 3107 5006; x_wconf 70' lang='grc' dir='ltr'><strong>καί⁸</strong></span> <span class='ocrx_word' id='word_1_917' title='bbox 3161 4954 3361 5025; x_wconf 82' lang='grc' dir='ltr'><strong>συνεχῆ</strong></span> <span class='ocrx_word' id='word_1_918' title='bbox 3415 4954 3509 5008; x_wconf 69' lang='grc' dir='ltr'><strong>καὶ</strong></span> 
     </span>
    </p>
   </div>
   <div class='ocr_carea' id='block_1_122' title="bbox 1920 5038 3509 5111">
    <p class='ocr_par' dir='ltr' id='par_1_122' title="bbox 1920 5038 3509 5111">
     <span class='ocr_line' id='line_1_124' title="bbox 1920 5038 3509 5111; baseline 0 -18"><span class='ocrx_word' id='word_1_919' title='bbox 1920 5041 2196 5111; x_wconf 88' lang='grc' dir='ltr'><strong>ἐπάλληλα</strong></span> <span class='ocrx_word' id='word_1_920' title='bbox 2217 5040 2289 5093; x_wconf 85' lang='grc' dir='ltr'><strong>τὰ</strong></span> <span class='ocrx_word' id='word_1_921' title='bbox 2307 5039 2599 5110; x_wconf 88' lang='grc' dir='ltr'><strong>τραύματα</strong></span> <span class='ocrx_word' id='word_1_922' title='bbox 2626 5039 2772 5109; x_wconf 82' lang='grc' dir='ltr'><strong>αὐτῷ</strong></span> <span class='ocrx_word' id='word_1_923' title='bbox 2798 5039 3075 5110; x_wconf 86' lang='grc' dir='ltr'><strong>παρέχων.</strong></span> <span class='ocrx_word' id='word_1_924' title='bbox 3098 5038 3293 5093; x_wconf 82' lang='grc' dir='ltr'><strong>Καίτοι</strong></span> <span class='ocrx_word' id='word_1_925' title='bbox 3320 5057 3386 5109; x_wconf 89' lang='grc' dir='ltr'><strong>γε</strong></span> <span class='ocrx_word' id='word_1_926' title='bbox 3414 5041 3509 5095; x_wconf 74' lang='grc' dir='ltr'><strong>καὶ</strong></span> 
     </span>
    </p>
   </div>
   <div class='ocr_carea' id='block_1_123' title="bbox 1919 5125 3506 5199">
    <p class='ocr_par' dir='ltr' id='par_1_123' title="bbox 1919 5125 3506 5199">
     <span class='ocr_line' id='line_1_125' title="bbox 1919 5125 3506 5199; baseline -0.001 -16"><span class='ocrx_word' id='word_1_927' title='bbox 1919 5130 2019 5199; x_wconf 80' lang='grc' dir='ltr'><strong>τῆς</strong></span> <span class='ocrx_word' id='word_1_928' title='bbox 2041 5128 2239 5194; x_wconf 79' lang='grc' dir='ltr'><strong>ἔξωθεν</strong></span> <span class='ocrx_word' id='word_1_929' title='bbox 2267 5126 2599 5188; x_wconf 85' lang='grc' dir='ltr'><strong>παιδεύσεως</strong></span> <span class='ocrx_word' id='word_1_930' title='bbox 2628 5125 2909 5195; x_wconf 83' lang='grc' dir='ltr'><strong>μετέσχεν.</strong></span> <span class='ocrx_word' id='word_1_931' title='bbox 2931 5125 3045 5178; x_wconf 82' lang='grc' dir='ltr'><strong>ἀλλ’</strong></span> <span class='ocrx_word' id='word_1_932' title='bbox 3066 5125 3181 5197; x_wconf 67' lang='grc' dir='ltr'><strong>ᾔδει</strong></span> <span class='ocrx_word' id='word_1_933' title='bbox 3215 5126 3402 5195; x_wconf 85' lang='grc' dir='ltr'><strong>σαφῶς</strong></span> <span class='ocrx_word' id='word_1_934' title='bbox 3424 5127 3506 5181; x_wconf 88' lang='grc' dir='ltr'><strong>δτι</strong></span> 
     </span>
    </p>
   </div>
   <div class='ocr_carea' id='block_1_124' title="bbox 1922 5213 3506 5286">
    <p class='ocr_par' dir='ltr' id='par_1_124' title="bbox 1922 5213 3506 5286">
     <span class='ocr_line' id='line_1_126' title="bbox 1922 5213 3506 5286; baseline 0 -15"><span class='ocrx_word' id='word_1_935' title='bbox 1922 5220 1979 5271; x_wconf 84' lang='grc' dir='ltr'><strong>ἐν</strong></span> <span class='ocrx_word' id='word_1_936' title='bbox 2005 5220 2116 5281; x_wconf 86' lang='grc' dir='ltr'><strong>τοῖς</strong></span> <span class='ocrx_word' id='word_1_937' title='bbox 2154 5216 2411 5278; x_wconf 87' lang='grc' dir='ltr'><strong>τοιούτοις</strong></span> <span class='ocrx_word' id='word_1_938' title='bbox 2462 5213 2673 5281; x_wconf 85' lang='grc' dir='ltr'><strong>ἀγῶσιν</strong></span> <span class='ocrx_word' id='word_1_939' title='bbox 2720 5214 2783 5267; x_wconf 85' lang='grc' dir='ltr'><strong>οὑ</strong></span> <span class='ocrx_word' id='word_1_940' title='bbox 2816 5213 3104 5285; x_wconf 70' lang='grc' dir='ltr'><strong>ῥητορείας</strong></span> <span class='ocrx_word' id='word_1_941' title='bbox 3140 5215 3322 5286; x_wconf 87' lang='grc' dir='ltr'><strong>χρεία,</strong></span> <span class='ocrx_word' id='word_1_942' title='bbox 3367 5214 3506 5271; x_wconf 75' lang='grc' dir='ltr'><strong>ἀλλά</strong></span> 
     </span>
    </p>
   </div>
   <div class='ocr_carea' id='block_1_125' title="bbox 1925 5299 3503 5371">
    <p class='ocr_par' dir='ltr' id='par_1_125' title="bbox 1925 5299 3503 5371">
     <span class='ocr_line' id='line_1_127' title="bbox 1925 5299 3503 5371; baseline -0.006 -13"><span class='ocrx_word' id='word_1_943' title='bbox 1925 5305 2159 5367; x_wconf 88' lang='grc' dir='ltr'><strong>πίστεως</strong></span> <span class='ocrx_word' id='word_1_944' title='bbox 2181 5321 2193 5334; x_wconf 88' lang='grc'><strong>·</strong></span> <span class='ocrx_word' id='word_1_945' title='bbox 2219 5304 2281 5356; x_wconf 84' lang='grc' dir='ltr'><strong>οὐ</strong></span> <span class='ocrx_word' id='word_1_946' title='bbox 2303 5302 2605 5371; x_wconf 85' lang='grc' dir='ltr'><strong>δεινότητος</strong></span> <span class='ocrx_word' id='word_1_947' title='bbox 2632 5299 2813 5367; x_wconf 90' lang='grc' dir='ltr'><strong>λόγου,</strong></span> <span class='ocrx_word' id='word_1_948' title='bbox 2842 5299 2980 5352; x_wconf 88' lang='grc' dir='ltr'><strong>άλλά</strong></span> <span class='ocrx_word' id='word_1_949' title='bbox 3001 5299 3250 5368; x_wconf 85' lang='grc' dir='ltr'><strong>φιλοθέου</strong></span> <span class='ocrx_word' id='word_1_950' title='bbox 3287 5299 3468 5371; x_wconf 76' lang='grc' dir='ltr'><strong>ψυχῆς</strong></span> <span class='ocrx_word' id='word_1_951' title='bbox 3489 5318 3503 5331; x_wconf 81' lang='grc' dir='ltr'><strong>ο</strong></span> 
     </span>
    </p>
   </div>
   <div class='ocr_carea' id='block_1_126' title="bbox 1922 5385 3507 5463">
    <p class='ocr_par' dir='ltr' id='par_1_126' title="bbox 1922 5385 3507 5463">
     <span class='ocr_line' id='line_1_128' title="bbox 1922 5385 3507 5463; baseline -0.004 -18"><span class='ocrx_word' id='word_1_952' title='bbox 1922 5394 2081 5463; x_wconf 85' lang='grc' dir='ltr'><strong>ἀρκεῖ</strong></span> <span class='ocrx_word' id='word_1_953' title='bbox 2109 5392 2257 5460; x_wconf 80' lang='grc' dir='ltr'><strong>ῥῆμα</strong></span> <span class='ocrx_word' id='word_1_954' title='bbox 2300 5387 2358 5441; x_wconf 79' lang='grc' dir='ltr'><strong>ἐν</strong></span> <span class='ocrx_word' id='word_1_955' title='bbox 2376 5427 2393 5453; x_wconf 94' lang='grc'><strong>,</strong></span> <span class='ocrx_word' id='word_1_956' title='bbox 2438 5388 2633 5457; x_wconf 77' lang='grc' dir='ltr'><strong>φησὶν,</strong></span> <span class='ocrx_word' id='word_1_957' title='bbox 2678 5386 2893 5438; x_wconf 78' lang='grc' dir='ltr'><strong>ἅπασαν</strong></span> <span class='ocrx_word' id='word_1_958' title='bbox 2918 5386 3013 5438; x_wconf 83' lang='grc' dir='ltr'><strong>τοῦ</strong></span> <span class='ocrx_word' id='word_1_959' title='bbox 3035 5385 3279 5439; x_wconf 87' lang='grc' dir='ltr'><strong>διαϐόλου</strong></span> <span class='ocrx_word' id='word_1_960' title='bbox 3309 5386 3507 5455; x_wconf 78' lang='grc' dir='ltr'><strong>τρέψαι</strong></span> 
     </span>
    </p>
   </div>
   <div class='ocr_carea' id='block_1_127' title="bbox 1922 5474 3507 5548">
    <p class='ocr_par' dir='ltr' id='par_1_127' title="bbox 1922 5474 3507 5548">
     <span class='ocr_line' id='line_1_129' title="bbox 1922 5474 3507 5548; baseline -0.005 -14"><span class='ocrx_word' id='word_1_961' title='bbox 1922 5483 2021 5548; x_wconf 75' lang='grc' dir='ltr'><strong>τὴν</strong></span> <span class='ocrx_word' id='word_1_962' title='bbox 2058 5478 2330 5546; x_wconf 78' lang='grc' dir='ltr'><strong>ςάλαγγα.</strong></span> <span class='ocrx_word' id='word_1_963' title='bbox 2387 5476 2497 5528; x_wconf 73' lang='grc' dir='ltr'><strong>Καὶ</strong></span> <span class='ocrx_word' id='word_1_964' title='bbox 2536 5475 2683 5528; x_wconf 85' lang='grc' dir='ltr'><strong>δοκεῖ</strong></span> <span class='ocrx_word' id='word_1_965' title='bbox 2719 5474 2817 5543; x_wconf 75' lang='grc' dir='ltr'><strong>μὲν</strong></span> <span class='ocrx_word' id='word_1_966' title='bbox 2868 5476 2978 5537; x_wconf 86' lang='grc' dir='ltr'><strong>τοῖς</strong></span> <span class='ocrx_word' id='word_1_967' title='bbox 3017 5476 3116 5527; x_wconf 88' lang='grc' dir='ltr'><strong>οὐκ</strong></span> <span class='ocrx_word' id='word_1_968' title='bbox 3157 5474 3397 5543; x_wconf 79' lang='grc' dir='ltr'><strong>ἀκριϐῶς</strong></span> <span class='ocrx_word' id='word_1_969' title='bbox 3420 5474 3507 5541; x_wconf 77' lang='grc' dir='ltr'><strong>ἐξ-</strong></span> 
     </span>
    </p>
   </div>
   <div class='ocr_carea' id='block_1_128' title="bbox 1923 5557 3506 5632">
    <p class='ocr_par' dir='ltr' id='par_1_128' title="bbox 1923 5557 3506 5632">
     <span class='ocr_line' id='line_1_130' title="bbox 1923 5557 3506 5632; baseline -0.002 -13"><span class='ocrx_word' id='word_1_970' title='bbox 1923 5563 2202 5630; x_wconf 76' lang='grc' dir='ltr'><strong>ετάζουσιν</strong></span> <span class='ocrx_word' id='word_1_971' title='bbox 2233 5561 2591 5625; x_wconf 82' lang='grc' dir='ltr'><strong>ἁνακόλουθος</strong></span> <span class='ocrx_word' id='word_1_972' title='bbox 2629 5557 2767 5614; x_wconf 80' lang='grc' dir='ltr'><strong>εἶναι</strong></span> <span class='ocrx_word' id='word_1_973' title='bbox 2810 5563 2847 5631; x_wconf 53' lang='grc' dir='ltr'><strong>ήν</strong></span> <span class='ocrx_word' id='word_1_974' title='bbox 2898 5561 3187 5632; x_wconf 84' lang='grc' dir='ltr'><strong>ἀπόκρισις</strong></span> <span class='ocrx_word' id='word_1_975' title='bbox 3207 5578 3220 5592; x_wconf 89' lang='grc'><strong>·</strong></span> <span class='ocrx_word' id='word_1_976' title='bbox 3251 5564 3299 5615; x_wconf 83' lang='grc' dir='ltr'><strong>εἰ</strong></span> <span class='ocrx_word' id='word_1_977' title='bbox 3329 5561 3387 5615; x_wconf 88' lang='grc' dir='ltr'><strong>δέ</strong></span> <span class='ocrx_word' id='word_1_978' title='bbox 3419 5579 3506 5627; x_wconf 79' lang='grc' dir='ltr'><strong>τις</strong></span> 
     </span>
    </p>
   </div>
   <div class='ocr_carea' id='block_1_129' title="bbox 1924 5732 3512 5850">
    <p class='ocr_par' dir='ltr' id='par_1_129' title="bbox 1924 5732 3512 5850">
     <span class='ocr_line' id='line_1_131' title="bbox 1924 5732 3512 5850; baseline -0.003 -63"><span class='ocrx_word' id='word_1_979' title='bbox 1924 5804 1945 5850; x_wconf 63' lang='grc'>)</span> <span class='ocrx_word' id='word_1_980' title='bbox 1987 5738 2190 5850; x_wconf 51' lang='grc' dir='ltr'><strong>σιῇξανὶι.</strong></span> <span class='ocrx_word' id='word_1_981' title='bbox 2217 5743 2270 5787; x_wconf 78' lang='grc' dir='ltr'><strong>ει</strong></span> <span class='ocrx_word' id='word_1_982' title='bbox 2294 5737 2431 5790; x_wconf 73' lang='lat' dir='ltr'><strong>Colb.</strong></span> <span class='ocrx_word' id='word_1_983' title='bbox 2476 5738 2595 5799; x_wconf 84' lang='grc' dir='ltr'><strong>μέγα</strong></span> <span class='ocrx_word' id='word_1_984' title='bbox 2631 5736 2811 5785; x_wconf 67' lang='grc' dir='ltr'><strong>ἔνδοθεν</strong></span> <span class='ocrx_word' id='word_1_985' title='bbox 2852 5732 3145 5797; x_wconf 74' lang='grc' dir='ltr'><strong>ἐνηχοῦντος.</strong></span> <span class='ocrx_word' id='word_1_986' title='bbox 3188 5733 3314 5798; x_wconf 68' lang='lat' dir='ltr'><strong>Reg.</strong></span> <span class='ocrx_word' id='word_1_987' title='bbox 3355 5740 3512 5801; x_wconf 67' lang='grc' dir='ltr'><strong>μεγά-</strong></span> 
     </span>
     <span class='ocr_line' id='line_1_132' title="bbox 1944 5819 2098 5849; baseline 0 0"><span class='ocrx_word' id='word_1_988' title='bbox 1944 5819 1984 5849; x_wconf 88' lang='grc' dir='ltr'><strong>.α</strong></span> <span class='ocrx_word' id='word_1_989' title='bbox 2087 5838 2098 5849; x_wconf 90' lang='grc'><strong>.</strong></span> 
     </span>
    </p>
   </div>
   <div class='ocr_carea' id='block_1_130' title="bbox 1944 5819 2098 5849">
    <p class='ocr_par' dir='ltr' id='par_1_130' title="bbox 1944 5819 2098 5849">
     <span class='ocr_line' id='line_1_133' title="bbox 1944 5819 2098 5849; baseline 0 0"><span class='ocrx_word' id='word_1_990' title='bbox 1944 5819 1984 5849; x_wconf 65' lang='grc' dir='ltr'><strong>ια</strong></span> <span class='ocrx_word' id='word_1_991' title='bbox 2006 5819 2098 5849; x_wconf 72' lang='grc' dir='ltr'><strong>ΕὙΟ.</strong></span> 
     </span>
    </p>
   </div>
  </div>
