4082 6416
174 381 274 438 5‘15

171 504 318 556 nant,
351 493 530 547 minus
551 505 878 547 conveniens
905 503 1024 544 esse
1056 486 1368 555 responsio;
1417 484 1510 538 sed
1553 483 1596 537 si
1647 485 1767 551 quis

167 586 427 640 attentius
452 599 570 638 eam
598 582 923 646 consideret,
952 595 1018 634 ex
1058 578 1159 631 hac
1198 591 1411 645 quoque
1449 575 1768 644 sapientiam

165 675 427 747 martyris
452 672 866 728 auimadvertet.
896 669 999 738 Qui
1027 669 1170 724 enim
1193 708 1207 732 ,
1236 665 1570 720 Christianus
1609 679 1725 720 sum
1749 703 1766 728 ,

161 767 331 831 dixit,
362 774 419 819 et
451 765 673 833 patriam
721 772 776 816 et
817 776 985 830 genus
1023 769 1082 816 et
1120 758 1254 814 artis
1290 754 1674 826 professionem
1716 761 1772 808 et

160 854 343 908 omnia
393 854 708 910 declaravit.
755 853 871 920 Quo
913 851 1128 904 tandem
1177 847 1368 917 pacto?
1413 846 1528 916 Ego
1571 846 1767 899 dicam.

157 945 509 1000 Christianus
533 945 719 999 urbem
751 944 801 996 in
838 953 980 997 terra
1011 954 1120 995 non
1152 939 1335 1004 habet,
1358 939 1451 992 sed
1472 935 1768 991 Jerusalem

154 1053 276 1106 qua:
300 1051 524 1091 sursum
554 1046 656 1092 est.
685 1033 792 1089 Illa
820 1035 978 1097 enim,
1008 1032 1200 1102 inquit,
1223 1047 1337 1102 qua:
1358 1045 1561 1085 sursum
1582 1039 1652 1082 eat
1679 1027 1774 1081 Je-

153 1128 408 1191 rusalem,
445 1124 601 1178 libera
627 1133 702 1178 est
730 1138 750 1177 .'
773 1137 886 1192 quin
913 1131 984 1176 est
1013 1130 1173 1174 mater
1201 1130 1376 1186 nostra
1403 1116 1546 1186 (Gal.
1568 1118 1622 1172 4.
1645 1117 1766 1186 26).

156 1213 480 1270 Christiano
509 1223 723 1269 terrena
753 1213 893 1267 nulla
929 1219 1013 1266 est
1057 1211 1192 1266 artis
1229 1207 1524 1279 professio,
1565 1208 1676 1263 sed
1700 1207 1770 1261 ad

151 1319 456 1376 supernam
485 1304 951 1359 conversationem
978 1304 1102 1356 vitae
1130 1302 1380 1370 pertinet.
1401 1298 1592 1353 Nostra
1615 1299 1768 1365 enini,

154 1397 353 1466 inquit,
373 1400 688 1450 conversatio
708 1395 760 1447 in
785 1395 922 1461 castis
937 1405 1009 1447 est
1029 1391 1287 1465 (Philipp.
1306 1393 1359 1447 5.
1376 1391 1490 1461 20).
1513 1391 1771 1446 Christia-

153 1503 258 1542 nus
298 1495 569 1557 cognatos
599 1485 759 1542 habet
794 1492 1011 1540 sanctos
1049 1499 1238 1538 omnes
1266 1498 1329 1538 ac
1355 1483 1498 1537 cives
1532 1501 1543 1535 :
1579 1481 1770 1537 Sumus

151 1580 313 1640 enim,
347 1577 543 1646 inquit,
566 1579 696 1631 cives
715 1588 1028 1641 sanctarum,
1061 1584 1107 1628 et
1135 1573 1394 1628 domestici
1431 1573 1526 1627 Dei
1551 1571 1765 1645 (Ephea.

151 1669 205 1721 2.
239 1669 339 1739 t9)
375 1687 389 1722 :
421 1669 600 1738 itaque
625 1683 733 1722 uno
760 1669 925 1723 verbo
953 1678 1008 1722 et
1032 1670 1152 1737 quis
1173 1675 1336 1730 esset,
1365 1675 1420 1721 et
1446 1665 1606 1728 unde.
1626 1675 1681 1720 et
1700 1682 1766 1720 ex

157 1761 359 1829 quibus
383 1800 398 1822 .
426 1769 480 1812 et
505 1759 630 1829 quid
660 1773 818 1830 agere
845 1758 1080 1822 soleret,
1109 1756 1447 1812 exactissime
1474 1756 1652 1810 docuit
1669 1797 1683 1817 .
1713 1767 1768 1812 ct

156 1837 322 1906 vitam
353 1868 479 1905 cum
512 1851 613 1906 hac
637 1865 770 1906 voce
799 1850 1006 1914 ﬁnivit,
1042 1850 1276 1918 abiitque
1299 1850 1501 1903 salvum
1525 1848 1765 1904 referens

151 1946 382 2002 Christo
412 1945 737 2016 depositum.
761 1959 823 1997 ac
848 1943 1076 2012 posteris
1096 1957 1164 1997 ex
1193 1943 1279 2006 iis,
1304 1958 1423 2011 qua:
1449 1956 1637 2011 passus
1657 1950 1762 2008 est,

151 2035 590 2089 cohortationem
617 2033 854 2102 reliquit,
879 2041 934 2086 ut
951 2032 1221 2094 insistant,
1247 2031 1484 2101 nihilque
1506 2031 1606 2085 nisi
1631 2047 1762 2100 pec-

151 2134 341 2178 catum
366 2135 421 2179 et
449 2125 783 2194 negationem
814 2133 1017 2178 tantum
1047 2122 1423 2178 reformident.

227 2215 457 2270 Horatia
501 2201 1036 2283 cenantium—Em
1075 2214 1252 2283 itaque
1291 2228 1390 2266 nos
1432 2212 1592 2268 etiam
1634 2228 1756 2266 cum

153 2306 513 2369 noverimus,
524 2304 669 2373 pacis
698 2313 941 2374 tempore
970 2303 1178 2359 bellicis
1207 2304 1259 2357 in
1300 2303 1458 2358 rebus
1486 2320 1581 2356 nos
1606 2317 1765 2358 εχει-η

151 2411 414 2461 ceamus,
446 2404 504 2450 ut
537 2410 656 2450 cum
689 2395 814 2449 belli
841 2404 1049 2464 tempus
1075 2394 1383 2459 advenerit,
1417 2393 1621 2448 illuStre
1661 2408 1758 2448 nos

153 2501 376 2556 quoque
404 2494 658 2555 tropcum
688 2486 975 2556 erigamus.
1004 2485 1220 2540 Famem
1266 2485 1586 2554 contempsit
1627 2485 1752 2540 ille':

1346 380 1413 436 IN
1443 380 1498 435 S.
1536 375 1889 434 LUCIANUM
1921 374 2331 432 MARTYREM.

3223 375 3264 430 /
3378 359 3481 415 5‘18

1875 494 2200 550 evertamus,
2234 492 2289 536 ut
2311 497 2354 536 sn
2385 491 2594 552 tempus
2616 480 2884 546 adveniat,
2917 479 3058 551 quod
3091 488 3291 534 tantam
3325 477 3475 529 forti-

1877 575 2116 632 tudinem
2145 591 2176 630 a
2203 573 2356 629 nobis
2401 583 2680 644 reposcat,
2711 574 2764 627 in
2801 571 3102 627 minoribus
3129 583 3286 627 antea
3319 568 3481 624 rebus

1875 666 2186 732 exercitati,
2215 665 2458 735 pmclari
2491 665 2547 719 in
2579 672 2870 719 scammate
2910 677 3337 733 compareamus.
3369 658 3478 714 Co-

1875 772 1990 811 ram
2031 756 2359 826 principibus
2405 755 2497 810 ille
2533 770 2596 810 ac
2626 753 2845 824 regibus
2873 754 3044 809 libere
3070 753 3320 824 loquutus
3343 763 3426 809 est
3456 769 3475 811 τ

1875 847 1980 903 hoc
2006 862 2104 901 nos
2125 848 2380 902 faciamus
2402 860 2546 902 nunc
2571 860 2784 917 quoque
2811 861 2826 898 :
2856 859 2921 899 ac
2948 844 2991 898 si
3017 845 3071 898 in
3093 844 3473 915 opulentorum

1874 948 1930 992 et
1957 939 2242 994 illustrium
2283 937 2614 1007 Paganorum
2663 935 3021 992 conventibus
3060 935 3473 1001 consideamus,

1875 1028 2035 1082 ﬁdem
2077 1044 2217 1083 cum.
2244 1027 2436 1082 ﬁducia
2480 1026 2850 1097 proﬁteamur,
2891 1025 3212 1082 irrideamus
3258 1027 3472 1082 illorum

1873 1134 2106 1176 errores.
2132 1120 2285 1188 Quod
2313 1119 2359 1176 si
2387 1135 2474 1176 res
2498 1120 2714 1190 quidem
2759 1133 2886 1174 suas
2933 1118 3214 1189 magniﬁce
3240 1117 3436 1173 eﬁ‘erre
3453 1158 3472 1186 ,

1876 1223 2088 1266 noStras
2106 1221 2285 1272 autem
2317 1211 2619 1282 deprimere
2648 1210 3046 1281 aggrediantur,
3076 1225 3146 1268 ne
3176 1219 3471 1274 taceamus,

1873 1317 2010 1356 neve
2039 1301 2232 1358 leniter
2257 1302 2493 1358 feramus
2520 1318 2534 1355 :
2566 1302 2661 1358 sed
2690 1303 2925 1372 ipsorum
2955 1301 3338 1372 turpitudinem
3367 1301 3468 1356 deo

1875 1402 2147 1464 tegentes,
2186 1395 2349 1449 multa
2391 1409 2515 1449 cum
2545 1395 2806 1463 sapientia
2848 1393 3149 1463 ﬁduciaque
3169 1406 3259 1448 res
3281 1408 3472 1448 omnes

1872 1484 2297 1540 Christianorum
2316 1485 2565 1541 laudibus
2589 1484 2913 1548 evehamus;
2937 1494 2991 1539 et
3015 1483 3468 1555 quemadmodum

1873 1576 2170 1646 Imperator
2199 1578 2251 1633 in
2280 1579 2456 1647 capite
2482 1577 2723 1633 diadema
2740 1617 2758 1644 ,
2798 1578 2876 1632 sic
2899 1587 2958 1633 et
2988 1591 3088 1631 nos
3113 1576 3310 1647 ubique
3333 1590 3469 1629 con—

1871 1669 2159 1726 fessionem
2191 1670 2314 1728 ﬁdei
2343 1669 2800 1726 circumferamus.
2828 1669 2946 1726 Non
2983 1669 3127 1724 enim
3153 1668 3304 1723 illum
3329 1666 3471 1722 adeo

1869 1776 2092 1829 corona,
2119 1769 2178 1817 ut
2203 1777 2300 1818 nos
2320 1761 2454 1816 ﬁdes
2471 1761 2692 1831 ejusque
2712 1760 2980 1815 confessio
3003 1759 3141 1814 solet
3161 1772 3464 1814 exornare:

1869 1869 1978 1909 non
2005 1853 2185 1909 verbis
2215 1862 2419 1908 tantum
2440 1895 2456 1920 ,
2487 1852 2583 1908 sed
2613 1853 2775 1908 etiam
2802 1851 2961 1906 rebus
2990 1851 3119 1920 ipsis
3140 1848 3192 1903 id
3213 1863 3465 1919 agamus.

1867 1956 1922 2001 et
1941 1946 2105 2002 vitam
2125 1943 2465 2001 confessione
2490 1945 2703 2014 dlgnam
2727 1944 2780 1996 in
2806 1942 3056 1996 omnibus
3076 1940 3462 1995 exhibeamus:

1865 2051 1935 2091 ne
1962 2036 2208 2106 dogmata
2236 2050 2456 2105 operum
2484 2034 2828 2104 improbitate
2855 2032 3261 2097 dedecoremus,
3290 2031 3384 2086 sed
3408 2030 3462 2084 in

1864 2127 2119 2182 omnibus
2146 2127 2432 2182 Dominum
2474 2136 2719 2180 nostrum
2764 2124 3127 2196 gloriﬁcantes
3155 2137 3277 2178 cum
3305 2123 3465 2190 hujus

1863 2218 2068 2285 saculi,
2093 2227 2203 2272 tum
2220 2217 2376 2272 illius
2402 2217 2607 2272 honore
2630 2216 2897 2295 patiamur
2925 2232 2938 2268 :
2968 2229 3128 2287 quem
3151 2229 3251 2268 nos
3272 2228 3463 2269 omnes

1865 2309 2068 2362 utinam
2115 2322 2532 2378 consequamur.
2575 2307 2745 2379 gratia
2794 2315 2850 2361 et
2890 2305 3222 2376 benignitate
3250 2304 3462 2359 Domini

1865 2398 2033 2454 nostri
2054 2398 2181 2453 Jesu
2200 2397 2422 2465 Christi,
2448 2413 2542 2468 per
2561 2413 2722 2469 quem
2743 2406 2799 2453 et
2820 2412 2943 2452 cum
2970 2411 3077 2467 quo
3098 2395 3242 2450 Patri
3267 2394 3460 2465 gloria,

1865 2489 2148 2559 imperium
2181 2499 2235 2544 et
2262 2488 2456 2555 honor,
2481 2503 2583 2543 una
2611 2503 2732 2544 cum
2761 2499 2952 2544 sancto
2980 2502 3045 2542 ac
3079 2485 3293 2541 viviﬁco
3335 2483 3458 2556 Spio

151 2578 383 2635 delicias
420 2588 476 2635 et
513 2594 611 2634 nos
639 2591 1062 2646 contemnamus,
1093 2594 1157 2634 ac
1195 2579 1393 2635 ventris
1421 2578 1754 2650 tyrannidem
1859 2579 1987 2647 ritu,
2016 2594 2160 2635 nunc
2191 2589 2246 2637 et
2270 2590 2504 2651 semper,
2527 2580 2656 2637 etin
2680 2578 2873 2636 saecula
2903 2578 3243 2635 seculorum.
3265 2577 3462 2631 Amen.
