4082 6424
603 361 704 417 6ξῖ
1131 433 1134 435 Α
1299 362 1356 416 S.
1399 358 1682 416 JOANNIS
1720 358 2213 417 CIIRYSOSTOMI
2255 361 2578 418 ARClllEP.
2620 361 3182 419 CONSTANTINOI’.
3774 366 3883 422 528

2011 556 2426 566 ———~—-———.———.

2438 559 2496 565 -.η
2521 558 2560 565 ..τ
2580 557 2990 566 -——————.-—
3013 558 3304 566 w.—
3347 559 3578 568 w
3595 559 3841 586 ...ἡ-³

2438 573 3296 584 ——_.-———————————-———.-
3387 575 3746 586 -Μ

2414 573 3296 584 ’---.-----.--ι---ι-·
3387 575 3746 586 --σ-σο--ι--ο

2002 570 2402 582 οφ--ὴ--ε--ν

1368 760 1450 822 IN
1486 737 1688 820 Duos
1730 759 2140 819 SERMONES
2177 759 2257 818 IN
2301 758 2652 826 SANCTUM
2689 760 3047 820 BABYLAM

671 899 904 957 Homilia
936 903 1078 959 in'S.
1107 904 1386 974 Babylam,
1423 920 1586 975 quam
1611 905 1843 984 primam
1880 902 2148 968 locamus,
2203 913 2326 974 post
2353 904 2568 958 tertiam
2598 905 2665 959 de
2701 903 2914 959 Lazaro
2948 905 3132 961 habita
3167 917 3251 963 est
3288 921 3303 959 :
3335 922 3458 960 nam
3515 907 3622 962 sub
3649 907 3872 962 Initium

597 1010 809 1067 quartae
842 1015 1062 1056 causam
1092 1001 1250 1054 all'ert
1273 1000 1697 1072 Chrysostomus
1719 1014 1817 1053 cur
1849 999 2202 1052 homiliarum
2236 998 2288 1051 in
2311 997 2580 1052 Lazarum
2612 1014 2838 1053 cursum
2887 999 3259 1068 interceperit,
3301 999 3385 1052 his
3420 999 3602 1054 verbis
3631 1017 3646 1053 :
3675 994 3872 1060 Verum

598 1106 702 1144 non
728 1092 1142 1146 existimavimus
1167 1108 1277 1145 esse
1303 1101 1484 1156 tutum,
1504 1089 1568 1144 Β.
1592 1087 1814 1159 Babylo:
1840 1100 1890 1143 et
1916 1091 2051 1160 bigte
2085 1087 2185 1144 SS.
2215 1086 2544 1160 Martyrum,
2581 1091 2674 1158 qui
2706 1099 2821 1158 post
2849 1090 3005 1143 illum
3034 1099 3400 1153 occurrerunt,
3426 1091 3700 1159 praeclara
3722 1098 3875 1160 gesta

595 1181 864 1248 praeterire
894 1199 914 1236 :
950 1182 1152 1250 quibus
1190 1189 1453 1236 consonat
1485 1180 1785 1234 Conicionis
1816 1181 1870 1233 in
1918 1180 1978 1234 S.
2009 1179 2268 1250 Babylam
2307 1179 2617 1245 exordium,
2673 1177 2919 1233 Volebam
2953 1182 3194 1250 equidem
3215 1180 3467 1234 hodierno
3514 1182 3602 1234 die
3631 1183 3878 1234 debitum

596 1278 827 1341 reddere,
850 1277 991 1346 quod
1024 1293 1189 1344 nuper
1208 1277 1369 1338 vobis,
1399 1290 1516 1326 cum
1539 1275 1624 1327 hic
1649 1290 1837 1335 essem.
1871 1274 2113 1343 promisi.
2152 1271 2254 1327 Sed
2281 1274 2407 1341 quid
2435 1274 2631 1342 faciam
2654 1275 2680 1326 .’
2731 1271 2796 1327 Β.
2827 1272 3066 1344 Babglas
3101 1274 3449 1328 interveniens
3485 1279 3765 1341 apparuit,
3822 1284 3876 1328 et

589 1369 662 1422 ad
693 1369 921 1436 seipsum
953 1383 1044 1421 nos
1075 1368 1292 1421 vocavit.
1331 1365 1474 1434 Bigte
1503 1375 1683 1424 autem
1726 1366 2056 1420 Sanctorum
2109 1366 2202 1435 qui
2235 1375 2359 1435 post
2388 1364 2446 1419 S.
2478 1364 2738 1436 Babylam
2787 1355 3147 1420 Homiliarum
3205 1366 3258 1420 in
3309 1366 3578 1420 Lazarum
3629 1380 3864 1422 cursum

592 1463 950 1533 intercepere,
973 1472 1100 1516 sunt
1123 1460 1222 1515 SS.
1255 1459 1583 1517 Juventinus
1611 1469 1666 1514 et
1695 1460 2025 1515 Maximinus
2073 1458 2362 1530 Martyres,
2390 1475 2626 1529 quorum
2660 1457 2897 1513 llomilia
2922 1460 3004 1514 sic
3044 1461 3235 1529 incipit
3265 1479 3278 1514 :
3313 1459 3496 1529 Nuper
3524 1456 3590 1513 Β.
3624 1456 3870 1531 Babylo:

589 1571 710 1608 cum
741 1556 906 1609 tribus
932 1557 1106 1624 pueris
1143 1571 1236 1608 nos
1265 1556 1350 1608 hic
1382 1555 1755 1625 congregabat,
1798 1555 1951 1608 hodie
1984 1571 2084 1624 par
2113 1553 2214 1609 SS.
2271 1553 2512 1607 Militum
2538 1554 2594 1606 in
2632 1557 2748 1607 acie
2777 1555 3068 1607 exercitum
3093 1553 3298 1610 Christi
3340 1555 3638 1608 constituit.
3670 1555 3868 1625 Nuper

591 1645 851 1716 quadriga
876 1645 1201 1718 Martyrum,
1233 1647 1385 1701 hodie
1411 1648 1552 1717 biga.
1587 1646 1791 1717 Nuper,
1822 1648 2019 1716 inquit,
2065 1649 2276 1719 πρῴην,
2322 1663 2432 1702 non
2468 1657 2674 1711 autem,
2710 1648 2842 1711 heri,
2877 1658 2937 1703 ut
2965 1649 3034 1704 ab
3066 1649 3363 1718 lnterprele
3395 1650 3658 1718 deceptus
3694 1650 3870 1704 Tille-

590 1742 836 1796 montius
864 1743 1068 1811 posuit.
1105 1741 1392 1812 Negotium
1424 1741 1694 1798 facessere
1720 1744 1936 1798 videtur
1967 1743 2039 1810 id,
2064 1743 2210 1812 quod
2240 1743 2294 1796 in
2353 1756 2632 1812 postremo
2655 1743 2883 1798 exordio
2909 1745 3086 1808 adicit.
3123 1742 3306 1811 Nuper
3330 1742 3396 1798 Β.
3445 1743 3683 1816 Babglas
3741 1763 3866 1800 cum

591 1833 760 1886 tribus
788 1834 967 1907 pueris
999 1850 1092 1887 nos
1117 1834 1201 1888 hic
1225 1820 1595 1904 congregabat.
1627 1835 1684 1889 ln
1711 1836 1813 1889 hac
1835 1835 2037 1905 quippe
2059 1833 2292 1889 Homilia
2333 1851 2400 1889 ne
2444 1834 2551 1904 γρῦ
2587 1836 2808 1905 quidem
2838 1834 2906 1890 de
2945 1837 3122 1892 tribus
3146 1839 3332 1905 pueris
3381 1837 3598 1907 legitur.
3633 1835 3871 1902 Verum,

589 1934 651 1976 ut
684 1923 838 1976 initio
871 1923 1108 1978 humilia:
1132 1924 1356 1986 dicitur,
1389 1942 1494 1979 nou
1531 1925 1958 1996 Chrysostomus
1983 1929 2159 1990 solus,
2190 1929 2284 1984 sed
2337 1943 2462 1982 cum
2489 1928 2579 1981 alii
2612 1930 2880 1992 seniores,
2917 1939 3032 1983 tum
3091 1929 3394 2000 Episcopus
3419 1930 3538 1999 ipse
3559 1928 3872 1985 Flavianus

586 2016 778 2070 eodem
808 2015 895 2069 die
916 2017 1224 2070 concionati
1260 2028 1388 2072 sunt
1418 2034 1432 2070 :
1462 2017 1589 2072 Haec
1622 2029 1670 2072 et
1701 2019 1813 2073 alia
1843 2020 2127 2088 ejusmodi,
2166 2021 2366 2090 inquit,
2412 2021 2706 2074 senioribus
2738 2016 3203 2074 commemoranda
3247 2021 3576 2086 doctoribus,
3608 2033 3659 2074 et
3715 2021 3866 2073 com-

589 2106 738 2160 muni
767 2110 909 2176 patri
940 2119 1118 2164 nostro
1145 2111 1495 2180 relinquemus
1527 2128 1545 2165 :
1581 2129 1662 2166 res
1694 2112 1834 2165 enim
1858 2114 2180 2180 antiquiores
2237 2113 2493 2181 praeclare
2518 2113 2662 2165 vobis
2697 2130 2730 2165 a
2784 2113 2994 2166 senibus
3032 2121 3253 2179 possunt
3286 2113 3503 2164 narrari
3528 2129 3547 2166 :
3571 2129 3693 2182 qua
3745 2129 3873 2166 vero

591 2211 694 2249 non
723 2198 798 2250 ita
825 2199 1028 2264 pridem
1057 2217 1118 2252 ac
1140 2212 1322 2254 nostra
1350 2212 1508 2256 celate
1537 2212 1659 2256 sunt
1683 2214 1851 2271 gesta,
1880 2202 2023 2256 vobis
2059 2203 2271 2272 juvenis
2297 2220 2390 2273 ego
2441 2203 2693 2268 narrabo,
2727 2219 2845 2273 qua
2880 2204 3132 2256 nimirum
3157 2214 3278 2274 post
3306 2206 3535 2266 obitum.
3561 2213 3682 2274 post
3709 2221 3864 2259 exse-

588 2287 742 2354 quias
775 2287 1050 2361 Martyris,
1071 2308 1136 2344 ac
1155 2293 1282 2345 dum
1301 2293 1355 2346 in
1383 2295 1636 2348 suburbio
1664 2304 1980 2360 moraretur,
2009 2296 2336 2349 acciderunt.
2385 2294 2514 2351 Haec
2561 2295 2668 2352 sibi
2702 2299 3009 2350 enarranda
3046 2301 3331 2368 proposuit
3397 2303 3865 2370 Chrysostomus,

591 2389 785 2434 caetera
811 2386 1088 2438 communi
1131 2388 1271 2454 patri
1299 2397 1352 2441 et
1371 2388 1678 2466 senioribus
1702 2391 2185 2445 commemoranda
2233 2392 2474 2461 reliquit.
2515 2391 2933 2461 Verisimileque
2954 2403 3058 2457 est,
3083 2376 3408 2464 aliquem’es
3445 2395 3554 2448 illis
3579 2395 3650 2450 de
3673 2395 3859 2450 tribus

589 2475 778 2543 pueris
808 2476 967 2531 verba
995 2477 1210 2533 fecisse.
1237 2479 1439 2535 Eodem
1478 2483 1640 2549 igitur
1679 2498 1825 2536 anno
1857 2484 2039 2538 habita
2061 2495 2143 2539 est
2169 2487 2284 2542 haec
2324 2487 2571 2549 homilia,
2604 2503 2714 2556 quo
2741 2489 2977 2543 homilim
3007 2491 3060 2542 in
3099 2491 3392 2552 Lazarum.
3431 2490 3645 2546 scilicet
3669 2507 3868 2546 mense

588 2564 895 2621 Januario:
919 2570 1210 2639 etquidem
1239 2573 1310 2626 ει
1345 2573 1590 2642 ejusdem
1630 2575 1851 2640 mensis,
1892 2584 1951 2628 ut
1983 2576 2216 2642 videtur,
2253 2594 2361 2648 qua
2391 2578 2481 2633 die
2506 2578 2890 2650 Martyrologia
2921 2583 3106 2637 oumia
3143 2581 3341 2638 festum
3370 2582 3428 2637 S.
3463 2583 3685 2654 Babylze
3716 2587 3865 2640 indi-

593 2665 740 2710 cant.
773 2657 877 2723 Qui
907 2674 1035 2745 vero
1064 2660 1227 2715 fuerit
1253 2677 1430 2717 annus
1454 2664 1561 2727 ille,
1597 2680 1704 2719 non
1736 2665 1808 2718 ita
1835 2664 1991 2720 facile
2019 2677 2103 2721 est
2143 2668 2569 2738 deprehendere.
2599 2668 2984 2728 'l‘illemoutius
3007 2689 3211 2728 annum
3257 2677 3502 2747 assignat
3539 2679 3648 2734 587
3689 2694 3701 2730 :
3741 2681 3868 2749 ejus

593 2748 865 2803 calculum
907 2752 1274 2816 cxcussimus,
1303 2754 1705 2824 levissimisque
1732 2757 2062 2825 coniecturis
2086 2760 2280 2813 fultum
2307 2775 2430 2815 esse
2453 2762 2807 2829 probavimus
2841 2765 2892 2817 in
2923 2763 3132 2819 Mouito
3158 2766 3224 2820 ad
3257 2765 3551 2823 Horniliam
3578 2771 3633 2825 in
3659 2748 3880 2829 Kalen-

592 2837 717 2985 ἕεις.
741 2855 863 2908 qua
889 2839 1181 2896 Homiliam
1216 2843 1444 2912 primam
1474 2847 1541 2899 de
1574 2844 1786 2900 Lazaro
1819 2862 1929 2901 uno
1959 2846 2049 2902 die
2083 2849 2383 2919 praecessit.
2412 2851 2492 2906 lbi
2543 2851 2664 2907 vide
2697 2853 2794 2918 sis,
2825 2868 3038 2909 necnon
3064 2856 3120 2910 iu
3148 2855 3353 2913 Monito
3387 2859 3455 2913 ad
3489 2858 3768 2920 llomilias
3804 2867 3878 2920 de

643 2944 826 2985 azaro.

643 2944 826 2985 azaro.

621 3131 634 3140 ,—
692 3045 938 3140 llomilite
981 3050 1032 3103 in
1076 3048 1135 3103 S.
1173 3049 1428 3123 Babyjam
1461 3050 1847 3124 subiungimus
1880 3052 2094 3108 librum
2129 3055 2281 3109 illum
2312 3058 2608 3126 prolixum,
2665 3061 2752 3115 cui
2789 3061 2997 3127 titulus,
3033 3063 3099 3117 In
3147 3063 3208 3120 S.
3242 3064 3526 3140 Babyloni,
3572 3081 3625 3124 et
3676 3084 3870 3130 contra

602 3135 880 3195 lulianum
909 3152 1063 3211 atque
1086 3141 1319 3216 Gentiles
1363 3160 1382 3197 :
1411 3144 1675 3198 Savilium
1731 3154 1787 3200 et
1838 3144 2170 3200 Frontonem
2218 3148 2473 3205 Ducaeum
2509 3153 2701 3212 secuti.
2739 3154 2835 3222 qui
2889 3155 3144 3210 similiter
3179 3158 3324 3213 hunc
3357 3135 3558 3214 librum
3593 3173 3720 3232 post
3755 3164 3878 3220 Ho-

604 3231 810 3284 miliam
851 3231 1187 3287 locaverunt.
1228 3233 1452 3288 Librum
1488 3251 1749 3291 vocamus
1785 3253 1799 3288 :
1837 3252 2015 3307 neque
2061 3240 2207 3294 enim
2238 3242 2622 3298 existimamus
2645 3259 2768 3298 esse
2806 3247 3131 3301 concionem
3185 3249 3239 3302 iu
3276 3259 3422 3305 casto
3475 3231 3662 3322 populi
3709 3255 3878 3315 habi-

601 3332 748 3388 tam;
785 3338 910 3376 nam
940 3331 1100 3379 tanta:
1126 3327 1448 3394 prolixitatis
1481 3329 1679 3382 librum
1712 3334 1838 3400 quis
1867 3348 1976 3386 una
2034 3332 2154 3386 vice
2185 3335 2602 3402 pronuntiatum
2654 3337 2884 3392 credat?
2933 3339 3088 3394 Adde
3127 3356 3235 3396 non
3296 3343 3578 3400 terminari
3619 3348 3879 3404 clausula

597 3413 714 3476 illa,
742 3431 848 3484 qua
880 3416 934 3469 in
969 3417 1195 3485 gloriam
1219 3415 1502 3474 Trinitatis
1532 3423 1826 3479 conciones
1853 3439 1983 3478 suas
2009 3437 2202 3481 omnes
2233 3426 2438 3480 claudit
2455 3425 2910 3499 Chrysostomus.
2939 3431 3020 3485 Ad
3048 3433 3162 3488 lucc
3189 3443 3371 3489 autent
3407 3453 3560 3492 num.
3586 3439 3656 3493 14
3681 3441 3820 3497 dicit
3855 3460 3874 3499 ι

597 3504 727 3560 Ideo
757 3508 892 3561 enim
927 3511 1054 3562 vivis
1077 3510 1364 3563 etiamnum
1401 3511 1620 3566 testibus
1647 3513 1759 3568 Iace
1793 3519 1986 3583 scribo,
2015 3533 2138 3586 qua:
2166 3532 2300 3572 sane
2347 3519 2511 3574 verba
2552 3537 2657 3573 non
2717 3522 2970 3577 videntur
3004 3523 3159 3598 [550]
3194 3543 3316 3582 esse
3366 3531 3755 3590 concionantis
3813 3536 3870 3590 in

596 3611 745 3656 coetu
778 3602 983 3670 populi.
1016 3602 1106 3666 At,
1136 3603 1368 3672 inquies,
1408 3621 1516 3660 non
1548 3610 1734 3675 paucis
1761 3610 1814 3663 in
1844 3613 1979 3667 locis
2023 3615 2291 3670 quosdam
2327 3627 2426 3667 ceu
2464 3625 2760 3681 praesentes
2788 3617 3108 3687 alloquitur.
3152 3618 3344 3691 ld.ego
3379 3623 3575 3689 fateor,
3607 3629 3703 3683 sed
3735 3646 3876 3685 ora-

596 3691 741 3746 torio
766 3707 917 3746 more
951 3700 1005 3746 et
1039 3693 1396 3749 declamantis
1417 3697 1524 3752 ritu
1548 3712 1647 3753 ceu
1679 3711 1977 3769 praesentes
2014 3706 2282 3774 quosdam
2319 3707 2651 3774 compellat:
2684 3723 2808 3762 nam
2844 3710 3020 3765 oratio
3053 3721 3165 3766 tota
3205 3714 3658 3773 declamationem
3692 3725 3876 3791 tropis

598 3786 895 3855 ligurisque
919 3786 1311 3845 redundantem
1338 3792 1517 3859 sapit;
1543 3794 1628 3847 vel
1661 3796 1829 3874 etiam
1866 3797 2012 3853 hunc
2065 3814 2161 3855 seu
2194 3803 2394 3855 librum
2430 3817 2526 3856 seu
2574 3805 2882 3860 orationem
2911 3808 3082 3862 texuit
3107 3809 3302 3864 amicis
3323 3823 3380 3866 et
3410 3811 3464 3866 in
3489 3817 3738 3873 conclavi
3785 3786 3878 3877 re-

594 3879 898 3934 citandam.

666 3991 909 4100 Tempus
935 4012 1043 4062 quo
1078 3999 1194 4053 haec
1213 4000 1443 4102 scripsit
1465 4001 1892 4082 Chrysostomus
1916 4023 2108 4063 eruere
2156 4011 2284 4065 licet
2307 4028 2374 4066 ex
2405 4014 2526 4082 ejus
2549 4017 2729 4070 verbis
2777 4034 2929 4073 num.
2959 4021 3050 4088 21,
3088 4023 3179 4077 ulti
3212 4027 3346 4082 dicit
3389 4029 3501 4099 jam
3536 4032 3870 4102 vigesimum

595 4101 799 4183 annum
826 4089 934 4158 agi,
957 4107 1024 4143 ex
1059 4107 1170 4159 quo
1207 4090 1457 4183 Julianus
1484 4095 1747 4164 Apostata
1778 4101 2036 4168 templum
2065 4100 2582 4182 Jerosolymitanum
2633 4109 2941 4168 instaurare
2977 4127 3213 4174 conatus
3246 4130 3331 4176 est
3363 4089 3406 4172 ε.
3430 4123 3484 4178 id
3518 4089 3648 4180 vero
3670 4089 3872 4183 tenta:-

596 4177 946 4235 vitlulianus
977 4196 1123 4277 anno
1156 4183 1358 4277 (Ehristi
1386 4179 1514 4252 562,
1564 4191 1708 4245 unde
1733 4202 1992 4262 sequatur
2029 4211 2174 4249 anno
2204 4197 2310 4252 382
2367 4200 2512 4256 hunc
2556 4177 2848 4273 scripsisse
2885 4208 3106 4268 librum.
3151 4213 3209 4267 Si
3237 4177 3508 4272 annorum

595 4281 848 4372 accurate
873 4274 1118 4329 retulerit
1148 4274 1600 4347 Chrysostomus,
1635 4285 1802 4340 stabit
1843 4287 2104 4341 calculus.
2138 4286 2340 4346 Verum
2371 4293 2513 4348 solet
2537 4294 2625 4349 ille
2651 4311 2759 4351 non
2790 4307 2944 4355 tanto
2969 4306 3230 4375 scrupulo
3257 4307 3357 4363 has
3379 4325 3493 4364 sua:
3529 4312 3695 4365 etiam
3714 4274 3871 4368 ei;

595 4361 667 4477 tis
693 4372 850 4477 notas
880 4380 1155 4474 apponere
1184 4386 1199 4424 :
1235 4373 1435 4425 etenim
1472 4371 1702 4431 Homilia
1730 4377 1800 4431 lll
1830 4379 1898 4434 de
1929 4380 2495 4451 lncomprchensibili,
2529 4404 2690 4458 quam
2742 4402 2986 4450 vertente
3006 4361 3153 4453 anno
3183 4399 3289 4454 586

600 4465 778 4565 annos
810 4460 935 4560 item
968 4460 1157 4565 viginti
1192 4477 1509 4565 numerata
1557 4479 1799 4539 tempore
1836 4472 2038 4530 Juliani
2097 4478 2404 4548 Apostatae;
2465 4499 2591 4539 cum
2633 4495 2815 4544 autem
2875 4490 2966 4546 ille
3008 4508 3154 4549 anno
3193 4495 3298 4551 565
3352 4512 3526 4553 caesus
3557 4500 3650 4565 sit,
3683 4460 3867 4558 anno;

596 4546 788 4660 saltem
827 4548 1016 4654 viginti
1045 4564 1282 4660 quatuor
1309 4559 1492 4616 dicere
1515 4563 1706 4618 debuit
1747 4583 1760 4618 :
1797 4581 1902 4620 non
1942 4570 2088 4623 enim
2125 4546 2161 4626 a
2185 4588 2318 4628 nece
2342 4546 2484 4644 ejus.
2524 4579 2616 4632 sed
2654 4596 2684 4634 a
2717 4588 2919 4636 tentata
2950 4546 3610 4660 templi—Jerosolymitani

595 4642 1020 4749 :a_tgione,e.tiam
1045 4645 1435 4749 ibi,-calculum
1463 4653 1664 4749 ducere
1693 4657 1926 4712 videtur.
1963 4657 2098 4716 Vide
2141 4642 2413 4721 Monitum
2449 4667 2505 4722 in
2565 4669 2828 4730 llomilias
2853 4677 2918 4730 de
2951 4642 3858 4749 locumprehensibili,“ulii-valiant

595 4729 725 4784 huic
754 4732 987 4788 similem
1010 4738 1493 4799 anachrouismum
1521 4747 1903 4808 observamus.
1929 4755 2118 4825 Itaque
2167 4755 2274 4812 etsi
2326 4758 2472 4814 clare
2516 4762 2784 4818 calculum
2813 4729 3650 4842 ponat

608 5039 914 5058 ρι’-*-

922 5046 2648 5082 __________._____________________

1079 5260 1238 5343 DE
1290 5264 1734 5392 SANCTO
1783 5276 2691 5371 HIEROMARTYRE

1783 5276 2716 5371 HIEROMARTYRE
2773 5278 2859 5359 (α)
2900 5290 3357 5417 BABYLA.

686 5455 734 5509 Ι.
754 5455 1003 5512 Volebam
1023 5461 1268 5530 equidem
1287 5462 1545 5522 hodierno
1559 5470 1646 5525 die
1663 5471 1896 5528 debitum
1925 5478 2170 5546 reddere,
2275 5485 2417 5553 quod
2444 5500 2611 5554 nuper
2639 5487 2810 5552 vobis,
2844 5503 2963 5541 cum
2991 5488 3074 5544 hic
3096 5507 3294 5556 essem,
3323 5495 3540 5561 promisi
3569 5513 3581 5548 :
3607 5497 3698 5550 sed
3726 5500 3853 5568 quid

604 5586 990 5662 :“(ahygx‘i-lla,
1014 5590 1376 5662 “tramam”.
1397 5611 1424 5648 a
1447 5604 1620 5652 amcis
1649 5607 1792 5655 medii
1816 5611 1904 5657 mn
1929 5610 2067 5661 mmo
2085 5613 2172 5662 ω-
2277 5573 2508 5628 faciam?
2535 5576 2726 5630 Beatus
2750 5577 2977 5649 Babylas
3014 5581 3376 5637 interveniens
3401 5587 3665 5654 apparuit.
3693 5598 3746 5641 et
3778 5589 3844 5641 ad

592 5649 724 5704 scola
754 5649 860 5698 ML
883 5658 1072 5702 Nonesl
1094 5658 1242 5716 enim,
1265 5649 1791 5729 ὄιίιὶιῑόεῶὲῖίέίὶἧτᾘξ
1816 5649 2171 5731 ἡ
2282 5666 2520 5736 seipsum
2562 5684 2658 5723 nos
2683 5674 2923 5738 vocavit;
2957 5688 3060 5728 non
3105 5674 3244 5744 quod
3290 5649 3484 5729 rocun
3508 5679 3732 5744 miserit,
3755 5678 3848 5731 scd
