4082 6420
245 394 356 452 527
1335 391 1420 446 DE
1465 391 1522 446 S.
1568 391 2122 447 IIII‘IROMAllTYIlE
2163 389 2457 444 BABYLA.
3427 397 3532 452 528

1082 599 1359 608 ~_.——__.
1373 600 2008 608 p—ﬂmﬂ—
2017 598 2653 608 .——-m__._—————-

933 599 1359 608 ——_—'—-————-
1373 601 1542 608 --α-..⁵
2017 598 2545 608 -——-m__~_—

933 614 1382 622 ο--μ--ι
1403 614 1581 622 --ιρ-
1594 615 1628 622 ..-
1646 614 1814 622 ωσι-ο
1827 601 2545 622 πα--α-..-ῌ

2590 598 2639 606 ...
2647 598 2653 602 .

1911 600 2026 621 —-___-
2034 598 2700 622 -——-..__—-—---._.__.___.__._.._..-—--—--'-
2661 597 3523 624 ’Μ

1663 798 2103 859 ADMONITIO.

227 947 370 1004 adeo
394 955 606 1004 certum
631 956 735 1014 est,
773 964 842 1003 an
874 949 1006 1006 huic
1038 949 1250 1005 calculo
1279 951 1536 1005 standum
1565 951 1656 1007 sit.
1714 953 1767 1006 Id
1796 968 1965 1008 unum
1996 966 2292 1023 possumus
2320 951 2440 1007 sine
2482 950 2725 1021 periculo
2750 950 2954 1016 dicere,
2995 965 3141 1006 anno
3166 949 3386 1004 circiter
3415 947 3523 1003 382

229 1039 386 1093 hunc
409 1038 611 1093 librum
643 1056 674 1095 a
699 1039 1098 1111 Chrysostomo
1132 1041 1397 1110 scriptum
1431 1041 1622 1108 fuisse,
1668 1057 1847 1112 neque
1877 1052 2058 1097 tamen
2085 1057 2392 1112 repugnare
2433 1041 2478 1095 si
2509 1041 2592 1096 vel
2615 1041 2804 1110 paucis
2837 1050 2986 1107 ante,
3029 1040 3114 1094 vel
3168 1039 3362 1108 paucis
3393 1051 3531 1106 post

227 1129 399 1185 annis
423 1130 574 1185 illum
603 1131 856 1188 ediderit.
892 1131 1268 1198 Ilertnantius,
1294 1134 1390 1204 qui
1415 1143 1570 1203 putat
1601 1135 1750 1188 hunc
1785 1135 1985 1188 librum
2017 1149 2141 1189 esse
2165 1134 2483 1189 concionem
2533 1133 2599 1188 ad
2630 1133 2815 1202 populi
2869 1141 3074 1187 coetum
3104 1131 3372 1197 habitam,
3403 1128 3525 1184 vult

223 1236 353 1276 eam
379 1224 438 1287 in
464 1239 670 1280 annum
700 1225 805 1281 386
836 1242 960 1282 cum
988 1227 1298 1282 tardissime
1322 1226 1560 1282 conferri
1599 1244 1610 1279 :
1643 1227 1772 1297 quia
1795 1241 1862 1280 eo
1894 1226 2131 1296 primum
2154 1242 2300 1280 anno
2325 1226 2609 1297 presbyter
2636 1225 2816 1282 factus
2847 1224 3279 1296 Chrysostomus
3302 1225 3531 1281 concio-

223 1314 354 1368 nari
382 1317 550 1384 coepit
576 1333 590 1368 :
621 1332 747 1371 nam
788 1318 909 1387 ipso
941 1319 1270 1374 testiﬁcante
1287 1317 1706 1390 Chrysostomo,
1741 1319 1946 1373 nullam
1992 1328 2138 1384 ante,
2171 1335 2336 1389 quam
2367 1319 2650 1390 presbyter
2673 1327 2840 1383 esset,
2868 1318 3193 1372 concionem
3221 1316 3512 1370 habuerat.

224 1408 460 1476 Verum,
486 1420 546 1466 ut
575 1427 739 1481 supra
761 1412 1099 1477 dicebamus,
1125 1412 1336 1466 nullum
1370 1427 1481 1481 pra:
1515 1426 1573 1466 se
1599 1411 1704 1466 fert
1733 1413 1971 1482 signum'
2013 1411 2101 1465 hic
2143 1412 2281 1466 liber
2313 1412 2594 1468 concionis
2629 1412 2694 1465 ad
2735 1411 3009 1481 populum
3065 1410 3285 1474 habita),
3327 1417 3527 1478 estque

223 1509 401 1557 tanta:
435 1502 760 1571 prolixitatis
789 1511 848 1556 ut
877 1518 985 1557 non
1009 1505 1251 1574 potuerit
1279 1521 1384 1560 una
1413 1505 1590 1560 solum
1650 1505 1766 1559 vice
1800 1504 2041 1559 recitari.
2067 1504 2150 1558 Ad
2184 1506 2301 1559 haec
2325 1519 2458 1559 vero
2492 1507 2617 1573 quis
2647 1504 2836 1558 credat
2867 1518 2992 1558 eum
3024 1501 3404 1572 longissimam
3451 1500 3523 1553 il-

220 1593 340 1648 lam
372 1599 642 1654 monodia'
673 1598 888 1666 Libauii
912 1598 1319 1663 refutationem,
1359 1612 1482 1668 qua:
1513 1597 1746 1653 mediam
1772 1597 1946 1653 ferme
1988 1607 2198 1667 partem
2227 1596 2352 1651 libri
2385 1605 2642 1666 occupat,
2676 1595 2728 1649 in
2775 1602 2921 1650 coetu
2950 1592 3139 1666 populi
3171 1592 3468 1663 protulisse
3499 1589 3523 1642 ?

217 1683 508 1743 Hactenus
536 1690 602 1743 de
634 1700 897 1760 tempore.

294 1804 698 1875 Argumentum
726 1805 852 1861 libri
877 1813 958 1860 est
995 1804 1224 1860 historia
1252 1805 1501 1876 martyrii
1527 1803 1583 1858 S.
1610 1803 1828 1876 Babylas
1862 1804 2120 1875 Episcopi
2149 1804 2501 1871 Antioclteni,
2531 1804 2927 1861 declamatorio
2960 1818 3115 1859 more
3154 1811 3378 1859 narrata
3408 1811 3521 1858 tro-

219 1897 422 1968 pisque
443 1896 793 1966 redundans;
830 1898 886 1952 in
916 1913 1024 1969 qua
1057 1898 1376 1968 plerumque
1405 1899 1689 1953 veritatem
1712 1897 2011 1954 desideres.
2040 1898 2174 1952 Nam
2209 1909 2269 1953 ut
2301 1907 2512 1954 certum
2553 1898 2812 1952 existimo
2841 1896 2900 1952 S.
2937 1896 3202 1967 Babylam
3234 1911 3334 1965 pro
3355 1894 3523 1950 Chri-

218 2006 312 2052 sto
341 2011 541 2052 caesum
574 2011 714 2062 esse,
741 1996 815 2052 ita
850 2010 1022 2067 genus
1047 2006 1103 2051 et
1137 2011 1363 2053 causam
1417 1996 1669 2068 martyrii
1698 2011 1766 2051 ex
1795 1996 1980 2066 populi
2032 2011 2258 2051 rumore
2296 1997 2501 2066 potius,
2533 2010 2695 2066 quam
2732 2011 2799 2050 ex
2844 2001 2972 2050 vera
3012 2009 3194 2050 rerum
3238 2002 3521 2064 gestarum

216 2091 454 2146 historia
487 2105 515 2143 a
539 2090 932 2160 Chrysostomo
961 2089 1197 2159 proferri
1224 2105 1332 2145 non
1373 2090 1602 2146 dubium
1630 2099 1734 2145 est.
1792 2090 1928 2145 Nam
1959 2091 2106 2159 quis,
2142 2104 2351 2160 quaeso,
2420 2089 2511 2143 ille
2546 2087 2713 2142 fuerit
2765 2087 3143 2141 Romanorum
3208 2085 3517 2156 Imperator

215 2184 593 2250 Christianus,
621 2184 715 2252 qui
753 2184 887 2238 inita
919 2199 1044 2239 cum
1075 2199 1203 2254 rege
1229 2185 1462 2240 barbaro
1491 2199 1646 2255 pace,
1690 2187 1772 2251 {ea
1801 2186 2142 2249 conditione,
2176 2193 2235 2237 ut
2290 2183 2463 2237 filium
2501 2183 2589 2237 ille
2613 2183 2718 2238 sibi
2747 2180 3095 2237 educandum
3124 2180 3385 2245 traderet,
3422 2196 3518 2234 ac-

215 2286 441 2345 ceptum
475 2290 574 2344 pro
602 2276 828 2344 pignore
856 2277 1009 2346 pacis
1033 2277 1204 2331 filium
1231 2277 1521 2333 confestim
1541 2279 1898 2349 iugulaverit,
1939 2293 2117 2348 eaque
2157 2278 2226 2332 de
2258 2292 2423 2333 causa
2453 2295 2482 2332 a
2511 2279 2672 2332 beato
2709 2276 2911 2348 Babyla
2963 2275 3211 2330 ecclesia:
3248 2274 3402 2329 aditu
3431 2275 3518 2328 in-

216 2370 520 2432 terclusus,
557 2369 808 2423 eumdem
844 2366 902 2422 S.
954 2368 1242 2439 praesulem
1279 2370 1335 2424 in
1381 2385 1660 2426 carcerem
1705 2371 1848 2426 trudi
1893 2379 1947 2426 et
1975 2370 2293 2424 obtruncari
2324 2369 2594 2439 jusserit?
2645 2367 2802 2422 Hunc
2829 2361 3231 2438 Imperatorem
3282 2366 3508 2436 quidam

214 2461 336 2516 sive
359 2462 694 2518 scholiastes
727 2462 841 2518 sive
870 2464 1130 2519 librarius
1154 2463 1286 2518 dicit
1325 2479 1448 2520 esse
1476 2463 1895 2520 Numerianum.
1951 2464 2073 2531 Quo
2106 2465 2238 2535 quid
2273 2464 2557 2534 ineptius?
2592 2463 2730 2518 Nam
2766 2463 2850 2518 vel
2883 2462 3264 2518 Christianum
3321 2462 3507 2518 dicere

213 2551 638 2619 Numerianum,
673 2554 756 2609 vel
786 2554 1195 2611 interfectorem
1229 2556 1518 2626 cujusdam
1564 2558 1708 2627 regis
1739 2557 2099 2613 barbarorum
2132 2556 2230 2611 ﬁlii
2271 2558 2326 2612 in
2370 2557 2524 2627 pacis
2551 2557 2750 2629 pignus
2798 2558 2903 2612 sibi
2936 2557 3144 2622 traditi,
3199 2572 3355 2628 aeque
3388 2573 3517 2612 cum

215 2657 349 2699 vera
385 2645 616 2699 historia
646 2656 870 2716 pugnat.
904 2643 1013 2700 Nec
1040 2646 1216 2715 magis
1243 2647 1486 2701 creditur
1507 2646 1662 2704 Actis
1713 2649 2043 2719 quihusdam
2076 2663 2107 2702 a
2138 2646 2407 2704 Bollando
2445 2649 2607 2705 editis
2641 2650 2708 2704 ad
2747 2649 2817 2704 24
2849 2648 3123 2715 Januarii,
3151 2649 3246 2704 ubi
3300 2648 3512 2706 Nume-

213 2733 414 2788 rianus
435 2733 706 2812 idolorum
728 2733 908 2788 cultor
939 2733 1217 2788 inducitur
1251 2734 1307 2789 S.
1346 2735 1603 2808 Babylam
1633 2744 1848 2793 tentans
1876 2740 1942 2793 ad
1980 2739 2319 2810 impietatem
2374 2754 2532 2797 suam
2565 2740 2800 2807 trahere,
2840 2741 3136 2811 ipsumque
3165 2757 3292 2796 cum
3325 2741 3513 2812 pueris

213 2826 547 2897 quibusdam
572 2809 820 2896 martyrii
851 2826 1026 2896 ‘gloria
1054 2825 1297 2882 afﬁciens
1326 2842 1340 2879 :
1378 2843 1500 2898 qua
1533 2837 1682 2885 certe
1713 2845 1821 2884 non
1859 2809 2090 2900 possunt
2119 2832 2188 2887 ad
2245 2832 2508 2903 Babylam
2539 2842 2792 2889 nostrum
2831 2809 3059 2888 referri.
3101 2833 3240 2890 Hinc
3266 2809 3502 2905 qurestio

213 2921 397 2976 oritur
425 2934 493 2972 an
524 2918 708 2987 plures
739 2915 983 2986 ejusdem
1011 2919 1254 2973 nominis
1291 2918 1420 2975 sint.
1459 2921 1577 2988 Qua
1611 2921 1679 2976 de
1704 2937 1763 2976 re
1809 2922 1935 2978 vide
1962 2922 2292 2978 Bollandum
2324 2924 2378 2978 in
2409 2924 2563 2979 Actis
2594 2923 2696 2981 SS.
2730 2924 2983 2980 Januarii
3030 2927 3121 2981 2f.
3189 2926 3509 2984 Verisimile

213 3011 386 3080 igitur
416 3020 499 3066 est
530 3011 617 3064 hic
647 3009 1035 3092 Imperatorem
1067 3009 1380 3081 Philippum
1416 3013 1730 3076 memorari,
1792 3013 1886 3083 qui
1928 3015 2143 3083 imperii
2170 3015 2464 3070 invadendi
2488 3032 2653 3072 causa
2686 3032 2832 3073 caeso
2888 3019 3170 3077 Gordiano
3228 3024 3512 3094 Augusto,

210 3113 507 3174 postquam
544 3087 655 3157 tam
683 3103 870 3173 iniqua
900 3104 1045 3160 caede
1075 3105 1187 3158 voti
1210 3120 1436 3176 compos
1470 3105 1645 3163 factus
1681 3107 2031 3163 Antiochiam
2057 3118 2306 3175 venerat,
2337 3107 2626 3165 Paschatis
2663 3119 2909 3180 tempore
2945 3116 3011 3168 ad
3052 3087 3347 3171 eccleSiatn
3375 3132 3513 3187 pre-

210 3211 341 3252 cum
393 3197 892 3268 mysteriorumque
925 3211 1156 3252 consors
1215 3196 1457 3265 futurus,
1500 3200 1813 3256 accedebat.
1851 3202 1974 3270 Quo
2025 3211 2336 3274 comperto,
2372 3203 2432 3259 S.
2458 3203 2688 3274 Babylas
2717 3205 3070 3261 accedentem
3106 3208 3500 3278 Imperatorem

212 3289 436 3359 repulit,
483 3289 728 3345 ecclesiae
758 3290 907 3346 aditu
938 3291 1240 3358 interdixit,
1273 3301 1324 3348 et
1348 3295 1735 3362 poeuitentium
1765 3296 1887 3352 loco
1914 3312 1974 3353 se
2005 3298 2201 3354 sistere
2229 3298 2420 3369 jussit,
2479 3297 2655 3354 donec
2686 3300 3008 3371 pmnitentia
3037 3301 3226 3357 abluto
3255 3305 3513 3374 expiato-

212 3395 323 3450 que
355 3381 579 3446 scelere,
634 3382 703 3437 ad
732 3383 1178 3437 communionem
1227 3385 1467 3439 fidelium
1497 3397 1685 3456 postea
1737 3389 2090 3458 reciperetur.
2122 3389 2282 3446 Hauc
2317 3407 2348 3446 a
2383 3390 2442 3446 S.
2497 3391 2734 3462 prmsule
2770 3393 3050 3461 repulsam
3102 3405 3261 3465 grato
3313 3396 3501 3451 animo

212 3475 571 3547 modesteque
595 3477 785 3533 tulisse
809 3475 1146 3547 Philippum,
1181 3489 1372 3533 narrat
1403 3478 1694 3545 Eusebius,
1732 3481 1973 3552 itemque
2001 3485 2388 3553 pmnitentium
2418 3485 2603 3540 locum
2638 3484 2863 3552 adiisse,
2896 3499 2961 3540 ac
2993 3495 3108 3541 tum
3144 3497 3514 3560 posteaquam

210 3567 421 3623 crimen
449 3569 750 3624 secundum
777 3570 1034 3626 Ecclesiae
1065 3579 1267 3626 statuta
1296 3571 1606 3640 confessus,
1659 3574 2096 3648 exhomologesi,
2134 3586 2194 3632 ut
2225 3579 2516 3647 vocabant,
2543 3579 2709 3646 facta,
2745 3581 3095 3649 deposuerat,
3125 3579 3179 3635 in
3208 3580 3513 3638 Ecclesiam

211 3660 519 3717 admissum
545 3663 736 3720 fuisse.
770 3664 885 3720 Sub
918 3666 1034 3720 haec
1058 3675 1240 3721 autem
1271 3668 1578 3738 imperante
1614 3669 1799 3739 Decio,
1837 3671 2282 3728 Christianorum
2322 3677 2501 3743 hoste,
2531 3675 2592 3731 B.
2620 3675 2857 3748 Babylas
2889 3692 2989 3747 pro
3009 3676 3236 3735 Christo
3264 3682 3510 3736 cervices

209 3754 380 3810 dedit.
416 3755 574 3823 Quod
608 3757 674 3812 de
711 3756 1037 3828 paenitentia
1066 3759 1242 3829 deque
1267 3758 1693 3818 Christianismo
1723 3763 1960 3834 Philippi
2002 3765 2072 3820 ab
2104 3764 2346 3822 Eusebio
2381 3783 2490 3823 non
2517 3768 2674 3838 quasi
2704 3777 2938 3835 certum,
2965 3771 3060 3824 sed
3091 3786 3190 3825 ceu
3226 3788 3256 3826 a
3286 3773 3517 3842 quibus-

209 3845 337 3900 dam
370 3848 614 3902 auditum
642 3862 920 3916 narratur,
955 3865 986 3906 a
1017 3852 1204 3907 multis
1232 3863 1459 3908 vocatur
1490 3855 1544 3908 in
1597 3855 1848 3910 dubium.
1880 3857 2160 3912 Adeantur
2194 3859 2252 3925 ii,
2295 3861 2387 3929 qui
2417 3876 2480 3915 ex
2515 3863 2768 3916 instituto
2802 3878 2915 3917 rem
2949 3863 3203 3932 pluribus
3232 3874 3509 3921 tractave-

208 3951 359 3996 runt.
395 3940 704 3998 Verisimile
726 3952 908 3999 autem
943 3953 1046 4010 est,
1090 3946 1168 3999 uti
1202 3946 1473 4010 dicebam,
1505 3961 1572 4002 ex
1599 3947 1829 4004 historia
1879 3951 1971 4005 illa
2007 3952 2270 4008 Gordiani
2321 3970 2351 4008 a
2377 3955 2627 4025 Philippo
2658 3956 2784 4011 caesi
2819 3973 3078 4014 manasse
3129 3959 3303 4024 illam,
3342 3978 3510 4031 quam

207 4033 463 4101 superius
492 4049 560 4088 ex
591 4033 991 4106 Chrysostomo
1021 4037 1347 4107 retulimus;
1377 4040 1470 4096 sed
1505 4040 1579 4095 ita
1607 4041 1951 4112 deturpatam
1976 4044 2452 4118 deformatamque
2483 4048 2541 4102 in
2567 4049 2828 4106 omnibus
2853 4050 2971 4128 suis
2994 4051 3268 4122 partibus,
3306 4062 3367 4107 ut
3401 4053 3510 4107 alia

205 4124 428 4194 penitus
459 4140 581 4183 esse
614 4126 903 4197 videatur.,

279 4246 465 4319 Longe
495 4251 712 4305 saniora
741 4262 869 4305 sunt
899 4267 1021 4320 quae
1053 4253 1119 4306 de
1160 4252 1409 4323 reliquiis
1439 4254 1497 4309 S.
1529 4256 1746 4329 Babylae
1780 4273 1846 4313 cx
1882 4259 2150 4315 suburbio
2186 4260 2440 4332 Daphnes
2473 4264 2526 4319 in
2562 4265 2752 4332 urbem
2785 4266 3140 4324 Antiochiam
3171 4269 3508 4341 Chrysosto~

206 4359 331 4398 mus
359 4353 624 4407 recenset,
653 4359 864 4398 necnon
895 4344 962 4400 de
998 4347 1200 4416 templo
1223 4348 1491 4416 Apollinis
1521 4350 1788 4408 divinitus
1821 4363 1968 4408 tacto
1997 4366 2052 4410 et
2073 4358 2386 4413 combusto.
2416 4358 2628 4415 Horum
2657 4361 2803 4416 enim
2841 4377 2949 4418 non
2985 4364 3104 4432 ipse
3132 4366 3298 4420 modo
3329 4366 3477 4436 Chry
3505 4399 3512 4407 ι

205 4447 485 4494 sostomus
507 4437 656 4510 [551]
683 4439 934 4494 oculatus
975 4441 1125 4496 testis
1153 4450 1289 4504 erat,
1321 4444 1413 4497 sed
1442 4446 1604 4499 etiam
1647 4463 1838 4503 omnes
1863 4449 1984 4519 ejus
2019 4453 2321 4520 auditores,
2354 4470 2497 4524 quos
2524 4456 2579 4510 in
2609 4457 2836 4513 homilia
2866 4474 2966 4515 sua
2998 4459 3321 4531 alloquitur.
3356 4462 3508 4520 Illius

203 4530 352 4585 enim
387 4530 618 4602 prodiin
645 4545 771 4588 cum
800 4531 854 4585 in
886 4532 1108 4588 homilia
1145 4544 1258 4588 tum
1291 4535 1346 4588 in
1383 4535 1524 4591 libro
1562 4539 1630 4593 de
1657 4537 1861 4611 Babyla
1893 4544 2228 4598 mentionem
2267 4545 2418 4601 facit.

274 4648 528 4706 Homiliaa
565 4651 940 4723 interpretatio
999 4636 1191 4712 Latina
1221 4669 1303 4713 est
1333 4658 1627 4716 Frontonis
1678 4661 1884 4718 Ducaei.
1916 4664 2064 4721 Libri
2127 4684 2255 4724 vero
2304 4667 2360 4724 in
2393 4669 2657 4741 Babylam
2691 4680 2746 4727 et
2782 4681 2976 4728 contra
3008 4671 3288 4729 Iulianum
3329 4675 3502 4730 inter-

204 4744 564 4812 pretationem
601 4762 795 4801 novam
825 4749 1242 4817 adornavimus,
1275 4755 1403 4826 quia
1432 4755 1689 4811 Germani
1719 4757 1884 4813 Brixii
1927 4761 2040 4828 illa,
2077 4778 2198 4833 qum
2238 4763 2292 4817 in
2323 4762 2480 4834 prius
2519 4765 2685 4822 editis
2715 4777 2854 4833 erat,
2881 4769 3245 4839 paraphrasin
3276 4769 3504 4822 omnino

205 4835 469 4904 sapiebat.

253 5139 3487 5197 MM“-

719 5304 895 5389 ΕΙΣ
951 5307 1177 5391 TON
1235 5301 1575 5395 ᾹΓΙΟΝ
1630 5311 2395 5406 ΙΕΡΟΜΑΡΤΥΡΛ
2453 5324 2985 5417 ΒΑΒΥΛΑΝ.

280 5575 1792 5704 ῗξζξῖὼιὲλέἶξξῗυῗῗξῗλΥἔῗῆδῖδναιτῖ’κρέῗςῖήμεξίἳνε
1904 5615 1955 5704 ἰεί
1988 5615 2176 5704 πέιθωίε
2214 5619 2434 5704 Μεταξὺ
2469 5623 2660 5689 φανεὶς
2692 5627 2720 5678 ὁ
2755 5627 3024 5699 μακάριος
3055 5630 3324 5696 Bassam
3355 5634 3492 5704 πρὸς

215 5677 246 5729 ὃ
277 5679 466 5748 πρώην
503 5676 738 5834 trama
783 5682 1075 5837 γεέὶόμενὶς
1119 5676 1435 5762 omnem
1469 5676 1624 5764 ὑμῖύλ
1661 5676 1797 5749 ἀλλὰ
1904 5698 2096 5754 ἑαυτὸν
2145 5676 2296 5771 ἡμᾶς
2344 5676 2719 5774 ὲᾶάλὲσενίοῦ

581 5789 810 5835 Ατιιοι..
905 5794 964 5837 a.
1060 5822 1072 5837 .
3145 5798 3178 5858 8
