4082 6430
603 392 701 448 529

595 507 896 579 λαμπηδόνι
930 505 1027 574 τῆς
1077 501 1245 569 ὅψεως
1280 498 1612 569 ἐτιστρέψας
1655 499 1822 567 ἡμᾶς.
1861 494 1949 564 Μὴ
1982 492 2160 545 τοίνυν

595 600 959 668 δυσχεράνητε
1012 592 1149 661 πρὸς
1182 590 1278 661 τὴν
1328 588 1619 659 ὑπέρθεσιν
1656 587 1756 657 τῆς
1822 583 2159 643 ἀποδόσεως·

597 691 813 751 πάντως
854 687 965 755 ὅσῳ
1000 683 1201 736 πλείων
1227 681 1436 750 γίνεται
1458 682 1486 733 6
1512 680 1721 750 χρόνος,
1751 676 1989 743 τοσούτῳ
2014 673 2109 726 καὶ
2137 675 2166 725 6

595 779 751 841 τόκος
785 777 915 846 ὑμῖν
956 772 1195 839 αὒξεται.
1246 770 1401 825 Μετά
1450 772 1559 841 γάρ
1596 768 1755 821 τόκου
1800 764 1863 817 τὸ
1905 762 2166 835 ἀργύριον

597 868 752 922 τοῦτο
768 862 1221 933 καταϐαλοῦμεθα
1241 880 1254 892 ·
1283 861 1468 929 ἐπειδὴ
1487 860 1581 913 καί⁵
1600 862 1629 911 6
1650 853 2167 927 παρακαταθέμενος

598 960 729 1013 αὐτὸ
750 956 1025 1025 Δεσπότης
1051 954 1224 1017 οὓτως
1252 952 1526 1007 ἐκέλευσε.
1548 944 1886 1020 Θαρροῦντες
1908 938 2000 996 οὖν
2028 941 2167 1012 ὑπὲρ

598 1050 705 1103 τῶν
739 1045 1187 1116 δεδανεισμένων,
1234 1044 1309 1105 ὡς
1348 1042 1442 1095 καὶ
1473 1038 1566 1092 τοῦ
1596 1034 1891 1106 κεφαλαίου
1932 1032 2027 1087 καὶ
2068 1033 2167 1101 τῆς

596 1138 856 1209 ἐργασίας
910 1135 1180 1207 μενόντων
1229 1133 1377 1205 ὑμῖν,
1422 1130 1484 1183 τδ
1527 1125 1880 1198 παρεμπεσὸν
1930 1125 2168 1194 σήμερον

604 1229 795 1300 κέρδος
844 1227 918 1298 μὴ
976 1224 1459 1297 παραδράμωμεν,
1502 1219 1636 1274 ἀλλά
1662 1214 2169 1287 κατατρυφήσωμεν

608 1319 717 1373 τῶν
748 1319 842 1373 τοῦ
877 1316 1148 1388 μακαρίου
1181 1312 1399 1367 Βαϐύλα
1428 1308 1889 1381 κατορθωμάτων.

670 1455 859 1515 Ὅπως
891 1454 989 1523 μὲν
1019 1445 1111 1504 οὖν
1138 1450 1238 1520 τῆς
1276 1445 1599 1518 Ἐκκλησίας
1631 1442 1870 1513 προέστη
1896 1440 1994 1511 τῆς
2039 1435 2171 1508 παρ’

605 1547 760 1616 ήμῖν.
781 1543 876 1600 καὶ
901 1544 997 1613 τὴν
1015 1540 1163 1612 ἱερὸν
1189 1539 1392 1611 ταύτην
1410 1537 1634 1591 διέσωσε
1657 1531 1814 1597 ναῦν,
1842 1533 1901 1586 ὲν
1923 1528 2171 1601 χειμῶνι,

602 1637 693 1691 καὶ
732 1634 981 1697 κλύδωνι,
1036 1632 1130 1685 καὶ
1183 1630 1414 1701 κύμασι,
1462 1626 1556 1681 καὶ
1595 1627 1727 1695 ὅσην
1781 1622 1917 1694 πρὸς
1955 1618 2175 1690 βασιλέα

600 1726 911 1799 παρρησίαν
949 1723 1279 1789 ἐπεδείξατο,
1317 1720 1413 1775 καὶ
1462 1717 1583 1781 πῶς
1631 1716 1730 1788 τὴν
1764 1713 1941 1785 ψυχὴν
1979 1710 2173 1780 έθηκεν

597 1820 742 1891 ὑπὲρ
776 1818 885 1871 τῶν
919 1814 1229 1888 πρεΰάτων,
1259 1813 1355 1865 xal
1372 1809 1471 1881 τὴν
1505 1807 1780 1879 μακαρίαν
1821 1802 2034 1872 ἐκείνην
2066 1798 2176 1853 ἐδέ-

603 1911 730 1975 ξατο
770 1910 1016 1979 σφαγήν·
1058 1904 1252 1965 ταῦτα,
1284 1902 1379 1956 καὶ
1406 1900 1476 1953 τά
1508 1898 1757 1962 τοιαῦτα,
1792 1896 1904 1957 τοῖς
1942 1890 2177 1962 πρεσόυο

601 2000 782 2069 τέροις
809 1977 916 2051 τῶν
939 1977 1271 2049 διδασκάλων
1288 1990 1382 2044 καὶ
1413 1988 1491 2059 τῷ
1508 1985 1673 2057 κοινῷ
1691 1983 1858 2054 πατρῖ⁸
1878 1979 2001 2054 [τῷ]
2020 1977 2177 2050 ήμῶν

600 2092 891 2162 ἀφήσομεν
922 2089 1117 2140 εἰπεῖν.
1144 2085 1225 2139 Τά
1271 2082 1382 2153 γὰρ
1418 2078 1751 2152 ἀρχαιότερα
1778 2075 1887 2129 τῶν
1913 2069 2175 2143 πραγμά-

602 2161 714 2235 των
738 2183 786 2233 οί
811 2177 1183 2249 γεγηρακότες
1208 2175 1335 2243 ὑμῖν
1354 2171 1606 2225 δύνανταί
1632 2164 1935 2237 διηγεῖσθαι
1963 2161 2140 2225 καλῶς
2159 2177 2174 2193 ο

600 2273 705 2325 ὃσα
735 2270 792 2324 δὲ
818 2269 1013 2322 νεωστί
1042 2266 1257 2335 γέγονε,
1281 2263 1378 2315 καί¹
1418 2262 1511 2315 ἐπὶ
1538 2260 1636 2330 τῆς
1658 2255 1876 2328 ήλικίας
1902 2253 2001 2323 τῆς
2044 2253 2179 2322 ήμε-

603 2361 789 2432 τέρας,
818 2357 989 2412 ταῦτα
1032 2358 1060 2409 6
1087 2355 1205 2417 νέος
1239 2350 1349 2421 ἐγὼ
1384 2349 1519 2420 πρὸς
1552 2347 1696 2417 ὑμᾶς
1728 2344 2081 2413 διηγήσομαι,
2110 2339 2179 2391 τὰ

607 2431 746 2525 μετά
772 2448 1026 2518 τελευτὴν
1047 2446 1213 2515 λέγω,
1243 2444 1313 2496 τά
1346 2441 1483 2513 μετὰ
1509 2439 1607 2509 τὴν
1638 2436 1813 2505 ταφὴν
1846 2431 1940 2486 τοῦ
1977 2431 2179 2501 μάρτυ-

605 2518 721 2617 ρος,
750 2542 820 2597 τά
860 2541 1021 2613 ἡνίκα
1054 2540 1112 2590 ἐν
1155 2536 1231 2606 τῷ
1268 2531 1574 2605 προαστείῳ
1616 2525 1872 2598 διέτρισε.
1914 2525 2024 2579 Kal
2064 2518 2180 2576 οἰδα

608 2613 728 2707 μὲν,
758 2635 839 2687 ὅτι
883 2630 1203 2700 γελάσονται
1242 2626 1340 2695 τὴν
1382 2623 1673 2691 ὑπόσχεσιν
1705 2617 1861 2688 ήμῶν
1900 2613 2177 2683 Ἕλληνες,

605 2703 655 2781 ἐι
704 2723 843 2796 μετά
886 2720 1144 2789 τελευτὴν
1184 2718 1278 2772 καὶ
1324 2712 1499 2783 ταφήν
1534 2712 1603 2764 τά
1643 2710 1736 2762 τοῦ
1783 2707 2048 2777 ταφέντος
2087 2703 2181 2756 xal

605 2794 943 2875 διαλυθέντος
973 2814 1051 2874 εἰς
1084 2808 1233 2862 κόνιν
1265 2800 1672 2873 ὑπισχνούμεθα
1702 2797 1881 2867 λέγειν
1908 2794 2178 2866 ἀνδραγα-

607 2907 857 2977 θήματα·
892 2904 951 2957 οὑ
990 2900 1096 2973 μὴν
1138 2898 1228 2951 διὰ
1252 2896 1410 2949 τοῦτο
1450 2895 1765 2962 σιγήσομεν,
1802 2887 1937 2942 ἀλλά
1980 2884 2074 2938 καὶ
2112 2882 2179 2934 δι’

613 2996 746 3049 αὐτὸ
771 2994 929 3048 τοῦτο
962 2992 1196 3063 μάλιστα
1223 2986 1476 3059 ἐροῦμεν,
1508 2984 1595 3035 ἴνα
1624 2981 1684 3034 τὸ
1706 2976 2003 3050 παράδοξον
2026 2972 2181 3027 τοῦτο

605 3089 877 3155 δείξαντες
916 3084 1152 3154 ἀληθῶς,
1186 3083 1276 3134 τὸν
1306 3077 1517 3147 γέλωτα
1555 3076 1635 3136 εἰς
1655 3074 1751 3142 τὴν
1779 3069 1998 3125 ἐκείνων
2027 3082 2182 3136 περι-

609 3180 897 3253 τρέφωμεν
940 3174 1200 3244 κεφαλήν.
1245 3166 1557 3239 Ἀνθρώπου
1595 3164 1690 3235 μὲν
1720 3161 1827 3231 γάρ
1868 3156 2053 3220 ἀπλῶς
2082 3155 2181 3210 οὐκ

614 3250 680 3326 ἂν
725 3268 936 3338 γένοιτο
966 3261 1367 3333 κατορθώματα
1403 3254 1538 3328 μετὰ
1575 3253 1860 3324 τελευτήνο
1906 3250 2180 3320 μάρτυρος

609 3363 666 3416 δὲ
717 3360 909 3429 γένοιτ’
962 3357 1027 3411 ἂν
1073 3352 1245 3407 πολλὰ
1294 3351 1390 3405 καὶ
1440 3346 1671 3420 μεγάλα,
1706 3346 1803 3413 οὐχ
1841 3343 1925 3395 ἵνα
1975 3342 2183 3402 ἐκεῖνος

610 3428 992 3520 λαμπρότερος
1026 3444 1248 3513 γένηται
1295 3438 1471 3509 (οὐδὲν
1493 3438 1600 3508 γάρ
1630 3434 1776 3505 αὐτῷ
1804 3433 1883 3485 δεῖ
1909 3431 2005 3501 τῆς
2032 3428 2183 3498 παρὰ

616 3545 722 3596 τῶν
749 3531 955 3596 πολλῶν
985 3536 1185 3604 δόξης),
1205 3532 1317 3586 ἀλλ’
1349 3531 1437 3584 ῖνα
1467 3530 1529 3582 σὺ
1566 3526 1743 3597 μάθῃς
1774 3526 1802 3576 6
1835 3523 2080 3587 ἄπιστος,
2102 3521 2183 3573 ὅτι

616 3638 845 3696 θάνατος
908 3628 1197 3701 μαρτύρων
1244 3624 1342 3677 οὐκ
1395 3621 1509 3673 ἐστι
1560 3618 1807 3683 θάνατος,
1856 3614 1989 3668 ἀλλά
2036 3610 2184 3681 ζωῆς

614 3727 881 3799 βελτίονος
898 3720 1038 3791 ἀρχὴ
1060 3716 1153 3771 καὶ
1178 3712 1449 3775 πολιτείας
1471 3706 1989 3779 πνευματικωτέρας
2001 3703 2183 3774 προοί-

622 3795 738 3893 μια,
784 3819 880 3871 καὶ
929 3812 1255 3885 μετάστασις
1308 3804 1414 3860 ἀπὸ
1455 3802 1562 3856 τῶν
1595 3801 1890 3857 ἐλαττόνων
1930 3798 2062 3867 πρὸς
2119 3795 2184 3848 τά

619 3888 830 3983 βελτίω.
856 3908 946 3977 Μὴ
963 3904 1071 3975 γὰρ
1097 3901 1161 3972 δὴ
1183 3897 1339 3952 τοῦτο
1370 3896 1505 3967 ίδῃς,
1522 3895 1603 3946 ὅτι
1626 3893 1830 3961 γυμνὸν
1853 3888 1945 3943 τοῦ
1981 3889 2185 3959 μάρτυ-

622 3981 713 4077 ρος
742 4002 802 4054 τὸ
834 3999 994 4067 σῶμα
1026 3994 1309 4064 πρόκειται
1342 3988 1439 4058 τῆς
1474 3985 1709 4055 ψυχικῆς
1743 3981 2018 4053 ἐνεργείας
2052 3981 2183 4051 ἐρη-

622 4073 755 4167 μον·
786 4090 896 4146 ἀλλ’
933 4090 1109 4140 ἐκεῖνο
1142 4084 1357 4143 σκόπει,
1387 4080 1467 4131 ὅτι
1497 4078 1597 4146 τῆς
1623 4076 1797 4145 ψυχῆς
1828 4073 1996 4143 αὐτῆς
2022 4073 2184 4142 ἐτὲρα

621 4165 1009 4259 παρακάθηται
1058 4174 1258 4247 μείζων
1305 4170 1453 4239 αὑτῴ
1500 4168 1748 4235 δύναμις,
1803 4167 1835 4234 ή
1884 4166 1978 4218 τοῦ
2030 4165 2183 4232 ἁγίου

620 4253 938 4345 Πνεύματος
970 4267 1149 4339 χάρις,
1191 4262 1356 4315 πᾶσιν
1396 4257 1536 4327 ὑπὲρ
1559 4256 1653 4325 τῆς
1682 4254 2028 4313 ἀναστάσεως
2059 4253 2187 4304 ἀπο-

621 4341 955 4437 λογου-μένη,
1006 4358 1075 4410 δι’
1120 4347 1194 4407 ὧν
1246 4346 1659 4418 θαυματοποιεῖ.
1738 4341 1885 4415 [552]
1920 4343 2018 4397 ,Εἰ
2077 4342 2186 4411 γὰρ

620 4460 833 4529 νεκροῖς
855 4445 1179 4521 σώμασικαί
1209 4438 1536 4494 διαλυθεῖσιν
1560 4436 1638 4497 εἰς
1668 4434 1815 4486 κόνιν
1841 4432 2057 4501 μείζονα
2078 4430 2185 4483 τῶν

625 4519 842 4613 ζώντων
889 4519 1142 4594 ἁπάντων
1172 4531 1399 4598 δύναμιν
1422 4528 1449 4577 6
1496 4523 1624 4587 Θεὸς
1661 4523 1973 4593 ἐχαρίσατο,
2008 4519 2187 4590 πολλῷ

621 4638 827 4712 μᾶλλον
853 4635 1036 4695 αὐτοῖς
1066 4630 1211 4700 ζωὴν
1255 4630 1526 4701 χαριεῖται
1550 4624 1741 4697 βελτίω
1770 4625 1868 4693 τῆς
1894 4620 2185 4691 προτέρας,

622 4732 720 4788 καὶ
758 4724 1176 4801 μακαριωτέραν
1223 4720 1364 4774 κατά
1388 4720 1479 4773 τὸν
1516 4717 1625 4771 τῶν
1666 4717 1943 4786 στεφάνων
1978 4715 2185 4786 καιρόν.

625 4826 757 4880 Τίνα
778 4819 871 4877 οὖν
902 4822 1049 4871 ἐστιν
1066 4815 1228 4870 αὐτοῦ
1250 4814 1315 4867 τά
1346 4810 1743 4882 κατορθώματα
1765 4827 1779 4875 ;
1815 4808 1977 4860 Ἀλλά
2009 4809 2084 4878 μὴ
2104 4809 2191 4861 Θο-

630 4915 924 4990 ρυθηθῆτε,
960 4910 1025 4964 ἂν
1063 4908 1254 4980 μικρὸν
1282 4904 1535 4971 ἀνωτέρω
1562 4904 1653 4956 τὸν
1680 4901 1835 4969 λόγον
1872 4900 2188 4969 ἀγάγωμεν.

624 5010 734 5063 Kal
771 5006 881 5076 γὰρ
910 5006 959 5057 οἱ
987 5003 1087 5064 τὰς
1114 4999 1329 5060 εἰκόνας
1356 4996 1618 5061 ἐπιδεῖξαι
1654 4992 1966 5065 βουλόμενοι
1989 4991 2187 5058 καλῶς,

627 5099 825 5172 μικρὸν
841 5099 933 5149 τοῦ
954 5092 1277 5146 πινακίσκου
1297 5088 1422 5150 τοὺς
1445 5086 1746 5156 θεωμένους
1765 5083 2187 5154 ἀποστήσαντες,

624 5191 797 5252 οὑτως
828 5186 994 5247 αὑτὰς
1025 5179 1449 5242 ἐκκαλύπτουσι,
1502 5176 1841 5247 σαφεστέραν
1869 5173 1947 5245 τῷ
1968 5175 2189 5244 διαστή-

629 5299 759 5353 ματι
798 5277 1075 5337 ποιοῦντες
1106 5273 1206 5341 τὴν
1235 5271 1356 5341 δψιν
1390 5270 1594 5334 αὐτοῖς.
1650 5269 1971 5340 Ἀνάσχεσθε
2016 5267 2193 5322 τοίνυν

623 5374 717 5425 καὶ
758 5371 915 5439 ὑμεῖς
954 5368 1031 5428 είς
1067 5362 1308 5416 τούπίσω
1348 5360 1440 5413 τὸν
1472 5360 1628 5428 λόγον
1660 5359 1989 5413 ἀνελκόντων
2014 5359 2189 5430 ήμῶν.

707 5501 924 5571 Ἐπειδὴ
954 5499 1058 5569 γὰρ
1090 5499 1117 5549 ὁ
1151 5496 1357 5558 πάντας
1390 5492 1619 5563 ἀσεϐείᾳ
1644 5495 1870 5563 νικήσας
1907 5493 2192 5557 Ἰουλιανὸς

624 5594 791 5665 ἀνέὸη
843 5594 933 5646 ἐπὶ
963 5593 1053 5644 τὸν
1085 5591 1273 5661 θρόνον
1320 5590 1411 5643 τὸν
1458 5587 1758 5658 βασιλικὸν,
1788 5590 1881 5642 καὶ
1916 5588 2026 5641 τῶν
2060 5591 2193 5662 σκή-

631 5703 812 5756 πτρων
841 5682 1133 5737 ἐπελάϐετο
1159 5682 1266 5735 τῶν
1304 5678 1659 5742 δεσποτικῶν,
1693 5680 1893 5744 εὐθέως
1920 5680 2015 5734 καὶ
2052 5682 2193 5735 κατά

623 5776 722 5828 τοῦ
756 5774 1112 5847 πεποιηκότος
1140 5774 1297 5830 αὐτὸν
1334 5774 1433 5840 τάς
1459 5775 1646 5845 χεῖρας
1669 5773 1871 5847 ἀντῆρε
1907 5773 2064 5840 Θεοῦ,
2094 5775 2191 5829 καὶ

1288 388 1344 443 S.
1384 385 1670 444 10lele
1708 384 2199 443 CIIRYSOSTOMI
2236 383 2560 440 ARCHIEP.
2603 382 3152 441 CONSTANTINOP.

3729 365 3833 425 530

2263 492 2355 546 τὸν
2380 491 2673 563 εὐεργέτην
2690 488 2945 557 ἠγνόησε,
2968 487 3059 539 καὶ
3080 482 3323 539 κάτωθεν
3338 481 3559 551 ἀπὺτῆς
3578 482 3835 554 γῆςπρδε

2263 583 2354 635 τὸν
2379 581 2606 652 οὐρανὸν
2638 580 2849 650 βλέπων
2890 578 3111 631 ὑλάκτει
3148 572 3291 627 κατά
3320 573 3444 635 τοὺς
3477 570 3834 641 μαινομένους

2262 673 2371 727 τῶν
2400 672 2599 732 κυνῶν,
2629 671 2677 722 οἳ
2702 669 2797 722 καί
2838 666 2947 719 τῶν
2980 665 3053 736 μὴ
3078 663 3411 735 τρεφόντων,
3444 661 3539 713 καὶ
3564 659 3675 712 τῶν
3708 676 3833 731 τρε-

2264 764 2472 833 φόντων
2519 760 2718 832 ὁμοίως
2767 755 3108 811 καταῦοῶσιι
3146 753 3345 824 μᾶλλον
3394 751 3451 804 δέ
3484 751 3583 802 καὶ
3612 749 3835 804 ἐκείνων

2265 853 2605 925 ἀγριωτέραν
2633 850 2808 921 ἐμάνη
2845 847 3062 919 μανίαν.
3103 846 3166 896 Οί
3203 842 3301 913 μὲν
3331 842 3439 911 γὰρ
3476 841 3573 894 καὶ
3604 840 3731 902 τοὺς
3763 839 3828 891 οί-

2264 944 2445 1006 κείους
2483 944 2581 996 καὶ
2631 943 2757 1003 τοὺς
2805 936 3117 1007 ἀλλοτρίους
3158 933 3361 1003 ὁμοίως
3400 930 3839 1001 ἀποστρέφονται

2268 1038 2362 1090 καί
2388 1035 2634 1105 μισοῦσιν
2653 1053 2664 1064 ’
2693 1026 2847 1094 οὑτος
2864 1030 2921 1085 δέ
2945 1030 3071 1090 τοὺς
3094 1025 3191 1096 μὲν
3214 1023 3529 1093 ἀλλοτρίους
3541 1022 3646 1091 τῆς
3674 1019 3839 1074 αὐτοῦ

2271 1104 2543 1191 σωτηρίας
2576 1118 2833 1188 δαίμονας
2863 1116 3066 1177 έσαινε,
3096 1111 3188 1164 καὶ
3220 1109 3385 1163 παντὶ
3402 1106 3703 1176 θεραπείας
3735 1104 3860 1158 ἐθε-

2272 1210 2478 1283 ράπευε
2506 1209 2728 1279 τρόπῳο
2761 1206 2851 1260 τὸν
2879 1206 2936 1257 δὲ
2974 1201 3291 1273 εὐεργέτην,
3336 1197 3430 1251 καί
3472 1195 3718 1265 σωτῆρα,
3752 1193 3842 1246 καὶ

2273 1281 2407 1373 μηδὲ
2426 1297 2520 1352 τοῦ
2553 1294 2889 1364 Μονογενοῦς
2917 1291 3243 1361 φεισάμενον
3263 1286 3330 1340 δι’
3357 1285 3537 1347 αὐτὸν,
3562 1281 3857 1351 ἀπεστρά.

2270 1409 2367 1462 φη,
2395 1391 2491 1445 καὶ
2529 1388 2732 1459 ἐμίσει,
2765 1386 2859 1439 καὶ
2882 1384 2974 1436 τὸν
3003 1379 3235 1451 σταυρὸν
3261 1378 3495 1447 διέσυρε,
3526 1376 3790 1446 πρᾶγμα,
3818 1375 3849 1428 ὃ

2269 1487 2369 1556 τὴν
2399 1482 2725 1553 οἰκουμένην
2774 1480 2859 1532 ἐπ’
2888 1477 3010 1547 δψιν
3057 1474 3320 1545 κειμένην
3346 1471 3635 1540 ἀνέστησε,
3660 1468 3761 1522 καὶ
3789 1466 3856 1521 τδ

2274 1579 2465 1641 σκότος
2512 1574 2777 1628 πάντοθεν
2813 1570 3084 1640 ἀπήλασε,
3137 1562 3370 1619 καὶτῶν
3422 1559 3658 1615 ἀκτίνων
3719 1558 3849 1628 ήμῖν

2271 1668 2654 1740 λαμπρότερον
2692 1664 2954 1732 εἰσήγαγε
2998 1658 3134 1728 φῶς.
3165 1656 3274 1709 Καὶ
3304 1652 3426 1706 οὐδὲ
3472 1648 3716 1704 ἐνταῦθα
3752 1649 3851 1716 τῆς

2278 1735 2477 1830 μανίας
2499 1735 2707 1817 ἵστατο,
2741 1751 2854 1804 ἀλλ’
2892 1752 2957 1803 ἐκ
2994 1747 3164 1818 μέσης
3189 1738 3605 1813 ἀναρπάσεσθαι
3645 1738 3749 1805 τῆς
3776 1735 3849 1788 οι·

2274 1825 2545 1922 κουμένης
2580 1848 2639 1901 τὸ
2669 1846 2778 1899 τῶν
2806 1841 3106 1896 Γαλιλαίων
3134 1837 3282 1899 ἔθνος
3322 1830 3728 1901 ἐπηγγέλλετο·
3759 1825 3858 1879 καὶ

2274 1920 2389 2014 γὰρ
2417 1941 2587 1999 οὕτως
2621 1938 2767 2007 ήμᾶς
2800 1932 2982 1986 εἰώθει
3024 1929 3228 1983 καλεῖν.
3265 1925 3459 1979 Καίτοι
3494 1923 3543 1974 εἰ
3573 1920 3639 1972 τὸ
3680 1920 3857 1987 ὄνομα

2275 2007 2384 2087 τῶν
2423 2014 2764 2100 Χριστιανῶν
2798 2022 2966 2095 μύσος
2995 2017 3134 2074 εἶναι
3164 2012 3402 2086 ἐνόμιζε,
3430 2012 3525 2065 καὶ
3558 2007 3768 2077 πολλῆς
3795 2008 3859 2063 τὸ

2278 2098 2510 2195 πρᾶγμα
2535 2120 2726 2189 γέμειν
2754 2113 3038 2185 αἰσχύνης,
3066 2111 3207 2171 τίνος
3248 2106 3435 2159 ἕνεκεν
3458 2103 3559 2156 οὐκ
3601 2098 3859 2154 ἐντεῦθεν

2276 2190 2448 2288 ἡμᾶς,
2497 2212 2610 2267 ἀλλ’
2647 2209 2871 2278 ὀνόματι
2922 2204 3058 2273 ξένῳ
3120 2196 3502 2268 καταισχύνειν
3548 2190 3858 2259 ἐπεθύμεις

2288 2282 2449 2363 iam
2464 2308 2573 2378 γάρ
2597 2305 2714 2376 ᾔδει
2742 2298 2949 2369 σαφῶς,
2972 2293 3131 2348 ὅτιτὸ
3148 2288 3429 2345 καλεῖσθαι
3458 2286 3567 2340 ἀπὸ
3587 2284 3692 2353 τῆς
3720 2282 3862 2351 πρὸς

2276 2403 2367 2456 τὸν
2398 2372 2631 2471 Χριστὸν
2654 2394 3001 2452 οἰκειώσεως,
3030 2386 3130 2440 οὐκ
3160 2379 3468 2455 ἀνθρώποις
3501 2376 3688 2447 μόνον,
3720 2372 3862 2426 ἀλλά

2277 2496 2369 2549 καὶ
2410 2465 2679 2561 ἀγγέλοις,
2710 2486 2807 2541 καλ⁵
2832 2485 2951 2545 ταῖς
2978 2477 3233 2546 ἀνωτέρω
3261 2473 3523 2541 δυνάμεσι
3559 2468 3738 2539 μέγας
3765 2465 3861 2517 κό-

2281 2605 2415 2659 σμος
2438 2557 2572 2638 ἐστί.
2603 2582 2701 2633 Διά
2723 2577 2880 2631 τοῦτο
2905 2573 3080 2627 πάντα
3105 2568 3295 2629 ἐκίνει,
3321 2564 3459 2618 ὥστε
3489 2561 3683 2614 τοῦτον
3708 2557 3863 2628 ἡμᾶς

2280 2650 2619 2747 ἀποσυλῆσαι
2648 2673 2740 2724 τὸν
2774 2668 3001 2737 κόσμον,
3030 2662 3124 2716 καὶ
3154 2654 3451 2713 καταλῦσαι
3480 2651 3542 2704 τὸ
3568 2650 3862 2719 κήρυγμα.

2294 2769 2455 2825 Ἀλλά
2509 2738 2667 2820 τοῦτο
2714 2761 2995 2831 ἀμήχανον
3039 2748 3129 2824 ἦν,
3178 2748 3329 2803 ἀθλιε
3371 2745 3467 2797 καὶ
3516 2738 3861 2807 ταλαίπωρε,

2278 2864 2470 2931 ὥσπερ
2499 2859 2778 2928 ἀμήχανον
2823 2848 2890 2919 ἦν
2932 2841 3283 2911 κατασκάψαι
3308 2837 3418 2891 τὸν
3458 2831 3713 2905 οὐρανὸν,
3766 2827 3864 2882 καὶ

2282 2924 2471 3007 σϐέσαι
2500 2924 2793 3015 τόν-ἥλιον,
2822 2942 2915 2993 καὶ
2958 2938 3026 2991 τά
3069 2932 3297 3005 θεμέλια
3326 2929 3427 2999 τῆς
3455 2926 3560 2996 γῆς
3585 2924 3865 2977 διασεῖσαι

2280 3046 2376 3100 καὶ
2402 3010 2747 3097 καταϐαλεῖν.
2767 3033 2875 3089 Kal
2895 3031 3068 3085 ταῦτα
3089 3019 3543 3098 προανεφώνησεν
3571 3017 3599 3067 6
3623 3010 3864 3082 Χριστὸς

2282 3137 2454 3199 οὑτως
2479 3132 2673 3187 εἰπών·
2723 3129 2785 3181 '0
2831 3120 3087 3193 οὐρανός
3126 3116 3287 3183 καίὴ
3320 3112 3396 3182 Tn”
3446 3106 3866 3178 παρελεύσον-

2282 3246 2408 3284 ται·
2434 3195 2485 3282 οὶ
2512 3226 2578 3279 δὲ
2603 3224 2770 3291 λόγοι
2796 3236 2914 3287 μου
2940 3219 3011 3270 οὐ
3037 3211 3122 3281 μὴ
3152 3207 3553 3276 παρέλθωσιν.
3596 3196 3742 3251 Ἀλλ’
3766 3195 3864 3278 οὐκ

2282 3274 2568 3391 ἀῦέχη
2604 3274 2841 3381 λίρίστσῦ
2878 3274 3129 3373 λέγοντος
3152 3318 3167 3331 ⁸
3194 3274 3387 3353 οὐκοῦν
3413 3294 3569 3362 δέχου
3615 3288 3719 3359 τὴν
3756 3274 3866 3339 ἀπὸ

2280 3376 2579 3480 τῶνωπραγ
2592 3376 2773 3476 μάτων
2809 3400 3011 3468 φωνήν.
3057 3391 3197 3461 Ἐγὼ
3234 3388 3331 3460 μὲν
3357 3385 3465 3455 γὰρ
3499 3376 3866 3442 καταξιωθεις

2283 3469 2502 3563 εἰδέναι..
2534 3469 2748 3553 τί-ποτέ
2783 3497 2928 3546 ἐστιν
2965 3486 3239 3555 ἀπόφασις
3265 3478 3425 3543 Θεοῦ,
3471 3474 3590 3535 πῶς
3616 3469 3866 3540 ἰσχυρὸν,

2284 3559 2377 3649 καὶ
2408 3559 2619 3664 ἄμαχον
2660 3586 2910 3657 πρᾶγμα,
2949 3579 3045 3632 καὶ
3084 3576 3185 3645 τῆς
3224 3570 3461 3641 φυσικῆς
3507 3559 3865 3622 ἀκολουθίας,

2284 3689 2378 3743 καὶ
2401 3654 2498 3755 της
2526 3654 2634 3735 τῶν
2665 3654 3005 3747 πραγμάτων
3053 3666 3250 3736 πείρας
3292 3660 3509 3713 πάντων
3547 3654 3868 3733 ἀξιοπιστο-

2282 3744 2670 3851 τέρανιταὺτην
2698 3744 2835 3822 εἶναι
2868 3761 3207 3818 πεπίστευκα
3226 3770 3239 3786 ⁸
3267 3754 3330 3806 σὺ
3357 3751 3415 3805 δὲ
3435 3752 3464 3802 ό
3492 3744 3868 3835 χαμαισυρό-

2287 3831 2447 3943 μένος
2483 3868 2583 3929 έτι,
2629 3831 2723 3917 καὶ
2764 3857 2900 3930 πρὸς
2928 3848 3206 3920 λογισμῶν
3240 3840 3575 3911 ἐπτοημένος
3614 3831 3869 3900 ἐξέτασιν

2284 3928 2665 4030 ἀνθρωπίνων,
2693 3928 2848 4019 δέχου
2886 3944 2984 4013 τὴν
3014 3939 3119 3994 ἀπὸ
3148 3935 3258 3988 τῶν
3287 3945 3433 4030 πραγ
3442 3928 3625 4001 μάτων
3654 3938 3868 3995 μαρτυ-

2290 4021 2434 4124 ρίαν·
2476 4047 2628 4100 οὐδὲν
2655 4040 2940 4105 ἀντιλέγω,
2975 4031 3095 4086 οὐδὲ
3123 4021 3431 4097 φιλονεικῶ.

2360 4139 2507 4214 [555]
2538 4137 2604 4208 β’.
2641 4134 2704 4187 Τί
2724 4126 2815 4185 οὖν
2843 4128 2989 4195 λέγει
3010 4124 3078 4176 τά
3100 4119 3439 4191 πράγματα;
3471 4106 3638 4163 Εἶπεν
3666 4106 3694 4158 6
3725 4105 3868 4174 Χρι-

2288 4197 2428 4298 στδς,
2446 4197 2526 4285 ὅτι
2538 4197 2636 4282 ’τὸν
2658 4222 2883 4295 οὐρανὸν
2901 4217 2993 4271 καὶ
3012 4215 3111 4285 τὴν
3126 4212 3228 4280 γῆν
3248 4202 3544 4261 ἀπολέσθαι
3572 4197 3867 4251 εὐκολώτεο

2289 4345 2401 4401 ρον,
2419 4327 2452 4395 ἢ
2479 4322 2587 4375 τῶν
2614 4314 2779 4372 αὐτοῦ
2802 4309 3079 4371 διαπεσεῖν
3100 4317 3223 4357 τινα
3246 4299 3439 4365 λόγων·
3458 4288 3867 4358 ἀντεφθέγξατο

3012 4400 3015 4401 ,
3088 4398 3098 4401 _
3197 4392 3227 4401 η
3436 4388 3447 4401 ,
3599 4386 3607 4401 ,
3634 4398 3679 4401 μ
3799 4381 3865 4401 _L

2285 4381 2497 4480 τούτοις
2529 4416 2556 4466 6
2609 4406 2883 4481 βασιλεὺς,
2937 4400 3033 4454 καὶ
3080 4392 3375 4465 ἠπείλησεν
3424 4386 3739 4453 ἀναιρήσειν
3795 4381 3866 4432 τὰ

2285 4471 2552 4579 δόγματα.
2592 4471 2702 4555 Ποῦ
2737 4492 2830 4550 οῦν
2863 4495 2891 4546 6
2940 4485 3190 4559 βασιλεὺς
3228 4483 3257 4534 6
3303 4477 3475 4531 ταῦτα
3519 4471 3865 4540 ἀπειλήσας;

2300 4562 2587 4659 ίᾸπόλωλε,
2630 4592 2723 4645 καὶ
2758 4584 3096 4655 διέφθαρται,
3131 4577 3225 4629 καὶ
3273 4571 3367 4626 νῦν
3405 4571 3552 4621 ἐστιν
3602 4564 3681 4626 εἰς
3734 4562 3867 4630 ᾅδου

2288 4696 2386 4764 τὴν
2420 4656 2790 4757 ἀπαραίτητον
2822 4673 3106 4744 ἀναμένων
3146 4666 3387 4722 κόλασιν.
3434 4659 3545 4714 Ποῦ
3575 4659 3631 4711 δέ
3671 4657 3700 4708 6
3728 4656 3869 4724 Χρι-

2292 4746 2433 4845 στὸς,
2464 4782 2492 4831 6
2517 4746 2699 4829 ἐκεῖνα
2724 4766 3176 4837 ἀποφηνάμενος;
3220 4758 3309 4810 Ἑν
3331 4753 3600 4825 οὐρανοῖς,
3628 4750 3686 4800 ἐν
3712 4746 3871 4816 δεξιᾷ

2291 4873 2380 4928 τοῦ
2395 4837 2624 4938 -Πατρὸς
2647 4864 2738 4917 τὸν
2776 4858 3108 4928 ὑψηλότατον
3146 4850 3244 4919 τῆς
3269 4846 3437 4914 δόξης
3470 4841 3714 4909 κατέχων
3739 4837 3871 4906 θρό-

2288 4980 2399 5017 νον.
2448 4929 2557 5013 Ποῦ
2599 4929 2692 5008 τοῦ
2728 4949 2987 5022 βασιλέως
3022 4945 3091 4996 τὰ
3123 4942 3414 5013 βλάσφημα
3443 4936 3681 5003 ῥήματα,
3705 4929 3802 4981 καὶ
3831 4930 3867 4998 ή

2290 5049 2586 5110 ἀκόλαστος
2624 5017 2872 5111 γλῶττα;
2919 5037 3109 5104 Τέφρα
3155 5029 3367 5097 γέγονε,
3416 5023 3509 5077 καὶ
3557 5020 3725 5082 κόνις,
3764 5017 3866 5070 καὶ

2292 5139 2586 5208 σκωλήκων
2606 5131 2801 5202 τροφή.
2833 5124 2943 5182 Ποῦ
2972 5124 3064 5179 τοῦ
3095 5117 3379 5193 Χριστοῦή
3399 5114 3669 5181 ἀπόφασις
3693 5126 3707 5174 ;
3737 5110 3862 5161 Ἀπ’

2291 5200 2471 5301 αὐτῆς.
2502 5226 2607 5281 τῶν
2637 5200 2975 5295 πραγμάτων
3002 5216 3208 5282 λάμπει
3238 5212 3336 5278 τῆς
3366 5204 3643 5275 ἀληθείας,
3670 5200 3864 5269 ῶσπερ

2290 5288 2650 5384 ἀπὸμστήλης
2684 5288 2897 5381 *χρυσῆς
2935 5306 3034 5375 τῆς
3065 5302 3173 5355 τῶν
3222 5300 3396 5369 έργων
3424 5294 3702 5355 ἐκϐάσεως
3755 5288 3865 5343 ἀπ-

2291 5379 2901 5480 απράπτουσα.Καίτοι
2923 5396 3073 5449 οὐδὲν
3090 5393 3206 5445 τότε
3224 5387 3521 5458 παρέλιπεν
3538 5385 3567 5436 6
3590 5379 3861 5453 βασιλεὺς,

2292 5471 2543 5569 τὸνπρὺς
2569 5497 2716 5567 ἡμᾶς
2767 5490 2976 5562 μέλλων
3011 5483 3262 5556 αἴρεσθαι
3306 5478 3537 5546 πόλεμον
3562 5491 3573 5504 ·
3608 5472 3742 5527 ἀλλὰ
3770 5471 3863 5523 xal

2297 5564 2521 5664 μάντεις
2556 5564 2759 5648 ἐκάλει,
2799 5583 2890 5639 καὶ¹
2928 5578 3125 5647 γόητας
3164 5566 3492 5641 συνεκρότει,
3538 5564 3632 5619 καὶ
3682 5564 3863 5616 πάντα

2291 5655 2359 5755 ἦν
2390 5681 2656 5751 δαιμόνων
2687 5672 2858 5746 μεστά
2896 5670 2990 5724 καὶ
3022 5662 3347 5735 πνευμάτων
3377 5655 3650 5728 πονηρῶν.

2369 5744 2524 5834 Τίνες
2552 5766 2641 5824 οὖν
2674 5744 2728 5821 αἱ
2755 5767 2853 5829 τῆς
2896 5760 3191 5828 θεραπείας
3232 5753 3437 5821 ταύτης
3469 5747 3722 5819 ἀμοιὸαί;
3755 5744 3865 5799 Πό-
