  <div class='ocr_page' id='page_1' title='image "/cluster/home/n/w/nwhite01/storage/ocr_20150623/50/ien.35556001660778/128.png"; bbox 0 0 4082 6416; ppageno 0'>
   <div class='ocr_carea' id='block_1_1' title="bbox 189 422 300 479">
    <p class='ocr_par' dir='ltr' id='par_1_1' title="bbox 189 422 300 479">
     <span class='ocr_line' id='line_1_1' title="bbox 189 422 300 479; baseline 0 0"><span class='ocrx_word' id='word_1_1' title='bbox 189 422 300 479; x_wconf 75' lang='lat'><strong>5‘29</strong></span> 
     </span>
    </p>
   </div>
   <div class='ocr_carea' id='block_1_2' title="bbox 185 531 1785 621">
    <p class='ocr_par' dir='ltr' id='par_1_2' title="bbox 185 531 1785 621">
     <span class='ocr_line' id='line_1_2' title="bbox 185 531 1785 621; baseline -0.011 -20"><span class='ocrx_word' id='word_1_2' title='bbox 185 549 331 621; x_wconf 84' lang='lat' dir='ltr'><strong>quod</strong></span> <span class='ocrx_word' id='word_1_3' title='bbox 366 544 631 620; x_wconf 80' lang='lat' dir='ltr'><strong>splendidi</strong></span> <span class='ocrx_word' id='word_1_4' title='bbox 673 545 786 598; x_wconf 88' lang='lat' dir='ltr'><strong>oris</strong></span> <span class='ocrx_word' id='word_1_5' title='bbox 812 540 1072 613; x_wconf 89' lang='lat' dir='ltr'><strong>dignitate</strong></span> <span class='ocrx_word' id='word_1_6' title='bbox 1110 552 1207 593; x_wconf 88' lang='lat' dir='ltr'><strong>nos</strong></span> <span class='ocrx_word' id='word_1_7' title='bbox 1234 536 1299 590; x_wconf 91' lang='lat' dir='ltr'><strong>ad</strong></span> <span class='ocrx_word' id='word_1_8' title='bbox 1344 539 1403 591; x_wconf 86' lang='lat' dir='ltr'><strong>se</strong></span> <span class='ocrx_word' id='word_1_9' title='bbox 1437 531 1785 590; x_wconf 81' lang='lat' dir='ltr'><strong>converterit.</strong></span> 
     </span>
    </p>
   </div>
   <div class='ocr_carea' id='block_1_3' title="bbox 183 625 1794 713">
    <p class='ocr_par' dir='ltr' id='par_1_3' title="bbox 183 625 1794 713">
     <span class='ocr_line' id='line_1_3' title="bbox 183 625 1794 713; baseline -0.012 -16"><span class='ocrx_word' id='word_1_10' title='bbox 183 643 261 697; x_wconf 83' lang='lat' dir='ltr'><strong>Ne</strong></span> <span class='ocrx_word' id='word_1_11' title='bbox 282 642 443 713; x_wconf 77' lang='lat' dir='ltr'><strong>igitur</strong></span> <span class='ocrx_word' id='word_1_12' title='bbox 470 654 613 710; x_wconf 73' lang='lat' dir='ltr'><strong>aegre.</strong></span> <span class='ocrx_word' id='word_1_13' title='bbox 635 636 838 697; x_wconf 76' lang='lat' dir='ltr'><strong>feratis,</strong></span> <span class='ocrx_word' id='word_1_14' title='bbox 873 634 917 688; x_wconf 90' lang='lat' dir='ltr'><strong>si</strong></span> <span class='ocrx_word' id='word_1_15' title='bbox 945 631 1172 687; x_wconf 81' lang='lat' dir='ltr'><strong>reddere</strong></span> <span class='ocrx_word' id='word_1_16' title='bbox 1198 628 1543 683; x_wconf 78' lang='lat' dir='ltr'><strong>differamus:</strong></span> <span class='ocrx_word' id='word_1_17' title='bbox 1573 625 1794 679; x_wconf 88' lang='lat' dir='ltr'><strong>omnino</strong></span> 
     </span>
    </p>
   </div>
   <div class='ocr_carea' id='block_1_4' title="bbox 178 716 1791 805">
    <p class='ocr_par' dir='ltr' id='par_1_4' title="bbox 178 716 1791 805">
     <span class='ocr_line' id='line_1_4' title="bbox 178 716 1791 805; baseline -0.012 -16"><span class='ocrx_word' id='word_1_18' title='bbox 178 736 332 789; x_wconf 86' lang='lat' dir='ltr'><strong>enim</strong></span> <span class='ocrx_word' id='word_1_19' title='bbox 370 742 571 805; x_wconf 87' lang='lat' dir='ltr'><strong>quanto</strong></span> <span class='ocrx_word' id='word_1_20' title='bbox 599 726 929 798; x_wconf 77' lang='lat' dir='ltr'><strong>protrahitur</strong></span> <span class='ocrx_word' id='word_1_21' title='bbox 962 736 1172 793; x_wconf 87' lang='lat' dir='ltr'><strong>tempus</strong></span> <span class='ocrx_word' id='word_1_22' title='bbox 1198 721 1428 791; x_wconf 80' lang='lat' dir='ltr'><strong>longius,</strong></span> <span class='ocrx_word' id='word_1_23' title='bbox 1459 729 1610 774; x_wconf 87' lang='lat' dir='ltr'><strong>tanto</strong></span> <span class='ocrx_word' id='word_1_24' title='bbox 1638 716 1791 770; x_wconf 82' lang='lat' dir='ltr'><strong>vobis</strong></span> 
     </span>
    </p>
   </div>
   <div class='ocr_carea' id='block_1_5' title="bbox 178 808 1788 891">
    <p class='ocr_par' dir='ltr' id='par_1_5' title="bbox 178 808 1788 891">
     <span class='ocr_line' id='line_1_5' title="bbox 178 808 1788 891; baseline -0.01 -12"><span class='ocrx_word' id='word_1_25' title='bbox 178 835 233 879; x_wconf 86' lang='lat' dir='ltr'><strong>et</strong></span> <span class='ocrx_word' id='word_1_26' title='bbox 264 825 448 882; x_wconf 73' lang='lat' dir='ltr'><strong>faenus</strong></span> <span class='ocrx_word' id='word_1_27' title='bbox 476 827 730 891; x_wconf 91' lang='lat' dir='ltr'><strong>augetur:</strong></span> <span class='ocrx_word' id='word_1_28' title='bbox 751 833 872 872; x_wconf 91' lang='lat' dir='ltr'><strong>nam</strong></span> <span class='ocrx_word' id='word_1_29' title='bbox 901 815 1180 887; x_wconf 90' lang='lat' dir='ltr'><strong>pecuniam</strong></span> <span class='ocrx_word' id='word_1_30' title='bbox 1210 828 1329 867; x_wconf 89' lang='lat' dir='ltr'><strong>cum</strong></span> <span class='ocrx_word' id='word_1_31' title='bbox 1348 811 1557 867; x_wconf 64' lang='lat' dir='ltr'><strong>faenore</strong></span> <span class='ocrx_word' id='word_1_32' title='bbox 1585 808 1788 879; x_wconf 85' lang='lat' dir='ltr'><strong>persol-</strong></span> 
     </span>
    </p>
   </div>
   <div class='ocr_carea' id='block_1_6' title="bbox 179 899 1789 981">
    <p class='ocr_par' dir='ltr' id='par_1_6' title="bbox 179 899 1789 981">
     <span class='ocr_line' id='line_1_6' title="bbox 179 899 1789 981; baseline -0.009 -13"><span class='ocrx_word' id='word_1_33' title='bbox 179 930 377 970; x_wconf 87' lang='lat' dir='ltr'><strong>vemus</strong></span> <span class='ocrx_word' id='word_1_34' title='bbox 404 911 553 981; x_wconf 86' lang='lat' dir='ltr'><strong>(Luc.</strong></span> <span class='ocrx_word' id='word_1_35' title='bbox 586 910 670 966; x_wconf 83' lang='lat' dir='ltr'><strong>l9.</strong></span> <span class='ocrx_word' id='word_1_36' title='bbox 696 907 826 979; x_wconf 69' lang='lat'><strong>25);</strong></span> <span class='ocrx_word' id='word_1_37' title='bbox 859 904 1076 977; x_wconf 93' lang='lat' dir='ltr'><strong>quando</strong></span> <span class='ocrx_word' id='word_1_38' title='bbox 1103 905 1173 958; x_wconf 88' lang='lat' dir='ltr'><strong>ita</strong></span> <span class='ocrx_word' id='word_1_39' title='bbox 1203 903 1459 957; x_wconf 88' lang='lat' dir='ltr'><strong>Dmninus</strong></span> <span class='ocrx_word' id='word_1_40' title='bbox 1495 901 1677 970; x_wconf 84' lang='lat' dir='ltr'><strong>jussit,</strong></span> <span class='ocrx_word' id='word_1_41' title='bbox 1701 899 1789 967; x_wconf 90' lang='lat' dir='ltr'><strong>qui</strong></span> 
     </span>
    </p>
   </div>
   <div class='ocr_carea' id='block_1_7' title="bbox 175 991 1790 1065">
    <p class='ocr_par' dir='ltr' id='par_1_7' title="bbox 175 991 1790 1065">
     <span class='ocr_line' id='line_1_7' title="bbox 175 991 1790 1065; baseline -0.011 -2"><span class='ocrx_word' id='word_1_42' title='bbox 175 1018 387 1064; x_wconf 72' lang='lat' dir='ltr'><strong>nostrae</strong></span> <span class='ocrx_word' id='word_1_43' title='bbox 418 1006 560 1060; x_wconf 89' lang='lat' dir='ltr'><strong>illam</strong></span> <span class='ocrx_word' id='word_1_44' title='bbox 588 1001 709 1057; x_wconf 85' lang='lat' dir='ltr'><strong>ﬁdei</strong></span> <span class='ocrx_word' id='word_1_45' title='bbox 733 1000 1026 1056; x_wconf 89' lang='lat' dir='ltr'><strong>commisit.</strong></span> <span class='ocrx_word' id='word_1_46' title='bbox 1084 997 1139 1051; x_wconf 92' lang='lat' dir='ltr'><strong>In</strong></span> <span class='ocrx_word' id='word_1_47' title='bbox 1182 1006 1293 1051; x_wconf 92' lang='lat' dir='ltr'><strong>tuto</strong></span> <span class='ocrx_word' id='word_1_48' title='bbox 1324 1009 1454 1065; x_wconf 87' lang='lat' dir='ltr'><strong>ergo</strong></span> <span class='ocrx_word' id='word_1_49' title='bbox 1480 1010 1591 1049; x_wconf 90' lang='lat' dir='ltr'><strong>rem</strong></span> <span class='ocrx_word' id='word_1_50' title='bbox 1617 991 1790 1048; x_wconf 83' lang='lat' dir='ltr'><strong>credi-</strong></span> 
     </span>
    </p>
   </div>
   <div class='ocr_carea' id='block_1_8' title="bbox 174 1082 1787 1158">
    <p class='ocr_par' dir='ltr' id='par_1_8' title="bbox 174 1082 1787 1158">
     <span class='ocr_line' id='line_1_8' title="bbox 174 1082 1787 1158; baseline -0.011 -6"><span class='ocrx_word' id='word_1_51' title='bbox 174 1109 288 1152; x_wconf 89' lang='lat' dir='ltr'><strong>tam</strong></span> <span class='ocrx_word' id='word_1_52' title='bbox 327 1096 440 1152; x_wconf 86' lang='lat' dir='ltr'><strong>fore</strong></span> <span class='ocrx_word' id='word_1_53' title='bbox 486 1092 822 1150; x_wconf 81' lang='lat' dir='ltr'><strong>confidentes</strong></span> <span class='ocrx_word' id='word_1_54' title='bbox 847 1132 862 1155; x_wconf 87' lang='lat'><strong>,</strong></span> <span class='ocrx_word' id='word_1_55' title='bbox 901 1096 1088 1158; x_wconf 87' lang='lat' dir='ltr'><strong>utpote</strong></span> <span class='ocrx_word' id='word_1_56' title='bbox 1116 1102 1236 1142; x_wconf 93' lang='lat' dir='ltr'><strong>cum</strong></span> <span class='ocrx_word' id='word_1_57' title='bbox 1283 1100 1401 1139; x_wconf 88' lang='lat' dir='ltr'><strong>sors</strong></span> <span class='ocrx_word' id='word_1_58' title='bbox 1431 1083 1582 1139; x_wconf 89' lang='lat' dir='ltr'><strong>vobis</strong></span> <span class='ocrx_word' id='word_1_59' title='bbox 1606 1091 1660 1137; x_wconf 87' lang='lat' dir='ltr'><strong>et</strong></span> <span class='ocrx_word' id='word_1_60' title='bbox 1703 1082 1787 1136; x_wconf 90' lang='lat' dir='ltr'><strong>lu-</strong></span> 
     </span>
    </p>
   </div>
   <div class='ocr_carea' id='block_1_9' title="bbox 167 1175 1787 1248">
    <p class='ocr_par' dir='ltr' id='par_1_9' title="bbox 167 1175 1787 1248">
     <span class='ocr_line' id='line_1_9' title="bbox 167 1175 1787 1248; baseline -0.01 -4"><span class='ocrx_word' id='word_1_61' title='bbox 167 1205 337 1246; x_wconf 88' lang='lat' dir='ltr'><strong>crum</strong></span> <span class='ocrx_word' id='word_1_62' title='bbox 358 1189 579 1243; x_wconf 90' lang='lat' dir='ltr'><strong>immota</strong></span> <span class='ocrx_word' id='word_1_63' title='bbox 607 1195 663 1241; x_wconf 91' lang='lat' dir='ltr'><strong>et</strong></span> <span class='ocrx_word' id='word_1_64' title='bbox 689 1194 837 1240; x_wconf 91' lang='lat' dir='ltr'><strong>certa</strong></span> <span class='ocrx_word' id='word_1_65' title='bbox 862 1189 1159 1247; x_wconf 89' lang='lat' dir='ltr'><strong>maneant,</strong></span> <span class='ocrx_word' id='word_1_66' title='bbox 1183 1179 1603 1248; x_wconf 86' lang='lat' dir='ltr'><strong>interrepentem</strong></span> <span class='ocrx_word' id='word_1_67' title='bbox 1627 1175 1787 1229; x_wconf 88' lang='lat' dir='ltr'><strong>hodie</strong></span> 
     </span>
    </p>
   </div>
   <div class='ocr_carea' id='block_1_10' title="bbox 167 1270 1787 1353">
    <p class='ocr_par' dir='ltr' id='par_1_10' title="bbox 167 1270 1787 1353">
     <span class='ocr_line' id='line_1_10' title="bbox 167 1270 1787 1353; baseline -0.01 -14"><span class='ocrx_word' id='word_1_68' title='bbox 167 1293 451 1353; x_wconf 64' lang='lat' dir='ltr'><strong>quaastum</strong></span> <span class='ocrx_word' id='word_1_69' title='bbox 478 1296 545 1334; x_wconf 90' lang='lat' dir='ltr'><strong>ne</strong></span> <span class='ocrx_word' id='word_1_70' title='bbox 572 1277 1067 1348; x_wconf 59' lang='lat' dir='ltr'><strong>praetermittamus,</strong></span> <span class='ocrx_word' id='word_1_71' title='bbox 1100 1273 1194 1329; x_wconf 91' lang='lat' dir='ltr'><strong>sed</strong></span> <span class='ocrx_word' id='word_1_72' title='bbox 1224 1272 1498 1343; x_wconf 72' lang='lat' dir='ltr'><strong>praeclaris</strong></span> <span class='ocrx_word' id='word_1_73' title='bbox 1526 1271 1665 1326; x_wconf 79' lang='lat' dir='ltr'><strong>beati</strong></span> <span class='ocrx_word' id='word_1_74' title='bbox 1687 1270 1787 1323; x_wconf 72' lang='lat' dir='ltr'><strong>lia-</strong></span> 
     </span>
    </p>
   </div>
   <div class='ocr_carea' id='block_1_11' title="bbox 168 1369 1067 1447">
    <p class='ocr_par' dir='ltr' id='par_1_11' title="bbox 168 1369 1067 1447">
     <span class='ocr_line' id='line_1_11' title="bbox 168 1369 1067 1447; baseline -0.014 -16"><span class='ocrx_word' id='word_1_75' title='bbox 168 1375 322 1447; x_wconf 73' lang='lat' dir='ltr'><strong>byla:</strong></span> <span class='ocrx_word' id='word_1_76' title='bbox 351 1372 684 1428; x_wconf 79' lang='lat' dir='ltr'><strong>facinoribus</strong></span> <span class='ocrx_word' id='word_1_77' title='bbox 714 1369 1067 1423; x_wconf 88' lang='lat' dir='ltr'><strong>oblcctcmur.</strong></span> 
     </span>
    </p>
   </div>
   <div class='ocr_carea' id='block_1_12' title="bbox 240 1452 1782 1537">
    <p class='ocr_par' dir='ltr' id='par_1_12' title="bbox 240 1452 1782 1537">
     <span class='ocr_line' id='line_1_12' title="bbox 240 1452 1782 1537; baseline -0.01 -17"><span class='ocrx_word' id='word_1_78' title='bbox 240 1463 478 1537; x_wconf 64' lang='lat' dir='ltr'><strong>Babylo:</strong></span> <span class='ocrx_word' id='word_1_79' title='bbox 515 1462 842 1517; x_wconf 63' lang='lat' dir='ltr'><strong>Antiocheam</strong></span> <span class='ocrx_word' id='word_1_80' title='bbox 874 1457 1099 1513; x_wconf 73' lang='lat' dir='ltr'><strong>ecclesia:</strong></span> <span class='ocrx_word' id='word_1_81' title='bbox 1126 1454 1435 1527; x_wconf 65' lang='lat' dir='ltr'><strong>Epist-Opus.</strong></span> <span class='ocrx_word' id='word_1_82' title='bbox 1465 1484 1539 1495; x_wconf 91' lang='lat'><strong>—</strong></span> <span class='ocrx_word' id='word_1_83' title='bbox 1598 1452 1782 1507; x_wconf 80' lang='lat' dir='ltr'><strong>Enim-</strong></span> 
     </span>
    </p>
   </div>
   <div class='ocr_carea' id='block_1_13' title="bbox 166 1544 1782 1625">
    <p class='ocr_par' dir='ltr' id='par_1_13' title="bbox 166 1544 1782 1625">
     <span class='ocr_line' id='line_1_13' title="bbox 166 1544 1782 1625; baseline -0.006 -17"><span class='ocrx_word' id='word_1_84' title='bbox 166 1570 307 1611; x_wconf 82' lang='lat' dir='ltr'><strong>vero</strong></span> <span class='ocrx_word' id='word_1_85' title='bbox 334 1570 443 1625; x_wconf 91' lang='lat' dir='ltr'><strong>quo</strong></span> <span class='ocrx_word' id='word_1_86' title='bbox 474 1562 625 1622; x_wconf 73' lang='lat' dir='ltr'><strong>pacto</strong></span> <span class='ocrx_word' id='word_1_87' title='bbox 649 1548 934 1622; x_wconf 67' lang='lat' dir='ltr'><strong>praefectus</strong></span> <span class='ocrx_word' id='word_1_88' title='bbox 977 1548 1100 1601; x_wconf 85' lang='lat' dir='ltr'><strong>huic</strong></span> <span class='ocrx_word' id='word_1_89' title='bbox 1145 1545 1403 1602; x_wconf 71' lang='lat' dir='ltr'><strong>Ecclesim</strong></span> <span class='ocrx_word' id='word_1_90' title='bbox 1446 1556 1642 1599; x_wconf 79' lang='lat' dir='ltr'><strong>nostra:</strong></span> <span class='ocrx_word' id='word_1_91' title='bbox 1672 1544 1782 1598; x_wconf 85' lang='lat' dir='ltr'><strong>fue-</strong></span> 
     </span>
    </p>
   </div>
   <div class='ocr_carea' id='block_1_14' title="bbox 165 1635 1783 1713">
    <p class='ocr_par' dir='ltr' id='par_1_14' title="bbox 165 1635 1783 1713">
     <span class='ocr_line' id='line_1_14' title="bbox 165 1635 1783 1713; baseline -0.007 -11"><span class='ocrx_word' id='word_1_92' title='bbox 165 1646 264 1713; x_wconf 89' lang='lat' dir='ltr'><strong>rit,</strong></span> <span class='ocrx_word' id='word_1_93' title='bbox 297 1653 356 1701; x_wconf 88' lang='lat' dir='ltr'><strong>et</strong></span> <span class='ocrx_word' id='word_1_94' title='bbox 380 1646 437 1699; x_wconf 88' lang='lat' dir='ltr'><strong>in</strong></span> <span class='ocrx_word' id='word_1_95' title='bbox 462 1643 651 1699; x_wconf 87' lang='lat' dir='ltr'><strong>mediis</strong></span> <span class='ocrx_word' id='word_1_96' title='bbox 677 1641 947 1712; x_wconf 87' lang='lat' dir='ltr'><strong>procellis,</strong></span> <span class='ocrx_word' id='word_1_97' title='bbox 975 1636 1401 1709; x_wconf 84' lang='lat' dir='ltr'><strong>tempestatibus,</strong></span> <span class='ocrx_word' id='word_1_98' title='bbox 1428 1635 1783 1705; x_wconf 53' lang='lat' dir='ltr'><strong>ﬂuctibusque</strong></span> 
     </span>
    </p>
   </div>
   <div class='ocr_carea' id='block_1_15' title="bbox 166 1725 1777 1798">
    <p class='ocr_par' dir='ltr' id='par_1_15' title="bbox 166 1725 1777 1798">
     <span class='ocr_line' id='line_1_15' title="bbox 166 1725 1777 1798; baseline -0.007 -7"><span class='ocrx_word' id='word_1_99' title='bbox 166 1749 385 1794; x_wconf 80' lang='lat' dir='ltr'><strong>sacram</strong></span> <span class='ocrx_word' id='word_1_100' title='bbox 414 1734 554 1788; x_wconf 88' lang='lat' dir='ltr'><strong>hanc</strong></span> <span class='ocrx_word' id='word_1_101' title='bbox 596 1733 773 1787; x_wconf 82' lang='lat' dir='ltr'><strong>navim</strong></span> <span class='ocrx_word' id='word_1_102' title='bbox 804 1730 1037 1786; x_wconf 88' lang='lat' dir='ltr'><strong>servarit</strong></span> <span class='ocrx_word' id='word_1_103' title='bbox 1058 1769 1074 1795; x_wconf 94' lang='lat'><strong>,</strong></span> <span class='ocrx_word' id='word_1_104' title='bbox 1117 1736 1476 1798; x_wconf 88' lang='lat' dir='ltr'><strong>quantamque</strong></span> <span class='ocrx_word' id='word_1_105' title='bbox 1505 1725 1777 1791; x_wconf 83' lang='lat' dir='ltr'><strong>fiduciam,</strong></span> 
     </span>
    </p>
   </div>
   <div class='ocr_carea' id='block_1_16' title="bbox 164 1820 1779 1895">
    <p class='ocr_par' dir='ltr' id='par_1_16' title="bbox 164 1820 1779 1895">
     <span class='ocr_line' id='line_1_16' title="bbox 164 1820 1779 1895; baseline -0.006 -14"><span class='ocrx_word' id='word_1_106' title='bbox 164 1840 296 1882; x_wconf 84' lang='lat' dir='ltr'><strong>cum</strong></span> <span class='ocrx_word' id='word_1_107' title='bbox 326 1827 711 1895; x_wconf 87' lang='lat' dir='ltr'><strong>Imperatorem</strong></span> <span class='ocrx_word' id='word_1_108' title='bbox 741 1822 1126 1892; x_wconf 88' lang='lat' dir='ltr'><strong>alloqueretur,</strong></span> <span class='ocrx_word' id='word_1_109' title='bbox 1150 1834 1261 1890; x_wconf 71' lang='lat' dir='ltr'><strong>prae</strong></span> <span class='ocrx_word' id='word_1_110' title='bbox 1280 1833 1338 1874; x_wconf 89' lang='lat' dir='ltr'><strong>se</strong></span> <span class='ocrx_word' id='word_1_111' title='bbox 1367 1820 1567 1884; x_wconf 88' lang='lat' dir='ltr'><strong>tulerit,</strong></span> <span class='ocrx_word' id='word_1_112' title='bbox 1594 1826 1649 1873; x_wconf 90' lang='lat' dir='ltr'><strong>et</strong></span> <span class='ocrx_word' id='word_1_113' title='bbox 1672 1832 1779 1888; x_wconf 82' lang='lat' dir='ltr'><strong>quo</strong></span> 
     </span>
    </p>
   </div>
   <div class='ocr_carea' id='block_1_17' title="bbox 164 1910 1775 1986">
    <p class='ocr_par' dir='ltr' id='par_1_17' title="bbox 164 1910 1775 1986">
     <span class='ocr_line' id='line_1_17' title="bbox 164 1910 1775 1986; baseline -0.005 -14"><span class='ocrx_word' id='word_1_114' title='bbox 164 1925 333 1986; x_wconf 82' lang='lat' dir='ltr'><strong>pacto</strong></span> <span class='ocrx_word' id='word_1_115' title='bbox 361 1930 464 1986; x_wconf 91' lang='lat' dir='ltr'><strong>pro</strong></span> <span class='ocrx_word' id='word_1_116' title='bbox 493 1915 680 1970; x_wconf 86' lang='lat' dir='ltr'><strong>ovibus</strong></span> <span class='ocrx_word' id='word_1_117' title='bbox 706 1914 940 1968; x_wconf 88' lang='lat' dir='ltr'><strong>animam</strong></span> <span class='ocrx_word' id='word_1_118' title='bbox 966 1927 1117 1981; x_wconf 82' lang='lat' dir='ltr'><strong>suam</strong></span> <span class='ocrx_word' id='word_1_119' title='bbox 1148 1912 1422 1982; x_wconf 91' lang='lat' dir='ltr'><strong>posuerit,</strong></span> <span class='ocrx_word' id='word_1_120' title='bbox 1473 1925 1538 1964; x_wconf 88' lang='lat' dir='ltr'><strong>ac</strong></span> <span class='ocrx_word' id='word_1_121' title='bbox 1566 1910 1775 1965; x_wconf 89' lang='lat' dir='ltr'><strong>beatam</strong></span> 
     </span>
    </p>
   </div>
   <div class='ocr_carea' id='block_1_18' title="bbox 164 1999 1775 2072">
    <p class='ocr_par' dir='ltr' id='par_1_18' title="bbox 164 1999 1775 2072">
     <span class='ocr_line' id='line_1_18' title="bbox 164 1999 1775 2072; baseline -0.005 -10"><span class='ocrx_word' id='word_1_122' title='bbox 164 2009 317 2063; x_wconf 85' lang='lat' dir='ltr'><strong>illam</strong></span> <span class='ocrx_word' id='word_1_123' title='bbox 345 2007 547 2064; x_wconf 73' lang='lat' dir='ltr'><strong>czedem</strong></span> <span class='ocrx_word' id='word_1_124' title='bbox 573 2005 819 2072; x_wconf 86' lang='lat' dir='ltr'><strong>subierit,</strong></span> <span class='ocrx_word' id='word_1_125' title='bbox 850 2004 964 2058; x_wconf 64' lang='lat' dir='ltr'><strong>haec</strong></span> <span class='ocrx_word' id='word_1_126' title='bbox 983 2012 1037 2059; x_wconf 91' lang='lat' dir='ltr'><strong>et</strong></span> <span class='ocrx_word' id='word_1_127' title='bbox 1064 2002 1166 2056; x_wconf 88' lang='lat' dir='ltr'><strong>alia</strong></span> <span class='ocrx_word' id='word_1_128' title='bbox 1188 2000 1452 2072; x_wconf 84' lang='lat' dir='ltr'><strong>ejusmodi</strong></span> <span class='ocrx_word' id='word_1_129' title='bbox 1470 1999 1775 2055; x_wconf 81' lang='lat' dir='ltr'><strong>senioribus</strong></span> 
     </span>
    </p>
   </div>
   <div class='ocr_carea' id='block_1_19' title="bbox 163 2092 1775 2162">
    <p class='ocr_par' dir='ltr' id='par_1_19' title="bbox 163 2092 1775 2162">
     <span class='ocr_line' id='line_1_19' title="bbox 163 2092 1775 2162; baseline -0.006 -8"><span class='ocrx_word' id='word_1_130' title='bbox 163 2095 644 2154; x_wconf 86' lang='lat' dir='ltr'><strong>commemoranda</strong></span> <span class='ocrx_word' id='word_1_131' title='bbox 686 2094 999 2150; x_wconf 90' lang='lat' dir='ltr'><strong>doctoribus</strong></span> <span class='ocrx_word' id='word_1_132' title='bbox 1027 2103 1083 2147; x_wconf 90' lang='lat' dir='ltr'><strong>et</strong></span> <span class='ocrx_word' id='word_1_133' title='bbox 1118 2093 1389 2147; x_wconf 90' lang='lat' dir='ltr'><strong>communi</strong></span> <span class='ocrx_word' id='word_1_134' title='bbox 1423 2092 1558 2162; x_wconf 89' lang='lat' dir='ltr'><strong>patri</strong></span> <span class='ocrx_word' id='word_1_135' title='bbox 1588 2099 1775 2145; x_wconf 63' lang='lat' dir='ltr'><strong>nostro</strong></span> 
     </span>
    </p>
   </div>
   <div class='ocr_carea' id='block_1_20' title="bbox 162 2182 1774 2257">
    <p class='ocr_par' dir='ltr' id='par_1_20' title="bbox 162 2182 1774 2257">
     <span class='ocr_line' id='line_1_20' title="bbox 162 2182 1774 2257; baseline -0.006 -12"><span class='ocrx_word' id='word_1_136' title='bbox 162 2192 581 2257; x_wconf 79' lang='lat' dir='ltr'><strong>relinquemus:</strong></span> <span class='ocrx_word' id='word_1_137' title='bbox 623 2202 711 2243; x_wconf 90' lang='lat' dir='ltr'><strong>res</strong></span> <span class='ocrx_word' id='word_1_138' title='bbox 749 2186 893 2242; x_wconf 90' lang='lat' dir='ltr'><strong>enim</strong></span> <span class='ocrx_word' id='word_1_139' title='bbox 943 2186 1275 2255; x_wconf 88' lang='lat' dir='ltr'><strong>antiquiores</strong></span> <span class='ocrx_word' id='word_1_140' title='bbox 1322 2184 1579 2253; x_wconf 61' lang='lat' dir='ltr'><strong>praeclare</strong></span> <span class='ocrx_word' id='word_1_141' title='bbox 1624 2182 1774 2237; x_wconf 84' lang='lat' dir='ltr'><strong>vobis</strong></span> 
     </span>
    </p>
   </div>
   <div class='ocr_carea' id='block_1_21' title="bbox 161 2274 1771 2349">
    <p class='ocr_par' dir='ltr' id='par_1_21' title="bbox 161 2274 1771 2349">
     <span class='ocr_line' id='line_1_21' title="bbox 161 2274 1771 2349; baseline -0.004 -15"><span class='ocrx_word' id='word_1_142' title='bbox 161 2295 192 2334; x_wconf 87' lang='lat' dir='ltr'><strong>a</strong></span> <span class='ocrx_word' id='word_1_143' title='bbox 253 2280 475 2336; x_wconf 86' lang='lat' dir='ltr'><strong>senibus</strong></span> <span class='ocrx_word' id='word_1_144' title='bbox 517 2286 742 2349; x_wconf 88' lang='lat' dir='ltr'><strong>possunt</strong></span> <span class='ocrx_word' id='word_1_145' title='bbox 788 2275 1034 2341; x_wconf 76' lang='lat' dir='ltr'><strong>narrari;</strong></span> <span class='ocrx_word' id='word_1_146' title='bbox 1079 2291 1198 2347; x_wconf 76' lang='lat' dir='ltr'><strong>qua:</strong></span> <span class='ocrx_word' id='word_1_147' title='bbox 1238 2289 1367 2330; x_wconf 91' lang='lat' dir='ltr'><strong>vero</strong></span> <span class='ocrx_word' id='word_1_148' title='bbox 1403 2289 1512 2328; x_wconf 91' lang='lat' dir='ltr'><strong>non</strong></span> <span class='ocrx_word' id='word_1_149' title='bbox 1553 2274 1624 2328; x_wconf 87' lang='lat' dir='ltr'><strong>ita</strong></span> <span class='ocrx_word' id='word_1_150' title='bbox 1655 2274 1771 2344; x_wconf 85' lang='lat' dir='ltr'><strong>.pri-</strong></span> 
     </span>
    </p>
   </div>
   <div class='ocr_carea' id='block_1_22' title="bbox 160 2366 1770 2440">
    <p class='ocr_par' dir='ltr' id='par_1_22' title="bbox 160 2366 1770 2440">
     <span class='ocr_line' id='line_1_22' title="bbox 160 2366 1770 2440; baseline -0.004 -13"><span class='ocrx_word' id='word_1_151' title='bbox 160 2373 286 2428; x_wconf 87' lang='lat' dir='ltr'><strong>dem</strong></span> <span class='ocrx_word' id='word_1_152' title='bbox 313 2387 379 2427; x_wconf 88' lang='lat' dir='ltr'><strong>ac</strong></span> <span class='ocrx_word' id='word_1_153' title='bbox 415 2382 595 2426; x_wconf 90' lang='lat' dir='ltr'><strong>nostra</strong></span> <span class='ocrx_word' id='word_1_154' title='bbox 626 2379 783 2425; x_wconf 67' lang='lat' dir='ltr'><strong>aetate</strong></span> <span class='ocrx_word' id='word_1_155' title='bbox 833 2378 958 2425; x_wconf 88' lang='lat' dir='ltr'><strong>sunt</strong></span> <span class='ocrx_word' id='word_1_156' title='bbox 1001 2378 1171 2440; x_wconf 87' lang='lat' dir='ltr'><strong>gesta,</strong></span> <span class='ocrx_word' id='word_1_157' title='bbox 1216 2368 1369 2423; x_wconf 86' lang='lat' dir='ltr'><strong>vobis</strong></span> <span class='ocrx_word' id='word_1_158' title='bbox 1410 2366 1625 2437; x_wconf 83' lang='lat' dir='ltr'><strong>juvenis</strong></span> <span class='ocrx_word' id='word_1_159' title='bbox 1670 2381 1770 2436; x_wconf 87' lang='lat' dir='ltr'><strong>ego</strong></span> 
     </span>
    </p>
   </div>
   <div class='ocr_carea' id='block_1_23' title="bbox 161 2458 1768 2533">
    <p class='ocr_par' dir='ltr' id='par_1_23' title="bbox 161 2458 1768 2533">
     <span class='ocr_line' id='line_1_23' title="bbox 161 2458 1768 2533; baseline -0.004 -16"><span class='ocrx_word' id='word_1_160' title='bbox 161 2464 397 2517; x_wconf 85' lang='lat' dir='ltr'><strong>narrabo</strong></span> <span class='ocrx_word' id='word_1_161' title='bbox 419 2503 436 2529; x_wconf 93' lang='lat'><strong>,</strong></span> <span class='ocrx_word' id='word_1_162' title='bbox 466 2479 584 2533; x_wconf 79' lang='lat' dir='ltr'><strong>quae</strong></span> <span class='ocrx_word' id='word_1_163' title='bbox 614 2460 867 2516; x_wconf 89' lang='lat' dir='ltr'><strong>nimirum</strong></span> <span class='ocrx_word' id='word_1_164' title='bbox 903 2470 1025 2531; x_wconf 88' lang='lat' dir='ltr'><strong>post</strong></span> <span class='ocrx_word' id='word_1_165' title='bbox 1049 2460 1253 2515; x_wconf 90' lang='lat' dir='ltr'><strong>obitum</strong></span> <span class='ocrx_word' id='word_1_166' title='bbox 1279 2500 1296 2524; x_wconf 87' lang='lat'><strong>,</strong></span> <span class='ocrx_word' id='word_1_167' title='bbox 1339 2468 1460 2529; x_wconf 88' lang='lat' dir='ltr'><strong>post</strong></span> <span class='ocrx_word' id='word_1_168' title='bbox 1487 2458 1768 2528; x_wconf 81' lang='lat' dir='ltr'><strong>exsequias</strong></span> 
     </span>
    </p>
   </div>
   <div class='ocr_carea' id='block_1_24' title="bbox 160 2549 1763 2624">
    <p class='ocr_par' dir='ltr' id='par_1_24' title="bbox 160 2549 1763 2624">
     <span class='ocr_line' id='line_1_24' title="bbox 160 2549 1763 2624; baseline -0.002 -18"><span class='ocrx_word' id='word_1_169' title='bbox 160 2555 435 2624; x_wconf 75' lang='lat' dir='ltr'><strong>martyris,</strong></span> <span class='ocrx_word' id='word_1_170' title='bbox 462 2569 524 2608; x_wconf 92' lang='lat' dir='ltr'><strong>ac</strong></span> <span class='ocrx_word' id='word_1_171' title='bbox 547 2553 673 2608; x_wconf 91' lang='lat' dir='ltr'><strong>dum</strong></span> <span class='ocrx_word' id='word_1_172' title='bbox 703 2552 755 2623; x_wconf 92' lang='lat' dir='ltr'><strong>in</strong></span> <span class='ocrx_word' id='word_1_173' title='bbox 788 2551 1047 2607; x_wconf 90' lang='lat' dir='ltr'><strong>suburbio</strong></span> <span class='ocrx_word' id='word_1_174' title='bbox 1075 2559 1394 2614; x_wconf 86' lang='lat' dir='ltr'><strong>moraretur,</strong></span> <span class='ocrx_word' id='word_1_175' title='bbox 1429 2549 1763 2604; x_wconf 91' lang='lat' dir='ltr'><strong>acciderunt.</strong></span> 
     </span>
    </p>
   </div>
   <div class='ocr_carea' id='block_1_25' title="bbox 158 2639 1766 2714">
    <p class='ocr_par' dir='ltr' id='par_1_25' title="bbox 158 2639 1766 2714">
     <span class='ocr_line' id='line_1_25' title="bbox 158 2639 1766 2714; baseline -0.004 -15"><span class='ocrx_word' id='word_1_176' title='bbox 158 2647 240 2699; x_wconf 79' lang='lat' dir='ltr'><strong>Ac</strong></span> <span class='ocrx_word' id='word_1_177' title='bbox 260 2646 377 2699; x_wconf 86' lang='lat' dir='ltr'><strong>scio</strong></span> <span class='ocrx_word' id='word_1_178' title='bbox 405 2642 817 2714; x_wconf 64' lang='lat' dir='ltr'><strong>equidemfore,</strong></span> <span class='ocrx_word' id='word_1_179' title='bbox 849 2651 905 2695; x_wconf 93' lang='lat' dir='ltr'><strong>ut</strong></span> <span class='ocrx_word' id='word_1_180' title='bbox 933 2642 1256 2710; x_wconf 90' lang='lat' dir='ltr'><strong>promissum</strong></span> <span class='ocrx_word' id='word_1_181' title='bbox 1278 2651 1519 2695; x_wconf 88' lang='lat' dir='ltr'><strong>nostrum</strong></span> <span class='ocrx_word' id='word_1_182' title='bbox 1542 2639 1766 2710; x_wconf 86' lang='lat' dir='ltr'><strong>gentiles</strong></span> 
     </span>
    </p>
   </div>
   <div class='ocr_carea' id='block_1_26' title="bbox 158 2730 1763 2806">
    <p class='ocr_par' dir='ltr' id='par_1_26' title="bbox 158 2730 1763 2806">
     <span class='ocr_line' id='line_1_26' title="bbox 158 2730 1763 2806; baseline -0.004 -16"><span class='ocrx_word' id='word_1_183' title='bbox 158 2736 441 2797; x_wconf 85' lang='lat' dir='ltr'><strong>irrideant,</strong></span> <span class='ocrx_word' id='word_1_184' title='bbox 474 2735 613 2806; x_wconf 90' lang='lat' dir='ltr'><strong>quod</strong></span> <span class='ocrx_word' id='word_1_185' title='bbox 638 2744 758 2804; x_wconf 88' lang='lat' dir='ltr'><strong>post</strong></span> <span class='ocrx_word' id='word_1_186' title='bbox 778 2734 982 2788; x_wconf 81' lang='lat' dir='ltr'><strong>obitum</strong></span> <span class='ocrx_word' id='word_1_187' title='bbox 1011 2743 1066 2788; x_wconf 90' lang='lat' dir='ltr'><strong>et</strong></span> <span class='ocrx_word' id='word_1_188' title='bbox 1087 2732 1372 2800; x_wconf 63' lang='lat' dir='ltr'><strong>exsequias</strong></span> <span class='ocrx_word' id='word_1_189' title='bbox 1398 2730 1535 2800; x_wconf 88' lang='lat' dir='ltr'><strong>ejus,</strong></span> <span class='ocrx_word' id='word_1_190' title='bbox 1563 2730 1650 2799; x_wconf 92' lang='lat' dir='ltr'><strong>qui</strong></span> <span class='ocrx_word' id='word_1_191' title='bbox 1676 2743 1763 2783; x_wconf 89' lang='lat' dir='ltr'><strong>se-</strong></span> 
     </span>
    </p>
   </div>
   <div class='ocr_carea' id='block_1_27' title="bbox 156 2823 1761 2896">
    <p class='ocr_par' dir='ltr' id='par_1_27' title="bbox 156 2823 1761 2896">
     <span class='ocr_line' id='line_1_27' title="bbox 156 2823 1761 2896; baseline 0 -19"><span class='ocrx_word' id='word_1_192' title='bbox 156 2829 341 2896; x_wconf 87' lang='lat' dir='ltr'><strong>pultus</strong></span> <span class='ocrx_word' id='word_1_193' title='bbox 385 2829 455 2883; x_wconf 89' lang='lat' dir='ltr'><strong>sit</strong></span> <span class='ocrx_word' id='word_1_194' title='bbox 498 2837 552 2882; x_wconf 90' lang='lat' dir='ltr'><strong>et</strong></span> <span class='ocrx_word' id='word_1_195' title='bbox 595 2829 647 2881; x_wconf 91' lang='lat' dir='ltr'><strong>in</strong></span> <span class='ocrx_word' id='word_1_196' title='bbox 690 2828 927 2882; x_wconf 85' lang='lat' dir='ltr'><strong>cinerem</strong></span> <span class='ocrx_word' id='word_1_197' title='bbox 970 2825 1305 2892; x_wconf 85' lang='lat' dir='ltr'><strong>dissolutus,</strong></span> <span class='ocrx_word' id='word_1_198' title='bbox 1354 2839 1453 2878; x_wconf 91' lang='lat' dir='ltr'><strong>nos</strong></span> <span class='ocrx_word' id='word_1_199' title='bbox 1504 2823 1761 2892; x_wconf 67' lang='lat' dir='ltr'><strong>prmclara</strong></span> 
     </span>
    </p>
   </div>
   <div class='ocr_carea' id='block_1_28' title="bbox 155 2918 1760 2987">
    <p class='ocr_par' dir='ltr' id='par_1_28' title="bbox 155 2918 1760 2987">
     <span class='ocr_line' id='line_1_28' title="bbox 155 2918 1760 2987; baseline -0.002 -16"><span class='ocrx_word' id='word_1_200' title='bbox 155 2919 394 2973; x_wconf 80' lang='lat' dir='ltr'><strong>facinora</strong></span> <span class='ocrx_word' id='word_1_201' title='bbox 436 2926 953 2973; x_wconf 87' lang='lat' dir='ltr'><strong>commemoraturos</strong></span> <span class='ocrx_word' id='word_1_202' title='bbox 982 2918 1358 2987; x_wconf 86' lang='lat' dir='ltr'><strong>promittamus</strong></span> <span class='ocrx_word' id='word_1_203' title='bbox 1392 2929 1539 2971; x_wconf 91' lang='lat' dir='ltr'><strong>:non</strong></span> <span class='ocrx_word' id='word_1_204' title='bbox 1583 2925 1760 2968; x_wconf 90' lang='lat' dir='ltr'><strong>tamen</strong></span> 
     </span>
    </p>
   </div>
   <div class='ocr_carea' id='block_1_29' title="bbox 153 3008 1759 3076">
    <p class='ocr_par' dir='ltr' id='par_1_29' title="bbox 153 3008 1759 3076">
     <span class='ocr_line' id='line_1_29' title="bbox 153 3008 1759 3076; baseline -0.001 -14"><span class='ocrx_word' id='word_1_205' title='bbox 153 3010 359 3064; x_wconf 86' lang='lat' dir='ltr'><strong>ideirco</strong></span> <span class='ocrx_word' id='word_1_206' title='bbox 409 3011 741 3073; x_wconf 71' lang='lat' dir='ltr'><strong>tacebimns,</strong></span> <span class='ocrx_word' id='word_1_207' title='bbox 794 3008 888 3064; x_wconf 92' lang='lat' dir='ltr'><strong>sed</strong></span> <span class='ocrx_word' id='word_1_208' title='bbox 938 3008 1008 3061; x_wconf 93' lang='lat' dir='ltr'><strong>ob</strong></span> <span class='ocrx_word' id='word_1_209' title='bbox 1051 3013 1152 3062; x_wconf 91' lang='lat' dir='ltr'><strong>boc</strong></span> <span class='ocrx_word' id='word_1_210' title='bbox 1196 3009 1368 3076; x_wconf 90' lang='lat' dir='ltr'><strong>ipsum</strong></span> <span class='ocrx_word' id='word_1_211' title='bbox 1421 3008 1759 3075; x_wconf 91' lang='lat' dir='ltr'><strong>potissimum</strong></span> 
     </span>
    </p>
   </div>
   <div class='ocr_carea' id='block_1_30' title="bbox 150 3097 1756 3167">
    <p class='ocr_par' dir='ltr' id='par_1_30' title="bbox 150 3097 1756 3167">
     <span class='ocr_line' id='line_1_30' title="bbox 150 3097 1756 3167; baseline -0.002 -12"><span class='ocrx_word' id='word_1_212' title='bbox 150 3104 319 3156; x_wconf 83' lang='lat' dir='ltr'><strong>verba</strong></span> <span class='ocrx_word' id='word_1_213' title='bbox 344 3102 605 3157; x_wconf 76' lang='lat' dir='ltr'><strong>faciemus</strong></span> <span class='ocrx_word' id='word_1_214' title='bbox 626 3143 640 3167; x_wconf 94' lang='lat'><strong>,</strong></span> <span class='ocrx_word' id='word_1_215' title='bbox 680 3110 737 3155; x_wconf 90' lang='lat' dir='ltr'><strong>ut</strong></span> <span class='ocrx_word' id='word_1_216' title='bbox 762 3116 882 3155; x_wconf 93' lang='lat' dir='ltr'><strong>cum</strong></span> <span class='ocrx_word' id='word_1_217' title='bbox 916 3116 1029 3154; x_wconf 86' lang='lat' dir='ltr'><strong>rem</strong></span> <span class='ocrx_word' id='word_1_218' title='bbox 1067 3100 1222 3153; x_wconf 89' lang='lat' dir='ltr'><strong>istam</strong></span> <span class='ocrx_word' id='word_1_219' title='bbox 1249 3097 1551 3153; x_wconf 84' lang='lat' dir='ltr'><strong>mirabilem</strong></span> <span class='ocrx_word' id='word_1_220' title='bbox 1572 3106 1756 3152; x_wconf 82' lang='lat' dir='ltr'><strong>osten-</strong></span> 
     </span>
    </p>
   </div>
   <div class='ocr_carea' id='block_1_31' title="bbox 148 3186 1755 3259">
    <p class='ocr_par' dir='ltr' id='par_1_31' title="bbox 148 3186 1755 3259">
     <span class='ocr_line' id='line_1_31' title="bbox 148 3186 1755 3259; baseline -0.003 -12"><span class='ocrx_word' id='word_1_221' title='bbox 148 3193 392 3249; x_wconf 86' lang='lat' dir='ltr'><strong>derimus</strong></span> <span class='ocrx_word' id='word_1_222' title='bbox 413 3236 427 3259; x_wconf 96' lang='lat'><strong>,</strong></span> <span class='ocrx_word' id='word_1_223' title='bbox 471 3195 635 3248; x_wconf 89' lang='lat' dir='ltr'><strong>risum</strong></span> <span class='ocrx_word' id='word_1_224' title='bbox 665 3202 716 3249; x_wconf 92' lang='lat' dir='ltr'><strong>et</strong></span> <span class='ocrx_word' id='word_1_225' title='bbox 748 3207 943 3247; x_wconf 89' lang='lat' dir='ltr'><strong>sannas</strong></span> <span class='ocrx_word' id='word_1_226' title='bbox 966 3192 1018 3245; x_wconf 92' lang='lat' dir='ltr'><strong>in</strong></span> <span class='ocrx_word' id='word_1_227' title='bbox 1051 3192 1263 3246; x_wconf 85' lang='lat' dir='ltr'><strong>illorum</strong></span> <span class='ocrx_word' id='word_1_228' title='bbox 1291 3197 1452 3259; x_wconf 87' lang='lat' dir='ltr'><strong>caput</strong></span> <span class='ocrx_word' id='word_1_229' title='bbox 1472 3186 1755 3245; x_wconf 89' lang='lat' dir='ltr'><strong>converta-</strong></span> 
     </span>
    </p>
   </div>
   <div class='ocr_carea' id='block_1_32' title="bbox 147 3284 1757 3358">
    <p class='ocr_par' dir='ltr' id='par_1_32' title="bbox 147 3284 1757 3358">
     <span class='ocr_line' id='line_1_32' title="bbox 147 3284 1757 3358; baseline -0.002 -16"><span class='ocrx_word' id='word_1_230' title='bbox 147 3303 293 3342; x_wconf 79' lang='lat' dir='ltr'><strong>mus.</strong></span> <span class='ocrx_word' id='word_1_231' title='bbox 338 3288 470 3342; x_wconf 82' lang='lat' dir='ltr'><strong>Nam</strong></span> <span class='ocrx_word' id='word_1_232' title='bbox 507 3288 736 3343; x_wconf 89' lang='lat' dir='ltr'><strong>hominis</strong></span> <span class='ocrx_word' id='word_1_233' title='bbox 776 3287 992 3358; x_wconf 89' lang='lat' dir='ltr'><strong>quidem</strong></span> <span class='ocrx_word' id='word_1_234' title='bbox 1033 3287 1267 3356; x_wconf 87' lang='lat' dir='ltr'><strong>cujusvis</strong></span> <span class='ocrx_word' id='word_1_235' title='bbox 1296 3296 1443 3342; x_wconf 91' lang='lat' dir='ltr'><strong>recte</strong></span> <span class='ocrx_word' id='word_1_236' title='bbox 1468 3284 1607 3341; x_wconf 89' lang='lat' dir='ltr'><strong>facta</strong></span> <span class='ocrx_word' id='word_1_237' title='bbox 1638 3294 1757 3355; x_wconf 92' lang='lat' dir='ltr'><strong>post</strong></span> 
     </span>
    </p>
   </div>
   <div class='ocr_carea' id='block_1_33' title="bbox 149 3378 1756 3451">
    <p class='ocr_par' dir='ltr' id='par_1_33' title="bbox 149 3378 1756 3451">
     <span class='ocr_line' id='line_1_33' title="bbox 149 3378 1756 3451; baseline -0.001 -20"><span class='ocrx_word' id='word_1_238' title='bbox 149 3390 381 3434; x_wconf 72' lang='lat' dir='ltr'><strong>titnrtem</strong></span> <span class='ocrx_word' id='word_1_239' title='bbox 428 3395 547 3435; x_wconf 89' lang='lat' dir='ltr'><strong>esse</strong></span> <span class='ocrx_word' id='word_1_240' title='bbox 588 3388 898 3450; x_wconf 89' lang='lat' dir='ltr'><strong>nequeunt,</strong></span> <span class='ocrx_word' id='word_1_241' title='bbox 943 3381 1192 3451; x_wconf 85' lang='lat' dir='ltr'><strong>martyris</strong></span> <span class='ocrx_word' id='word_1_242' title='bbox 1234 3394 1367 3433; x_wconf 88' lang='lat' dir='ltr'><strong>vero</strong></span> <span class='ocrx_word' id='word_1_243' title='bbox 1409 3387 1464 3433; x_wconf 90' lang='lat' dir='ltr'><strong>et</strong></span> <span class='ocrx_word' id='word_1_244' title='bbox 1495 3378 1660 3431; x_wconf 86' lang='lat' dir='ltr'><strong>multa</strong></span> <span class='ocrx_word' id='word_1_245' title='bbox 1701 3387 1756 3431; x_wconf 91' lang='lat' dir='ltr'><strong>et</strong></span> 
     </span>
    </p>
   </div>
   <div class='ocr_carea' id='block_1_34' title="bbox 149 3471 1755 3543">
    <p class='ocr_par' dir='ltr' id='par_1_34' title="bbox 149 3471 1755 3543">
     <span class='ocr_line' id='line_1_34' title="bbox 149 3471 1755 3543; baseline 0.001 -19"><span class='ocrx_word' id='word_1_246' title='bbox 149 3489 341 3543; x_wconf 81' lang='lat' dir='ltr'><strong>magna</strong></span> <span class='ocrx_word' id='word_1_247' title='bbox 369 3488 489 3528; x_wconf 82' lang='lat' dir='ltr'><strong>esse</strong></span> <span class='ocrx_word' id='word_1_248' title='bbox 520 3483 742 3543; x_wconf 81' lang='lat' dir='ltr'><strong>possunt</strong></span> <span class='ocrx_word' id='word_1_249' title='bbox 769 3490 781 3525; x_wconf 92' lang='lat'><strong>:</strong></span> <span class='ocrx_word' id='word_1_250' title='bbox 816 3487 919 3527; x_wconf 89' lang='lat' dir='ltr'><strong>non</strong></span> <span class='ocrx_word' id='word_1_251' title='bbox 951 3482 1008 3526; x_wconf 93' lang='lat' dir='ltr'><strong>ut</strong></span> <span class='ocrx_word' id='word_1_252' title='bbox 1034 3472 1123 3526; x_wconf 93' lang='lat' dir='ltr'><strong>ille</strong></span> <span class='ocrx_word' id='word_1_253' title='bbox 1146 3472 1237 3526; x_wconf 84' lang='lat' dir='ltr'><strong>fiat</strong></span> <span class='ocrx_word' id='word_1_254' title='bbox 1268 3471 1551 3535; x_wconf 89' lang='lat' dir='ltr'><strong>illustrior;</strong></span> <span class='ocrx_word' id='word_1_255' title='bbox 1579 3485 1755 3540; x_wconf 87' lang='lat' dir='ltr'><strong>neque</strong></span> 
     </span>
    </p>
   </div>
   <div class='ocr_carea' id='block_1_35' title="bbox 148 3563 1751 3633">
    <p class='ocr_par' dir='ltr' id='par_1_35' title="bbox 148 3563 1751 3633">
     <span class='ocr_line' id='line_1_35' title="bbox 148 3563 1751 3633; baseline -0.002 -14"><span class='ocrx_word' id='word_1_256' title='bbox 148 3567 294 3619; x_wconf 88' lang='lat' dir='ltr'><strong>enim</strong></span> <span class='ocrx_word' id='word_1_257' title='bbox 345 3566 435 3620; x_wconf 88' lang='lat' dir='ltr'><strong>ille</strong></span> <span class='ocrx_word' id='word_1_258' title='bbox 478 3564 948 3620; x_wconf 79' lang='lat' dir='ltr'><strong>commendatione</strong></span> <span class='ocrx_word' id='word_1_259' title='bbox 991 3563 1191 3633; x_wconf 82' lang='lat' dir='ltr'><strong>indiget</strong></span> <span class='ocrx_word' id='word_1_260' title='bbox 1234 3563 1377 3631; x_wconf 83' lang='lat' dir='ltr'><strong>vulgi</strong></span> <span class='ocrx_word' id='word_1_261' title='bbox 1411 3580 1422 3615; x_wconf 95' lang='lat'><strong>:</strong></span> <span class='ocrx_word' id='word_1_262' title='bbox 1454 3563 1548 3617; x_wconf 90' lang='lat' dir='ltr'><strong>sed</strong></span> <span class='ocrx_word' id='word_1_263' title='bbox 1599 3570 1655 3616; x_wconf 88' lang='lat' dir='ltr'><strong>ut</strong></span> <span class='ocrx_word' id='word_1_264' title='bbox 1698 3573 1751 3615; x_wconf 90' lang='grc' dir='ltr'><strong>ιιι</strong></span> 
     </span>
    </p>
   </div>
   <div class='ocr_carea' id='block_1_36' title="bbox 147 3655 1747 3727">
    <p class='ocr_par' dir='ltr' id='par_1_36' title="bbox 147 3655 1747 3727">
     <span class='ocr_line' id='line_1_36' title="bbox 147 3655 1747 3727; baseline -0.003 -17"><span class='ocrx_word' id='word_1_265' title='bbox 147 3657 348 3721; x_wconf 90' lang='lat' dir='ltr'><strong>discas,</strong></span> <span class='ocrx_word' id='word_1_266' title='bbox 379 3655 628 3721; x_wconf 81' lang='lat' dir='ltr'><strong>intidelis,</strong></span> <span class='ocrx_word' id='word_1_267' title='bbox 654 3665 881 3710; x_wconf 89' lang='lat' dir='ltr'><strong>mortem</strong></span> <span class='ocrx_word' id='word_1_268' title='bbox 908 3665 1199 3727; x_wconf 88' lang='lat' dir='ltr'><strong>martyrum</strong></span> <span class='ocrx_word' id='word_1_269' title='bbox 1226 3671 1333 3709; x_wconf 93' lang='lat' dir='ltr'><strong>non</strong></span> <span class='ocrx_word' id='word_1_270' title='bbox 1357 3670 1477 3709; x_wconf 88' lang='lat' dir='ltr'><strong>esse</strong></span> <span class='ocrx_word' id='word_1_271' title='bbox 1498 3664 1747 3717; x_wconf 86' lang='lat' dir='ltr'><strong>mortem,</strong></span> 
     </span>
    </p>
   </div>
   <div class='ocr_carea' id='block_1_37' title="bbox 147 3746 1748 3818">
    <p class='ocr_par' dir='ltr' id='par_1_37' title="bbox 147 3746 1748 3818">
     <span class='ocr_line' id='line_1_37' title="bbox 147 3746 1748 3818; baseline -0.001 -18"><span class='ocrx_word' id='word_1_272' title='bbox 147 3748 244 3802; x_wconf 89' lang='lat' dir='ltr'><strong>sed</strong></span> <span class='ocrx_word' id='word_1_273' title='bbox 272 3748 479 3801; x_wconf 90' lang='lat' dir='ltr'><strong>initium</strong></span> <span class='ocrx_word' id='word_1_274' title='bbox 512 3747 634 3801; x_wconf 76' lang='lat' dir='ltr'><strong>vita:</strong></span> <span class='ocrx_word' id='word_1_275' title='bbox 659 3748 919 3815; x_wconf 86' lang='lat' dir='ltr'><strong>melioris,</strong></span> <span class='ocrx_word' id='word_1_276' title='bbox 972 3748 1244 3818; x_wconf 83' lang='lat' dir='ltr'><strong>magisque</strong></span> <span class='ocrx_word' id='word_1_277' title='bbox 1284 3746 1575 3815; x_wconf 78' lang='lat' dir='ltr'><strong>Spiritualis</strong></span> <span class='ocrx_word' id='word_1_278' title='bbox 1616 3760 1748 3800; x_wconf 91' lang='lat' dir='ltr'><strong>con-</strong></span> 
     </span>
    </p>
   </div>
   <div class='ocr_carea' id='block_1_38' title="bbox 146 3836 1754 3907">
    <p class='ocr_par' dir='ltr' id='par_1_38' title="bbox 146 3836 1754 3907">
     <span class='ocr_line' id='line_1_38' title="bbox 146 3836 1754 3907; baseline 0.001 -18"><span class='ocrx_word' id='word_1_279' title='bbox 146 3837 469 3892; x_wconf 88' lang='lat' dir='ltr'><strong>versationis</strong></span> <span class='ocrx_word' id='word_1_280' title='bbox 513 3837 831 3905; x_wconf 74' lang='lat' dir='ltr'><strong>prazludium</strong></span> <span class='ocrx_word' id='word_1_281' title='bbox 857 3881 870 3903; x_wconf 94' lang='lat'><strong>,</strong></span> <span class='ocrx_word' id='word_1_282' title='bbox 913 3848 1074 3907; x_wconf 90' lang='lat' dir='ltr'><strong>atque</strong></span> <span class='ocrx_word' id='word_1_283' title='bbox 1099 3853 1128 3891; x_wconf 90' lang='lat' dir='ltr'><strong>a</strong></span> <span class='ocrx_word' id='word_1_284' title='bbox 1157 3837 1510 3891; x_wconf 77' lang='lat' dir='ltr'><strong>deterioribus</strong></span> <span class='ocrx_word' id='word_1_285' title='bbox 1540 3836 1605 3890; x_wconf 88' lang='lat' dir='ltr'><strong>ad</strong></span> <span class='ocrx_word' id='word_1_286' title='bbox 1639 3852 1754 3891; x_wconf 82' lang='lat' dir='ltr'><strong>me-</strong></span> 
     </span>
    </p>
   </div>
   <div class='ocr_carea' id='block_1_39' title="bbox 148 3930 1745 4000">
    <p class='ocr_par' dir='ltr' id='par_1_39' title="bbox 148 3930 1745 4000">
     <span class='ocr_line' id='line_1_39' title="bbox 148 3930 1745 4000; baseline 0 -17"><span class='ocrx_word' id='word_1_287' title='bbox 148 3931 279 3985; x_wconf 87' lang='lat' dir='ltr'><strong>liora</strong></span> <span class='ocrx_word' id='word_1_288' title='bbox 304 3930 849 4000; x_wconf 82' lang='lat' dir='ltr'><strong>transmigrationem.</strong></span> <span class='ocrx_word' id='word_1_289' title='bbox 879 3930 997 3985; x_wconf 89' lang='lat' dir='ltr'><strong>Noli</strong></span> <span class='ocrx_word' id='word_1_290' title='bbox 1030 3931 1172 3985; x_wconf 89' lang='lat' dir='ltr'><strong>enim</strong></span> <span class='ocrx_word' id='word_1_291' title='bbox 1206 3930 1307 3984; x_wconf 85' lang='lat' dir='ltr'><strong>hoc</strong></span> <span class='ocrx_word' id='word_1_292' title='bbox 1349 3938 1613 3999; x_wconf 86' lang='lat' dir='ltr'><strong>spectare,</strong></span> <span class='ocrx_word' id='word_1_293' title='bbox 1644 3946 1745 3983; x_wconf 92' lang='lat' dir='ltr'><strong>nu-</strong></span> 
     </span>
    </p>
   </div>
   <div class='ocr_carea' id='block_1_40' title="bbox 148 4022 1746 4095">
    <p class='ocr_par' dir='ltr' id='par_1_40' title="bbox 148 4022 1746 4095">
     <span class='ocr_line' id='line_1_40' title="bbox 148 4022 1746 4095; baseline 0.003 -20"><span class='ocrx_word' id='word_1_294' title='bbox 148 4022 277 4079; x_wconf 89' lang='lat' dir='ltr'><strong>dum</strong></span> <span class='ocrx_word' id='word_1_295' title='bbox 323 4026 573 4095; x_wconf 87' lang='lat' dir='ltr'><strong>martyris</strong></span> <span class='ocrx_word' id='word_1_296' title='bbox 610 4038 805 4095; x_wconf 91' lang='lat' dir='ltr'><strong>corpus</strong></span> <span class='ocrx_word' id='word_1_297' title='bbox 852 4026 1045 4079; x_wconf 79' lang='lat' dir='ltr'><strong>anima:</strong></span> <span class='ocrx_word' id='word_1_298' title='bbox 1088 4027 1403 4094; x_wconf 89' lang='lat' dir='ltr'><strong>operatione</strong></span> <span class='ocrx_word' id='word_1_299' title='bbox 1431 4025 1746 4080; x_wconf 88' lang='lat' dir='ltr'><strong>destitutmn</strong></span> 
     </span>
    </p>
   </div>
   <div class='ocr_carea' id='block_1_41' title="bbox 146 4116 1745 4189">
    <p class='ocr_par' dir='ltr' id='par_1_41' title="bbox 146 4116 1745 4189">
     <span class='ocr_line' id='line_1_41' title="bbox 146 4116 1745 4189; baseline 0.004 -22"><span class='ocrx_word' id='word_1_300' title='bbox 146 4127 267 4169; x_wconf 88' lang='lat' dir='ltr'><strong>esse</strong></span> <span class='ocrx_word' id='word_1_301' title='bbox 294 4117 662 4185; x_wconf 87' lang='lat' dir='ltr'><strong>propositum;</strong></span> <span class='ocrx_word' id='word_1_302' title='bbox 709 4116 803 4171; x_wconf 89' lang='lat' dir='ltr'><strong>sed</strong></span> <span class='ocrx_word' id='word_1_303' title='bbox 837 4116 964 4170; x_wconf 90' lang='lat' dir='ltr'><strong>illud</strong></span> <span class='ocrx_word' id='word_1_304' title='bbox 1000 4117 1301 4181; x_wconf 74' lang='lat' dir='ltr'><strong>considera,</strong></span> <span class='ocrx_word' id='word_1_305' title='bbox 1347 4119 1605 4187; x_wconf 86' lang='lat' dir='ltr'><strong>majorem</strong></span> <span class='ocrx_word' id='word_1_306' title='bbox 1635 4120 1745 4189; x_wconf 90' lang='lat' dir='ltr'><strong>ipsa</strong></span> 
     </span>
    </p>
   </div>
   <div class='ocr_carea' id='block_1_42' title="bbox 145 4206 1746 4278">
    <p class='ocr_par' dir='ltr' id='par_1_42' title="bbox 145 4206 1746 4278">
     <span class='ocr_line' id='line_1_42' title="bbox 145 4206 1746 4278; baseline 0.004 -20"><span class='ocrx_word' id='word_1_307' title='bbox 145 4206 324 4259; x_wconf 84' lang='lat' dir='ltr'><strong>anima</strong></span> <span class='ocrx_word' id='word_1_308' title='bbox 351 4206 601 4261; x_wconf 85' lang='lat' dir='ltr'><strong>virtutem</strong></span> <span class='ocrx_word' id='word_1_309' title='bbox 626 4207 698 4261; x_wconf 91' lang='lat' dir='ltr'><strong>illi</strong></span> <span class='ocrx_word' id='word_1_310' title='bbox 722 4208 1010 4276; x_wconf 89' lang='lat' dir='ltr'><strong>quamdam</strong></span> <span class='ocrx_word' id='word_1_311' title='bbox 1034 4209 1291 4275; x_wconf 88' lang='lat' dir='ltr'><strong>assidere,</strong></span> <span class='ocrx_word' id='word_1_312' title='bbox 1320 4210 1547 4278; x_wconf 79' lang='lat' dir='ltr'><strong>Spiritus</strong></span> <span class='ocrx_word' id='word_1_313' title='bbox 1576 4212 1746 4265; x_wconf 87' lang='lat' dir='ltr'><strong>sancti</strong></span> 
     </span>
    </p>
   </div>
   <div class='ocr_carea' id='block_1_43' title="bbox 146 4297 1745 4373">
    <p class='ocr_par' dir='ltr' id='par_1_43' title="bbox 146 4297 1745 4373">
     <span class='ocr_line' id='line_1_43' title="bbox 146 4297 1745 4373; baseline 0.005 -23"><span class='ocrx_word' id='word_1_314' title='bbox 146 4297 398 4353; x_wconf 79' lang='lat' dir='ltr'><strong>virtutem</strong></span> <span class='ocrx_word' id='word_1_315' title='bbox 426 4338 441 4364; x_wconf 91' lang='lat'><strong>,</strong></span> <span class='ocrx_word' id='word_1_316' title='bbox 486 4314 604 4367; x_wconf 77' lang='lat' dir='ltr'><strong>qua:</strong></span> <span class='ocrx_word' id='word_1_317' title='bbox 652 4300 811 4355; x_wconf 89' lang='lat' dir='ltr'><strong>editis</strong></span> <span class='ocrx_word' id='word_1_318' title='bbox 849 4315 877 4352; x_wconf 89' lang='lat' dir='ltr'><strong>a</strong></span> <span class='ocrx_word' id='word_1_319' title='bbox 906 4316 965 4355; x_wconf 90' lang='lat' dir='ltr'><strong>se</strong></span> <span class='ocrx_word' id='word_1_320' title='bbox 993 4302 1269 4356; x_wconf 86' lang='lat' dir='ltr'><strong>miraculis</strong></span> <span class='ocrx_word' id='word_1_321' title='bbox 1300 4304 1548 4358; x_wconf 89' lang='lat' dir='ltr'><strong>omnibus</strong></span> <span class='ocrx_word' id='word_1_322' title='bbox 1595 4319 1745 4373; x_wconf 88' lang='lat' dir='ltr'><strong>spem</strong></span> 
     </span>
    </p>
   </div>
   <div class='ocr_carea' id='block_1_44' title="bbox 145 4391 1745 4461">
    <p class='ocr_par' dir='ltr' id='par_1_44' title="bbox 145 4391 1745 4461">
     <span class='ocr_line' id='line_1_44' title="bbox 145 4391 1745 4461; baseline 0.006 -20"><span class='ocrx_word' id='word_1_323' title='bbox 145 4398 351 4442; x_wconf 88' lang='lat' dir='ltr'><strong>certam</strong></span> <span class='ocrx_word' id='word_1_324' title='bbox 381 4392 789 4445; x_wconf 89' lang='lat' dir='ltr'><strong>resurrectionis</strong></span> <span class='ocrx_word' id='word_1_325' title='bbox 813 4392 927 4461; x_wconf 90' lang='lat' dir='ltr'><strong>ejus</strong></span> <span class='ocrx_word' id='word_1_326' title='bbox 952 4391 1093 4448; x_wconf 82' lang='lat' dir='ltr'><strong>facit.</strong></span> <span class='ocrx_word' id='word_1_327' title='bbox 1125 4392 1179 4447; x_wconf 94' lang='lat' dir='ltr'><strong>Si</strong></span> <span class='ocrx_word' id='word_1_328' title='bbox 1206 4394 1349 4447; x_wconf 90' lang='lat' dir='ltr'><strong>enim</strong></span> <span class='ocrx_word' id='word_1_329' title='bbox 1376 4399 1602 4451; x_wconf 91' lang='lat' dir='ltr'><strong>mortuis</strong></span> <span class='ocrx_word' id='word_1_330' title='bbox 1627 4412 1745 4450; x_wconf 86' lang='lat' dir='ltr'><strong>cor—</strong></span> 
     </span>
    </p>
   </div>
   <div class='ocr_carea' id='block_1_45' title="bbox 146 4482 1747 4556">
    <p class='ocr_par' dir='ltr' id='par_1_45' title="bbox 146 4482 1747 4556">
     <span class='ocr_line' id='line_1_45' title="bbox 146 4482 1747 4556; baseline 0.006 -22"><span class='ocrx_word' id='word_1_331' title='bbox 146 4482 366 4550; x_wconf 83' lang='lat' dir='ltr'><strong>poribus</strong></span> <span class='ocrx_word' id='word_1_332' title='bbox 391 4491 443 4535; x_wconf 89' lang='lat' dir='ltr'><strong>et</strong></span> <span class='ocrx_word' id='word_1_333' title='bbox 470 4482 520 4534; x_wconf 93' lang='lat' dir='ltr'><strong>in</strong></span> <span class='ocrx_word' id='word_1_334' title='bbox 550 4482 820 4552; x_wconf 88' lang='lat' dir='ltr'><strong>pulverem</strong></span> <span class='ocrx_word' id='word_1_335' title='bbox 848 4484 1096 4538; x_wconf 89' lang='lat' dir='ltr'><strong>resolutis</strong></span> <span class='ocrx_word' id='word_1_336' title='bbox 1120 4486 1398 4554; x_wconf 84' lang='lat' dir='ltr'><strong>majorem,</strong></span> <span class='ocrx_word' id='word_1_337' title='bbox 1422 4502 1581 4556; x_wconf 80' lang='lat' dir='ltr'><strong>quant</strong></span> <span class='ocrx_word' id='word_1_338' title='bbox 1613 4488 1747 4543; x_wconf 86' lang='lat' dir='ltr'><strong>vivis</strong></span> 
     </span>
    </p>
   </div>
   <div class='ocr_carea' id='block_1_46' title="bbox 146 4570 1745 4647">
    <p class='ocr_par' dir='ltr' id='par_1_46' title="bbox 146 4570 1745 4647">
     <span class='ocr_line' id='line_1_46' title="bbox 146 4570 1745 4647; baseline 0.007 -26"><span class='ocrx_word' id='word_1_339' title='bbox 146 4570 436 4636; x_wconf 89' lang='lat' dir='ltr'><strong>omnibus,</strong></span> <span class='ocrx_word' id='word_1_340' title='bbox 480 4573 733 4626; x_wconf 85' lang='lat' dir='ltr'><strong>virtutem</strong></span> <span class='ocrx_word' id='word_1_341' title='bbox 775 4572 915 4629; x_wconf 91' lang='lat' dir='ltr'><strong>Deus</strong></span> <span class='ocrx_word' id='word_1_342' title='bbox 960 4573 1184 4643; x_wconf 87' lang='lat' dir='ltr'><strong>largitus</strong></span> <span class='ocrx_word' id='word_1_343' title='bbox 1206 4584 1327 4641; x_wconf 87' lang='lat' dir='ltr'><strong>est,</strong></span> <span class='ocrx_word' id='word_1_344' title='bbox 1378 4578 1547 4631; x_wconf 90' lang='lat' dir='ltr'><strong>multo</strong></span> <span class='ocrx_word' id='word_1_345' title='bbox 1579 4579 1745 4647; x_wconf 85' lang='lat' dir='ltr'><strong>magis</strong></span> 
     </span>
    </p>
   </div>
   <div class='ocr_carea' id='block_1_47' title="bbox 145 4663 1746 4740">
    <p class='ocr_par' dir='ltr' id='par_1_47' title="bbox 145 4663 1746 4740">
     <span class='ocr_line' id='line_1_47' title="bbox 145 4663 1746 4740; baseline 0.006 -25"><span class='ocrx_word' id='word_1_346' title='bbox 145 4664 309 4717; x_wconf 86' lang='lat' dir='ltr'><strong>vitam</strong></span> <span class='ocrx_word' id='word_1_347' title='bbox 343 4663 449 4717; x_wconf 90' lang='lat' dir='ltr'><strong>illis</strong></span> <span class='ocrx_word' id='word_1_348' title='bbox 471 4664 645 4732; x_wconf 89' lang='lat' dir='ltr'><strong>priore</strong></span> <span class='ocrx_word' id='word_1_349' title='bbox 663 4666 925 4733; x_wconf 89' lang='lat' dir='ltr'><strong>potiorem</strong></span> <span class='ocrx_word' id='word_1_350' title='bbox 950 4681 1013 4720; x_wconf 92' lang='lat' dir='ltr'><strong>ac</strong></span> <span class='ocrx_word' id='word_1_351' title='bbox 1034 4666 1347 4735; x_wconf 84' lang='lat' dir='ltr'><strong>feliciorem,</strong></span> <span class='ocrx_word' id='word_1_352' title='bbox 1377 4685 1481 4739; x_wconf 92' lang='lat' dir='ltr'><strong>quo</strong></span> <span class='ocrx_word' id='word_1_353' title='bbox 1506 4679 1746 4740; x_wconf 88' lang='lat' dir='ltr'><strong>tempore</strong></span> 
     </span>
    </p>
   </div>
   <div class='ocr_carea' id='block_1_48' title="bbox 144 4754 1747 4831">
    <p class='ocr_par' dir='ltr' id='par_1_48' title="bbox 144 4754 1747 4831">
     <span class='ocr_line' id='line_1_48' title="bbox 144 4754 1747 4831; baseline 0.005 -24"><span class='ocrx_word' id='word_1_354' title='bbox 144 4768 373 4809; x_wconf 86' lang='lat' dir='ltr'><strong>coronas</strong></span> <span class='ocrx_word' id='word_1_355' title='bbox 404 4754 640 4822; x_wconf 87' lang='lat' dir='ltr'><strong>dividet,</strong></span> <span class='ocrx_word' id='word_1_356' title='bbox 691 4756 967 4825; x_wconf 79' lang='lat' dir='ltr'><strong>largietur.</strong></span> <span class='ocrx_word' id='word_1_357' title='bbox 1020 4759 1151 4825; x_wconf 70' lang='lat' dir='ltr'><strong>Qure</strong></span> <span class='ocrx_word' id='word_1_358' title='bbox 1194 4760 1406 4814; x_wconf 87' lang='lat' dir='ltr'><strong>tandem</strong></span> <span class='ocrx_word' id='word_1_359' title='bbox 1440 4761 1601 4831; x_wconf 79' lang='lat' dir='ltr'><strong>igitur</strong></span> <span class='ocrx_word' id='word_1_360' title='bbox 1631 4762 1747 4831; x_wconf 88' lang='lat' dir='ltr'><strong>ejus</strong></span> 
     </span>
    </p>
   </div>
   <div class='ocr_carea' id='block_1_49' title="bbox 143 4847 1747 4923">
    <p class='ocr_par' dir='ltr' id='par_1_49' title="bbox 143 4847 1747 4923">
     <span class='ocr_line' id='line_1_49' title="bbox 143 4847 1747 4923; baseline 0.007 -24"><span class='ocrx_word' id='word_1_361' title='bbox 143 4856 269 4899; x_wconf 85' lang='lat' dir='ltr'><strong>sunt</strong></span> <span class='ocrx_word' id='word_1_362' title='bbox 294 4856 443 4901; x_wconf 88' lang='lat' dir='ltr'><strong>recte</strong></span> <span class='ocrx_word' id='word_1_363' title='bbox 467 4847 640 4901; x_wconf 88' lang='lat' dir='ltr'><strong>facta?</strong></span> <span class='ocrx_word' id='word_1_364' title='bbox 674 4849 1053 4904; x_wconf 75' lang='lat' dir='ltr'><strong>Verumtamen</strong></span> <span class='ocrx_word' id='word_1_365' title='bbox 1076 4853 1242 4906; x_wconf 88' lang='lat' dir='ltr'><strong>nolite</strong></span> <span class='ocrx_word' id='word_1_366' title='bbox 1265 4854 1487 4919; x_wconf 90' lang='lat' dir='ltr'><strong>turbari,</strong></span> <span class='ocrx_word' id='word_1_367' title='bbox 1522 4855 1566 4907; x_wconf 88' lang='lat' dir='ltr'><strong>si</strong></span> <span class='ocrx_word' id='word_1_368' title='bbox 1588 4856 1747 4923; x_wconf 90' lang='lat' dir='ltr'><strong>paulo</strong></span> 
     </span>
    </p>
   </div>
   <div class='ocr_carea' id='block_1_50' title="bbox 144 4939 1745 5017">
    <p class='ocr_par' dir='ltr' id='par_1_50' title="bbox 144 4939 1745 5017">
     <span class='ocr_line' id='line_1_50' title="bbox 144 4939 1745 5017; baseline 0.008 -27"><span class='ocrx_word' id='word_1_369' title='bbox 144 4939 307 4994; x_wconf 88' lang='lat' dir='ltr'><strong>altius</strong></span> <span class='ocrx_word' id='word_1_370' title='bbox 350 4953 655 4994; x_wconf 90' lang='lat' dir='ltr'><strong>sermonem</strong></span> <span class='ocrx_word' id='word_1_371' title='bbox 696 4941 1047 4997; x_wconf 84' lang='lat' dir='ltr'><strong>duxerimus:</strong></span> <span class='ocrx_word' id='word_1_372' title='bbox 1079 4960 1199 4998; x_wconf 86' lang='lat' dir='ltr'><strong>nam</strong></span> <span class='ocrx_word' id='word_1_373' title='bbox 1232 4956 1287 5000; x_wconf 91' lang='lat' dir='ltr'><strong>et</strong></span> <span class='ocrx_word' id='word_1_374' title='bbox 1329 4948 1417 5017; x_wconf 91' lang='lat' dir='ltr'><strong>qui</strong></span> <span class='ocrx_word' id='word_1_375' title='bbox 1464 4959 1609 5002; x_wconf 90' lang='lat' dir='ltr'><strong>recte</strong></span> <span class='ocrx_word' id='word_1_376' title='bbox 1648 4966 1745 5003; x_wconf 85' lang='lat' dir='ltr'><strong>vo-</strong></span> 
     </span>
    </p>
   </div>
   <div class='ocr_carea' id='block_1_51' title="bbox 146 5030 1746 5110">
    <p class='ocr_par' dir='ltr' id='par_1_51' title="bbox 146 5030 1746 5110">
     <span class='ocr_line' id='line_1_51' title="bbox 146 5030 1746 5110; baseline 0.009 -26"><span class='ocrx_word' id='word_1_377' title='bbox 146 5030 261 5085; x_wconf 86' lang='lat' dir='ltr'><strong>lunt</strong></span> <span class='ocrx_word' id='word_1_378' title='bbox 299 5032 559 5101; x_wconf 83' lang='lat' dir='ltr'><strong>imagines</strong></span> <span class='ocrx_word' id='word_1_379' title='bbox 586 5035 904 5101; x_wconf 89' lang='lat' dir='ltr'><strong>spectandas</strong></span> <span class='ocrx_word' id='word_1_380' title='bbox 926 5049 1245 5106; x_wconf 84' lang='lat' dir='ltr'><strong>preponere,</strong></span> <span class='ocrx_word' id='word_1_381' title='bbox 1271 5054 1391 5095; x_wconf 92' lang='lat' dir='ltr'><strong>cum</strong></span> <span class='ocrx_word' id='word_1_382' title='bbox 1416 5049 1746 5110; x_wconf 85' lang='lat' dir='ltr'><strong>spectatores</strong></span> 
     </span>
    </p>
   </div>
   <div class='ocr_carea' id='block_1_52' title="bbox 147 5123 1745 5197">
    <p class='ocr_par' dir='ltr' id='par_1_52' title="bbox 147 5123 1745 5197">
     <span class='ocr_line' id='line_1_52' title="bbox 147 5123 1745 5197; baseline 0.009 -22"><span class='ocrx_word' id='word_1_383' title='bbox 147 5123 420 5191; x_wconf 87' lang='lat' dir='ltr'><strong>paululum</strong></span> <span class='ocrx_word' id='word_1_384' title='bbox 448 5138 477 5176; x_wconf 89' lang='lat' dir='ltr'><strong>a</strong></span> <span class='ocrx_word' id='word_1_385' title='bbox 510 5123 685 5178; x_wconf 89' lang='lat' dir='ltr'><strong>tabula</strong></span> <span class='ocrx_word' id='word_1_386' title='bbox 740 5127 997 5183; x_wconf 88' lang='lat' dir='ltr'><strong>secedere</strong></span> <span class='ocrx_word' id='word_1_387' title='bbox 1037 5128 1297 5197; x_wconf 89' lang='lat' dir='ltr'><strong>jusserint</strong></span> <span class='ocrx_word' id='word_1_388' title='bbox 1322 5174 1335 5195; x_wconf 92' lang='lat'><strong>,</strong></span> <span class='ocrx_word' id='word_1_389' title='bbox 1384 5132 1505 5185; x_wconf 82' lang='lat' dir='ltr'><strong>illas</strong></span> <span class='ocrx_word' id='word_1_390' title='bbox 1548 5134 1745 5189; x_wconf 87' lang='lat' dir='ltr'><strong>deinde</strong></span> 
     </span>
    </p>
   </div>
   <div class='ocr_carea' id='block_1_53' title="bbox 146 5214 1746 5285">
    <p class='ocr_par' dir='ltr' id='par_1_53' title="bbox 146 5214 1746 5285">
     <span class='ocr_line' id='line_1_53' title="bbox 146 5214 1746 5285; baseline 0.01 -19"><span class='ocrx_word' id='word_1_391' title='bbox 146 5222 397 5283; x_wconf 83' lang='lat' dir='ltr'><strong>retegunt</strong></span> <span class='ocrx_word' id='word_1_392' title='bbox 420 5254 437 5279; x_wconf 96' lang='lat'><strong>,</strong></span> <span class='ocrx_word' id='word_1_393' title='bbox 480 5223 537 5267; x_wconf 92' lang='lat' dir='ltr'><strong>ut</strong></span> <span class='ocrx_word' id='word_1_394' title='bbox 566 5214 735 5285; x_wconf 89' lang='lat' dir='ltr'><strong>ipsius</strong></span> <span class='ocrx_word' id='word_1_395' title='bbox 759 5216 1026 5273; x_wconf 75' lang='lat' dir='ltr'><strong>distantia:</strong></span> <span class='ocrx_word' id='word_1_396' title='bbox 1053 5220 1317 5279; x_wconf 86' lang='lat' dir='ltr'><strong>beneficio</strong></span> <span class='ocrx_word' id='word_1_397' title='bbox 1354 5224 1552 5278; x_wconf 88' lang='lat' dir='ltr'><strong>clarius</strong></span> <span class='ocrx_word' id='word_1_398' title='bbox 1578 5226 1646 5279; x_wconf 92' lang='lat' dir='ltr'><strong>ah</strong></span> <span class='ocrx_word' id='word_1_399' title='bbox 1668 5228 1746 5283; x_wconf 87' lang='lat' dir='ltr'><strong>eis</strong></span> 
     </span>
    </p>
   </div>
   <div class='ocr_carea' id='block_1_54' title="bbox 146 5305 1742 5385">
    <p class='ocr_par' dir='ltr' id='par_1_54' title="bbox 146 5305 1742 5385">
     <span class='ocr_line' id='line_1_54' title="bbox 146 5305 1742 5385; baseline 0.01 -26"><span class='ocrx_word' id='word_1_400' title='bbox 146 5306 355 5374; x_wconf 89' lang='lat' dir='ltr'><strong>possint</strong></span> <span class='ocrx_word' id='word_1_401' title='bbox 395 5305 564 5361; x_wconf 88' lang='lat' dir='ltr'><strong>videri</strong></span> <span class='ocrx_word' id='word_1_402' title='bbox 600 5325 614 5362; x_wconf 92' lang='lat'><strong>:</strong></span> <span class='ocrx_word' id='word_1_403' title='bbox 644 5310 886 5377; x_wconf 88' lang='lat' dir='ltr'><strong>patimini</strong></span> <span class='ocrx_word' id='word_1_404' title='bbox 913 5325 1042 5383; x_wconf 87' lang='lat' dir='ltr'><strong>ergo</strong></span> <span class='ocrx_word' id='word_1_405' title='bbox 1068 5329 1162 5368; x_wconf 86' lang='lat' dir='ltr'><strong>vos</strong></span> <span class='ocrx_word' id='word_1_406' title='bbox 1188 5331 1401 5385; x_wconf 91' lang='lat' dir='ltr'><strong>quoque</strong></span> <span class='ocrx_word' id='word_1_407' title='bbox 1448 5327 1742 5375; x_wconf 85' lang='lat' dir='ltr'><strong>retrorsum</strong></span> 
     </span>
    </p>
   </div>
   <div class='ocr_carea' id='block_1_55' title="bbox 145 5397 900 5456">
    <p class='ocr_par' dir='ltr' id='par_1_55' title="bbox 145 5397 900 5456">
     <span class='ocr_line' id='line_1_55' title="bbox 145 5397 900 5456; baseline 0.008 -6"><span class='ocrx_word' id='word_1_408' title='bbox 145 5397 446 5451; x_wconf 88' lang='lat' dir='ltr'><strong>orationem</strong></span> <span class='ocrx_word' id='word_1_409' title='bbox 474 5413 574 5453; x_wconf 83' lang='lat' dir='ltr'><strong>nos</strong></span> <span class='ocrx_word' id='word_1_410' title='bbox 602 5400 900 5456; x_wconf 87' lang='lat' dir='ltr'><strong>retrahere.</strong></span> 
     </span>
    </p>
   </div>
   <div class='ocr_carea' id='block_1_56' title="bbox 216 5487 1749 5566">
    <p class='ocr_par' dir='ltr' id='par_1_56' title="bbox 216 5487 1749 5566">
     <span class='ocr_line' id='line_1_56' title="bbox 216 5487 1749 5566; baseline 0.013 -25"><span class='ocrx_word' id='word_1_411' title='bbox 216 5487 420 5542; x_wconf 68' lang='grc' dir='ltr'>λιιιίαηί</span> <span class='ocrx_word' id='word_1_412' title='bbox 458 5487 717 5560; x_wconf 74' lang='grc' dir='ltr'><strong>Αρωιαιω</strong></span> <span class='ocrx_word' id='word_1_413' title='bbox 759 5493 812 5547; x_wconf 79' lang='lat' dir='ltr'><strong>in</strong></span> <span class='ocrx_word' id='word_1_414' title='bbox 843 5493 1156 5551; x_wconf 73' lang='lat' dir='ltr'><strong>Christianos</strong></span> <span class='ocrx_word' id='word_1_415' title='bbox 1197 5512 1442 5566; x_wconf 79' lang='lat' dir='ltr'><strong>conatus;</strong></span> <span class='ocrx_word' id='word_1_416' title='bbox 1468 5502 1749 5561; x_wconf 76' lang='lat' dir='ltr'><strong>Christiani</strong></span> 
     </span>
    </p>
   </div>
   <div class='ocr_carea' id='block_1_57' title="bbox 146 5578 1743 5670">
    <p class='ocr_par' dir='ltr' id='par_1_57' title="bbox 146 5578 1743 5670">
     <span class='ocr_line' id='line_1_57' title="bbox 146 5578 1743 5670; baseline 0.013 -36"><span class='ocrx_word' id='word_1_417' title='bbox 146 5580 206 5634; x_wconf 77' lang='lat' dir='ltr'><strong>ab</strong></span> <span class='ocrx_word' id='word_1_418' title='bbox 239 5582 349 5649; x_wconf 81' lang='lat' dir='ltr'><strong>ipso</strong></span> <span class='ocrx_word' id='word_1_419' title='bbox 372 5578 577 5635; x_wconf 70' lang='lat' dir='ltr'><strong>Galilwi</strong></span> <span class='ocrx_word' id='word_1_420' title='bbox 613 5586 960 5654; x_wconf 80' lang='lat' dir='ltr'><strong>appellantur.</strong></span> <span class='ocrx_word' id='word_1_421' title='bbox 995 5621 1066 5631; x_wconf 91' lang='lat'><strong>—-</strong></span> <span class='ocrx_word' id='word_1_422' title='bbox 1097 5592 1385 5663; x_wconf 85' lang='lat' dir='ltr'><strong>Postquam</strong></span> <span class='ocrx_word' id='word_1_423' title='bbox 1415 5599 1557 5651; x_wconf 88' lang='lat' dir='ltr'><strong>enim</strong></span> <span class='ocrx_word' id='word_1_424' title='bbox 1587 5601 1630 5653; x_wconf 92' lang='lat' dir='ltr'><strong>is</strong></span> <span class='ocrx_word' id='word_1_425' title='bbox 1654 5601 1743 5670; x_wconf 91' lang='lat' dir='ltr'><strong>qui</strong></span> 
     </span>
    </p>
   </div>
   <div class='ocr_carea' id='block_1_58' title="bbox 149 5672 1739 5754">
    <p class='ocr_par' dir='ltr' id='par_1_58' title="bbox 149 5672 1739 5754">
     <span class='ocr_line' id='line_1_58' title="bbox 149 5672 1739 5754; baseline 0.013 -29"><span class='ocrx_word' id='word_1_426' title='bbox 149 5680 369 5727; x_wconf 85' lang='lat' dir='ltr'><strong>cunctos</strong></span> <span class='ocrx_word' id='word_1_427' title='bbox 420 5672 690 5744; x_wconf 78' lang='lat' dir='ltr'><strong>impietate</strong></span> <span class='ocrx_word' id='word_1_428' title='bbox 730 5679 1016 5747; x_wconf 77' lang='lat' dir='ltr'><strong>superavit,</strong></span> <span class='ocrx_word' id='word_1_429' title='bbox 1060 5682 1112 5736; x_wconf 90' lang='lat' dir='ltr'><strong>in</strong></span> <span class='ocrx_word' id='word_1_430' title='bbox 1160 5682 1560 5754; x_wconf 84' lang='lat' dir='ltr'><strong>imperatorium</strong></span> <span class='ocrx_word' id='word_1_431' title='bbox 1594 5690 1739 5745; x_wconf 84' lang='lat' dir='ltr'><strong>thro-</strong></span> 
     </span>
    </p>
   </div>
   <div class='ocr_carea' id='block_1_59' title="bbox 150 5765 1744 5849">
    <p class='ocr_par' dir='ltr' id='par_1_59' title="bbox 150 5765 1744 5849">
     <span class='ocr_line' id='line_1_59' title="bbox 150 5765 1744 5849; baseline 0.014 -32"><span class='ocrx_word' id='word_1_432' title='bbox 150 5779 274 5818; x_wconf 89' lang='lat' dir='ltr'><strong>num</strong></span> <span class='ocrx_word' id='word_1_433' title='bbox 303 5765 546 5821; x_wconf 87' lang='lat' dir='ltr'><strong>ascendit</strong></span> <span class='ocrx_word' id='word_1_434' title='bbox 566 5765 831 5837; x_wconf 81' lang='lat' dir='ltr'><strong>Julianus,</strong></span> <span class='ocrx_word' id='word_1_435' title='bbox 864 5782 917 5827; x_wconf 93' lang='lat' dir='ltr'><strong>et</strong></span> <span class='ocrx_word' id='word_1_436' title='bbox 967 5786 1237 5844; x_wconf 89' lang='lat' dir='ltr'><strong>sceptrum</strong></span> <span class='ocrx_word' id='word_1_437' title='bbox 1288 5782 1512 5849; x_wconf 84' lang='lat' dir='ltr'><strong>accepit,</strong></span> <span class='ocrx_word' id='word_1_438' title='bbox 1564 5785 1744 5840; x_wconf 87' lang='lat' dir='ltr'><strong>confe-</strong></span> 
     </span>
    </p>
   </div>
   <div class='ocr_carea' id='block_1_60' title="bbox 151 5857 1742 5938">
    <p class='ocr_par' dir='ltr' id='par_1_60' title="bbox 151 5857 1742 5938">
     <span class='ocr_line' id='line_1_60' title="bbox 151 5857 1742 5938; baseline 0.016 -27"><span class='ocrx_word' id='word_1_439' title='bbox 151 5857 271 5911; x_wconf 76' lang='lat' dir='ltr'><strong>stim</strong></span> <span class='ocrx_word' id='word_1_440' title='bbox 300 5857 351 5911; x_wconf 94' lang='lat' dir='ltr'><strong>in</strong></span> <span class='ocrx_word' id='word_1_441' title='bbox 379 5873 525 5929; x_wconf 83' lang='lat' dir='ltr'><strong>eum,</strong></span> <span class='ocrx_word' id='word_1_442' title='bbox 557 5874 587 5915; x_wconf 87' lang='lat' dir='ltr'><strong>a</strong></span> <span class='ocrx_word' id='word_1_443' title='bbox 617 5875 723 5932; x_wconf 91' lang='lat' dir='ltr'><strong>quo</strong></span> <span class='ocrx_word' id='word_1_444' title='bbox 749 5872 959 5922; x_wconf 85' lang='lat' dir='ltr'><strong>creatus</strong></span> <span class='ocrx_word' id='word_1_445' title='bbox 988 5864 1180 5938; x_wconf 83' lang='lat' dir='ltr'><strong>iuerat,</strong></span> <span class='ocrx_word' id='word_1_446' title='bbox 1215 5870 1380 5927; x_wconf 88' lang='lat' dir='ltr'><strong>Deum</strong></span> <span class='ocrx_word' id='word_1_447' title='bbox 1410 5889 1597 5931; x_wconf 63' lang='lat' dir='ltr'><strong>manu:</strong></span> <span class='ocrx_word' id='word_1_448' title='bbox 1627 5891 1742 5937; x_wconf 85' lang='lat' dir='ltr'><strong>sus-</strong></span> 
     </span>
    </p>
   </div>
   <div class='ocr_carea' id='block_1_61' title="bbox 1337 409 2446 475">
    <p class='ocr_par' dir='ltr' id='par_1_61' title="bbox 1337 409 2446 475">
     <span class='ocr_line' id='line_1_61' title="bbox 1337 409 2446 475; baseline -0.009 1"><span class='ocrx_word' id='word_1_449' title='bbox 1337 419 1425 475; x_wconf 84' lang='lat' dir='ltr'><strong>DE</strong></span> <span class='ocrx_word' id='word_1_450' title='bbox 1464 419 1521 474; x_wconf 88' lang='lat' dir='ltr'><strong>S.</strong></span> <span class='ocrx_word' id='word_1_451' title='bbox 1563 412 2112 472; x_wconf 69' lang='lat' dir='ltr'><strong>HIEROMARTYRE</strong></span> <span class='ocrx_word' id='word_1_452' title='bbox 2154 409 2446 466; x_wconf 67' lang='grc' dir='ltr'><strong>ΠᾹΒῚἸΛ.</strong></span> 
     </span>
    </p>
   </div>
   <div class='ocr_carea' id='block_1_62' title="bbox 3409 408 3511 461">
    <p class='ocr_par' dir='ltr' id='par_1_62' title="bbox 3409 408 3511 461">
     <span class='ocr_line' id='line_1_62' title="bbox 3409 408 3511 461; baseline -0.039 -1"><span class='ocrx_word' id='word_1_453' title='bbox 3409 408 3511 461; x_wconf 66' lang='lat'><strong>57.0</strong></span> 
     </span>
    </p>
   </div>
   <div class='ocr_carea' id='block_1_63' title="bbox 1910 521 3502 595">
    <p class='ocr_par' dir='ltr' id='par_1_63' title="bbox 1910 521 3502 595">
     <span class='ocr_line' id='line_1_63' title="bbox 1910 521 3502 595; baseline -0.006 -12"><span class='ocrx_word' id='word_1_454' title='bbox 1910 530 2047 595; x_wconf 91' lang='lat' dir='ltr'><strong>tulit,</strong></span> <span class='ocrx_word' id='word_1_455' title='bbox 2078 529 2213 583; x_wconf 89' lang='lat' dir='ltr'><strong>bene</strong></span> <span class='ocrx_word' id='word_1_456' title='bbox 2244 528 2488 582; x_wconf 86' lang='lat' dir='ltr'><strong>meritum</strong></span> <span class='ocrx_word' id='word_1_457' title='bbox 2516 525 2584 579; x_wconf 87' lang='lat' dir='ltr'><strong>de</strong></span> <span class='ocrx_word' id='word_1_458' title='bbox 2611 538 2672 580; x_wconf 89' lang='lat' dir='ltr'><strong>se</strong></span> <span class='ocrx_word' id='word_1_459' title='bbox 2698 522 2978 595; x_wconf 84' lang='lat' dir='ltr'><strong>ignoravit,</strong></span> <span class='ocrx_word' id='word_1_460' title='bbox 3008 536 3071 577; x_wconf 86' lang='lat' dir='ltr'><strong>ac</strong></span> <span class='ocrx_word' id='word_1_461' title='bbox 3093 521 3161 577; x_wconf 91' lang='lat' dir='ltr'><strong>de</strong></span> <span class='ocrx_word' id='word_1_462' title='bbox 3191 530 3328 576; x_wconf 85' lang='lat' dir='ltr'><strong>terra</strong></span> <span class='ocrx_word' id='word_1_463' title='bbox 3364 521 3502 575; x_wconf 86' lang='lat' dir='ltr'><strong>infe-</strong></span> 
     </span>
    </p>
   </div>
   <div class='ocr_carea' id='block_1_64' title="bbox 1900 611 3509 686">
    <p class='ocr_par' dir='ltr' id='par_1_64' title="bbox 1900 611 3509 686">
     <span class='ocr_line' id='line_1_64' title="bbox 1900 611 3509 686; baseline -0.007 -11"><span class='ocrx_word' id='word_1_464' title='bbox 1900 620 2011 675; x_wconf 90' lang='lat' dir='ltr'><strong>rius</strong></span> <span class='ocrx_word' id='word_1_465' title='bbox 2042 620 2092 674; x_wconf 90' lang='lat' dir='ltr'><strong>in</strong></span> <span class='ocrx_word' id='word_1_466' title='bbox 2144 611 2331 673; x_wconf 63' lang='lat' dir='ltr'><strong>(fielum</strong></span> <span class='ocrx_word' id='word_1_467' title='bbox 2388 614 2704 686; x_wconf 89' lang='lat' dir='ltr'><strong>respiciens,</strong></span> <span class='ocrx_word' id='word_1_468' title='bbox 2752 613 3065 668; x_wconf 85' lang='lat' dir='ltr'><strong>rabidorum</strong></span> <span class='ocrx_word' id='word_1_469' title='bbox 3117 627 3267 667; x_wconf 90' lang='lat' dir='ltr'><strong>more</strong></span> <span class='ocrx_word' id='word_1_470' title='bbox 3316 625 3509 664; x_wconf 81' lang='lat' dir='ltr'><strong>canmn</strong></span> 
     </span>
    </p>
   </div>
   <div class='ocr_carea' id='block_1_65' title="bbox 1899 687 3507 779">
    <p class='ocr_par' dir='ltr' id='par_1_65' title="bbox 1899 687 3507 779">
     <span class='ocr_line' id='line_1_65' title="bbox 1899 687 3507 779; baseline -0.006 -15"><span class='ocrx_word' id='word_1_471' title='bbox 1899 710 2200 774; x_wconf 81' lang='lat' dir='ltr'><strong>allatrabat,</strong></span> <span class='ocrx_word' id='word_1_472' title='bbox 2223 709 2311 779; x_wconf 85' lang='lat' dir='ltr'><strong>qui</strong></span> <span class='ocrx_word' id='word_1_473' title='bbox 2347 707 2400 762; x_wconf 91' lang='lat' dir='ltr'><strong>in</strong></span> <span class='ocrx_word' id='word_1_474' title='bbox 2428 707 2671 761; x_wconf 84' lang='lat' dir='ltr'><strong>homines</strong></span> <span class='ocrx_word' id='word_1_475' title='bbox 2692 720 2723 759; x_wconf 85' lang='lat' dir='ltr'><strong>a</strong></span> <span class='ocrx_word' id='word_1_476' title='bbox 2751 705 2942 774; x_wconf 84' lang='lat' dir='ltr'><strong>quibus</strong></span> <span class='ocrx_word' id='word_1_477' title='bbox 2970 687 3077 758; x_wconf 83' lang='lat' dir='ltr'><strong>non</strong></span> <span class='ocrx_word' id='word_1_478' title='bbox 3106 704 3342 768; x_wconf 86' lang='lat' dir='ltr'><strong>aluntur,</strong></span> <span class='ocrx_word' id='word_1_479' title='bbox 3372 712 3425 755; x_wconf 91' lang='lat' dir='ltr'><strong>et</strong></span> <span class='ocrx_word' id='word_1_480' title='bbox 3457 703 3507 755; x_wconf 91' lang='lat' dir='ltr'><strong>in</strong></span> 
     </span>
    </p>
   </div>
   <div class='ocr_carea' id='block_1_66' title="bbox 1897 796 3511 870">
    <p class='ocr_par' dir='ltr' id='par_1_66' title="bbox 1897 796 3511 870">
     <span class='ocr_line' id='line_1_66' title="bbox 1897 796 3511 870; baseline -0.005 -15"><span class='ocrx_word' id='word_1_481' title='bbox 1897 815 1994 856; x_wconf 90' lang='lat' dir='ltr'><strong>eos</strong></span> <span class='ocrx_word' id='word_1_482' title='bbox 2026 801 2226 870; x_wconf 87' lang='lat' dir='ltr'><strong>pariter</strong></span> <span class='ocrx_word' id='word_1_483' title='bbox 2252 814 2281 852; x_wconf 91' lang='lat' dir='ltr'><strong>a</strong></span> <span class='ocrx_word' id='word_1_484' title='bbox 2312 799 2508 870; x_wconf 91' lang='lat' dir='ltr'><strong>quibus</strong></span> <span class='ocrx_word' id='word_1_485' title='bbox 2535 798 2772 863; x_wconf 89' lang='lat' dir='ltr'><strong>aluntur,</strong></span> <span class='ocrx_word' id='word_1_486' title='bbox 2805 796 3099 851; x_wconf 83' lang='lat' dir='ltr'><strong>clamorem</strong></span> <span class='ocrx_word' id='word_1_487' title='bbox 3125 796 3317 851; x_wconf 90' lang='lat' dir='ltr'><strong>tollunt</strong></span> <span class='ocrx_word' id='word_1_488' title='bbox 3351 813 3363 848; x_wconf 91' lang='lat'><strong>:</strong></span> <span class='ocrx_word' id='word_1_489' title='bbox 3402 796 3511 849; x_wconf 86' lang='lat' dir='ltr'><strong>inm</strong></span> 
     </span>
    </p>
   </div>
   <div class='ocr_carea' id='block_1_67' title="bbox 1896 888 3508 963">
    <p class='ocr_par' dir='ltr' id='par_1_67' title="bbox 1896 888 3508 963">
     <span class='ocr_line' id='line_1_67' title="bbox 1896 888 3508 963; baseline -0.003 -16"><span class='ocrx_word' id='word_1_490' title='bbox 1896 908 2026 950; x_wconf 89' lang='lat' dir='ltr'><strong>vero</strong></span> <span class='ocrx_word' id='word_1_491' title='bbox 2052 893 2262 948; x_wconf 69' lang='grc' dir='ltr'><strong>εει·γίοτί</strong></span> <span class='ocrx_word' id='word_1_492' title='bbox 2291 907 2449 963; x_wconf 88' lang='lat' dir='ltr'><strong>quam</strong></span> <span class='ocrx_word' id='word_1_493' title='bbox 2483 891 2554 947; x_wconf 92' lang='lat' dir='ltr'><strong>illi</strong></span> <span class='ocrx_word' id='word_1_494' title='bbox 2586 891 2767 946; x_wconf 89' lang='lat' dir='ltr'><strong>furore</strong></span> <span class='ocrx_word' id='word_1_495' title='bbox 2792 889 3026 960; x_wconf 75' lang='lat' dir='ltr'><strong>percitus</strong></span> <span class='ocrx_word' id='word_1_496' title='bbox 3074 898 3209 944; x_wconf 89' lang='lat' dir='ltr'><strong>crat.</strong></span> <span class='ocrx_word' id='word_1_497' title='bbox 3255 888 3387 943; x_wconf 83' lang='lat' dir='ltr'><strong>Nam</strong></span> <span class='ocrx_word' id='word_1_498' title='bbox 3435 888 3508 942; x_wconf 90' lang='lat' dir='ltr'><strong>illi</strong></span> 
     </span>
    </p>
   </div>
   <div class='ocr_carea' id='block_1_68' title="bbox 1894 984 3510 1056">
    <p class='ocr_par' dir='ltr' id='par_1_68' title="bbox 1894 984 3510 1056">
     <span class='ocr_line' id='line_1_68' title="bbox 1894 984 3510 1056; baseline -0.002 -17"><span class='ocrx_word' id='word_1_499' title='bbox 1894 987 2109 1056; x_wconf 85' lang='lat' dir='ltr'><strong>quidem</strong></span> <span class='ocrx_word' id='word_1_500' title='bbox 2159 993 2212 1040; x_wconf 85' lang='lat' dir='ltr'><strong>et</strong></span> <span class='ocrx_word' id='word_1_501' title='bbox 2255 985 2579 1040; x_wconf 82' lang='lat' dir='ltr'><strong>domesticos</strong></span> <span class='ocrx_word' id='word_1_502' title='bbox 2618 993 2673 1039; x_wconf 91' lang='lat' dir='ltr'><strong>et</strong></span> <span class='ocrx_word' id='word_1_503' title='bbox 2698 984 2901 1038; x_wconf 90' lang='lat' dir='ltr'><strong>alienos</strong></span> <span class='ocrx_word' id='word_1_504' title='bbox 2946 985 3148 1055; x_wconf 86' lang='lat' dir='ltr'><strong>pariter</strong></span> <span class='ocrx_word' id='word_1_505' title='bbox 3191 992 3510 1038; x_wconf 85' lang='lat' dir='ltr'><strong>aversantur</strong></span> 
     </span>
    </p>
   </div>
   <div class='ocr_carea' id='block_1_69' title="bbox 1892 1070 3508 1146">
    <p class='ocr_par' dir='ltr' id='par_1_69' title="bbox 1892 1070 3508 1146">
     <span class='ocr_line' id='line_1_69' title="bbox 1892 1070 3508 1146; baseline -0.005 -10"><span class='ocrx_word' id='word_1_506' title='bbox 1892 1090 1949 1137; x_wconf 91' lang='lat' dir='ltr'><strong>ct</strong></span> <span class='ocrx_word' id='word_1_507' title='bbox 1976 1080 2206 1135; x_wconf 85' lang='lat' dir='ltr'><strong>oderunt</strong></span> <span class='ocrx_word' id='word_1_508' title='bbox 2238 1096 2250 1131; x_wconf 90' lang='lat'><strong>:</strong></span> <span class='ocrx_word' id='word_1_509' title='bbox 2283 1079 2369 1134; x_wconf 91' lang='lat' dir='ltr'><strong>hic</strong></span> <span class='ocrx_word' id='word_1_510' title='bbox 2412 1094 2540 1133; x_wconf 86' lang='lat' dir='ltr'><strong>vero</strong></span> <span class='ocrx_word' id='word_1_511' title='bbox 2565 1078 2900 1133; x_wconf 63' lang='lat' dir='ltr'><strong>dri-monibus</strong></span> <span class='ocrx_word' id='word_1_512' title='bbox 2929 1077 2994 1131; x_wconf 87' lang='lat' dir='ltr'><strong>ah</strong></span> <span class='ocrx_word' id='word_1_513' title='bbox 3023 1078 3140 1146; x_wconf 88' lang='lat' dir='ltr'><strong>ejus</strong></span> <span class='ocrx_word' id='word_1_514' title='bbox 3167 1076 3340 1131; x_wconf 89' lang='lat' dir='ltr'><strong>salute</strong></span> <span class='ocrx_word' id='word_1_515' title='bbox 3377 1070 3508 1130; x_wconf 72' lang='lat' dir='ltr'><strong>alie-</strong></span> 
     </span>
    </p>
   </div>
   <div class='ocr_carea' id='block_1_70' title="bbox 1895 1167 3502 1240">
    <p class='ocr_par' dir='ltr' id='par_1_70' title="bbox 1895 1167 3502 1240">
     <span class='ocr_line' id='line_1_70' title="bbox 1895 1167 3502 1240; baseline -0.003 -15"><span class='ocrx_word' id='word_1_516' title='bbox 1895 1173 1977 1225; x_wconf 91' lang='lat' dir='ltr'><strong>nis</strong></span> <span class='ocrx_word' id='word_1_517' title='bbox 2005 1170 2395 1236; x_wconf 87' lang='lat' dir='ltr'><strong>blandicbatur,</strong></span> <span class='ocrx_word' id='word_1_518' title='bbox 2427 1180 2586 1240; x_wconf 88' lang='lat' dir='ltr'><strong>atque</strong></span> <span class='ocrx_word' id='word_1_519' title='bbox 2611 1169 2757 1224; x_wconf 86' lang='lat' dir='ltr'><strong>omni</strong></span> <span class='ocrx_word' id='word_1_520' title='bbox 2787 1183 2880 1224; x_wconf 89' lang='lat' dir='ltr'><strong>eos</strong></span> <span class='ocrx_word' id='word_1_521' title='bbox 2910 1168 3083 1223; x_wconf 84' lang='lat' dir='ltr'><strong>cultus</strong></span> <span class='ocrx_word' id='word_1_522' title='bbox 3109 1182 3307 1238; x_wconf 84' lang='lat' dir='ltr'><strong>genere</strong></span> <span class='ocrx_word' id='word_1_523' title='bbox 3352 1167 3502 1223; x_wconf 78' lang='lat' dir='ltr'><strong>cule-</strong></span> 
     </span>
    </p>
   </div>
   <div class='ocr_carea' id='block_1_71' title="bbox 1893 1260 3498 1323">
    <p class='ocr_par' dir='ltr' id='par_1_71' title="bbox 1893 1260 3498 1323">
     <span class='ocr_line' id='line_1_71' title="bbox 1893 1260 3498 1323; baseline -0.002 -7"><span class='ocrx_word' id='word_1_524' title='bbox 1893 1262 1982 1316; x_wconf 90' lang='lat' dir='ltr'><strong>hat</strong></span> <span class='ocrx_word' id='word_1_525' title='bbox 2014 1278 2028 1314; x_wconf 93' lang='lat'><strong>:</strong></span> <span class='ocrx_word' id='word_1_526' title='bbox 2063 1261 2198 1316; x_wconf 87' lang='lat' dir='ltr'><strong>bene</strong></span> <span class='ocrx_word' id='word_1_527' title='bbox 2246 1268 2425 1315; x_wconf 90' lang='lat' dir='ltr'><strong>autem</strong></span> <span class='ocrx_word' id='word_1_528' title='bbox 2484 1260 2551 1315; x_wconf 91' lang='lat' dir='ltr'><strong>de</strong></span> <span class='ocrx_word' id='word_1_529' title='bbox 2609 1276 2668 1316; x_wconf 88' lang='lat' dir='ltr'><strong>se</strong></span> <span class='ocrx_word' id='word_1_530' title='bbox 2722 1261 3011 1323; x_wconf 90' lang='lat' dir='ltr'><strong>meritum,</strong></span> <span class='ocrx_word' id='word_1_531' title='bbox 3056 1275 3122 1315; x_wconf 90' lang='lat' dir='ltr'><strong>ac</strong></span> <span class='ocrx_word' id='word_1_532' title='bbox 3166 1268 3498 1315; x_wconf 87' lang='lat' dir='ltr'><strong>servatorem</strong></span> 
     </span>
    </p>
   </div>
   <div class='ocr_carea' id='block_1_72' title="bbox 1890 1351 3553 1423">
    <p class='ocr_par' dir='ltr' id='par_1_72' title="bbox 1890 1351 3553 1423">
     <span class='ocr_line' id='line_1_72' title="bbox 1890 1351 3553 1423; baseline -0.002 -16"><span class='ocrx_word' id='word_1_533' title='bbox 1890 1368 2067 1419; x_wconf 89' lang='lat' dir='ltr'><strong>suum,</strong></span> <span class='ocrx_word' id='word_1_534' title='bbox 2099 1354 2296 1423; x_wconf 89' lang='lat' dir='ltr'><strong>quique</strong></span> <span class='ocrx_word' id='word_1_535' title='bbox 2348 1368 2417 1408; x_wconf 91' lang='lat' dir='ltr'><strong>ne</strong></span> <span class='ocrx_word' id='word_1_536' title='bbox 2445 1352 2583 1407; x_wconf 85' lang='lat' dir='ltr'><strong>Filio</strong></span> <span class='ocrx_word' id='word_1_537' title='bbox 2633 1352 2850 1422; x_wconf 87' lang='lat' dir='ltr'><strong>quidem</strong></span> <span class='ocrx_word' id='word_1_538' title='bbox 2891 1368 2991 1408; x_wconf 86' lang='lat' dir='ltr'><strong>suo</strong></span> <span class='ocrx_word' id='word_1_539' title='bbox 3023 1352 3297 1422; x_wconf 79' lang='lat' dir='ltr'><strong>unigenito</strong></span> <span class='ocrx_word' id='word_1_540' title='bbox 3334 1351 3503 1421; x_wconf 89' lang='lat' dir='ltr'><strong>ipsius</strong></span> <span class='ocrx_word' id='word_1_541' title='bbox 3552 1414 3553 1417; x_wconf 22' lang='grc' dir='ltr'><strong>η</strong></span> 
     </span>
    </p>
   </div>
   <div class='ocr_carea' id='block_1_73' title="bbox 1888 1442 3499 1515">
    <p class='ocr_par' dir='ltr' id='par_1_73' title="bbox 1888 1442 3499 1515">
     <span class='ocr_line' id='line_1_73' title="bbox 1888 1442 3499 1515; baseline -0.001 -16"><span class='ocrx_word' id='word_1_542' title='bbox 1888 1459 2049 1499; x_wconf 84' lang='lat' dir='ltr'><strong>causa</strong></span> <span class='ocrx_word' id='word_1_543' title='bbox 2075 1446 2333 1515; x_wconf 87' lang='lat' dir='ltr'><strong>pepercit,</strong></span> <span class='ocrx_word' id='word_1_544' title='bbox 2361 1445 2711 1499; x_wconf 87' lang='lat' dir='ltr'><strong>aversabatur</strong></span> <span class='ocrx_word' id='word_1_545' title='bbox 2730 1454 2783 1499; x_wconf 92' lang='lat' dir='ltr'><strong>et</strong></span> <span class='ocrx_word' id='word_1_546' title='bbox 2809 1443 3012 1508; x_wconf 90' lang='lat' dir='ltr'><strong>oderat,</strong></span> <span class='ocrx_word' id='word_1_547' title='bbox 3044 1458 3367 1512; x_wconf 88' lang='lat' dir='ltr'><strong>crucemqne</strong></span> <span class='ocrx_word' id='word_1_548' title='bbox 3402 1442 3499 1497; x_wconf 87' lang='lat' dir='ltr'><strong>dc-</strong></span> 
     </span>
    </p>
   </div>
   <div class='ocr_carea' id='block_1_74' title="bbox 1892 1533 3493 1605">
    <p class='ocr_par' dir='ltr' id='par_1_74' title="bbox 1892 1533 3493 1605">
     <span class='ocr_line' id='line_1_74' title="bbox 1892 1533 3493 1605; baseline -0.002 -14"><span class='ocrx_word' id='word_1_549' title='bbox 1892 1536 2121 1601; x_wconf 88' lang='lat' dir='ltr'><strong>ridebat,</strong></span> <span class='ocrx_word' id='word_1_550' title='bbox 2149 1552 2263 1591; x_wconf 90' lang='lat' dir='ltr'><strong>rem</strong></span> <span class='ocrx_word' id='word_1_551' title='bbox 2293 1551 2414 1605; x_wconf 80' lang='lat' dir='ltr'><strong>qua:</strong></span> <span class='ocrx_word' id='word_1_552' title='bbox 2445 1544 2710 1591; x_wconf 88' lang='lat' dir='ltr'><strong>terrarum</strong></span> <span class='ocrx_word' id='word_1_553' title='bbox 2742 1535 2927 1590; x_wconf 90' lang='lat' dir='ltr'><strong>orbem</strong></span> <span class='ocrx_word' id='word_1_554' title='bbox 2960 1549 3185 1605; x_wconf 90' lang='lat' dir='ltr'><strong>pronum</strong></span> <span class='ocrx_word' id='word_1_555' title='bbox 3216 1534 3266 1588; x_wconf 90' lang='lat' dir='ltr'><strong>in</strong></span> <span class='ocrx_word' id='word_1_556' title='bbox 3303 1533 3493 1589; x_wconf 84' lang='lat' dir='ltr'><strong>faciem</strong></span> 
     </span>
    </p>
   </div>
   <div class='ocr_carea' id='block_1_75' title="bbox 1890 1624 3498 1698">
    <p class='ocr_par' dir='ltr' id='par_1_75' title="bbox 1890 1624 3498 1698">
     <span class='ocr_line' id='line_1_75' title="bbox 1890 1624 3498 1698; baseline -0.002 -17"><span class='ocrx_word' id='word_1_557' title='bbox 1890 1627 2227 1698; x_wconf 88' lang='lat' dir='ltr'><strong>provolutum</strong></span> <span class='ocrx_word' id='word_1_558' title='bbox 2278 1626 2472 1693; x_wconf 81' lang='lat' dir='ltr'><strong>erexit,</strong></span> <span class='ocrx_word' id='word_1_559' title='bbox 2520 1644 2641 1698; x_wconf 65' lang='lat' dir='ltr'><strong>quae</strong></span> <span class='ocrx_word' id='word_1_560' title='bbox 2702 1626 2952 1682; x_wconf 87' lang='lat' dir='ltr'><strong>tenebras</strong></span> <span class='ocrx_word' id='word_1_561' title='bbox 2991 1625 3344 1695; x_wconf 80' lang='lat' dir='ltr'><strong>nntlequaque</strong></span> <span class='ocrx_word' id='word_1_562' title='bbox 3382 1624 3498 1678; x_wconf 81' lang='lat' dir='ltr'><strong>dis-</strong></span> 
     </span>
    </p>
   </div>
   <div class='ocr_carea' id='block_1_76' title="bbox 1886 1715 3495 1787">
    <p class='ocr_par' dir='ltr' id='par_1_76' title="bbox 1886 1715 3495 1787">
     <span class='ocr_line' id='line_1_76' title="bbox 1886 1715 3495 1787; baseline -0.004 -11"><span class='ocrx_word' id='word_1_563' title='bbox 1886 1721 2071 1785; x_wconf 88' lang='lat' dir='ltr'><strong>cussit,</strong></span> <span class='ocrx_word' id='word_1_564' title='bbox 2114 1729 2167 1775; x_wconf 91' lang='lat' dir='ltr'><strong>et</strong></span> <span class='ocrx_word' id='word_1_565' title='bbox 2209 1720 2475 1775; x_wconf 85' lang='lat' dir='ltr'><strong>solaribus</strong></span> <span class='ocrx_word' id='word_1_566' title='bbox 2498 1719 2660 1774; x_wconf 89' lang='lat' dir='ltr'><strong>radiis</strong></span> <span class='ocrx_word' id='word_1_567' title='bbox 2688 1717 3108 1787; x_wconf 80' lang='lat' dir='ltr'><strong>Splendidiorem</strong></span> <span class='ocrx_word' id='word_1_568' title='bbox 3139 1717 3314 1771; x_wconf 88' lang='lat' dir='ltr'><strong>lucem</strong></span> <span class='ocrx_word' id='word_1_569' title='bbox 3343 1715 3495 1770; x_wconf 83' lang='lat' dir='ltr'><strong>inve-</strong></span> 
     </span>
    </p>
   </div>
   <div class='ocr_carea' id='block_1_77' title="bbox 1882 1808 3496 1885">
    <p class='ocr_par' dir='ltr' id='par_1_77' title="bbox 1882 1808 3496 1885">
     <span class='ocr_line' id='line_1_77' title="bbox 1882 1808 3496 1885; baseline -0.005 -16"><span class='ocrx_word' id='word_1_570' title='bbox 1882 1814 1980 1869; x_wconf 75' lang='lat' dir='ltr'><strong>xit.</strong></span> <span class='ocrx_word' id='word_1_571' title='bbox 2012 1814 2195 1885; x_wconf 72' lang='lat' dir='ltr'><strong>Neque</strong></span> <span class='ocrx_word' id='word_1_572' title='bbox 2224 1828 2351 1869; x_wconf 89' lang='lat' dir='ltr'><strong>vero</strong></span> <span class='ocrx_word' id='word_1_573' title='bbox 2377 1812 2483 1868; x_wconf 91' lang='lat' dir='ltr'><strong>huc</strong></span> <span class='ocrx_word' id='word_1_574' title='bbox 2511 1827 2680 1883; x_wconf 90' lang='lat' dir='ltr'><strong>usque</strong></span> <span class='ocrx_word' id='word_1_575' title='bbox 2708 1820 2913 1867; x_wconf 90' lang='lat' dir='ltr'><strong>tantum</strong></span> <span class='ocrx_word' id='word_1_576' title='bbox 2937 1825 3252 1881; x_wconf 82' lang='lat' dir='ltr'><strong>progressus</strong></span> <span class='ocrx_word' id='word_1_577' title='bbox 3274 1819 3354 1863; x_wconf 84' lang='lat' dir='ltr'><strong>est</strong></span> <span class='ocrx_word' id='word_1_578' title='bbox 3376 1808 3496 1877; x_wconf 87' lang='lat' dir='ltr'><strong>ejus</strong></span> 
     </span>
    </p>
   </div>
   <div class='ocr_carea' id='block_1_78' title="bbox 1883 1903 3496 1969">
    <p class='ocr_par' dir='ltr' id='par_1_78' title="bbox 1883 1903 3496 1969">
     <span class='ocr_line' id='line_1_78' title="bbox 1883 1903 3496 1969; baseline -0.002 -8"><span class='ocrx_word' id='word_1_579' title='bbox 1883 1905 2052 1969; x_wconf 89' lang='lat' dir='ltr'><strong>furor,</strong></span> <span class='ocrx_word' id='word_1_580' title='bbox 2076 1907 2170 1962; x_wconf 88' lang='lat' dir='ltr'><strong>sed</strong></span> <span class='ocrx_word' id='word_1_581' title='bbox 2198 1921 2266 1962; x_wconf 82' lang='lat' dir='ltr'><strong>ex</strong></span> <span class='ocrx_word' id='word_1_582' title='bbox 2309 1906 2440 1961; x_wconf 90' lang='lat' dir='ltr'><strong>orbe</strong></span> <span class='ocrx_word' id='word_1_583' title='bbox 2486 1914 2747 1959; x_wconf 88' lang='lat' dir='ltr'><strong>terrarum</strong></span> <span class='ocrx_word' id='word_1_584' title='bbox 2786 1904 3266 1960; x_wconf 77' lang='lat' dir='ltr'><strong>exterminaturum</strong></span> <span class='ocrx_word' id='word_1_585' title='bbox 3307 1918 3367 1957; x_wconf 90' lang='lat' dir='ltr'><strong>se</strong></span> <span class='ocrx_word' id='word_1_586' title='bbox 3391 1903 3496 1957; x_wconf 81' lang='lat' dir='ltr'><strong>Ga-</strong></span> 
     </span>
    </p>
   </div>
   <div class='ocr_carea' id='block_1_79' title="bbox 1882 1994 3487 2067">
    <p class='ocr_par' dir='ltr' id='par_1_79' title="bbox 1882 1994 3487 2067">
     <span class='ocr_line' id='line_1_79' title="bbox 1882 1994 3487 2067; baseline -0.004 -13"><span class='ocrx_word' id='word_1_587' title='bbox 1882 1998 2142 2055; x_wconf 59' lang='lat' dir='ltr'><strong>lilaeorum</strong></span> <span class='ocrx_word' id='word_1_588' title='bbox 2183 1998 2453 2053; x_wconf 90' lang='lat' dir='ltr'><strong>nationem</strong></span> <span class='ocrx_word' id='word_1_589' title='bbox 2479 1997 2828 2067; x_wconf 89' lang='lat' dir='ltr'><strong>pollicebatur</strong></span> <span class='ocrx_word' id='word_1_590' title='bbox 2852 2014 2864 2049; x_wconf 90' lang='lat'><strong>:</strong></span> <span class='ocrx_word' id='word_1_591' title='bbox 2889 1997 2968 2051; x_wconf 88' lang='lat' dir='ltr'><strong>sic</strong></span> <span class='ocrx_word' id='word_1_592' title='bbox 2989 1996 3133 2050; x_wconf 92' lang='lat' dir='ltr'><strong>enim</strong></span> <span class='ocrx_word' id='word_1_593' title='bbox 3161 2010 3260 2048; x_wconf 89' lang='lat' dir='ltr'><strong>nos</strong></span> <span class='ocrx_word' id='word_1_594' title='bbox 3298 1994 3487 2064; x_wconf 88' lang='lat' dir='ltr'><strong>appel-</strong></span> 
     </span>
    </p>
   </div>
   <div class='ocr_carea' id='block_1_80' title="bbox 1882 2087 3487 2160">
    <p class='ocr_par' dir='ltr' id='par_1_80' title="bbox 1882 2087 3487 2160">
     <span class='ocr_line' id='line_1_80' title="bbox 1882 2087 3487 2160; baseline -0.003 -16"><span class='ocrx_word' id='word_1_595' title='bbox 1882 2090 1993 2145; x_wconf 89' lang='lat' dir='ltr'><strong>lare</strong></span> <span class='ocrx_word' id='word_1_596' title='bbox 2018 2090 2206 2144; x_wconf 88' lang='lat' dir='ltr'><strong>solitus</strong></span> <span class='ocrx_word' id='word_1_597' title='bbox 2230 2097 2347 2145; x_wconf 90' lang='lat' dir='ltr'><strong>erat</strong></span> <span class='ocrx_word' id='word_1_598' title='bbox 2372 2107 2387 2145; x_wconf 90' lang='lat'><strong>:</strong></span> <span class='ocrx_word' id='word_1_599' title='bbox 2419 2103 2740 2160; x_wconf 88' lang='lat' dir='ltr'><strong>quamquam</strong></span> <span class='ocrx_word' id='word_1_600' title='bbox 2767 2088 2813 2142; x_wconf 91' lang='lat' dir='ltr'><strong>si</strong></span> <span class='ocrx_word' id='word_1_601' title='bbox 2834 2087 3261 2142; x_wconf 87' lang='lat' dir='ltr'><strong>Christianorum</strong></span> <span class='ocrx_word' id='word_1_602' title='bbox 3290 2094 3487 2141; x_wconf 78' lang='lat' dir='ltr'><strong>nomen</strong></span> 
     </span>
    </p>
   </div>
   <div class='ocr_carea' id='block_1_81' title="bbox 1879 2181 3487 2251">
    <p class='ocr_par' dir='ltr' id='par_1_81' title="bbox 1879 2181 3487 2251">
     <span class='ocr_line' id='line_1_81' title="bbox 1879 2181 3487 2251; baseline -0.002 -15"><span class='ocrx_word' id='word_1_603' title='bbox 1879 2183 2296 2238; x_wconf 89' lang='lat' dir='ltr'><strong>abominandum</strong></span> <span class='ocrx_word' id='word_1_604' title='bbox 2340 2196 2462 2238; x_wconf 89' lang='lat' dir='ltr'><strong>esse</strong></span> <span class='ocrx_word' id='word_1_605' title='bbox 2484 2181 2865 2245; x_wconf 86' lang='lat' dir='ltr'><strong>arbitrabatur,</strong></span> <span class='ocrx_word' id='word_1_606' title='bbox 2899 2196 3011 2236; x_wconf 89' lang='lat' dir='ltr'><strong>rem</strong></span> <span class='ocrx_word' id='word_1_607' title='bbox 3053 2181 3237 2235; x_wconf 80' lang='lat' dir='ltr'><strong>multa:</strong></span> <span class='ocrx_word' id='word_1_608' title='bbox 3277 2181 3487 2251; x_wconf 83' lang='lat' dir='ltr'><strong>plenam</strong></span> 
     </span>
    </p>
   </div>
   <div class='ocr_carea' id='block_1_82' title="bbox 1878 2258 3487 2345">
    <p class='ocr_par' dir='ltr' id='par_1_82' title="bbox 1878 2258 3487 2345">
     <span class='ocr_line' id='line_1_82' title="bbox 1878 2258 3487 2345; baseline -0.002 -16"><span class='ocrx_word' id='word_1_609' title='bbox 1878 2275 2206 2345; x_wconf 70' lang='lat' dir='ltr'><strong>ignominiaa,</strong></span> <span class='ocrx_word' id='word_1_610' title='bbox 2239 2289 2342 2345; x_wconf 91' lang='lat' dir='ltr'><strong>qua</strong></span> <span class='ocrx_word' id='word_1_611' title='bbox 2367 2274 2434 2329; x_wconf 92' lang='lat' dir='ltr'><strong>de</strong></span> <span class='ocrx_word' id='word_1_612' title='bbox 2458 2287 2617 2328; x_wconf 85' lang='lat' dir='ltr'><strong>causa</strong></span> <span class='ocrx_word' id='word_1_613' title='bbox 2644 2287 2749 2327; x_wconf 92' lang='lat' dir='ltr'><strong>non</strong></span> <span class='ocrx_word' id='word_1_614' title='bbox 2780 2271 2901 2327; x_wconf 90' lang='lat' dir='ltr'><strong>inde</strong></span> <span class='ocrx_word' id='word_1_615' title='bbox 2931 2286 3049 2338; x_wconf 80' lang='lat' dir='ltr'><strong>nos,</strong></span> <span class='ocrx_word' id='word_1_616' title='bbox 3090 2272 3183 2325; x_wconf 83' lang='lat' dir='ltr'><strong>sed</strong></span> <span class='ocrx_word' id='word_1_617' title='bbox 3219 2258 3487 2343; x_wconf 86' lang='lat' dir='ltr'><strong>peregrini</strong></span> 
     </span>
    </p>
   </div>
   <div class='ocr_carea' id='block_1_83' title="bbox 1877 2367 3484 2438">
    <p class='ocr_par' dir='ltr' id='par_1_83' title="bbox 1877 2367 3484 2438">
     <span class='ocr_line' id='line_1_83' title="bbox 1877 2367 3484 2438; baseline -0.002 -15"><span class='ocrx_word' id='word_1_618' title='bbox 1877 2368 2109 2423; x_wconf 85' lang='lat' dir='ltr'><strong>nominis</strong></span> <span class='ocrx_word' id='word_1_619' title='bbox 2155 2368 2299 2422; x_wconf 87' lang='lat' dir='ltr'><strong>illius</strong></span> <span class='ocrx_word' id='word_1_620' title='bbox 2346 2368 2634 2438; x_wconf 89' lang='lat' dir='ltr'><strong>ignominia</strong></span> <span class='ocrx_word' id='word_1_621' title='bbox 2665 2376 2852 2421; x_wconf 91' lang='lat' dir='ltr'><strong>notare</strong></span> <span class='ocrx_word' id='word_1_622' title='bbox 2896 2367 3187 2436; x_wconf 85' lang='lat' dir='ltr'><strong>cupiebat?</strong></span> <span class='ocrx_word' id='word_1_623' title='bbox 3235 2372 3303 2420; x_wconf 80' lang='lat' dir='ltr'><strong>At</strong></span> <span class='ocrx_word' id='word_1_624' title='bbox 3342 2369 3484 2421; x_wconf 87' lang='lat' dir='ltr'><strong>enim</strong></span> 
     </span>
    </p>
   </div>
   <div class='ocr_carea' id='block_1_84' title="bbox 1876 2458 3487 2531">
    <p class='ocr_par' dir='ltr' id='par_1_84' title="bbox 1876 2458 3487 2531">
     <span class='ocr_line' id='line_1_84' title="bbox 1876 2458 3487 2531; baseline -0.001 -16"><span class='ocrx_word' id='word_1_625' title='bbox 1876 2461 2044 2531; x_wconf 89' lang='lat' dir='ltr'><strong>probe</strong></span> <span class='ocrx_word' id='word_1_626' title='bbox 2065 2468 2288 2515; x_wconf 84' lang='lat' dir='ltr'><strong>noverat</strong></span> <span class='ocrx_word' id='word_1_627' title='bbox 2314 2474 2509 2515; x_wconf 88' lang='lat' dir='ltr'><strong>nomen</strong></span> <span class='ocrx_word' id='word_1_628' title='bbox 2556 2459 2685 2514; x_wconf 92' lang='lat' dir='ltr'><strong>illud</strong></span> <span class='ocrx_word' id='word_1_629' title='bbox 2716 2460 2855 2529; x_wconf 92' lang='lat' dir='ltr'><strong>quod</strong></span> <span class='ocrx_word' id='word_1_630' title='bbox 2885 2458 3336 2514; x_wconf 88' lang='lat' dir='ltr'><strong>necessitudinem</strong></span> <span class='ocrx_word' id='word_1_631' title='bbox 3387 2459 3487 2513; x_wconf 63' lang='lat' dir='ltr'><strong>alio</strong></span> 
     </span>
    </p>
   </div>
   <div class='ocr_carea' id='block_1_85' title="bbox 1873 2548 3481 2622">
    <p class='ocr_par' dir='ltr' id='par_1_85' title="bbox 1873 2548 3481 2622">
     <span class='ocr_line' id='line_1_85' title="bbox 1873 2548 3481 2622; baseline -0.002 -16"><span class='ocrx_word' id='word_1_632' title='bbox 1873 2567 2033 2622; x_wconf 87' lang='lat' dir='ltr'><strong>quam</strong></span> <span class='ocrx_word' id='word_1_633' title='bbox 2058 2567 2179 2606; x_wconf 90' lang='lat' dir='ltr'><strong>cum</strong></span> <span class='ocrx_word' id='word_1_634' title='bbox 2202 2548 2419 2607; x_wconf 90' lang='lat' dir='ltr'><strong>Christo</strong></span> <span class='ocrx_word' id='word_1_635' title='bbox 2463 2550 2730 2621; x_wconf 83' lang='lat' dir='ltr'><strong>designat,</strong></span> <span class='ocrx_word' id='word_1_636' title='bbox 2766 2565 2872 2605; x_wconf 92' lang='lat' dir='ltr'><strong>non</strong></span> <span class='ocrx_word' id='word_1_637' title='bbox 2902 2550 3213 2605; x_wconf 90' lang='lat' dir='ltr'><strong>hominibus</strong></span> <span class='ocrx_word' id='word_1_638' title='bbox 3255 2560 3481 2612; x_wconf 88' lang='lat' dir='ltr'><strong>tantum,</strong></span> 
     </span>
    </p>
   </div>
   <div class='ocr_carea' id='block_1_86' title="bbox 1871 2642 3480 2714">
    <p class='ocr_par' dir='ltr' id='par_1_86' title="bbox 1871 2642 3480 2714">
     <span class='ocr_line' id='line_1_86' title="bbox 1871 2642 3480 2714; baseline -0.002 -15"><span class='ocrx_word' id='word_1_639' title='bbox 1871 2642 1967 2699; x_wconf 89' lang='lat' dir='ltr'><strong>sed</strong></span> <span class='ocrx_word' id='word_1_640' title='bbox 1993 2651 2047 2697; x_wconf 88' lang='lat' dir='ltr'><strong>et</strong></span> <span class='ocrx_word' id='word_1_641' title='bbox 2066 2643 2292 2714; x_wconf 88' lang='lat' dir='ltr'><strong>angelis,</strong></span> <span class='ocrx_word' id='word_1_642' title='bbox 2321 2652 2378 2699; x_wconf 92' lang='lat' dir='ltr'><strong>et</strong></span> <span class='ocrx_word' id='word_1_643' title='bbox 2402 2644 2770 2713; x_wconf 89' lang='lat' dir='ltr'><strong>superioribus</strong></span> <span class='ocrx_word' id='word_1_644' title='bbox 2801 2643 3084 2698; x_wconf 87' lang='lat' dir='ltr'><strong>virtutibus</strong></span> <span class='ocrx_word' id='word_1_645' title='bbox 3127 2659 3321 2714; x_wconf 87' lang='lat' dir='ltr'><strong>magno</strong></span> <span class='ocrx_word' id='word_1_646' title='bbox 3360 2658 3480 2698; x_wconf 85' lang='lat' dir='ltr'><strong>osse</strong></span> 
     </span>
    </p>
   </div>
   <div class='ocr_carea' id='block_1_87' title="bbox 1871 2733 3483 2804">
    <p class='ocr_par' dir='ltr' id='par_1_87' title="bbox 1871 2733 3483 2804">
     <span class='ocr_line' id='line_1_87' title="bbox 1871 2733 3483 2804; baseline 0 -15"><span class='ocrx_word' id='word_1_647' title='bbox 1871 2745 2236 2789; x_wconf 89' lang='lat' dir='ltr'><strong>ornamento:</strong></span> <span class='ocrx_word' id='word_1_648' title='bbox 2270 2735 2391 2791; x_wconf 89' lang='lat' dir='ltr'><strong>ideo</strong></span> <span class='ocrx_word' id='word_1_649' title='bbox 2440 2735 2644 2789; x_wconf 91' lang='lat' dir='ltr'><strong>nullum</strong></span> <span class='ocrx_word' id='word_1_650' title='bbox 2676 2750 2780 2788; x_wconf 90' lang='lat' dir='ltr'><strong>non</strong></span> <span class='ocrx_word' id='word_1_651' title='bbox 2818 2733 3047 2804; x_wconf 90' lang='lat' dir='ltr'><strong>lapidem</strong></span> <span class='ocrx_word' id='word_1_652' title='bbox 3096 2736 3362 2798; x_wconf 80' lang='lat' dir='ltr'><strong>movebat,</strong></span> <span class='ocrx_word' id='word_1_653' title='bbox 3426 2745 3483 2789; x_wconf 91' lang='lat' dir='ltr'><strong>ut</strong></span> 
     </span>
    </p>
   </div>
   <div class='ocr_carea' id='block_1_88' title="bbox 1870 2824 3480 2895">
    <p class='ocr_par' dir='ltr' id='par_1_88' title="bbox 1870 2824 3480 2895">
     <span class='ocr_line' id='line_1_88' title="bbox 1870 2824 3480 2895; baseline 0 -17"><span class='ocrx_word' id='word_1_654' title='bbox 1870 2824 1972 2880; x_wconf 85' lang='lat' dir='ltr'><strong>hoc</strong></span> <span class='ocrx_word' id='word_1_655' title='bbox 2015 2840 2112 2880; x_wconf 91' lang='lat' dir='ltr'><strong>nos</strong></span> <span class='ocrx_word' id='word_1_656' title='bbox 2156 2834 2476 2880; x_wconf 88' lang='lat' dir='ltr'><strong>ornamento</strong></span> <span class='ocrx_word' id='word_1_657' title='bbox 2505 2826 2759 2895; x_wconf 81' lang='lat' dir='ltr'><strong>spoliaret</strong></span> <span class='ocrx_word' id='word_1_658' title='bbox 2802 2840 2864 2880; x_wconf 90' lang='lat' dir='ltr'><strong>ac</strong></span> <span class='ocrx_word' id='word_1_659' title='bbox 2900 2827 3332 2894; x_wconf 59' lang='lat' dir='ltr'><strong>praedicationem</strong></span> <span class='ocrx_word' id='word_1_660' title='bbox 3372 2827 3480 2881; x_wconf 84' lang='lat' dir='ltr'><strong>dis-</strong></span> 
     </span>
    </p>
   </div>
   <div class='ocr_carea' id='block_1_89' title="bbox 1868 2918 3482 2990">
    <p class='ocr_par' dir='ltr' id='par_1_89' title="bbox 1868 2918 3482 2990">
     <span class='ocr_line' id='line_1_89' title="bbox 1868 2918 3482 2990; baseline 0 -18"><span class='ocrx_word' id='word_1_661' title='bbox 1868 2920 2125 2973; x_wconf 81' lang='lat' dir='ltr'><strong>Solveret.</strong></span> <span class='ocrx_word' id='word_1_662' title='bbox 2166 2918 2551 2973; x_wconf 83' lang='lat' dir='ltr'><strong>Verumtamen</strong></span> <span class='ocrx_word' id='word_1_663' title='bbox 2585 2920 2696 2974; x_wconf 76' lang='lat' dir='ltr'><strong>fieri</strong></span> <span class='ocrx_word' id='word_1_664' title='bbox 2728 2934 2833 2974; x_wconf 91' lang='lat' dir='ltr'><strong>non</strong></span> <span class='ocrx_word' id='word_1_665' title='bbox 2888 2930 3097 2990; x_wconf 90' lang='lat' dir='ltr'><strong>poterat</strong></span> <span class='ocrx_word' id='word_1_666' title='bbox 3142 2920 3290 2985; x_wconf 81' lang='lat' dir='ltr'><strong>illud,</strong></span> <span class='ocrx_word' id='word_1_667' title='bbox 3323 2936 3355 2973; x_wconf 89' lang='grc' dir='ltr'>ο</span> <span class='ocrx_word' id='word_1_668' title='bbox 3383 2922 3482 2974; x_wconf 73' lang='lat' dir='ltr'><strong>mi-</strong></span> 
     </span>
    </p>
   </div>
   <div class='ocr_carea' id='block_1_90' title="bbox 1866 3010 3474 3081">
    <p class='ocr_par' dir='ltr' id='par_1_90' title="bbox 1866 3010 3474 3081">
     <span class='ocr_line' id='line_1_90' title="bbox 1866 3010 3474 3081; baseline -0.001 -17"><span class='ocrx_word' id='word_1_669' title='bbox 1866 3024 1954 3064; x_wconf 86' lang='lat' dir='ltr'><strong>ser</strong></span> <span class='ocrx_word' id='word_1_670' title='bbox 1979 3019 2034 3065; x_wconf 91' lang='lat' dir='ltr'><strong>et</strong></span> <span class='ocrx_word' id='word_1_671' title='bbox 2066 3010 2410 3073; x_wconf 81' lang='lat' dir='ltr'><strong>infortunatc,</strong></span> <span class='ocrx_word' id='word_1_672' title='bbox 2461 3019 2515 3064; x_wconf 91' lang='lat' dir='ltr'><strong>ut</strong></span> <span class='ocrx_word' id='word_1_673' title='bbox 2557 3026 2732 3081; x_wconf 85' lang='lat' dir='ltr'><strong>neque</strong></span> <span class='ocrx_word' id='word_1_674' title='bbox 2778 3010 2891 3065; x_wconf 86' lang='lat' dir='ltr'><strong>fieri</strong></span> <span class='ocrx_word' id='word_1_675' title='bbox 2933 3020 3161 3080; x_wconf 85' lang='lat' dir='ltr'><strong>poterat,</strong></span> <span class='ocrx_word' id='word_1_676' title='bbox 3188 3020 3245 3064; x_wconf 91' lang='lat' dir='ltr'><strong>ut</strong></span> <span class='ocrx_word' id='word_1_677' title='bbox 3285 3010 3474 3063; x_wconf 71' lang='lat' dir='ltr'><strong>ca-lum</strong></span> 
     </span>
    </p>
   </div>
   <div class='ocr_carea' id='block_1_91' title="bbox 1865 3099 3479 3173">
    <p class='ocr_par' dir='ltr' id='par_1_91' title="bbox 1865 3099 3479 3173">
     <span class='ocr_line' id='line_1_91' title="bbox 1865 3099 3479 3173; baseline 0.001 -18"><span class='ocrx_word' id='word_1_678' title='bbox 1865 3100 2191 3161; x_wconf 87' lang='lat' dir='ltr'><strong>destrucres.</strong></span> <span class='ocrx_word' id='word_1_679' title='bbox 2211 3101 2378 3155; x_wconf 90' lang='lat' dir='ltr'><strong>solem</strong></span> <span class='ocrx_word' id='word_1_680' title='bbox 2393 3103 2783 3173; x_wconf 67' lang='lat' dir='ltr'><strong>exstingueres,</strong></span> <span class='ocrx_word' id='word_1_681' title='bbox 2809 3111 2965 3155; x_wconf 78' lang='lat' dir='ltr'><strong>terra:</strong></span> <span class='ocrx_word' id='word_1_682' title='bbox 2984 3099 3327 3155; x_wconf 81' lang='lat' dir='ltr'><strong>fundamenta</strong></span> <span class='ocrx_word' id='word_1_683' title='bbox 3349 3117 3479 3156; x_wconf 87' lang='lat' dir='ltr'><strong>con-</strong></span> 
     </span>
    </p>
   </div>
   <div class='ocr_carea' id='block_1_92' title="bbox 1863 3194 3475 3264">
    <p class='ocr_par' dir='ltr' id='par_1_92' title="bbox 1863 3194 3475 3264">
     <span class='ocr_line' id='line_1_92' title="bbox 1863 3194 3475 3264; baseline 0.001 -17"><span class='ocrx_word' id='word_1_684' title='bbox 1863 3206 2073 3247; x_wconf 90' lang='lat' dir='ltr'><strong>cuteres</strong></span> <span class='ocrx_word' id='word_1_685' title='bbox 2102 3201 2260 3263; x_wconf 92' lang='lat' dir='ltr'><strong>atque</strong></span> <span class='ocrx_word' id='word_1_686' title='bbox 2280 3205 2570 3257; x_wconf 88' lang='lat' dir='ltr'><strong>evertercs,</strong></span> <span class='ocrx_word' id='word_1_687' title='bbox 2606 3195 2764 3264; x_wconf 89' lang='lat' dir='ltr'><strong>idque</strong></span> <span class='ocrx_word' id='word_1_688' title='bbox 2792 3194 3039 3263; x_wconf 72' lang='lat' dir='ltr'><strong>praedixit</strong></span> <span class='ocrx_word' id='word_1_689' title='bbox 3074 3196 3200 3249; x_wconf 91' lang='lat' dir='ltr'><strong>olim</strong></span> <span class='ocrx_word' id='word_1_690' title='bbox 3227 3195 3475 3250; x_wconf 80' lang='lat' dir='ltr'><strong>Christus</strong></span> 
     </span>
    </p>
   </div>
   <div class='ocr_carea' id='block_1_93' title="bbox 1862 3282 3469 3351">
    <p class='ocr_par' dir='ltr' id='par_1_93' title="bbox 1862 3282 3469 3351">
     <span class='ocr_line' id='line_1_93' title="bbox 1862 3282 3469 3351; baseline 0.001 -12"><span class='ocrx_word' id='word_1_691' title='bbox 1862 3299 1984 3339; x_wconf 83' lang='lat' dir='ltr'><strong>cum</strong></span> <span class='ocrx_word' id='word_1_692' title='bbox 2016 3285 2082 3338; x_wconf 86' lang='lat' dir='ltr'><strong>ita</strong></span> <span class='ocrx_word' id='word_1_693' title='bbox 2108 3285 2241 3339; x_wconf 88' lang='lat' dir='ltr'><strong>dixit</strong></span> <span class='ocrx_word' id='word_1_694' title='bbox 2276 3302 2289 3338; x_wconf 91' lang='lat'><strong>:</strong></span> <span class='ocrx_word' id='word_1_695' title='bbox 2318 3282 2509 3339; x_wconf 73' lang='lat' dir='ltr'><strong>Cwlum</strong></span> <span class='ocrx_word' id='word_1_696' title='bbox 2536 3295 2582 3339; x_wconf 86' lang='lat' dir='ltr'><strong>et</strong></span> <span class='ocrx_word' id='word_1_697' title='bbox 2611 3295 2742 3339; x_wconf 82' lang='lat' dir='ltr'><strong>terra</strong></span> <span class='ocrx_word' id='word_1_698' title='bbox 2770 3287 3051 3339; x_wconf 78' lang='lat' dir='ltr'><strong>transibunt</strong></span> <span class='ocrx_word' id='word_1_699' title='bbox 3075 3302 3093 3351; x_wconf 82' lang='lat'><strong>,&#39;</strong></span> <span class='ocrx_word' id='word_1_700' title='bbox 3116 3287 3263 3341; x_wconf 81' lang='lat' dir='ltr'><strong>verba</strong></span> <span class='ocrx_word' id='word_1_701' title='bbox 3302 3298 3469 3341; x_wconf 84' lang='lat' dir='ltr'><strong>autem</strong></span> 
     </span>
    </p>
   </div>
   <div class='ocr_carea' id='block_1_94' title="bbox 1863 3374 3471 3450">
    <p class='ocr_par' dir='ltr' id='par_1_94' title="bbox 1863 3374 3471 3450">
     <span class='ocr_line' id='line_1_94' title="bbox 1863 3374 3471 3450; baseline 0.001 -19"><span class='ocrx_word' id='word_1_702' title='bbox 1863 3395 1974 3431; x_wconf 84' lang='lat' dir='ltr'><strong>mea</strong></span> <span class='ocrx_word' id='word_1_703' title='bbox 2002 3394 2101 3432; x_wconf 86' lang='lat' dir='ltr'><strong>non</strong></span> <span class='ocrx_word' id='word_1_704' title='bbox 2118 3374 2398 3431; x_wconf 80' lang='lat' dir='ltr'><strong>transibunt</strong></span> <span class='ocrx_word' id='word_1_705' title='bbox 2424 3378 2443 3449; x_wconf 94' lang='lat'><strong>(</strong></span> <span class='ocrx_word' id='word_1_706' title='bbox 2467 3376 2659 3435; x_wconf 71' lang='lat' dir='ltr'><strong>Matth.</strong></span> <span class='ocrx_word' id='word_1_707' title='bbox 2676 3378 2766 3433; x_wconf 69' lang='grc'><strong>24.</strong></span> <span class='ocrx_word' id='word_1_708' title='bbox 2797 3378 2865 3432; x_wconf 80' lang='grc'>55</span> <span class='ocrx_word' id='word_1_709' title='bbox 2882 3378 2924 3450; x_wconf 90' lang='grc'><strong>).</strong></span> <span class='ocrx_word' id='word_1_710' title='bbox 2950 3377 3054 3433; x_wconf 84' lang='lat' dir='ltr'><strong>Sed</strong></span> <span class='ocrx_word' id='word_1_711' title='bbox 3081 3378 3283 3434; x_wconf 80' lang='lat' dir='ltr'><strong>Christi</strong></span> <span class='ocrx_word' id='word_1_712' title='bbox 3308 3380 3471 3434; x_wconf 85' lang='lat' dir='ltr'><strong>verba</strong></span> 
     </span>
    </p>
   </div>
   <div class='ocr_carea' id='block_1_95' title="bbox 1862 3471 3471 3543">
    <p class='ocr_par' dir='ltr' id='par_1_95' title="bbox 1862 3471 3471 3543">
     <span class='ocr_line' id='line_1_95' title="bbox 1862 3471 3471 3543; baseline -0.001 -16"><span class='ocrx_word' id='word_1_713' title='bbox 1862 3473 1999 3527; x_wconf 86' lang='lat' dir='ltr'><strong>ferre</strong></span> <span class='ocrx_word' id='word_1_714' title='bbox 2049 3489 2155 3527; x_wconf 91' lang='lat' dir='ltr'><strong>non</strong></span> <span class='ocrx_word' id='word_1_715' title='bbox 2210 3482 2384 3542; x_wconf 83' lang='lat' dir='ltr'><strong>potes,</strong></span> <span class='ocrx_word' id='word_1_716' title='bbox 2416 3475 2603 3526; x_wconf 82' lang='lat' dir='ltr'><strong>vocem</strong></span> <span class='ocrx_word' id='word_1_717' title='bbox 2633 3472 2788 3543; x_wconf 85' lang='lat' dir='ltr'><strong>igitur</strong></span> <span class='ocrx_word' id='word_1_718' title='bbox 2818 3471 3077 3525; x_wconf 84' lang='lat' dir='ltr'><strong>factorum</strong></span> <span class='ocrx_word' id='word_1_719' title='bbox 3114 3474 3351 3541; x_wconf 90' lang='lat' dir='ltr'><strong>ipsorum</strong></span> <span class='ocrx_word' id='word_1_720' title='bbox 3379 3473 3471 3526; x_wconf 73' lang='lat' dir='ltr'><strong>atl-</strong></span> 
     </span>
    </p>
   </div>
   <div class='ocr_carea' id='block_1_96' title="bbox 1862 3564 3472 3635">
    <p class='ocr_par' dir='ltr' id='par_1_96' title="bbox 1862 3564 3472 3635">
     <span class='ocr_line' id='line_1_96' title="bbox 1862 3564 3472 3635; baseline -0.001 -16"><span class='ocrx_word' id='word_1_721' title='bbox 1862 3567 2034 3621; x_wconf 90' lang='lat' dir='ltr'><strong>mitte.</strong></span> <span class='ocrx_word' id='word_1_722' title='bbox 2064 3565 2196 3619; x_wconf 87' lang='lat' dir='ltr'><strong>Nam</strong></span> <span class='ocrx_word' id='word_1_723' title='bbox 2224 3581 2323 3635; x_wconf 88' lang='lat' dir='ltr'><strong>ego</strong></span> <span class='ocrx_word' id='word_1_724' title='bbox 2369 3564 2610 3634; x_wconf 90' lang='lat' dir='ltr'><strong>quidem,</strong></span> <span class='ocrx_word' id='word_1_725' title='bbox 2640 3565 2725 3618; x_wconf 91' lang='lat' dir='ltr'><strong>cui</strong></span> <span class='ocrx_word' id='word_1_726' title='bbox 2770 3564 2911 3618; x_wconf 88' lang='lat' dir='ltr'><strong>scire</strong></span> <span class='ocrx_word' id='word_1_727' title='bbox 2941 3565 3203 3634; x_wconf 89' lang='lat' dir='ltr'><strong>contingit</strong></span> <span class='ocrx_word' id='word_1_728' title='bbox 3234 3565 3359 3634; x_wconf 82' lang='lat' dir='ltr'><strong>quid</strong></span> <span class='ocrx_word' id='word_1_729' title='bbox 3402 3564 3472 3617; x_wconf 92' lang='lat' dir='ltr'><strong>sit</strong></span> 
     </span>
    </p>
   </div>
   <div class='ocr_carea' id='block_1_97' title="bbox 1859 3655 3465 3726">
    <p class='ocr_par' dir='ltr' id='par_1_97' title="bbox 1859 3655 3465 3726">
     <span class='ocr_line' id='line_1_97' title="bbox 1859 3655 3465 3726; baseline -0.004 -13"><span class='ocrx_word' id='word_1_730' title='bbox 1859 3658 2191 3713; x_wconf 87' lang='lat' dir='ltr'><strong>denuntiatio</strong></span> <span class='ocrx_word' id='word_1_731' title='bbox 2214 3657 2416 3722; x_wconf 81' lang='lat' dir='ltr'><strong>divina,</strong></span> <span class='ocrx_word' id='word_1_732' title='bbox 2444 3672 2602 3726; x_wconf 85' lang='lat' dir='ltr'><strong>quam</strong></span> <span class='ocrx_word' id='word_1_733' title='bbox 2630 3666 2820 3726; x_wconf 87' lang='lat' dir='ltr'><strong>potens</strong></span> <span class='ocrx_word' id='word_1_734' title='bbox 2857 3664 2911 3710; x_wconf 91' lang='lat' dir='ltr'><strong>et</strong></span> <span class='ocrx_word' id='word_1_735' title='bbox 2934 3656 3129 3709; x_wconf 90' lang='lat' dir='ltr'><strong>invicta</strong></span> <span class='ocrx_word' id='word_1_736' title='bbox 3152 3671 3237 3710; x_wconf 89' lang='lat' dir='ltr'><strong>res</strong></span> <span class='ocrx_word' id='word_1_737' title='bbox 3267 3656 3353 3709; x_wconf 86' lang='lat' dir='ltr'><strong>illa</strong></span> <span class='ocrx_word' id='word_1_738' title='bbox 3379 3655 3465 3714; x_wconf 88' lang='lat' dir='ltr'><strong>sit.</strong></span> 
     </span>
    </p>
   </div>
   <div class='ocr_carea' id='block_1_98' title="bbox 1860 3745 3463 3819">
    <p class='ocr_par' dir='ltr' id='par_1_98' title="bbox 1860 3745 3463 3819">
     <span class='ocr_line' id='line_1_98' title="bbox 1860 3745 3463 3819; baseline -0.003 -16"><span class='ocrx_word' id='word_1_739' title='bbox 1860 3751 1977 3819; x_wconf 86' lang='lat' dir='ltr'><strong>ipso</strong></span> <span class='ocrx_word' id='word_1_740' title='bbox 1999 3763 2203 3804; x_wconf 75' lang='lat' dir='ltr'><strong>natura:</strong></span> <span class='ocrx_word' id='word_1_741' title='bbox 2228 3749 2416 3803; x_wconf 90' lang='lat' dir='ltr'><strong>ordine</strong></span> <span class='ocrx_word' id='word_1_742' title='bbox 2454 3749 2820 3816; x_wconf 88' lang='lat' dir='ltr'><strong>factorumque</strong></span> <span class='ocrx_word' id='word_1_743' title='bbox 2854 3747 3097 3801; x_wconf 90' lang='lat' dir='ltr'><strong>omnium</strong></span> <span class='ocrx_word' id='word_1_744' title='bbox 3134 3745 3463 3816; x_wconf 78' lang='lat' dir='ltr'><strong>experientia</strong></span> 
     </span>
    </p>
   </div>
   <div class='ocr_carea' id='block_1_99' title="bbox 1856 3841 3463 3913">
    <p class='ocr_par' dir='ltr' id='par_1_99' title="bbox 1856 3841 3463 3913">
     <span class='ocr_line' id='line_1_99' title="bbox 1856 3841 3463 3913; baseline -0.005 -14"><span class='ocrx_word' id='word_1_745' title='bbox 1856 3846 2140 3899; x_wconf 88' lang='lat' dir='ltr'><strong>certiorem</strong></span> <span class='ocrx_word' id='word_1_746' title='bbox 2195 3844 2387 3898; x_wconf 87' lang='lat' dir='ltr'><strong>aclide</strong></span> <span class='ocrx_word' id='word_1_747' title='bbox 2440 3843 2740 3913; x_wconf 80' lang='lat' dir='ltr'><strong>digniorem</strong></span> <span class='ocrx_word' id='word_1_748' title='bbox 2797 3842 2943 3896; x_wconf 91' lang='lat' dir='ltr'><strong>illam</strong></span> <span class='ocrx_word' id='word_1_749' title='bbox 2983 3856 3105 3895; x_wconf 88' lang='lat' dir='ltr'><strong>esse</strong></span> <span class='ocrx_word' id='word_1_750' title='bbox 3153 3841 3354 3894; x_wconf 88' lang='lat' dir='ltr'><strong>credo:</strong></span> <span class='ocrx_word' id='word_1_751' title='bbox 3410 3848 3463 3893; x_wconf 89' lang='lat' dir='ltr'><strong>tu</strong></span> 
     </span>
    </p>
   </div>
   <div class='ocr_carea' id='block_1_100' title="bbox 1856 3932 3467 4006">
    <p class='ocr_par' dir='ltr' id='par_1_100' title="bbox 1856 3932 3467 4006">
     <span class='ocr_line' id='line_1_100' title="bbox 1856 3932 3467 4006; baseline -0.004 -16"><span class='ocrx_word' id='word_1_752' title='bbox 1856 3952 1984 3991; x_wconf 90' lang='lat' dir='ltr'><strong>vero</strong></span> <span class='ocrx_word' id='word_1_753' title='bbox 2012 3937 2100 4006; x_wconf 91' lang='lat' dir='ltr'><strong>qui</strong></span> <span class='ocrx_word' id='word_1_754' title='bbox 2129 3937 2272 3989; x_wconf 87' lang='lat' dir='ltr'><strong>lmmi</strong></span> <span class='ocrx_word' id='word_1_755' title='bbox 2299 3936 2470 4005; x_wconf 85' lang='lat' dir='ltr'><strong>serpis</strong></span> <span class='ocrx_word' id='word_1_756' title='bbox 2498 3935 2690 3999; x_wconf 88' lang='lat' dir='ltr'><strong>adhuc,</strong></span> <span class='ocrx_word' id='word_1_757' title='bbox 2720 3942 2773 3988; x_wconf 91' lang='lat' dir='ltr'><strong>et</strong></span> <span class='ocrx_word' id='word_1_758' title='bbox 2802 3933 3154 3987; x_wconf 87' lang='lat' dir='ltr'><strong>humanarum</strong></span> <span class='ocrx_word' id='word_1_759' title='bbox 3186 3932 3467 4001; x_wconf 67' lang='lat' dir='ltr'><strong>cogitatio-</strong></span> 
     </span>
    </p>
   </div>
   <div class='ocr_carea' id='block_1_101' title="bbox 1856 4023 3461 4099">
    <p class='ocr_par' dir='ltr' id='par_1_101' title="bbox 1856 4023 3461 4099">
     <span class='ocr_line' id='line_1_101' title="bbox 1856 4023 3461 4099; baseline -0.004 -15"><span class='ocrx_word' id='word_1_760' title='bbox 1856 4046 1982 4084; x_wconf 88' lang='lat' dir='ltr'><strong>num</strong></span> <span class='ocrx_word' id='word_1_761' title='bbox 2022 4028 2485 4099; x_wconf 89' lang='lat' dir='ltr'><strong>disquisitionibus</strong></span> <span class='ocrx_word' id='word_1_762' title='bbox 2513 4041 2571 4081; x_wconf 91' lang='lat' dir='ltr'><strong>es</strong></span> <span class='ocrx_word' id='word_1_763' title='bbox 2600 4026 2865 4091; x_wconf 88' lang='lat' dir='ltr'><strong>addictus,</strong></span> <span class='ocrx_word' id='word_1_764' title='bbox 2898 4024 3264 4079; x_wconf 89' lang='lat' dir='ltr'><strong>testimonium</strong></span> <span class='ocrx_word' id='word_1_765' title='bbox 3290 4023 3461 4077; x_wconf 87' lang='lat' dir='ltr'><strong>facto—</strong></span> 
     </span>
    </p>
   </div>
   <div class='ocr_carea' id='block_1_102' title="bbox 1854 4116 3245 4187">
    <p class='ocr_par' dir='ltr' id='par_1_102' title="bbox 1854 4116 3245 4187">
     <span class='ocr_line' id='line_1_102' title="bbox 1854 4116 3245 4187; baseline -0.003 -11"><span class='ocrx_word' id='word_1_766' title='bbox 1854 4138 1973 4177; x_wconf 88' lang='lat' dir='ltr'><strong>rmn</strong></span> <span class='ocrx_word' id='word_1_767' title='bbox 2000 4122 2223 4176; x_wconf 88' lang='lat' dir='ltr'><strong>admitte</strong></span> <span class='ocrx_word' id='word_1_768' title='bbox 2256 4138 2269 4174; x_wconf 90' lang='lat'><strong>:</strong></span> <span class='ocrx_word' id='word_1_769' title='bbox 2303 4120 2435 4175; x_wconf 88' lang='lat' dir='ltr'><strong>nihil</strong></span> <span class='ocrx_word' id='word_1_770' title='bbox 2465 4119 2796 4187; x_wconf 88' lang='lat' dir='ltr'><strong>contradico,</strong></span> <span class='ocrx_word' id='word_1_771' title='bbox 2824 4134 2932 4173; x_wconf 90' lang='lat' dir='ltr'><strong>non</strong></span> <span class='ocrx_word' id='word_1_772' title='bbox 2955 4116 3245 4173; x_wconf 82' lang='lat' dir='ltr'><strong>contendo.</strong></span> 
     </span>
    </p>
   </div>
   <div class='ocr_carea' id='block_1_103' title="bbox 1925 4209 3460 4285">
    <p class='ocr_par' dir='ltr' id='par_1_103' title="bbox 1925 4209 3460 4285">
     <span class='ocr_line' id='line_1_103' title="bbox 1925 4209 3460 4285; baseline -0.004 -18"><span class='ocrx_word' id='word_1_773' title='bbox 1925 4214 1981 4267; x_wconf 69' lang='grc' dir='ltr'><strong>Ξ.</strong></span> <span class='ocrx_word' id='word_1_774' title='bbox 2012 4213 2149 4281; x_wconf 86' lang='lat' dir='ltr'><strong>Quid</strong></span> <span class='ocrx_word' id='word_1_775' title='bbox 2172 4229 2301 4285; x_wconf 85' lang='lat' dir='ltr'><strong>ergo</strong></span> <span class='ocrx_word' id='word_1_776' title='bbox 2328 4229 2415 4269; x_wconf 89' lang='lat' dir='ltr'><strong>res</strong></span> <span class='ocrx_word' id='word_1_777' title='bbox 2445 4222 2610 4283; x_wconf 64' lang='lat' dir='ltr'><strong>gesta}</strong></span> <span class='ocrx_word' id='word_1_778' title='bbox 2642 4212 2901 4266; x_wconf 85' lang='lat' dir='ltr'><strong>narrant?</strong></span> <span class='ocrx_word' id='word_1_779' title='bbox 2931 4210 3075 4264; x_wconf 82' lang='lat' dir='ltr'><strong>Dixit</strong></span> <span class='ocrx_word' id='word_1_780' title='bbox 3107 4210 3355 4264; x_wconf 89' lang='lat' dir='ltr'><strong>Christus</strong></span> <span class='ocrx_word' id='word_1_781' title='bbox 3387 4209 3460 4261; x_wconf 87' lang='lat' dir='ltr'><strong>fa-</strong></span> 
     </span>
    </p>
   </div>
   <div class='ocr_carea' id='block_1_104' title="bbox 1855 4302 3461 4373">
    <p class='ocr_par' dir='ltr' id='par_1_104' title="bbox 1855 4302 3461 4373">
     <span class='ocr_line' id='line_1_104' title="bbox 1855 4302 3461 4373; baseline -0.006 -12"><span class='ocrx_word' id='word_1_782' title='bbox 1855 4307 2012 4361; x_wconf 90' lang='lat' dir='ltr'><strong>cilius</strong></span> <span class='ocrx_word' id='word_1_783' title='bbox 2052 4321 2195 4373; x_wconf 89' lang='lat' dir='ltr'><strong>esse,</strong></span> <span class='ocrx_word' id='word_1_784' title='bbox 2226 4316 2282 4360; x_wconf 91' lang='lat' dir='ltr'><strong>ut</strong></span> <span class='ocrx_word' id='word_1_785' title='bbox 2327 4305 2515 4359; x_wconf 78' lang='lat' dir='ltr'><strong>e-elum</strong></span> <span class='ocrx_word' id='word_1_786' title='bbox 2545 4314 2599 4359; x_wconf 91' lang='lat' dir='ltr'><strong>et</strong></span> <span class='ocrx_word' id='word_1_787' title='bbox 2649 4312 2788 4357; x_wconf 89' lang='lat' dir='ltr'><strong>terra</strong></span> <span class='ocrx_word' id='word_1_788' title='bbox 2841 4302 3170 4372; x_wconf 90' lang='lat' dir='ltr'><strong>dispereant,</strong></span> <span class='ocrx_word' id='word_1_789' title='bbox 3214 4315 3371 4369; x_wconf 90' lang='lat' dir='ltr'><strong>quam</strong></span> <span class='ocrx_word' id='word_1_790' title='bbox 3405 4310 3461 4353; x_wconf 94' lang='lat' dir='ltr'><strong>ut</strong></span> 
     </span>
    </p>
   </div>
   <div class='ocr_carea' id='block_1_105' title="bbox 1855 4392 3454 4467">
    <p class='ocr_par' dir='ltr' id='par_1_105' title="bbox 1855 4392 3454 4467">
     <span class='ocr_line' id='line_1_105' title="bbox 1855 4392 3454 4467; baseline -0.006 -16"><span class='ocrx_word' id='word_1_791' title='bbox 1855 4413 2018 4452; x_wconf 89' lang='lat' dir='ltr'><strong>unum</strong></span> <span class='ocrx_word' id='word_1_792' title='bbox 2046 4396 2259 4467; x_wconf 78' lang='lat' dir='ltr'><strong>aliqum]</strong></span> <span class='ocrx_word' id='word_1_793' title='bbox 2289 4396 2570 4452; x_wconf 90' lang='lat' dir='ltr'><strong>verborum</strong></span> <span class='ocrx_word' id='word_1_794' title='bbox 2590 4395 2704 4465; x_wconf 89' lang='lat' dir='ltr'><strong>ejus</strong></span> <span class='ocrx_word' id='word_1_795' title='bbox 2727 4394 3010 4449; x_wconf 90' lang='lat' dir='ltr'><strong>intercidat</strong></span> <span class='ocrx_word' id='word_1_796' title='bbox 3036 4392 3184 4464; x_wconf 84' lang='lat' dir='ltr'><strong>(Luc.</strong></span> <span class='ocrx_word' id='word_1_797' title='bbox 3213 4392 3298 4446; x_wconf 78' lang='grc'><strong>16.</strong></span> <span class='ocrx_word' id='word_1_798' title='bbox 3326 4392 3415 4461; x_wconf 74' lang='grc' dir='ltr'><strong>Π)</strong></span> <span class='ocrx_word' id='word_1_799' title='bbox 3442 4405 3454 4441; x_wconf 93' lang='lat'><strong>:</strong></span> 
     </span>
    </p>
   </div>
   <div class='ocr_carea' id='block_1_106' title="bbox 1853 4486 3457 4559">
    <p class='ocr_par' dir='ltr' id='par_1_106' title="bbox 1853 4486 3457 4559">
     <span class='ocr_line' id='line_1_106' title="bbox 1853 4486 3457 4559; baseline -0.004 -13"><span class='ocrx_word' id='word_1_800' title='bbox 1853 4492 2175 4546; x_wconf 81' lang='lat' dir='ltr'><strong>contradixit</strong></span> <span class='ocrx_word' id='word_1_801' title='bbox 2216 4491 2297 4544; x_wconf 89' lang='lat' dir='ltr'><strong>his</strong></span> <span class='ocrx_word' id='word_1_802' title='bbox 2330 4490 2644 4559; x_wconf 85' lang='lat' dir='ltr'><strong>Imperator,</strong></span> <span class='ocrx_word' id='word_1_803' title='bbox 2679 4496 2734 4543; x_wconf 88' lang='lat' dir='ltr'><strong>et</strong></span> <span class='ocrx_word' id='word_1_804' title='bbox 2771 4488 3077 4542; x_wconf 86' lang='lat' dir='ltr'><strong>Christiana</strong></span> <span class='ocrx_word' id='word_1_805' title='bbox 3117 4501 3176 4540; x_wconf 90' lang='lat' dir='ltr'><strong>se</strong></span> <span class='ocrx_word' id='word_1_806' title='bbox 3206 4486 3457 4555; x_wconf 86' lang='lat' dir='ltr'><strong>dogmata</strong></span> 
     </span>
    </p>
   </div>
   <div class='ocr_carea' id='block_1_107' title="bbox 1854 4578 3458 4647">
    <p class='ocr_par' dir='ltr' id='par_1_107' title="bbox 1854 4578 3458 4647">
     <span class='ocr_line' id='line_1_107' title="bbox 1854 4578 3458 4647; baseline -0.007 -6"><span class='ocrx_word' id='word_1_807' title='bbox 1854 4586 2331 4641; x_wconf 80' lang='lat' dir='ltr'><strong>exterminatnrum</strong></span> <span class='ocrx_word' id='word_1_808' title='bbox 2386 4584 2744 4637; x_wconf 83' lang='lat' dir='ltr'><strong>comminatus</strong></span> <span class='ocrx_word' id='word_1_809' title='bbox 2792 4589 2894 4635; x_wconf 89' lang='lat' dir='ltr'><strong>est.</strong></span> <span class='ocrx_word' id='word_1_810' title='bbox 2960 4580 3059 4636; x_wconf 89' lang='lat' dir='ltr'><strong>Ubi</strong></span> <span class='ocrx_word' id='word_1_811' title='bbox 3101 4593 3242 4633; x_wconf 90' lang='lat' dir='ltr'><strong>nunc</strong></span> <span class='ocrx_word' id='word_1_812' title='bbox 3299 4578 3458 4647; x_wconf 82' lang='lat' dir='ltr'><strong>igitur</strong></span> 
     </span>
    </p>
   </div>
   <div class='ocr_carea' id='block_1_108' title="bbox 1853 4671 3456 4749">
    <p class='ocr_par' dir='ltr' id='par_1_108' title="bbox 1853 4671 3456 4749">
     <span class='ocr_line' id='line_1_108' title="bbox 1853 4671 3456 4749; baseline -0.007 -16"><span class='ocrx_word' id='word_1_813' title='bbox 1853 4690 1935 4733; x_wconf 87' lang='lat' dir='ltr'><strong>est</strong></span> <span class='ocrx_word' id='word_1_814' title='bbox 1966 4679 2051 4733; x_wconf 90' lang='lat' dir='ltr'><strong>ille</strong></span> <span class='ocrx_word' id='word_1_815' title='bbox 2082 4681 2169 4749; x_wconf 91' lang='lat' dir='ltr'><strong>qui</strong></span> <span class='ocrx_word' id='word_1_816' title='bbox 2214 4678 2335 4732; x_wconf 88' lang='lat' dir='ltr'><strong>talia</strong></span> <span class='ocrx_word' id='word_1_817' title='bbox 2382 4678 2740 4732; x_wconf 86' lang='lat' dir='ltr'><strong>comminatus</strong></span> <span class='ocrx_word' id='word_1_818' title='bbox 2764 4675 2889 4729; x_wconf 86' lang='lat' dir='ltr'><strong>est?</strong></span> <span class='ocrx_word' id='word_1_819' title='bbox 2920 4674 3085 4730; x_wconf 86' lang='lat' dir='ltr'><strong>Periit</strong></span> <span class='ocrx_word' id='word_1_820' title='bbox 3124 4683 3175 4727; x_wconf 92' lang='lat' dir='ltr'><strong>et</strong></span> <span class='ocrx_word' id='word_1_821' title='bbox 3206 4688 3236 4727; x_wconf 92' lang='lat' dir='ltr'><strong>e</strong></span> <span class='ocrx_word' id='word_1_822' title='bbox 3277 4671 3456 4726; x_wconf 87' lang='lat' dir='ltr'><strong>medio</strong></span> 
     </span>
    </p>
   </div>
   <div class='ocr_carea' id='block_1_109' title="bbox 1853 4764 3457 4840">
    <p class='ocr_par' dir='ltr' id='par_1_109' title="bbox 1853 4764 3457 4840">
     <span class='ocr_line' id='line_1_109' title="bbox 1853 4764 3457 4840; baseline -0.006 -14"><span class='ocrx_word' id='word_1_823' title='bbox 1853 4772 2096 4826; x_wconf 88' lang='lat' dir='ltr'><strong>sublatus</strong></span> <span class='ocrx_word' id='word_1_824' title='bbox 2139 4782 2241 4839; x_wconf 74' lang='grc' dir='ltr'><strong>ρει,</strong></span> <span class='ocrx_word' id='word_1_825' title='bbox 2270 4771 2487 4840; x_wconf 87' lang='lat' dir='ltr'><strong>jamque</strong></span> <span class='ocrx_word' id='word_1_826' title='bbox 2515 4770 2653 4840; x_wconf 89' lang='lat' dir='ltr'><strong>apud</strong></span> <span class='ocrx_word' id='word_1_827' title='bbox 2688 4769 2886 4823; x_wconf 89' lang='lat' dir='ltr'><strong>inferos</strong></span> <span class='ocrx_word' id='word_1_828' title='bbox 2916 4767 3204 4822; x_wconf 84' lang='lat' dir='ltr'><strong>ittevitabili</strong></span> <span class='ocrx_word' id='word_1_829' title='bbox 3248 4764 3457 4833; x_wconf 76' lang='lat' dir='ltr'><strong>suppli-</strong></span> 
     </span>
    </p>
   </div>
   <div class='ocr_carea' id='block_1_110' title="bbox 1853 4860 3457 4934">
    <p class='ocr_par' dir='ltr' id='par_1_110' title="bbox 1853 4860 3457 4934">
     <span class='ocr_line' id='line_1_110' title="bbox 1853 4860 3457 4934; baseline -0.005 -17"><span class='ocrx_word' id='word_1_830' title='bbox 1853 4865 1939 4917; x_wconf 87' lang='lat' dir='ltr'><strong>cio</strong></span> <span class='ocrx_word' id='word_1_831' title='bbox 1962 4873 2257 4934; x_wconf 90' lang='lat' dir='ltr'><strong>torquetur.</strong></span> <span class='ocrx_word' id='word_1_832' title='bbox 2293 4864 2393 4919; x_wconf 88' lang='lat' dir='ltr'><strong>Ubi</strong></span> <span class='ocrx_word' id='word_1_833' title='bbox 2424 4879 2550 4919; x_wconf 87' lang='lat' dir='ltr'><strong>vero</strong></span> <span class='ocrx_word' id='word_1_834' title='bbox 2575 4864 2824 4918; x_wconf 82' lang='lat' dir='ltr'><strong>Christus</strong></span> <span class='ocrx_word' id='word_1_835' title='bbox 2853 4872 2957 4927; x_wconf 88' lang='lat' dir='ltr'><strong>est,</strong></span> <span class='ocrx_word' id='word_1_836' title='bbox 2985 4876 3014 4914; x_wconf 87' lang='lat' dir='ltr'><strong>a</strong></span> <span class='ocrx_word' id='word_1_837' title='bbox 3053 4875 3160 4931; x_wconf 92' lang='lat' dir='ltr'><strong>quo</strong></span> <span class='ocrx_word' id='word_1_838' title='bbox 3207 4860 3291 4913; x_wconf 91' lang='lat' dir='ltr'><strong>illa</strong></span> <span class='ocrx_word' id='word_1_839' title='bbox 3330 4866 3457 4912; x_wconf 90' lang='lat' dir='ltr'><strong>sunt</strong></span> 
     </span>
    </p>
   </div>
   <div class='ocr_carea' id='block_1_111' title="bbox 1853 4952 3453 5025">
    <p class='ocr_par' dir='ltr' id='par_1_111' title="bbox 1853 4952 3453 5025">
     <span class='ocr_line' id='line_1_111' title="bbox 1853 4952 3453 5025; baseline -0.006 -12"><span class='ocrx_word' id='word_1_840' title='bbox 1853 4957 2197 5013; x_wconf 84' lang='lat' dir='ltr'><strong>denuntiata?</strong></span> <span class='ocrx_word' id='word_1_841' title='bbox 2230 4958 2283 5013; x_wconf 91' lang='lat' dir='ltr'><strong>lu</strong></span> <span class='ocrx_word' id='word_1_842' title='bbox 2329 4960 2498 5025; x_wconf 81' lang='lat' dir='ltr'><strong>caelis,</strong></span> <span class='ocrx_word' id='word_1_843' title='bbox 2533 4958 2585 5012; x_wconf 93' lang='lat' dir='ltr'><strong>in</strong></span> <span class='ocrx_word' id='word_1_844' title='bbox 2636 4959 2861 5013; x_wconf 80' lang='lat' dir='ltr'><strong>dextera</strong></span> <span class='ocrx_word' id='word_1_845' title='bbox 2914 4955 3087 5011; x_wconf 82' lang='lat' dir='ltr'><strong>Patris</strong></span> <span class='ocrx_word' id='word_1_846' title='bbox 3133 4952 3453 5007; x_wconf 87' lang='lat' dir='ltr'><strong>altissimum</strong></span> 
     </span>
    </p>
   </div>
   <div class='ocr_carea' id='block_1_112' title="bbox 1854 5044 3456 5120">
    <p class='ocr_par' dir='ltr' id='par_1_112' title="bbox 1854 5044 3456 5120">
     <span class='ocr_line' id='line_1_112' title="bbox 1854 5044 3456 5120; baseline -0.003 -18"><span class='ocrx_word' id='word_1_847' title='bbox 1854 5050 2036 5120; x_wconf 60' lang='lat' dir='ltr'><strong>glorim</strong></span> <span class='ocrx_word' id='word_1_848' title='bbox 2072 5050 2320 5104; x_wconf 89' lang='lat' dir='ltr'><strong>thronum</strong></span> <span class='ocrx_word' id='word_1_849' title='bbox 2368 5050 2636 5104; x_wconf 90' lang='lat' dir='ltr'><strong>obtinens.</strong></span> <span class='ocrx_word' id='word_1_850' title='bbox 2660 5049 2757 5104; x_wconf 90' lang='lat' dir='ltr'><strong>Ubi</strong></span> <span class='ocrx_word' id='word_1_851' title='bbox 2783 5049 2942 5103; x_wconf 82' lang='lat' dir='ltr'><strong>verba</strong></span> <span class='ocrx_word' id='word_1_852' title='bbox 2976 5046 3317 5117; x_wconf 86' lang='lat' dir='ltr'><strong>imperatoris</strong></span> <span class='ocrx_word' id='word_1_853' title='bbox 3350 5044 3456 5098; x_wconf 87' lang='lat' dir='ltr'><strong>bla-</strong></span> 
     </span>
    </p>
   </div>
   <div class='ocr_carea' id='block_1_113' title="bbox 1854 5139 3458 5212">
    <p class='ocr_par' dir='ltr' id='par_1_113' title="bbox 1854 5139 3458 5212">
     <span class='ocr_line' id='line_1_113' title="bbox 1854 5139 3458 5212; baseline -0.002 -17"><span class='ocrx_word' id='word_1_854' title='bbox 1854 5142 2097 5211; x_wconf 87' lang='lat' dir='ltr'><strong>Spbema,</strong></span> <span class='ocrx_word' id='word_1_855' title='bbox 2128 5155 2179 5197; x_wconf 92' lang='lat' dir='ltr'><strong>et</strong></span> <span class='ocrx_word' id='word_1_856' title='bbox 2212 5142 2450 5197; x_wconf 84' lang='lat' dir='ltr'><strong>insolens</strong></span> <span class='ocrx_word' id='word_1_857' title='bbox 2474 5143 2560 5197; x_wconf 91' lang='lat' dir='ltr'><strong>illa</strong></span> <span class='ocrx_word' id='word_1_858' title='bbox 2618 5142 2837 5212; x_wconf 88' lang='lat' dir='ltr'><strong>lingua?</strong></span> <span class='ocrx_word' id='word_1_859' title='bbox 2886 5140 3033 5197; x_wconf 90' lang='lat' dir='ltr'><strong>Cinis</strong></span> <span class='ocrx_word' id='word_1_860' title='bbox 3078 5150 3130 5195; x_wconf 88' lang='lat' dir='ltr'><strong>et</strong></span> <span class='ocrx_word' id='word_1_861' title='bbox 3178 5139 3372 5209; x_wconf 82' lang='lat' dir='ltr'><strong>pulvis,</strong></span> <span class='ocrx_word' id='word_1_862' title='bbox 3403 5148 3458 5191; x_wconf 84' lang='lat' dir='ltr'><strong>et</strong></span> 
     </span>
    </p>
   </div>
   <div class='ocr_carea' id='block_1_114' title="bbox 1855 5230 3457 5290">
    <p class='ocr_par' dir='ltr' id='par_1_114' title="bbox 1855 5230 3457 5290">
     <span class='ocr_line' id='line_1_114' title="bbox 1855 5230 3457 5290; baseline -0.002 -5"><span class='ocrx_word' id='word_1_863' title='bbox 1855 5234 2113 5288; x_wconf 82' lang='lat' dir='ltr'><strong>vermium</strong></span> <span class='ocrx_word' id='word_1_864' title='bbox 2152 5234 2301 5287; x_wconf 92' lang='lat' dir='ltr'><strong>cibus</strong></span> <span class='ocrx_word' id='word_1_865' title='bbox 2337 5234 2524 5289; x_wconf 83' lang='lat' dir='ltr'><strong>evasit.</strong></span> <span class='ocrx_word' id='word_1_866' title='bbox 2557 5234 2656 5290; x_wconf 90' lang='lat' dir='ltr'><strong>Ubi</strong></span> <span class='ocrx_word' id='word_1_867' title='bbox 2694 5233 2904 5288; x_wconf 78' lang='lat' dir='ltr'><strong>Christi</strong></span> <span class='ocrx_word' id='word_1_868' title='bbox 2953 5230 3329 5288; x_wconf 83' lang='lat' dir='ltr'><strong>denuntiatio?</strong></span> <span class='ocrx_word' id='word_1_869' title='bbox 3374 5232 3457 5283; x_wconf 78' lang='lat' dir='ltr'><strong>Ab</strong></span> 
     </span>
    </p>
   </div>
   <div class='ocr_carea' id='block_1_115' title="bbox 1855 5325 3456 5395">
    <p class='ocr_par' dir='ltr' id='par_1_115' title="bbox 1855 5325 3456 5395">
     <span class='ocr_line' id='line_1_115' title="bbox 1855 5325 3456 5395; baseline -0.001 -18"><span class='ocrx_word' id='word_1_870' title='bbox 1855 5326 1967 5393; x_wconf 89' lang='lat' dir='ltr'><strong>ipsa</strong></span> <span class='ocrx_word' id='word_1_871' title='bbox 2000 5326 2221 5379; x_wconf 87' lang='lat' dir='ltr'><strong>veritate</strong></span> <span class='ocrx_word' id='word_1_872' title='bbox 2243 5340 2421 5381; x_wconf 91' lang='lat' dir='ltr'><strong>rerum</strong></span> <span class='ocrx_word' id='word_1_873' title='bbox 2452 5336 2718 5395; x_wconf 84' lang='lat' dir='ltr'><strong>gestarum</strong></span> <span class='ocrx_word' id='word_1_874' title='bbox 2749 5328 2941 5392; x_wconf 87' lang='lat' dir='ltr'><strong>elucet,</strong></span> <span class='ocrx_word' id='word_1_875' title='bbox 2967 5341 3031 5380; x_wconf 89' lang='lat' dir='ltr'><strong>ac</strong></span> <span class='ocrx_word' id='word_1_876' title='bbox 3068 5335 3336 5394; x_wconf 88' lang='lat' dir='ltr'><strong>tamquam</strong></span> <span class='ocrx_word' id='word_1_877' title='bbox 3387 5325 3456 5384; x_wconf 86' lang='lat' dir='ltr'><strong>ab</strong></span> 
     </span>
    </p>
   </div>
   <div class='ocr_carea' id='block_1_116' title="bbox 1854 5418 3448 5489">
    <p class='ocr_par' dir='ltr' id='par_1_116' title="bbox 1854 5418 3448 5489">
     <span class='ocr_line' id='line_1_116' title="bbox 1854 5418 3448 5489; baseline 0 -18"><span class='ocrx_word' id='word_1_878' title='bbox 1854 5433 2011 5473; x_wconf 87' lang='lat' dir='ltr'><strong>aurea</strong></span> <span class='ocrx_word' id='word_1_879' title='bbox 2043 5418 2292 5473; x_wconf 87' lang='lat' dir='ltr'><strong>columna</strong></span> <span class='ocrx_word' id='word_1_880' title='bbox 2317 5421 2542 5489; x_wconf 87' lang='lat' dir='ltr'><strong>quadam</strong></span> <span class='ocrx_word' id='word_1_881' title='bbox 2571 5421 2638 5474; x_wconf 89' lang='lat' dir='ltr'><strong>ab</strong></span> <span class='ocrx_word' id='word_1_882' title='bbox 2664 5430 2856 5476; x_wconf 84' lang='lat' dir='ltr'><strong>eventu</strong></span> <span class='ocrx_word' id='word_1_883' title='bbox 2890 5420 3147 5474; x_wconf 80' lang='lat' dir='ltr'><strong>factorum</strong></span> <span class='ocrx_word' id='word_1_884' title='bbox 3182 5418 3448 5473; x_wconf 79' lang='lat' dir='ltr'><strong>ceruscat.</strong></span> 
     </span>
    </p>
   </div>
   <div class='ocr_carea' id='block_1_117' title="bbox 1853 5509 3450 5583">
    <p class='ocr_par' dir='ltr' id='par_1_117' title="bbox 1853 5509 3450 5583">
     <span class='ocr_line' id='line_1_117' title="bbox 1853 5509 3450 5583; baseline -0.001 -20"><span class='ocrx_word' id='word_1_885' title='bbox 1853 5509 2089 5564; x_wconf 84' lang='lat' dir='ltr'><strong>Tametsi</strong></span> <span class='ocrx_word' id='word_1_886' title='bbox 2122 5511 2249 5565; x_wconf 88' lang='lat' dir='ltr'><strong>nihil</strong></span> <span class='ocrx_word' id='word_1_887' title='bbox 2281 5511 2349 5565; x_wconf 89' lang='lat' dir='ltr'><strong>ab</strong></span> <span class='ocrx_word' id='word_1_888' title='bbox 2376 5512 2700 5580; x_wconf 87' lang='lat' dir='ltr'><strong>lmperatore</strong></span> <span class='ocrx_word' id='word_1_889' title='bbox 2732 5521 2841 5565; x_wconf 92' lang='lat' dir='ltr'><strong>tum</strong></span> <span class='ocrx_word' id='word_1_890' title='bbox 2888 5512 3307 5583; x_wconf 57' lang='lat' dir='ltr'><strong>pratermjssum</strong></span> <span class='ocrx_word' id='word_1_891' title='bbox 3350 5518 3450 5572; x_wconf 76' lang='lat' dir='ltr'><strong>est,</strong></span> 
     </span>
    </p>
   </div>
   <div class='ocr_carea' id='block_1_118' title="bbox 1853 5600 3454 5675">
    <p class='ocr_par' dir='ltr' id='par_1_118' title="bbox 1853 5600 3454 5675">
     <span class='ocr_line' id='line_1_118' title="bbox 1853 5600 3454 5675; baseline -0.001 -18"><span class='ocrx_word' id='word_1_892' title='bbox 1853 5618 1959 5673; x_wconf 92' lang='lat' dir='ltr'><strong>quo</strong></span> <span class='ocrx_word' id='word_1_893' title='bbox 1989 5618 2048 5658; x_wconf 90' lang='lat' dir='ltr'><strong>se</strong></span> <span class='ocrx_word' id='word_1_894' title='bbox 2070 5603 2134 5657; x_wconf 89' lang='lat' dir='ltr'><strong>ad</strong></span> <span class='ocrx_word' id='word_1_895' title='bbox 2168 5603 2365 5659; x_wconf 88' lang='lat' dir='ltr'><strong>bellum</strong></span> <span class='ocrx_word' id='word_1_896' title='bbox 2398 5606 2553 5659; x_wconf 90' lang='lat' dir='ltr'><strong>nobis</strong></span> <span class='ocrx_word' id='word_1_897' title='bbox 2576 5602 2913 5660; x_wconf 82' lang='lat' dir='ltr'><strong>inferendum</strong></span> <span class='ocrx_word' id='word_1_898' title='bbox 2944 5614 3279 5675; x_wconf 86' lang='lat' dir='ltr'><strong>compararet</strong></span> <span class='ocrx_word' id='word_1_899' title='bbox 3319 5620 3331 5655; x_wconf 93' lang='lat'><strong>:</strong></span> <span class='ocrx_word' id='word_1_900' title='bbox 3360 5600 3454 5656; x_wconf 90' lang='lat' dir='ltr'><strong>sed</strong></span> 
     </span>
    </p>
   </div>
   <div class='ocr_carea' id='block_1_119' title="bbox 1852 5697 3457 5769">
    <p class='ocr_par' dir='ltr' id='par_1_119' title="bbox 1852 5697 3457 5769">
     <span class='ocr_line' id='line_1_119' title="bbox 1852 5697 3457 5769; baseline -0.001 -20"><span class='ocrx_word' id='word_1_901' title='bbox 1852 5704 1908 5749; x_wconf 89' lang='lat' dir='ltr'><strong>et</strong></span> <span class='ocrx_word' id='word_1_902' title='bbox 1928 5697 2418 5764; x_wconf 87' lang='lat' dir='ltr'><strong>vatesaccersebat,</strong></span> <span class='ocrx_word' id='word_1_903' title='bbox 2438 5708 2490 5752; x_wconf 90' lang='lat' dir='ltr'><strong>et</strong></span> <span class='ocrx_word' id='word_1_904' title='bbox 2515 5699 2933 5769; x_wconf 77' lang='lat' dir='ltr'><strong>praestigiatorcs</strong></span> <span class='ocrx_word' id='word_1_905' title='bbox 2960 5698 3312 5761; x_wconf 84' lang='lat' dir='ltr'><strong>convocabat,</strong></span> <span class='ocrx_word' id='word_1_906' title='bbox 3337 5712 3457 5753; x_wconf 89' lang='lat' dir='ltr'><strong>om-</strong></span> 
     </span>
    </p>
   </div>
   <div class='ocr_carea' id='block_1_120' title="bbox 1852 5790 3445 5863">
    <p class='ocr_par' dir='ltr' id='par_1_120' title="bbox 1852 5790 3445 5863">
     <span class='ocr_line' id='line_1_120' title="bbox 1852 5790 3445 5863; baseline 0.001 -20"><span class='ocrx_word' id='word_1_907' title='bbox 1852 5790 2045 5860; x_wconf 86' lang='lat' dir='ltr'><strong>niaqne</strong></span> <span class='ocrx_word' id='word_1_908' title='bbox 2063 5790 2397 5847; x_wconf 71' lang='lat' dir='ltr'><strong>dtemonibus</strong></span> <span class='ocrx_word' id='word_1_909' title='bbox 2422 5802 2474 5847; x_wconf 89' lang='lat' dir='ltr'><strong>et</strong></span> <span class='ocrx_word' id='word_1_910' title='bbox 2494 5794 2741 5863; x_wconf 85' lang='lat' dir='ltr'><strong>malignis</strong></span> <span class='ocrx_word' id='word_1_911' title='bbox 2759 5793 3033 5863; x_wconf 76' lang='lat' dir='ltr'><strong>Spiritibus</strong></span> <span class='ocrx_word' id='word_1_912' title='bbox 3055 5791 3445 5848; x_wconf 89' lang='lat' dir='ltr'><strong>redundabant.</strong></span> 
     </span>
    </p>
   </div>
   <div class='ocr_carea' id='block_1_121' title="bbox 1928 5879 3460 5962">
    <p class='ocr_par' dir='ltr' id='par_1_121' title="bbox 1928 5879 3460 5962">
     <span class='ocr_line' id='line_1_121' title="bbox 1928 5879 3460 5962; baseline 0.002 -25"><span class='ocrx_word' id='word_1_913' title='bbox 1928 5879 2114 5940; x_wconf 74' lang='lat' dir='ltr'><strong>Fames</strong></span> <span class='ocrx_word' id='word_1_914' title='bbox 2140 5883 2350 5941; x_wconf 73' lang='lat' dir='ltr'><strong>Iuliano</strong></span> <span class='ocrx_word' id='word_1_915' title='bbox 2390 5889 2669 5959; x_wconf 50' lang='lat' dir='ltr'><strong>imperante</strong></span> <span class='ocrx_word' id='word_1_916' title='bbox 2694 5890 3024 5962; x_wconf 73' lang='lat' dir='ltr'><strong>gravissima;</strong></span> <span class='ocrx_word' id='word_1_917' title='bbox 3054 5886 3307 5960; x_wconf 71' lang='lat' dir='ltr'><strong>Apollinis</strong></span> <span class='ocrx_word' id='word_1_918' title='bbox 3332 5902 3460 5954; x_wconf 71' lang='lat' dir='ltr'><strong>qu:-</strong></span> 
     </span>
    </p>
   </div>
  </div>
