4082 6426
592 388 694 446 531

592 502 700 556 rein
726 500 789 554 de
837 497 1079 567 Rcliquiis
1125 495 1188 550 S.
1229 493 1452 564 Babylw.
1483 491 1703 559 —Qu.'e
1749 488 1962 544 tandem
2011 486 2168 555 igitur

592 592 764 648 cultus
800 588 952 643 istius
980 587 1127 641 fuere
1173 583 1426 654 praemia?
1453 582 1732 638 Civitatum
1769 578 2094 644 eversiones,
2117 586 2171 630 et

593 683 762 738 fames
783 681 972 752 quovis
995 693 1190 749 genere
1223 676 1378 731 famis
1415 674 1676 730 acerbior.
1709 671 1868 726 Scitis
1894 671 2037 724 enim
2065 669 2169 722 uti-

593 786 700 840 que
734 785 796 824 ac
824 769 1195 832 recordamini,
1245 779 1352 836 quo
1400 773 1558 834 pacto
1586 761 1861 818 venalibus
1895 759 2054 815 rebus
2077 758 2154 814 de

594 863 837 916 stitutum
859 859 1018 915 fuerit
1058 857 1254 923 forum,
1282 871 1346 911 ac
1371 856 1544 925 plena:
1575 853 1894 909 tumultuum
1921 851 2170 916 ofﬁcinas,

591 966 714 1008 cum
737 951 1093 1021 unusquisque
1111 948 1251 1019 quod
1283 947 1508 1018 primum
1530 946 1866 1008 occurrisset,
1889 943 2174 1012 praeripere

592 1040 942 1097 contenderet
966 1055 1030 1095 ac
1062 1039 1362 1095 discedere.
1400 1037 1506 1108 Sed
1529 1036 1653 1108 quid
1689 1050 1789 1104 ego
1814 1034 2008 1090 famem
2029 1034 2171 1098 dico,

581 1137 713 1187 eum:
742 1131 822 1186 vel
848 1130 947 1202 ipsi
977 1131 1128 1201 aquis
1157 1129 1395 1185 destituti
1432 1103 1605 1184 fo‘nt—m
1632 1103 1833 1193 essent,
1867 1129 2039 1181 fontes
2083 1125 2173 1194 qui

593 1224 745 1293 capia
776 1224 1098 1278 ﬂuentorum
1145 1221 1361 1276 flumina
1411 1221 1521 1290 ipsa
1566 1217 1924 1286 superabant?
1952 1215 2174 1283 Quando

593 1324 770 1369 autem
803 1313 860 1369 in
914 1313 1139 1368 fontium
1183 1313 1505 1368 mentionem
1562 1309 1868 1374 incidimus,
1901 1323 1999 1378 age
2024 1307 2174 1362 dein-

593 1419 721 1475 ceps
765 1405 832 1460 ad
869 1404 1117 1475 Daphnes
1141 1403 1448 1459 suburbium
1471 1401 1842 1464 ascendamus,
1874 1407 1930 1455 et
1981 1398 2177 1453 oratio-

595 1511 716 1551 nem
737 1495 805 1550 ad
828 1495 1074 1566 martyris
1096 1494 1349 1564 praeclara
1371 1491 1599 1547 facinora
1618 1491 1978 1545 traducamus.
1995 1489 2176 1543 Enim-

598 1603 727 1643 vero
763 1589 965 1657 probra
992 1595 1049 1644 et
1076 1587 1338 1642 dedecora
1383 1585 1658 1656 gentilium
1690 1584 1962 1654 divulgare
1989 1597 2177 1653 percu-

595 1681 738 1749 pitis,
766 1688 996 1735 attamen
1043 1679 1145 1734 hoc
1174 1688 1328 1750 pacto
1344 1680 1504 1734 etiam
1548 1677 1637 1731 illa
1669 1677 1722 1731 in
1748 1675 1978 1731 medium
2005 1674 2174 1729 addu-

590 1783 777 1826 cemus
809 1788 823 1825 :
863 1770 1127 1842 siquidem
1155 1771 1243 1826 ubi
1288 1779 1582 1841 martyrum
1621 1768 1681 1822 lit
1728 1767 1948 1830 mentio,
1977 1765 2082 1820 illic
2123 1774 2178 1820 et

593 1864 865 1932 gentilium
911 1863 1141 1918 dedecus
1180 1862 1482 1917 innotescit.
1519 1860 1618 1915 llic
1674 1859 1833 1928 igitur
1885 1857 2178 1928 Imperator

595 1969 715 2009 cum
762 1955 1019 2026 Daphnen
1070 1955 1413 2020 ascendisset,
1466 1952 1576 2008 illic
1604 1952 1903 2022 Apollinem
1936 1951 2178 2022 precibus

595 2043 887 2115 fatigabat,
927 2044 1278 2112 sollicitabat,
1315 2038 1664 2114 supplicabat,
1691 2052 1752 2098 ut
1778 2042 1880 2098 sibi
1926 2042 1994 2098 de
2018 2042 2178 2098 rebus

594 2137 785 2193 futuris
831 2139 1103 2210 quidpiam
1141 2139 1542 2193 vaticinaretur.
1581 2136 1724 2204 Quid
1777 2135 1936 2205 igitur
1956 2150 2178 2205 magnus

594 2231 684 2286 ille
712 2232 985 2301 gentilium
1016 2238 1166 2286 vates
1193 2231 1366 2286 deus?
1413 2230 1601 2285 Mortui
1637 2244 1723 2284 me
1753 2228 2070 2300 impediunt,
2097 2228 2177 2282 in-

594 2324 748 2392 quit,
776 2337 845 2379 ne
869 2323 1086 2394 loquar;
1119 2331 1176 2378 at
1203 2330 1259 2377 tu
1285 2323 1530 2393 capsulas
1568 2321 1791 2392 elfringc
1809 2362 1826 2390 ,
1854 2335 1975 2377 ossa
1996 2320 2175 2384 ell‘odi,

596 2422 839 2467 mortuos
880 2411 1129 2467 transfer.
1166 2412 1304 2478 Quid
1347 2412 1628 2468 scelestius
1657 2412 1740 2465 his
1767 2411 2031 2466 mandatis
2061 2412 2177 2465 fieri

598 2504 799 2574 possit?
830 2504 1074 2559 lnsolitas
1101 2503 1308 2559 dmmon
1356 2503 1721 2573 sepulcrorum
1750 2502 2078 2573 spoliationis
2099 2501 2178 2556 le-

588 2611 688 2667 ges
717 2595 941 2663 invehit,
970 2605 1025 2652 et
1049 2610 1215 2650 novos
1243 2594 1490 2665 abigendi
1529 2595 1765 2664 hospites
1795 2594 1981 2648 modos
2022 2608 2181 2648 exco-

598 2691 750 2760 gitat.
806 2689 936 2758 Quis
989 2703 1240 2759 umquam
1289 2697 1529 2742 mortuos
1568 2687 1767 2757 ejectos
1805 2685 2181 2754 audivit?quis

597 2780 772 2836 anima
816 2781 1068 2836 destituta
1114 2795 1336 2851 corpora
1383 2779 1595 2835 sedibus
1641 2777 1768 2848 pelli
1825 2780 1975 2848 jussa
2027 2777 2178 2842 vidit,

598 2873 1044 2945 quemadmodum
1073 2872 1159 2927 hic
1205 2872 1510 2943 imperavit,
1550 2878 1931 2925 eteommunes
1980 2876 2182 2923 naturae

600 2966 742 3035 leges
769 2963 1004 3020 funditus
1029 2962 1258 3018 evertit?
1285 2964 1420 3018 Sunt
1442 2962 1582 3016 enim
1629 2960 1765 3030 apud
1794 2960 2045 3016 mortales
2065 2974 2184 3015 om-

600 3071 696 3111 nes
727 3057 807 3111 hac
827 3056 971 3127 leges
996 3069 1329 3116 communes,
1357 3064 1413 3108 ut
1439 3054 1528 3123 qui
1548 3052 1655 3107 vita
1675 3052 1884 3108 functus
1909 3061 2011 3120 est,
2041 3066 2181 3111 terra

601 3146 879 3210 condatur,
929 3146 1212 3215 sepulturae
1257 3144 1514 3208 tradatur,
1563 3157 1627 3197 ac
1677 3143 1795 3197 sinu
1845 3158 2046 3212 magnae
2071 3157 2186 3198 om-

601 3238 748 3291 nium
771 3238 956 3291 matris
984 3237 1319 3290 obvolvatur.
1349 3236 1522 3303 Atque
1548 3233 1645 3288 has
1670 3249 1775 3288 non
1803 3233 2044 3300 Gra‘cus,
2077 3248 2181 3288 non

587 3327 882 3394 'barbarus,
909 3342 1013 3380 non
1041 3326 1235 3396 Scytha
1259 3366 1275 3392 ,
1308 3339 1405 3380 nec
1431 3326 1474 3379 si
1513 3327 1631 3394 quis
1657 3325 1760 3378 illis
1784 3325 2068 3379 immanior
2093 3339 2182 3379 re-

603 3419 859 3489 periatur,
886 3433 1134 3488 umquam
1164 3418 1307 3488 leges
1331 3416 1615 3482 convulsit,
1643 3415 1739 3472 sed
1785 3425 2104 3471 reverentur
2133 3425 2188 3471 et

603 3509 888 3564 observant
916 3523 1123 3574 omnes,
1151 3507 1389 3578 adeoque
1435 3522 1599 3562 sacra:
1624 3517 1679 3562 et
1715 3506 1855 3577 apud
1877 3522 2066 3562 omnes
2091 3524 2187 3564 ve-

605 3601 882 3656 neratione
931 3609 1054 3656 sunt
1100 3600 1300 3669 dignm;
1341 3599 1548 3654 daemon
1579 3607 1757 3656 autem
1805 3599 2010 3654 sublata
2041 3600 2183 3654 larva

594 3691 905 3746 communia
929 3699 1134 3746 natura:
1161 3690 1407 3758 dogmata
1438 3689 1610 3760 palam
1653 3698 1920 3760 oppugnat
1949 3707 1964 3744 :
2005 3689 2173 3759 piacu-

607 3785 715 3839 lum
744 3785 908 3850 enim,
938 3783 1129 3850 inquit,
1171 3791 1294 3836 sunt
1315 3781 1527 3836 mortui.
1556 3780 1670 3836 Non
1698 3781 1893 3835 mortui
1931 3791 2054 3836 sunt
2077 3780 2154 3850 pit

606 3875 808 3936 culum,
839 3873 1217 3928 scelestissime
1245 3873 1475 3938 daemon,
1509 3872 1601 3926 sed
1624 3872 1871 3927 voluntas
1896 3886 2059 3941 prava
2099 3885 2195 3926 res

609 3967 962 4020 abominanda
994 3975 1094 4021 est.
1126 3965 1278 4032 Quod
1329 3967 1374 4021 si
1417 3964 1700 4020 dicendum
1742 3964 1812 4019 sit
1836 3964 2187 4019 admiratione

599 4060 826 4128 dignum
853 4058 1068 4129 aliquid,
1092 4059 1329 4112 vivorum
1347 4058 1525 4127 potius
1545 4057 1794 4127 nequitia:
1821 4056 2000 4126 plena,
2027 4072 2185 4125 quant

611 4160 940 4206 mortuorum
980 4148 1289 4204 detestanda
1326 4157 1449 4204 sunt
1483 4162 1706 4216 corpora
1735 4163 1752 4200 :
1778 4162 1898 4201 nam
1948 4147 2038 4201 illa
2069 4148 2189 4217 qui-

611 4243 735 4296 dcm
783 4242 977 4295 animas
1025 4240 1346 4294 famulantur
1391 4238 1660 4308 imperiis;
1695 4237 1810 4292 haec
1837 4252 1967 4292 vero
1997 4238 2190 4292 immo-

612 4332 732 4386 bilia
756 4331 969 4401 jacent:
999 4329 1139 4400 quod
1169 4339 1346 4384 autem
1374 4329 1642 4383 immobile
1663 4337 1744 4382 est
1768 4327 2018 4397 omnique
2034 4343 2192 4382 sensu

611 4424 944 4489 destitutum,
975 4423 1042 4476 ab
1066 4421 1212 4476 omni
1239 4419 1608 4476 criminatione
1633 4421 1857 4475 liberum
1885 4435 2004 4475 esse
2032 4421 2189 4474 solet.

613 4517 939 4584 Qdamquam
969 4513 1164 4582 alioqui
1193 4527 1259 4567 ne
1288 4514 1527 4566 vivorum
1543 4511 1754 4581 quidem
1783 4526 2008 4580 corpora
2039 4511 2193 4565 dixe-

614 4607 716 4661 rim
747 4620 846 4676 ego
873 4615 1060 4658 natura
1088 4619 1207 4658 esse
1224 4603 1598 4669 abominanda,
1632 4602 1725 4657 sed
1755 4602 1948 4671 ubique
1975 4616 2193 4672 pravam

613 4707 668 4752 et
716 4710 1020 4766 perversam
1074 4695 1398 4750 voluntatem
1447 4695 1685 4750 omnium
1736 4692 2193 4748 criminationibus

613 4803 731 4844 esse
759 4787 1064 4843 obnoxiam.

690 4879 934 4949 Daphnes
961 4888 1206 4934 tentatum
1229 4880 1293 4933 ab
1317 4879 1552 4950 Apolline
1566 4890 1794 4949 stuprum
1820 4881 2106 4949 exprobrat.
2123 4909 2195 4920 —

615 4965 731 5019 Non
774 4979 968 5034 corpus
1017 4974 1285 5018 mortuum
1329 4973 1411 5019 est
1436 4965 1734 5034 piaculum,
1779 4981 1812 5018 ο
1854 4965 2067 5035 Apollo,
2099 4965 2193 5019 sed

617 5058 846 5126 puellam
891 5065 1036 5112 caste
1081 5058 1264 5112 vivere
1305 5058 1570 5112 volentem
1625 5057 1904 5129 persequi,
1951 5058 2195 5127 virginis-

614 5165 718 5218 que
739 5149 1004 5219 pudicitia:
1024 5157 1264 5219 stuprum
1286 5149 1497 5217 offerre,
1523 5158 1576 5205 et
1595 5151 1660 5204 ab
1679 5150 1968 5220 impudenti
1987 5151 2195 5206 actione

618 5239 896 5308 depulsum
946 5239 1145 5309 lugere,
1184 5239 1287 5294 hoc
1323 5241 1657 5294 accusatione
1686 5241 1899 5310 dignum
1931 5249 1986 5295 et
2015 5255 2190 5309 poena.

617 5332 696 5384 Ac
727 5331 877 5386 multi
902 5327 1113 5402 qnidem
1136 5331 1274 5401 apud
1310 5346 1407 5384 nos
1437 5332 1704 5392 mirabiles
1743 5332 2024 5402 magnique
2068 5346 2193 5400 pro-

619 5421 792 5491 pheta:
811 5424 1148 5487 exstiterunt,
1165 5423 1254 5493 qui
1277 5422 1342 5476 de
1364 5423 1523 5477 rebus
1557 5423 1741 5480 futuris
1756 5424 2022 5478 vaticinati
2046 5433 2191 5492 sunt,

617 5526 716 5566 nec
745 5512 950 5580 uspiam
979 5513 1042 5566 iis
1066 5528 1094 5566 a
1132 5513 1320 5584 quibus
1347 5513 1807 5582 iuterrogabantur
1837 5514 2190 5584 imperabant,

617 5613 676 5658 ut
727 5603 1098 5660 defunctorum
1153 5621 1272 5660 ossa
1328 5606 1633 5662 refodercnt
1664 5625 1677 5659 :
1713 5608 1838 5677 quin
1881 5609 1996 5677 ipse
2033 5610 2194 5664 etiam

618 5695 885 5761 Ezechiel,
923 5713 1089 5767 prope
1136 5697 1246 5770 ipsa
1287 5710 1434 5754 Stans
1479 5714 1599 5754 ossa
1653 5697 1863 5770 (Ezech.
1899 5700 2041 5770 57),
2087 5715 2194 5757 non

615 5787 779 5843 modo
800 5789 926 5845 nihil
954 5791 1020 5846 ab
1042 5790 1144 5847 illis
1165 5792 1572 5865 impediebatur,
1602 5791 1692 5849 scd
1723 5801 1776 5848 ct
1814 5807 2028 5848 carnem
2062 5794 2186 5860 illis,

1459 377 1514 432 S.
1558 375 1793 433 JOANN.
1831 369 2298 431 CHRYSOSTOMI
2329 359 3180 424 ARCIIIEP.CONSTANTINOP.

3777 352 3884 407 552

2287 497 2500 544 nervos,
2555 478 2826 550 pollesque
2869 471 3234 536 circumdedit,
3263 483 3326 523 ac
3373 481 3560 521 rursus
3608 463 3678 520 ad
3717 465 3881 518 vitam

2281 575 2367 628 illa
2390 573 2673 627 revocavit.
2697 571 2914 638 Magnus
2934 578 3111 620 autem
3137 563 3344 634 Moyses
3366 574 3468 614 non
3487 558 3639 628 juxta
3671 565 3884 610 mortua

2279 668 2426 722 stetit
2469 680 2610 724 ossa,
2639 663 2733 716 sed
2778 663 2948 730 ipsum
2996 660 3256 727 integrum
3285 660 3552 708 mortuum
3597 647 3886 718 proferens

2279 756 2475 826 Joseph
2523 752 2716 825 (Exod.
2764 752 2851 805 l5.
2906 750 3046 819 l9),
3103 749 3173 800 ita
3216 744 3387 798 futura
3417 738 3785 812 praedicebat:
3820 752 3885 790 ac

2281 848 2470 901 merito
2495 859 2642 898 sane.
2667 841 2799 897 Nam
2826 841 3035 894 illorum
3061 837 3278 907 quidem
3323 833 3486 888 verba
3515 831 3752 900 Spiritus
3779 828 3887 880 do-.

2280 953 2405 992 num
2431 943 2583 990 erant
2607 949 2622 998 ;
2649 933 2840 987 borum
2867 940 3044 984 autem
3070 926 3232 982 verba
3267 924 3411 978 fraus
3439 931 3496 976 et
3513 918 3879 982 mendacium,

2279 1025 2418 1095 quod
2441 1025 2585 1079 nulla
2613 1030 2787 1093 potest
2815 1022 3022 1074 ratione
3049 1016 3230 1072 celari.
3259 1013 3402 1068 Nihil
3427 1011 3568 1066 enim
3591 1007 3739 1063 aliut]
3768 1006 3884 1060 haec

2281 1117 2442 1171 fuisse
2468 1128 2624 1184 quam
2651 1113 2922 1166 obtentum
2951 1118 3006 1163 et
3050 1113 3388 1177 praetextum,
3433 1116 3498 1155 ac
3533 1099 3756 1154 beatum
3785 1097 3889 1151 Ba-

2279 1207 2456 1278 bylam
2487 1219 2611 1259 cum
2650 1200 3046 1263 reformidasse,
3079 1198 3210 1252 satis
3240 1194 3408 1264 liquet
3451 1206 3517 1246 ex
3544 1190 3633 1255 iis,
3661 1203 3788 1258 qua:
3817 1186 3887 1240 ab

2282 1299 2608 1368 lmperatore
2657 1303 2783 1350 sunt
2830 1303 2945 1348 acta
2996 1310 3009 1345 :
3053 1289 3313 1359 siquidem
3358 1284 3577 1354 reliquis
3629 1281 3890 1336 omnibus

2280 1389 2492 1444 omissis
2518 1386 2741 1442 mortuis
2760 1385 2931 1439 solum
2963 1383 3108 1436 illum
3131 1390 3422 1449 martyrem
3447 1377 3567 1431 loco
3606 1372 3885 1428 movebat.

2281 1479 2608 1549 Quamquam
2632 1478 2674 1532 si
2697 1475 2838 1545 quod
2866 1474 3011 1528 illum
3036 1471 3454 1532 abominaretur,
3483 1481 3546 1520 ac
3573 1481 3681 1519 non
3706 1465 3890 1534 potius

2283 1571 2512 1634 timeret,
2540 1568 2654 1622 hate
2677 1569 2744 1622 ab
2773 1566 2866 1620 illo
2885 1564 3225 1634 gerebantur,
3248 1559 3511 1629 confringi
3539 1557 3808 1620 loculum,
3835 1557 3888 1608 in

2281 1675 2428 1716 mare
2452 1659 2709 1729 demergi,
2740 1658 2792 1711 in
2815 1655 3154 1710 solitudinem
3184 1652 3481 1716 amandari,
3506 1650 3594 1705 vel
3623 1649 3732 1702 alio
3752 1662 3890 1717 quo-

2282 1751 2421 1819 piam
2471 1749 2781 1818 perditionis
2825 1760 3020 1816 genere
3066 1743 3230 1798 deleri
3271 1741 3566 1810 jubendum
3619 1738 3752 1802 fuit;
3786 1737 3891 1792 hoc

2281 1841 2423 1895 enim
2448 1840 2803 1894 abominantis
2832 1837 3036 1891 fuisset.
3065 1835 3140 1890 Ita
3172 1833 3298 1888 fecit
3321 1833 3464 1887 Deus
3491 1846 3614 1885 cum
3646 1830 3719 1884 de
3746 1845 3888 1899 geu-

2284 1932 2413 1985 tium
2454 1927 2940 1986 abominationibus
2969 1926 3223 1981 Hebraeos
3265 1923 3573 1992 alloquutus
3617 1931 3724 1986 est,
3755 1935 3890 1974 cou-

2283 2022 2438 2092 fringi
2461 2031 2660 2076 statuas
2689 2021 2921 2090 ipsarum
2946 2017 3140 2088 jussit,
3171 2031 3278 2069 non
3315 2014 3383 2068 ab
3411 2011 3688 2067 suburbiis
3716 2012 3770 2064 in
3799 2025 3892 2064 ur-

2283 2113 2378 2168 bes
2407 2114 2612 2184 piacula
2636 2111 2932 2165 transferri.

2353 2204 2406 2258 '5.
2438 2203 2688 2273 Apollinis
2709 2201 2952 2271 Daphnes
2980 2199 3221 2270 templum
3241 2198 3457 2268 fulmine
3475 2204 3693 2250 tactum.
3717 2224 3794 2234 —
3815 2197 3894 2249 Ac

2283 2293 2596 2348 movebatur
2642 2293 2857 2363 quidem
2911 2292 3029 2346 loco
3055 2300 3293 2358 martyr;
3324 2287 3535 2342 daemon
3589 2295 3780 2340 autem
3826 2300 3895 2339 ne

2285 2387 2363 2440 sic
2387 2383 2598 2454 quidem
2625 2384 2907 2438 securitate
2935 2380 3207 2436 fruebatur
3234 2419 3250 2445 ,
3283 2378 3378 2433 sed
3403 2377 3690 2432 confestim
3744 2376 3894 2431 didi-

2283 2476 2358 2530 cit
2379 2490 2498 2530 ossa
2525 2473 2737 2544 quidem
2760 2472 3007 2542 martyris
3024 2471 3141 2525 loco
3162 2469 3361 2524 moveri
3381 2481 3558 2537 posse,
3583 2481 3782 2520 manus
3795 2481 3895 2518 au-

2286 2577 2392 2622 tem
2432 2568 2679 2638 martyris
2722 2567 2906 2620 evitari
2949 2578 3053 2618 non
3091 2577 3271 2631 posse.
3314 2559 3447 2615 Nam
3498 2559 3662 2613 simul
3703 2573 3774 2613 ac
3817 2558 3897 2612 lo-

2285 2659 2437 2714 culus
2487 2658 2556 2712 ad
2606 2657 2791 2719 urbem
2854 2663 3153 2725 protractus
3206 2660 3327 2718 est,
3374 2649 3442 2705 de
3491 2650 3634 2704 coelo
3685 2647 3894 2703 fulmen

2288 2755 2340 2808 in
2376 2763 2563 2808 statua:
2606 2764 2764 2822 caput
2793 2753 3088 2806 immissum
3118 2759 3311 2804 cuncta
3350 2747 3666 2804 combussit.
3700 2746 3896 2799 Enim-

2289 2860 2421 2900 vero
2454 2847 2500 2899 si
2544 2844 2719 2899 minus
2763 2852 2939 2906 antea,
2988 2853 3099 2896 tum
3151 2842 3336 2896 saltem
3376 2838 3597 2908 impium
3650 2836 3898 2905 Impera»

2289 2947 2456 2992 torem
2501 2937 2655 2990 irasci
2692 2951 2786 3005 par
2819 2935 2936 2998 fuit,
2979 2949 3034 2989 et
3073 2935 3123 2988 in
3168 2931 3480 3000 martyrium
3519 2929 3777 2999 martyris
3817 2926 3898 2997 (a)

2291 3031 2421 3083 iram
2465 3027 2778 3093 effundere,
2829 3025 2922 3080 sed
2977 3040 3045 3079 ne
3100 3033 3209 3078 tum
3268 3021 3483 3092 quidem
3536 3033 3701 3074 ausus
3748 3019 3895 3073 fuit:

2292 3130 2469 3176 tantus
2497 3119 2643 3174 illum
2669 3122 2825 3172 timor
2850 3124 3220 3186 occupaverat,
3270 3117 3397 3184 quin
3427 3114 3604 3182 potius
3635 3113 3765 3166 licet
3807 3113 3896 3166 in-

2250 3211 2536 3266 ‘cendium
2578 3209 2783 3263 videret
2831 3207 3191 3273 intolerabile,
3239 3220 3565 3273 causamque
3617 3203 3791 3272 probe
3834 3202 3900 3256 il-

2290 3300 2394 3355 lius
2422 3307 2622 3365 nosset,
2655 3299 2866 3368 quietus
2909 3297 3024 3352 fuit.
3046 3295 3230 3366 Neque
3256 3309 3384 3349 vero
3429 3303 3631 3347 tantum
3668 3293 3775 3347 hoc
3793 3293 3898 3346 mi-

2291 3406 2410 3446 tum
2451 3399 2536 3448 est
2558 3391 2701 3461 quod
2727 3391 3038 3460 martyrium
3064 3404 3171 3443 non
3214 3387 3494 3452 subvertit,
3526 3385 3620 3441 sed
3648 3384 3798 3455 quod
3828 3399 3899 3439 ne

2295 3489 2491 3536 tectum
2522 3479 2736 3550 quidem
2789 3480 2991 3548 templo
3039 3493 3227 3532 rursus
3273 3478 3546 3554 imponere
3581 3490 3749 3530 ausus
3786 3485 3896 3530 est.

2293 3571 2523 3627 Noverat
2550 3571 2768 3642 quippe,
2794 3579 3016 3626 noverat
3039 3569 3331 3624 immissam
3358 3583 3481 3624 esse
3505 3569 3713 3622 cladem
3739 3583 3772 3621 a
3804 3584 3901 3622 nu-

2294 3665 2436 3720 mine
2455 3705 2470 3731 ,
2496 3679 2558 3718 ac
2580 3664 3008 3734 pertimescebat,
3035 3678 3103 3717 ne
3123 3663 3168 3717 si
3197 3662 3322 3733 quid
3346 3662 3568 3717 ulterius
3584 3662 3898 3730 excogitas-

2294 3765 2397 3822 set,
2427 3756 2603 3826 ignem
2633 3755 2782 3810 illum
2806 3756 2861 3810 in
2883 3771 3035 3810 suum
3055 3762 3214 3824 caput
3241 3763 3560 3810 accerseret.
3598 3753 3898 3822 Propterea

2293 3865 2515 3906 cernere
2563 3849 2819 3918 templum
2851 3847 3114 3918 Apollinis
3154 3848 3224 3901 ita
3251 3847 3546 3903 desolatum
3593 3847 3853 3901 susunuit
3877 3863 3896 3902 :

2296 3957 2469 4013 neque
2496 3942 2599 3996 ulla
2631 3940 2732 3995 fuit
2765 3940 2868 3994 alia
2895 3932 3077 4004 causa,
3110 3939 3179 3992 ob
3206 3954 3364 4008 quam
3395 3937 3448 3992 id
3474 3937 3614 4007 quod
3634 3948 3899 3993 evenerat

2295 4035 2514 4088 minimc
2540 4033 2838 4102 reparavit,
2872 4031 2972 4085 nisi
3001 4031 3146 4085 solus
3172 4031 3363 4097 timor,
3387 4031 3476 4100 qui
3519 4045 3640 4084 eum
3665 4029 3896 4085 invitum

2295 4126 2527 4194 quietem
2540 4138 2697 4192 agere
2721 4124 2924 4193 coegit:
2946 4121 3101 4191 idque
3123 4135 3246 4175 cum
3273 4121 3435 4175 sciret
3457 4130 3708 4190 quantam
3735 4119 3896 4189 ignn-

2301 4217 2518 4270 miniam
2541 4215 2771 4270 darmoni
2798 4215 3138 4284 relinqueret,
3163 4222 3416 4283 quantum
3436 4213 3674 4282 martyrii
3700 4211 3894 4267 decus.

2297 4306 2451 4362 Stant
2479 4307 2622 4362 enim
2648 4306 2758 4375 jam
2790 4320 2886 4376 pro
2912 4303 3128 4375 tropazis
3158 4304 3388 4374 parietes
3411 4343 3426 4365 .
3457 4314 3512 4357 et
3539 4303 3662 4356 tuba
3690 4302 3896 4357 clario-

2299 4413 2410 4453 rem
2429 4413 2613 4453 vocem
2641 4397 2888 4463 mittunt;
2911 4411 2972 4452 ac
2999 4396 3246 4466 Daphnes
3271 4394 3480 4461 incolis,
3503 4394 3646 4449 urbis
3673 4394 3895 4460 incolis,

2301 4490 2383 4545 his
2411 4491 2500 4561 qui
2524 4489 2873 4560 elonginquis
2903 4489 3210 4559 regionibus
3242 4489 3366 4544 illuc
3403 4489 3700 4553 ventitant,
3735 4489 3898 4560 hujus

2299 4583 2472 4638 mtatis
2497 4597 2560 4637 ac
2585 4591 2883 4652 temporum
2912 4580 3211 4636 futurorum
3257 4581 3561 4636 hominibus
3590 4581 3708 4649 ipso
3736 4597 3899 4652 aspe-

2299 4685 2389 4731 ctu
2416 4684 2607 4730 cuncta
2633 4681 2887 4739 narrant,
2929 4673 3124 4728 luctam
3145 4714 3161 4740 ,
3194 4687 3540 4743 congressum
3559 4715 3574 4740 ,
3608 4673 3895 4729 victoriam

2300 4768 2566 4838 martyris.
2590 4766 2721 4821 Nam
2747 4767 2836 4835 qui
2868 4767 3025 4836 longe
3051 4766 3270 4820 dissitus
3289 4773 3372 4819 est
3398 4780 3429 4818 a
3450 4765 3703 4820 suburbio
3723 4806 3740 4830 ,
3766 4781 3894 4821 eum

2300 4859 2618 4930 martyrium
2640 4856 2854 4926 quidem
2881 4857 3054 4911 loculo
3077 4855 3409 4922 destitutum,
3426 4855 3680 4923 templum
3710 4867 3914 4911 autem.

2301 4951 2560 5021 Apollinis
2575 4959 2715 5005 tecto
2735 4950 2996 5019 privatum
3020 4948 3237 5002 intuitus
3262 4946 3435 5015 fuerit,
3457 4946 3666 5005 thorum
3690 4947 3894 5001 utrius-

2302 5057 2408 5112 que
2433 5056 2648 5096 causam
2686 5039 2973 5096 verisimile
3005 5046 3086 5093 cst
3123 5037 3502 5107 quaesiturum;
3533 5052 3762 5106 cumque
3790 5037 3894 5092 dc-

2298 5134 2422 5190 inde
2443 5142 2606 5188 totam
2636 5133 2913 5187 historiam
2941 5131 3205 5196 didicerit,
3236 5130 3314 5185 sic
3343 5129 3466 5184 inde
3493 5128 3883 5184 discessurum.

2300 5225 2576 5296 Ejusmodi
2595 5233 2720 5279 sunt
2741 5224 2995 5294 praeclara
3019 5222 3268 5293 martyris
3296 5232 3416 5290 post
3441 5221 3644 5274 obitum
3667 5221 3784 5290 ejus
3816 5221 3894 5275 fa-

2299 5319 2501 5373 cinora.
2533 5316 2886 5384 Quamobrem
2913 5325 3145 5368 vestram
3167 5327 3377 5382 quoque
3395 5311 3555 5365 laudo
3580 5312 3850 5366 civitatem
3875 5353 3889 5374 ,

2301 5408 2438 5480 quod
2466 5410 2688 5462 multum
2708 5422 2830 5474 erga
2858 5415 3098 5459 sanctum
3132 5405 3289 5457 istum
3317 5403 3548 5457 studium
3576 5403 3890 5458 exhibueri-

2301 5503 2389 5557 tis.
2417 5500 2548 5554 Nam
2577 5514 2683 5568 quo
2709 5508 2948 5565 tempore
2977 5495 3196 5564 Daplme
3222 5493 3587 5547 revertebatur
3605 5535 3618 5556 ,
3649 5502 3761 5547 tcta
3789 5510 3889 5547 uo-

2301 5593 2384 5648 bis
2413 5592 2597 5646 civitas
2614 5591 2665 5644 in
2687 5590 2826 5644 viam
2853 5587 3017 5641 efl‘usa
3044 5595 3146 5650 est;
3169 5600 3329 5640 vacua
3355 5585 3572 5639 fuerunt
3597 5586 3724 5642 viris
3751 5585 3886 5653 fora,

2301 5701 2482 5742 vacua:
2506 5683 2716 5739 feminis
2737 5681 2910 5746 ardes,
2939 5679 3133 5735 deserti
3163 5693 3192 5733 a
3221 5679 3513 5748 Vlrgtnibus
3535 5679 3749 5731 thalami
3773 5695 3785 5732 :
3809 5680 3890 5736 sic

2367 5799 2439 5860 (α)
2473 5799 2740 5861 Martyrium
2759 5780 2981 5862 martyris
3005 5805 3080 5848 est
3106 5794 3312 5848 ecclesia
3334 5796 3573 5858 martyris.
