  <div class='ocr_page' id='page_1' title='image "/cluster/home/n/w/nwhite01/storage/ocr_20150623/50/ien.35556001660778/130.png"; bbox 0 0 4082 6416; ppageno 0'>
   <div class='ocr_carea' id='block_1_1' title="bbox 154 362 253 420">
    <p class='ocr_par' dir='ltr' id='par_1_1' title="bbox 154 362 253 420">
     <span class='ocr_line' id='line_1_1' title="bbox 154 362 253 420; baseline -0.01 0"><span class='ocrx_word' id='word_1_1' title='bbox 154 362 253 420; x_wconf 70' lang='grc'>551</span> 
     </span>
    </p>
   </div>
   <div class='ocr_carea' id='block_1_2' title="bbox 147 466 1735 544">
    <p class='ocr_par' dir='ltr' id='par_1_2' title="bbox 147 466 1735 544">
     <span class='ocr_line' id='line_1_2' title="bbox 147 466 1735 544; baseline -0.004 -15"><span class='ocrx_word' id='word_1_2' title='bbox 147 474 287 529; x_wconf 70' lang='grc' dir='ltr'>λιων</span> <span class='ocrx_word' id='word_1_3' title='bbox 315 472 642 544; x_wconf 69' lang='grc' dir='ltr'>ἀνατροπαὶ,</span> <span class='ocrx_word' id='word_1_4' title='bbox 678 470 774 526; x_wconf 79' lang='grc' dir='ltr'>καί</span> <span class='ocrx_word' id='word_1_5' title='bbox 796 468 948 540; x_wconf 77' lang='grc' dir='ltr'>λιμὸς</span> <span class='ocrx_word' id='word_1_6' title='bbox 985 466 1241 521; x_wconf 84' lang='grc' dir='ltr'>ἁπάντων</span> <span class='ocrx_word' id='word_1_7' title='bbox 1272 468 1452 539; x_wconf 89' lang='grc' dir='ltr'>λιμῶν</span> <span class='ocrx_word' id='word_1_8' title='bbox 1480 472 1508 523; x_wconf 99' lang='lat'><em>6</em></span> <span class='ocrx_word' id='word_1_9' title='bbox 1541 469 1735 542; x_wconf 78' lang='grc' dir='ltr'>πικρό-</span> 
     </span>
    </p>
   </div>
   <div class='ocr_carea' id='block_1_3' title="bbox 145 564 1736 641">
    <p class='ocr_par' dir='ltr' id='par_1_3' title="bbox 145 564 1736 641">
     <span class='ocr_line' id='line_1_3' title="bbox 145 564 1736 641; baseline -0.006 -15"><span class='ocrx_word' id='word_1_10' title='bbox 145 589 334 634; x_wconf 86' lang='grc' dir='ltr'>τατος.</span> <span class='ocrx_word' id='word_1_11' title='bbox 365 570 509 623; x_wconf 88' lang='grc' dir='ltr'>’Ίστε</span> <span class='ocrx_word' id='word_1_12' title='bbox 530 568 637 641; x_wconf 91' lang='grc' dir='ltr'>γάρ</span> <span class='ocrx_word' id='word_1_13' title='bbox 665 568 840 639; x_wconf 89' lang='grc' dir='ltr'>δήπου</span> <span class='ocrx_word' id='word_1_14' title='bbox 870 566 965 619; x_wconf 78' lang='grc' dir='ltr'>καὶ</span> <span class='ocrx_word' id='word_1_15' title='bbox 997 564 1302 636; x_wconf 83' lang='grc' dir='ltr'>μέμνησθε,</span> <span class='ocrx_word' id='word_1_16' title='bbox 1334 565 1451 627; x_wconf 87' lang='grc' dir='ltr'>πῶς</span> <span class='ocrx_word' id='word_1_17' title='bbox 1482 564 1613 635; x_wconf 83' lang='grc' dir='ltr'>κενή</span> <span class='ocrx_word' id='word_1_18' title='bbox 1637 565 1736 636; x_wconf 83' lang='grc' dir='ltr'>μὲν</span> 
     </span>
    </p>
   </div>
   <div class='ocr_carea' id='block_1_4' title="bbox 144 660 1733 740">
    <p class='ocr_par' dir='ltr' id='par_1_4' title="bbox 144 660 1733 740">
     <span class='ocr_line' id='line_1_4' title="bbox 144 660 1733 740; baseline -0.006 -19"><span class='ocrx_word' id='word_1_19' title='bbox 144 664 216 740; x_wconf 70' lang='grc' dir='ltr'>ἦν</span> <span class='ocrx_word' id='word_1_20' title='bbox 236 668 415 722; x_wconf 85' lang='grc' dir='ltr'>ὠνίων</span> <span class='ocrx_word' id='word_1_21' title='bbox 441 671 476 739; x_wconf 75' lang='grc' dir='ltr'>ἡ</span> <span class='ocrx_word' id='word_1_22' title='bbox 498 665 699 737; x_wconf 84' lang='grc' dir='ltr'>ἀγορὰ,</span> <span class='ocrx_word' id='word_1_23' title='bbox 722 664 897 735; x_wconf 92' lang='grc' dir='ltr'>μεστά</span> <span class='ocrx_word' id='word_1_24' title='bbox 915 663 973 718; x_wconf 81' lang='grc' dir='ltr'>δὲ</span> <span class='ocrx_word' id='word_1_25' title='bbox 996 661 1246 734; x_wconf 89' lang='grc' dir='ltr'>θορύϐων</span> <span class='ocrx_word' id='word_1_26' title='bbox 1272 660 1341 715; x_wconf 76' lang='grc' dir='ltr'>τὰ</span> <span class='ocrx_word' id='word_1_27' title='bbox 1374 661 1733 732; x_wconf 89' lang='grc' dir='ltr'>ἐργαστήρια,</span> 
     </span>
    </p>
   </div>
   <div class='ocr_carea' id='block_1_5' title="bbox 143 755 1736 832">
    <p class='ocr_par' dir='ltr' id='par_1_5' title="bbox 143 755 1736 832">
     <span class='ocr_line' id='line_1_5' title="bbox 143 755 1736 832; baseline -0.008 -12"><span class='ocrx_word' id='word_1_28' title='bbox 143 766 385 820; x_wconf 73' lang='grc' dir='ltr'>ἑκάστου</span> <span class='ocrx_word' id='word_1_29' title='bbox 431 758 865 832; x_wconf 79' lang='grc' dir='ltr'>φιλονεικοῦντος</span> <span class='ocrx_word' id='word_1_30' title='bbox 897 759 958 812; x_wconf 83' lang='grc' dir='ltr'>τὸ</span> <span class='ocrx_word' id='word_1_31' title='bbox 1001 757 1171 827; x_wconf 83' lang='grc' dir='ltr'>φανὲν</span> <span class='ocrx_word' id='word_1_32' title='bbox 1216 758 1599 829; x_wconf 76' lang='grc' dir='ltr'>προαρπάσαι,</span> <span class='ocrx_word' id='word_1_33' title='bbox 1642 755 1736 808; x_wconf 70' lang='grc' dir='ltr'>καὶ</span> 
     </span>
    </p>
   </div>
   <div class='ocr_carea' id='block_1_6' title="bbox 142 850 1736 926">
    <p class='ocr_par' dir='ltr' id='par_1_6' title="bbox 142 850 1736 926">
     <span class='ocr_line' id='line_1_6' title="bbox 142 850 1736 926; baseline -0.007 -12"><span class='ocrx_word' id='word_1_34' title='bbox 142 859 431 914; x_wconf 79' lang='grc' dir='ltr'>ἀπελθεῖν.</span> <span class='ocrx_word' id='word_1_35' title='bbox 467 858 579 911; x_wconf 76' lang='grc' dir='ltr'>Καὶ</span> <span class='ocrx_word' id='word_1_36' title='bbox 607 856 661 911; x_wconf 87' lang='grc' dir='ltr'>τί</span> <span class='ocrx_word' id='word_1_37' title='bbox 682 854 828 924; x_wconf 87' lang='grc' dir='ltr'>λέγω</span> <span class='ocrx_word' id='word_1_38' title='bbox 850 854 1031 926; x_wconf 77' lang='grc' dir='ltr'>λιμὸν,</span> <span class='ocrx_word' id='word_1_39' title='bbox 1066 854 1201 907; x_wconf 83' lang='grc' dir='ltr'>ὅπου</span> <span class='ocrx_word' id='word_1_40' title='bbox 1235 868 1301 920; x_wconf 89' lang='grc' dir='ltr'>γε</span> <span class='ocrx_word' id='word_1_41' title='bbox 1323 852 1417 905; x_wconf 72' lang='grc' dir='ltr'>καὶ</span> <span class='ocrx_word' id='word_1_42' title='bbox 1444 851 1607 904; x_wconf 77' lang='grc' dir='ltr'>αὐταὶ</span> <span class='ocrx_word' id='word_1_43' title='bbox 1626 850 1736 903; x_wconf 84' lang='grc' dir='ltr'>τῶν</span> 
     </span>
    </p>
   </div>
   <div class='ocr_carea' id='block_1_7' title="bbox 140 945 1739 1023">
    <p class='ocr_par' dir='ltr' id='par_1_7' title="bbox 140 945 1739 1023">
     <span class='ocr_line' id='line_1_7' title="bbox 140 945 1739 1023; baseline -0.008 -13"><span class='ocrx_word' id='word_1_44' title='bbox 140 955 364 1010; x_wconf 78' lang='grc' dir='ltr'>ὑδάτων</span> <span class='ocrx_word' id='word_1_45' title='bbox 403 953 822 1023; x_wconf 79' lang='grc' dir='ltr'>ἐπιλειπόμεναι</span> <span class='ocrx_word' id='word_1_46' title='bbox 843 953 899 1005; x_wconf 84' lang='grc' dir='ltr'>αί</span> <span class='ocrx_word' id='word_1_47' title='bbox 929 950 1128 1019; x_wconf 76' lang='grc' dir='ltr'>πηγαὶ,</span> <span class='ocrx_word' id='word_1_48' title='bbox 1153 947 1331 1019; x_wconf 69' lang='grc' dir='ltr'>πηγαὶ</span> <span class='ocrx_word' id='word_1_49' title='bbox 1359 945 1640 1017; x_wconf 74' lang='grc' dir='ltr'>ποταμοὺς</span> <span class='ocrx_word' id='word_1_50' title='bbox 1667 945 1739 1014; x_wconf 72' lang='grc' dir='ltr'>τῇ</span> 
     </span>
    </p>
   </div>
   <div class='ocr_carea' id='block_1_8' title="bbox 137 1038 1737 1122">
    <p class='ocr_par' dir='ltr' id='par_1_8' title="bbox 137 1038 1737 1122">
     <span class='ocr_line' id='line_1_8' title="bbox 137 1038 1737 1122; baseline -0.008 -17"><span class='ocrx_word' id='word_1_51' title='bbox 137 1051 405 1122; x_wconf 72' lang='grc' dir='ltr'>δαψιλείᾳ</span> <span class='ocrx_word' id='word_1_52' title='bbox 428 1048 524 1104; x_wconf 89' lang='grc' dir='ltr'>τοῦ</span> <span class='ocrx_word' id='word_1_53' title='bbox 556 1050 829 1121; x_wconf 75' lang='grc' dir='ltr'>ῥεύματος</span> <span class='ocrx_word' id='word_1_54' title='bbox 852 1045 1343 1118; x_wconf 74' lang='grc' dir='ltr'>ἀποκρύπτουσαις</span> <span class='ocrx_word' id='word_1_55' title='bbox 1383 1040 1527 1095; x_wconf 83' lang='grc' dir='ltr'>Ἀλλ’</span> <span class='ocrx_word' id='word_1_56' title='bbox 1547 1038 1737 1110; x_wconf 81' lang='grc' dir='ltr'>ἐπειδὴ</span> 
     </span>
    </p>
   </div>
   <div class='ocr_carea' id='block_1_9' title="bbox 138 1133 1739 1219">
    <p class='ocr_par' dir='ltr' id='par_1_9' title="bbox 138 1133 1739 1219">
     <span class='ocr_line' id='line_1_9' title="bbox 138 1133 1739 1219; baseline -0.009 -18"><span class='ocrx_word' id='word_1_57' title='bbox 138 1147 347 1219; x_wconf 82' lang='grc' dir='ltr'>πηγῶν</span> <span class='ocrx_word' id='word_1_58' title='bbox 366 1146 668 1218; x_wconf 90' lang='grc' dir='ltr'>ἐμνήσθην,</span> <span class='ocrx_word' id='word_1_59' title='bbox 698 1143 861 1215; x_wconf 88' lang='grc' dir='ltr'>δεῦρο</span> <span class='ocrx_word' id='word_1_60' title='bbox 888 1142 1075 1195; x_wconf 77' lang='grc' dir='ltr'>λοιπὸν</span> <span class='ocrx_word' id='word_1_61' title='bbox 1106 1141 1199 1195; x_wconf 75' lang='grc' dir='ltr'>ἐπὶ</span> <span class='ocrx_word' id='word_1_62' title='bbox 1223 1140 1324 1212; x_wconf 83' lang='grc' dir='ltr'>τὴν</span> <span class='ocrx_word' id='word_1_63' title='bbox 1346 1137 1565 1207; x_wconf 83' lang='grc' dir='ltr'>Δάφνην</span> <span class='ocrx_word' id='word_1_64' title='bbox 1584 1133 1739 1190; x_wconf 85' lang='grc' dir='ltr'>ἀνέλ-</span> 
     </span>
    </p>
   </div>
   <div class='ocr_carea' id='block_1_10' title="bbox 138 1227 1739 1307">
    <p class='ocr_par' dir='ltr' id='par_1_10' title="bbox 138 1227 1739 1307">
     <span class='ocr_line' id='line_1_10' title="bbox 138 1227 1739 1307; baseline -0.009 -18"><span class='ocrx_word' id='word_1_65' title='bbox 138 1236 358 1307; x_wconf 82' lang='grc' dir='ltr'>θωμεν,</span> <span class='ocrx_word' id='word_1_66' title='bbox 393 1234 488 1289; x_wconf 76' lang='grc' dir='ltr'>καὶ</span> <span class='ocrx_word' id='word_1_67' title='bbox 520 1234 613 1287; x_wconf 80' lang='grc' dir='ltr'>τὸν</span> <span class='ocrx_word' id='word_1_68' title='bbox 636 1232 796 1301; x_wconf 88' lang='grc' dir='ltr'>λόγον</span> <span class='ocrx_word' id='word_1_69' title='bbox 832 1230 969 1302; x_wconf 77' lang='grc' dir='ltr'>πρὸς</span> <span class='ocrx_word' id='word_1_70' title='bbox 1000 1228 1072 1284; x_wconf 89' lang='grc' dir='ltr'>τά</span> <span class='ocrx_word' id='word_1_71' title='bbox 1107 1227 1202 1283; x_wconf 87' lang='grc' dir='ltr'>τοῦ</span> <span class='ocrx_word' id='word_1_72' title='bbox 1235 1227 1513 1299; x_wconf 89' lang='grc' dir='ltr'>μάρτυρος</span> <span class='ocrx_word' id='word_1_73' title='bbox 1541 1238 1739 1293; x_wconf 85' lang='grc' dir='ltr'>κατορ-</span> 
     </span>
    </p>
   </div>
   <div class='ocr_carea' id='block_1_11' title="bbox 137 1310 1739 1393">
    <p class='ocr_par' dir='ltr' id='par_1_11' title="bbox 137 1310 1739 1393">
     <span class='ocr_line' id='line_1_11' title="bbox 137 1310 1739 1393; baseline -0.007 -20"><span class='ocrx_word' id='word_1_74' title='bbox 137 1322 384 1393; x_wconf 79' lang='grc' dir='ltr'>θώματα</span> <span class='ocrx_word' id='word_1_75' title='bbox 444 1319 847 1389; x_wconf 79' lang='grc' dir='ltr'>συνελάσωμεν.</span> <span class='ocrx_word' id='word_1_76' title='bbox 906 1316 1102 1370; x_wconf 78' lang='grc' dir='ltr'>Καίτοι</span> <span class='ocrx_word' id='word_1_77' title='bbox 1154 1330 1219 1383; x_wconf 83' lang='grc' dir='ltr'>γε</span> <span class='ocrx_word' id='word_1_78' title='bbox 1271 1312 1591 1383; x_wconf 88' lang='grc' dir='ltr'>ἐπιθυμεῖτε</span> <span class='ocrx_word' id='word_1_79' title='bbox 1637 1310 1739 1373; x_wconf 93' lang='grc' dir='ltr'>τάς</span> 
     </span>
    </p>
   </div>
   <div class='ocr_carea' id='block_1_12' title="bbox 148 1397 1737 1478">
    <p class='ocr_par' dir='ltr' id='par_1_12' title="bbox 148 1397 1737 1478">
     <span class='ocr_line' id='line_1_12' title="bbox 148 1397 1737 1478; baseline -0.008 -16"><span class='ocrx_word' id='word_1_80' title='bbox 148 1406 485 1478; x_wconf 81' lang='grc' dir='ltr'>Ἑλληνικὰς</span> <span class='ocrx_word' id='word_1_81' title='bbox 499 1403 871 1476; x_wconf 80' lang='grc' dir='ltr'>ἐκπομπεύειν</span> <span class='ocrx_word' id='word_1_82' title='bbox 895 1400 1281 1473; x_wconf 83' lang='grc' dir='ltr'>ἀσχημοσύνας</span> <span class='ocrx_word' id='word_1_83' title='bbox 1296 1399 1377 1454; x_wconf 75' lang='grc' dir='ltr'>ἐτι</span> <span class='ocrx_word' id='word_1_84' title='bbox 1391 1416 1406 1430; x_wconf 95' lang='grc'>·</span> <span class='ocrx_word' id='word_1_85' title='bbox 1426 1397 1542 1453; x_wconf 83' lang='grc' dir='ltr'>ἀλλ’</span> <span class='ocrx_word' id='word_1_86' title='bbox 1563 1398 1737 1468; x_wconf 86' lang='grc' dir='ltr'>ὅμως,</span> 
     </span>
    </p>
   </div>
   <div class='ocr_carea' id='block_1_13' title="bbox 139 1485 1739 1560">
    <p class='ocr_par' dir='ltr' id='par_1_13' title="bbox 139 1485 1739 1560">
     <span class='ocr_line' id='line_1_13' title="bbox 139 1485 1739 1560; baseline -0.006 -13"><span class='ocrx_word' id='word_1_87' title='bbox 139 1496 239 1548; x_wconf 74' lang='grc' dir='ltr'>καὶ</span> <span class='ocrx_word' id='word_1_88' title='bbox 268 1495 447 1559; x_wconf 75' lang='grc' dir='ltr'>οὕτως</span> <span class='ocrx_word' id='word_1_89' title='bbox 471 1493 634 1556; x_wconf 80' lang='grc' dir='ltr'>αὐτὸς</span> <span class='ocrx_word' id='word_1_90' title='bbox 661 1492 760 1557; x_wconf 79' lang='grc' dir='ltr'>ὢν,</span> <span class='ocrx_word' id='word_1_91' title='bbox 790 1490 1097 1560; x_wconf 79' lang='grc' dir='ltr'>ἀπάγωμεν</span> <span class='ocrx_word' id='word_1_92' title='bbox 1121 1500 1148 1529; x_wconf 76' lang='grc' dir='ltr'>ι</span> <span class='ocrx_word' id='word_1_93' title='bbox 1167 1505 1182 1521; x_wconf 96' lang='grc'>·</span> <span class='ocrx_word' id='word_1_94' title='bbox 1206 1487 1426 1550; x_wconf 85' lang='grc' dir='ltr'>πάντως</span> <span class='ocrx_word' id='word_1_95' title='bbox 1441 1485 1573 1557; x_wconf 83' lang='grc' dir='ltr'>γὰρ,</span> <span class='ocrx_word' id='word_1_96' title='bbox 1602 1485 1739 1538; x_wconf 81' lang='grc' dir='ltr'>ὅπου</span> 
     </span>
    </p>
   </div>
   <div class='ocr_carea' id='block_1_14' title="bbox 142 1565 1740 1655">
    <p class='ocr_par' dir='ltr' id='par_1_14' title="bbox 142 1565 1740 1655">
     <span class='ocr_line' id='line_1_14' title="bbox 142 1565 1740 1655; baseline -0.008 -18"><span class='ocrx_word' id='word_1_97' title='bbox 142 1579 451 1655; x_wconf 84' lang='grc' dir='ltr'>μαρτύρων</span> <span class='ocrx_word' id='word_1_98' title='bbox 486 1582 699 1652; x_wconf 73' lang='grc' dir='ltr'>μνήμη,</span> <span class='ocrx_word' id='word_1_99' title='bbox 738 1580 857 1632; x_wconf 88' lang='grc' dir='ltr'>ἐκεῖ</span> <span class='ocrx_word' id='word_1_100' title='bbox 883 1579 979 1633; x_wconf 77' lang='grc' dir='ltr'>καὶ</span> <span class='ocrx_word' id='word_1_101' title='bbox 1022 1576 1295 1647; x_wconf 84' lang='grc' dir='ltr'>Ἑλλήνων</span> <span class='ocrx_word' id='word_1_102' title='bbox 1333 1573 1589 1644; x_wconf 71' lang='grc' dir='ltr'>αἰσχύνη.</span> <span class='ocrx_word' id='word_1_103' title='bbox 1636 1565 1740 1626; x_wconf 79' lang='grc' dir='ltr'>Οὗ-</span> 
     </span>
    </p>
   </div>
   <div class='ocr_carea' id='block_1_15' title="bbox 140 1656 1740 1738">
    <p class='ocr_par' dir='ltr' id='par_1_15' title="bbox 140 1656 1740 1738">
     <span class='ocr_line' id='line_1_15' title="bbox 140 1656 1740 1738; baseline -0.009 -14"><span class='ocrx_word' id='word_1_104' title='bbox 140 1687 237 1733; x_wconf 82' lang='grc' dir='ltr'>τος</span> <span class='ocrx_word' id='word_1_105' title='bbox 266 1670 453 1723; x_wconf 83' lang='grc' dir='ltr'>τοίνυν</span> <span class='ocrx_word' id='word_1_106' title='bbox 483 1669 511 1721; x_wconf 91' lang='lat'><em>6</em></span> <span class='ocrx_word' id='word_1_107' title='bbox 539 1666 797 1738; x_wconf 80' lang='grc' dir='ltr'>βασιλεὺς</span> <span class='ocrx_word' id='word_1_108' title='bbox 817 1663 984 1720; x_wconf 89' lang='grc' dir='ltr'>ἀνιὼν</span> <span class='ocrx_word' id='word_1_109' title='bbox 1015 1665 1096 1727; x_wconf 88' lang='grc' dir='ltr'>είς</span> <span class='ocrx_word' id='word_1_110' title='bbox 1116 1662 1218 1733; x_wconf 79' lang='grc' dir='ltr'>τὴν</span> <span class='ocrx_word' id='word_1_111' title='bbox 1248 1660 1490 1730; x_wconf 82' lang='grc' dir='ltr'>Δάφνην,</span> <span class='ocrx_word' id='word_1_112' title='bbox 1529 1656 1740 1729; x_wconf 87' lang='grc' dir='ltr'>συχνῶς</span> 
     </span>
    </p>
   </div>
   <div class='ocr_carea' id='block_1_16' title="bbox 140 1747 1738 1831">
    <p class='ocr_par' dir='ltr' id='par_1_16' title="bbox 140 1747 1738 1831">
     <span class='ocr_line' id='line_1_16' title="bbox 140 1747 1738 1831; baseline -0.008 -18"><span class='ocrx_word' id='word_1_113' title='bbox 140 1760 389 1831; x_wconf 67' lang='grc' dir='ltr'>ἠνώχλει</span> <span class='ocrx_word' id='word_1_114' title='bbox 415 1757 509 1811; x_wconf 78' lang='grc' dir='ltr'>τὸν</span> <span class='ocrx_word' id='word_1_115' title='bbox 554 1754 864 1810; x_wconf 75' lang='grc' dir='ltr'>Ἀπόλλωνα</span> <span class='ocrx_word' id='word_1_116' title='bbox 894 1752 1172 1823; x_wconf 84' lang='grc' dir='ltr'>δεόμενος,</span> <span class='ocrx_word' id='word_1_117' title='bbox 1203 1748 1483 1812; x_wconf 75' lang='grc' dir='ltr'>ἱκετεύων,</span> <span class='ocrx_word' id='word_1_118' title='bbox 1520 1747 1738 1802; x_wconf 89' lang='grc' dir='ltr'>ἀντιϐο-</span> 
     </span>
    </p>
   </div>
   <div class='ocr_carea' id='block_1_17' title="bbox 142 1830 1740 1914">
    <p class='ocr_par' dir='ltr' id='par_1_17' title="bbox 142 1830 1740 1914">
     <span class='ocr_line' id='line_1_17' title="bbox 142 1830 1740 1914; baseline -0.006 -14"><span class='ocrx_word' id='word_1_119' title='bbox 142 1830 295 1910; x_wconf 82' lang='grc' dir='ltr'>λῶν,</span> <span class='ocrx_word' id='word_1_120' title='bbox 333 1846 481 1898; x_wconf 79' lang='grc' dir='ltr'>ὥστε</span> <span class='ocrx_word' id='word_1_121' title='bbox 530 1839 937 1914; x_wconf 79' lang='grc' dir='ltr'>μαντεύσασθαι</span> <span class='ocrx_word' id='word_1_122' title='bbox 983 1856 1035 1893; x_wconf 90' lang='grc' dir='ltr'>τι</span> <span class='ocrx_word' id='word_1_123' title='bbox 1080 1836 1213 1909; x_wconf 79' lang='grc' dir='ltr'>περὶ</span> <span class='ocrx_word' id='word_1_124' title='bbox 1267 1835 1379 1889; x_wconf 87' lang='grc' dir='ltr'>τῶν</span> <span class='ocrx_word' id='word_1_125' title='bbox 1437 1830 1740 1904; x_wconf 80' lang='grc' dir='ltr'>μελλόντων</span> 
     </span>
    </p>
   </div>
   <div class='ocr_carea' id='block_1_18' title="bbox 142 1923 1737 2005">
    <p class='ocr_par' dir='ltr' id='par_1_18' title="bbox 142 1923 1737 2005">
     <span class='ocr_line' id='line_1_18' title="bbox 142 1923 1737 2005; baseline -0.009 -15"><span class='ocrx_word' id='word_1_126' title='bbox 142 1934 325 2005; x_wconf 83' lang='grc' dir='ltr'>αὐτῷ.</span> <span class='ocrx_word' id='word_1_127' title='bbox 357 1934 425 1985; x_wconf 79' lang='grc' dir='ltr'>Τί</span> <span class='ocrx_word' id='word_1_128' title='bbox 452 1928 548 1987; x_wconf 84' lang='grc' dir='ltr'>οῦν</span> <span class='ocrx_word' id='word_1_129' title='bbox 572 1932 602 1984; x_wconf 93' lang='grc' dir='ltr'>ὀ</span> <span class='ocrx_word' id='word_1_130' title='bbox 633 1930 845 2001; x_wconf 82' lang='grc' dir='ltr'>μάντις,</span> <span class='ocrx_word' id='word_1_131' title='bbox 879 1930 909 1982; x_wconf 88' lang='grc' dir='ltr'>ὀ</span> <span class='ocrx_word' id='word_1_132' title='bbox 944 1928 1119 1999; x_wconf 85' lang='grc' dir='ltr'>μέγας</span> <span class='ocrx_word' id='word_1_133' title='bbox 1144 1926 1257 1980; x_wconf 87' lang='grc' dir='ltr'>τῶν</span> <span class='ocrx_word' id='word_1_134' title='bbox 1292 1925 1564 1995; x_wconf 79' lang='grc' dir='ltr'>Ἐλλήνων</span> <span class='ocrx_word' id='word_1_135' title='bbox 1586 1923 1737 1987; x_wconf 87' lang='grc' dir='ltr'>θεός;</span> 
     </span>
    </p>
   </div>
   <div class='ocr_carea' id='block_1_19' title="bbox 145 2010 1742 2093">
    <p class='ocr_par' dir='ltr' id='par_1_19' title="bbox 145 2010 1742 2093">
     <span class='ocr_line' id='line_1_19' title="bbox 145 2010 1742 2093; baseline -0.008 -18"><span class='ocrx_word' id='word_1_136' title='bbox 145 2019 356 2093; x_wconf 79' lang='grc' dir='ltr'>Νεκροί</span> <span class='ocrx_word' id='word_1_137' title='bbox 396 2036 463 2090; x_wconf 91' lang='grc' dir='ltr'>με</span> <span class='ocrx_word' id='word_1_138' title='bbox 494 2017 764 2071; x_wconf 77' lang='grc' dir='ltr'>κωλύουσι</span> <span class='ocrx_word' id='word_1_139' title='bbox 788 2014 1148 2085; x_wconf 78' lang='grc' dir='ltr'>φθέγγεσθαι,</span> <span class='ocrx_word' id='word_1_140' title='bbox 1184 2012 1384 2084; x_wconf 87' lang='grc' dir='ltr'>φησίν·</span> <span class='ocrx_word' id='word_1_141' title='bbox 1417 2010 1555 2065; x_wconf 87' lang='grc' dir='ltr'>ἀλλά</span> <span class='ocrx_word' id='word_1_142' title='bbox 1574 2010 1742 2081; x_wconf 75' lang='grc' dir='ltr'>ἀνάρ-</span> 
     </span>
    </p>
   </div>
   <div class='ocr_carea' id='block_1_20' title="bbox 146 2098 1742 2177">
    <p class='ocr_par' dir='ltr' id='par_1_20' title="bbox 146 2098 1742 2177">
     <span class='ocr_line' id='line_1_20' title="bbox 146 2098 1742 2177; baseline -0.007 -17"><span class='ocrx_word' id='word_1_143' title='bbox 146 2107 319 2177; x_wconf 82' lang='grc' dir='ltr'>ρηξον</span> <span class='ocrx_word' id='word_1_144' title='bbox 345 2106 447 2169; x_wconf 86' lang='grc' dir='ltr'>τάς</span> <span class='ocrx_word' id='word_1_145' title='bbox 465 2105 659 2176; x_wconf 90' lang='grc' dir='ltr'>θήκας,</span> <span class='ocrx_word' id='word_1_146' title='bbox 684 2102 943 2174; x_wconf 80' lang='grc' dir='ltr'>ἀνόρυξον</span> <span class='ocrx_word' id='word_1_147' title='bbox 963 2101 1032 2154; x_wconf 90' lang='grc' dir='ltr'>τά</span> <span class='ocrx_word' id='word_1_148' title='bbox 1059 2099 1216 2164; x_wconf 77' lang='grc' dir='ltr'>ὀστᾶ,</span> <span class='ocrx_word' id='word_1_149' title='bbox 1247 2098 1590 2170; x_wconf 84' lang='grc' dir='ltr'>μετάστησον</span> <span class='ocrx_word' id='word_1_150' title='bbox 1614 2098 1742 2160; x_wconf 83' lang='grc' dir='ltr'>τούς</span> 
     </span>
    </p>
   </div>
   <div class='ocr_carea' id='block_1_21' title="bbox 143 2184 1744 2265">
    <p class='ocr_par' dir='ltr' id='par_1_21' title="bbox 143 2184 1744 2265">
     <span class='ocr_line' id='line_1_21' title="bbox 143 2184 1744 2265; baseline -0.006 -19"><span class='ocrx_word' id='word_1_151' title='bbox 143 2194 407 2265; x_wconf 86' lang='grc' dir='ltr'>νεκρούς.</span> <span class='ocrx_word' id='word_1_152' title='bbox 439 2191 504 2245; x_wconf 87' lang='grc' dir='ltr'>Τί</span> <span class='ocrx_word' id='word_1_153' title='bbox 540 2192 746 2244; x_wconf 89' lang='grc' dir='ltr'>τούτων</span> <span class='ocrx_word' id='word_1_154' title='bbox 776 2187 1137 2257; x_wconf 86' lang='grc' dir='ltr'>ἀνοσιώτερον</span> <span class='ocrx_word' id='word_1_155' title='bbox 1166 2185 1365 2255; x_wconf 87' lang='grc' dir='ltr'>γένοιτ’</span> <span class='ocrx_word' id='word_1_156' title='bbox 1395 2185 1462 2239; x_wconf 84' lang='grc' dir='ltr'>ἂν</span> <span class='ocrx_word' id='word_1_157' title='bbox 1490 2184 1600 2237; x_wconf 86' lang='grc' dir='ltr'>τῶν</span> <span class='ocrx_word' id='word_1_158' title='bbox 1623 2185 1744 2237; x_wconf 85' lang='grc' dir='ltr'>ἐπι-</span> 
     </span>
    </p>
   </div>
   <div class='ocr_carea' id='block_1_22' title="bbox 145 2272 1741 2357">
    <p class='ocr_par' dir='ltr' id='par_1_22' title="bbox 145 2272 1741 2357">
     <span class='ocr_line' id='line_1_22' title="bbox 145 2272 1741 2357; baseline -0.006 -24"><span class='ocrx_word' id='word_1_159' title='bbox 145 2281 491 2351; x_wconf 88' lang='grc' dir='ltr'>ταγμάτων;</span> <span class='ocrx_word' id='word_1_160' title='bbox 530 2274 729 2357; x_wconf 75' lang='grc' dir='ltr'>Ξένους</span> <span class='ocrx_word' id='word_1_161' title='bbox 762 2275 791 2327; x_wconf 88' lang='lat'><em>6</em></span> <span class='ocrx_word' id='word_1_162' title='bbox 828 2273 1041 2345; x_wconf 88' lang='grc' dir='ltr'>δαίμων</span> <span class='ocrx_word' id='word_1_163' title='bbox 1091 2272 1486 2344; x_wconf 88' lang='grc' dir='ltr'>τυμϐωρυχίας</span> <span class='ocrx_word' id='word_1_164' title='bbox 1531 2272 1741 2339; x_wconf 87' lang='grc' dir='ltr'>είσάγει</span> 
     </span>
    </p>
   </div>
   <div class='ocr_carea' id='block_1_23' title="bbox 146 2358 1739 2437">
    <p class='ocr_par' dir='ltr' id='par_1_23' title="bbox 146 2358 1739 2437">
     <span class='ocr_line' id='line_1_23' title="bbox 146 2358 1739 2437; baseline -0.006 -17"><span class='ocrx_word' id='word_1_165' title='bbox 146 2368 376 2437; x_wconf 67' lang='grc' dir='ltr'>νόμους,</span> <span class='ocrx_word' id='word_1_166' title='bbox 440 2364 537 2419; x_wconf 74' lang='grc' dir='ltr'>καὶ</span> <span class='ocrx_word' id='word_1_167' title='bbox 578 2362 801 2423; x_wconf 75' lang='grc' dir='ltr'>καινοὺς</span> <span class='ocrx_word' id='word_1_168' title='bbox 852 2360 1176 2430; x_wconf 79' lang='grc' dir='ltr'>ξενηλασίας</span> <span class='ocrx_word' id='word_1_169' title='bbox 1234 2360 1445 2412; x_wconf 88' lang='grc' dir='ltr'>ἐπινοεῖ</span> <span class='ocrx_word' id='word_1_170' title='bbox 1484 2358 1739 2431; x_wconf 84' lang='grc' dir='ltr'>τρόπους.</span> 
     </span>
    </p>
   </div>
   <div class='ocr_carea' id='block_1_24' title="bbox 146 2438 1747 2523">
    <p class='ocr_par' dir='ltr' id='par_1_24' title="bbox 146 2438 1747 2523">
     <span class='ocr_line' id='line_1_24' title="bbox 146 2438 1747 2523; baseline -0.006 -17"><span class='ocrx_word' id='word_1_171' title='bbox 146 2454 250 2516; x_wconf 88' lang='grc' dir='ltr'>Τίς</span> <span class='ocrx_word' id='word_1_172' title='bbox 279 2453 485 2523; x_wconf 70' lang='grc' dir='ltr'>ἢκουσε</span> <span class='ocrx_word' id='word_1_173' title='bbox 510 2438 742 2521; x_wconf 82' lang='grc' dir='ltr'>νεκροὺς</span> <span class='ocrx_word' id='word_1_174' title='bbox 765 2446 1155 2517; x_wconf 79' lang='grc' dir='ltr'>ἐλαυνομένους</span> <span class='ocrx_word' id='word_1_175' title='bbox 1181 2444 1353 2512; x_wconf 85' lang='grc' dir='ltr'>ποτέ;</span> <span class='ocrx_word' id='word_1_176' title='bbox 1381 2444 1465 2508; x_wconf 90' lang='grc' dir='ltr'>τίς</span> <span class='ocrx_word' id='word_1_177' title='bbox 1497 2441 1605 2497; x_wconf 78' lang='grc' dir='ltr'>εἶδε</span> <span class='ocrx_word' id='word_1_178' title='bbox 1636 2443 1747 2497; x_wconf 86' lang='grc' dir='ltr'>σώ-</span> 
     </span>
    </p>
   </div>
   <div class='ocr_carea' id='block_1_25' title="bbox 150 2532 1745 2611">
    <p class='ocr_par' dir='ltr' id='par_1_25' title="bbox 150 2532 1745 2611">
     <span class='ocr_line' id='line_1_25' title="bbox 150 2532 1745 2611; baseline -0.006 -17"><span class='ocrx_word' id='word_1_179' title='bbox 150 2558 308 2611; x_wconf 84' lang='grc' dir='ltr'>ματα</span> <span class='ocrx_word' id='word_1_180' title='bbox 354 2540 540 2608; x_wconf 83' lang='grc' dir='ltr'>ἀψυχα</span> <span class='ocrx_word' id='word_1_181' title='bbox 598 2536 934 2605; x_wconf 85' lang='grc' dir='ltr'>κελευόμενα</span> <span class='ocrx_word' id='word_1_182' title='bbox 996 2533 1440 2606; x_wconf 85' lang='grc' dir='ltr'>μετανίστασθαι,</span> <span class='ocrx_word' id='word_1_183' title='bbox 1492 2532 1745 2604; x_wconf 77' lang='grc' dir='ltr'>καθάπερ</span> 
     </span>
    </p>
   </div>
   <div class='ocr_carea' id='block_1_26' title="bbox 147 2619 1745 2692">
    <p class='ocr_par' dir='ltr' id='par_1_26' title="bbox 147 2619 1745 2692">
     <span class='ocr_line' id='line_1_26' title="bbox 147 2619 1745 2692; baseline -0.006 -11"><span class='ocrx_word' id='word_1_184' title='bbox 147 2624 311 2690; x_wconf 72' lang='grc' dir='ltr'>οὗτος</span> <span class='ocrx_word' id='word_1_185' title='bbox 340 2626 628 2689; x_wconf 76' lang='grc' dir='ltr'>ἐπέταττε,</span> <span class='ocrx_word' id='word_1_186' title='bbox 660 2623 789 2686; x_wconf 79' lang='grc' dir='ltr'>τοὺς</span> <span class='ocrx_word' id='word_1_187' title='bbox 811 2622 1025 2684; x_wconf 84' lang='grc' dir='ltr'>κοινοὺς</span> <span class='ocrx_word' id='word_1_188' title='bbox 1064 2619 1167 2690; x_wconf 81' lang='grc' dir='ltr'>τῆς</span> <span class='ocrx_word' id='word_1_189' title='bbox 1196 2620 1413 2692; x_wconf 89' lang='grc' dir='ltr'>φύσεως</span> <span class='ocrx_word' id='word_1_190' title='bbox 1436 2622 1501 2673; x_wconf 89' lang='grc' dir='ltr'>ἐκ</span> <span class='ocrx_word' id='word_1_191' title='bbox 1530 2619 1745 2691; x_wconf 84' lang='grc' dir='ltr'>βάθρων</span> 
     </span>
    </p>
   </div>
   <div class='ocr_carea' id='block_1_27' title="bbox 149 2706 1759 2785">
    <p class='ocr_par' dir='ltr' id='par_1_27' title="bbox 149 2706 1759 2785">
     <span class='ocr_line' id='line_1_27' title="bbox 149 2706 1759 2785; baseline -0.006 -16"><span class='ocrx_word' id='word_1_192' title='bbox 149 2715 481 2785; x_wconf 74' lang='grc' dir='ltr'>ἀνατρέπων</span> <span class='ocrx_word' id='word_1_193' title='bbox 514 2712 747 2781; x_wconf 88' lang='grc' dir='ltr'>νόμους;</span> <span class='ocrx_word' id='word_1_194' title='bbox 789 2709 979 2762; x_wconf 81' lang='grc' dir='ltr'>Κοινοὶ</span> <span class='ocrx_word' id='word_1_195' title='bbox 999 2709 1110 2778; x_wconf 89' lang='grc' dir='ltr'>γάρ</span> <span class='ocrx_word' id='word_1_196' title='bbox 1146 2710 1254 2760; x_wconf 87' lang='grc' dir='ltr'>είσι</span> <span class='ocrx_word' id='word_1_197' title='bbox 1281 2709 1383 2777; x_wconf 81' lang='grc' dir='ltr'>τῆς</span> <span class='ocrx_word' id='word_1_198' title='bbox 1421 2706 1639 2776; x_wconf 89' lang='grc' dir='ltr'>φύσεως</span> <span class='ocrx_word' id='word_1_199' title='bbox 1666 2706 1759 2760; x_wconf 76' lang='grc' dir='ltr'>νέ-</span> 
     </span>
    </p>
   </div>
   <div class='ocr_carea' id='block_1_28' title="bbox 153 2791 1746 2873">
    <p class='ocr_par' dir='ltr' id='par_1_28' title="bbox 153 2791 1746 2873">
     <span class='ocr_line' id='line_1_28' title="bbox 153 2791 1746 2873; baseline -0.003 -20"><span class='ocrx_word' id='word_1_200' title='bbox 153 2818 250 2873; x_wconf 86' lang='grc' dir='ltr'>μοι</span> <span class='ocrx_word' id='word_1_201' title='bbox 296 2799 451 2870; x_wconf 87' lang='grc' dir='ltr'>παρά</span> <span class='ocrx_word' id='word_1_202' title='bbox 502 2800 670 2852; x_wconf 84' lang='grc' dir='ltr'>πᾶσιν</span> <span class='ocrx_word' id='word_1_203' title='bbox 708 2795 1043 2867; x_wconf 83' lang='grc' dir='ltr'>ἀνθρώποις,</span> <span class='ocrx_word' id='word_1_204' title='bbox 1092 2791 1181 2848; x_wconf 82' lang='grc' dir='ltr'>τὸν</span> <span class='ocrx_word' id='word_1_205' title='bbox 1227 2794 1535 2848; x_wconf 86' lang='grc' dir='ltr'>ἀπελθόντα</span> <span class='ocrx_word' id='word_1_206' title='bbox 1561 2796 1627 2864; x_wconf 83' lang='grc' dir='ltr'>τῇ</span> <span class='ocrx_word' id='word_1_207' title='bbox 1675 2798 1746 2865; x_wconf 78' lang='grc' dir='ltr'>γῇ</span> 
     </span>
    </p>
   </div>
   <div class='ocr_carea' id='block_1_29' title="bbox 150 2881 1748 2958">
    <p class='ocr_par' dir='ltr' id='par_1_29' title="bbox 150 2881 1748 2958">
     <span class='ocr_line' id='line_1_29' title="bbox 150 2881 1748 2958; baseline -0.006 -16"><span class='ocrx_word' id='word_1_208' title='bbox 150 2882 646 2958; x_wconf 74' lang='grc' dir='ltr'>κρύπτεσθαι,οκαὶ</span> <span class='ocrx_word' id='word_1_209' title='bbox 671 2886 819 2954; x_wconf 83' lang='grc' dir='ltr'>ταφῇ</span> <span class='ocrx_word' id='word_1_210' title='bbox 840 2881 1251 2953; x_wconf 87' lang='grc' dir='ltr'>παραδίδοσθαι,</span> <span class='ocrx_word' id='word_1_211' title='bbox 1277 2882 1504 2945; x_wconf 77' lang='grc' dir='ltr'>καὶτοῖς</span> <span class='ocrx_word' id='word_1_212' title='bbox 1525 2881 1748 2953; x_wconf 84' lang='grc' dir='ltr'>κόλποις</span> 
     </span>
    </p>
   </div>
   <div class='ocr_carea' id='block_1_30' title="bbox 149 2968 1749 3046">
    <p class='ocr_par' dir='ltr' id='par_1_30' title="bbox 149 2968 1749 3046">
     <span class='ocr_line' id='line_1_30' title="bbox 149 2968 1749 3046; baseline -0.004 -18"><span class='ocrx_word' id='word_1_213' title='bbox 149 2976 259 3045; x_wconf 78' lang='grc' dir='ltr'>τῆς</span> <span class='ocrx_word' id='word_1_214' title='bbox 292 2974 512 3027; x_wconf 86' lang='grc' dir='ltr'>πάντων</span> <span class='ocrx_word' id='word_1_215' title='bbox 535 2973 747 3046; x_wconf 81' lang='grc' dir='ltr'>μητρὸς</span> <span class='ocrx_word' id='word_1_216' title='bbox 766 2969 1221 3042; x_wconf 81' lang='grc' dir='ltr'>περιστέλλεσθαι</span> <span class='ocrx_word' id='word_1_217' title='bbox 1250 2970 1374 3040; x_wconf 81' lang='grc' dir='ltr'>γῆς.</span> <span class='ocrx_word' id='word_1_218' title='bbox 1401 2968 1749 3032; x_wconf 79' lang='grc' dir='ltr'>Καὶτούτους</span> 
     </span>
    </p>
   </div>
   <div class='ocr_carea' id='block_1_31' title="bbox 149 3056 1750 3132">
    <p class='ocr_par' dir='ltr' id='par_1_31' title="bbox 149 3056 1750 3132">
     <span class='ocr_line' id='line_1_31' title="bbox 149 3056 1750 3132; baseline -0.004 -16"><span class='ocrx_word' id='word_1_219' title='bbox 149 3064 257 3132; x_wconf 89' lang='grc' dir='ltr'>οὐχ</span> <span class='ocrx_word' id='word_1_220' title='bbox 313 3061 538 3131; x_wconf 81' lang='grc' dir='ltr'>Ἕλλην,</span> <span class='ocrx_word' id='word_1_221' title='bbox 585 3060 647 3113; x_wconf 93' lang='grc' dir='ltr'>οὐ</span> <span class='ocrx_word' id='word_1_222' title='bbox 696 3058 995 3130; x_wconf 86' lang='grc' dir='ltr'>βάρϐαρος,</span> <span class='ocrx_word' id='word_1_223' title='bbox 1044 3058 1107 3110; x_wconf 91' lang='grc' dir='ltr'>οὐ</span> <span class='ocrx_word' id='word_1_224' title='bbox 1156 3056 1393 3127; x_wconf 80' lang='grc' dir='ltr'>Σκύθης,</span> <span class='ocrx_word' id='word_1_225' title='bbox 1434 3058 1535 3109; x_wconf 91' lang='grc' dir='ltr'>οὐκ</span> <span class='ocrx_word' id='word_1_226' title='bbox 1578 3057 1634 3108; x_wconf 79' lang='grc' dir='ltr'>εί</span> <span class='ocrx_word' id='word_1_227' title='bbox 1662 3074 1750 3119; x_wconf 90' lang='grc' dir='ltr'>τις</span> 
     </span>
    </p>
   </div>
   <div class='ocr_carea' id='block_1_32' title="bbox 150 3142 1748 3218">
    <p class='ocr_par' dir='ltr' id='par_1_32' title="bbox 150 3142 1748 3218">
     <span class='ocr_line' id='line_1_32' title="bbox 150 3142 1748 3218; baseline -0.005 -16"><span class='ocrx_word' id='word_1_228' title='bbox 150 3150 386 3203; x_wconf 88' lang='grc' dir='ltr'>ἐκείνων</span> <span class='ocrx_word' id='word_1_229' title='bbox 414 3147 753 3218; x_wconf 80' lang='grc' dir='ltr'>ἀγριώτερος</span> <span class='ocrx_word' id='word_1_230' title='bbox 795 3146 1017 3214; x_wconf 77' lang='grc' dir='ltr'>ἐκίνησε</span> <span class='ocrx_word' id='word_1_231' title='bbox 1045 3144 1175 3207; x_wconf 74' lang='grc' dir='ltr'>τοὺς</span> <span class='ocrx_word' id='word_1_232' title='bbox 1207 3144 1413 3213; x_wconf 90' lang='grc' dir='ltr'>νόμους</span> <span class='ocrx_word' id='word_1_233' title='bbox 1452 3143 1606 3208; x_wconf 82' lang='grc' dir='ltr'>ποτὲ,</span> <span class='ocrx_word' id='word_1_234' title='bbox 1634 3142 1748 3195; x_wconf 84' lang='grc' dir='ltr'>ἀλλ’</span> 
     </span>
    </p>
   </div>
   <div class='ocr_carea' id='block_1_33' title="bbox 150 3228 1749 3303">
    <p class='ocr_par' dir='ltr' id='par_1_33' title="bbox 150 3228 1749 3303">
     <span class='ocr_line' id='line_1_33' title="bbox 150 3228 1749 3303; baseline -0.004 -14"><span class='ocrx_word' id='word_1_235' title='bbox 150 3234 458 3300; x_wconf 81' lang='grc' dir='ltr'>αἰδοῦνται,</span> <span class='ocrx_word' id='word_1_236' title='bbox 490 3233 584 3287; x_wconf 80' lang='grc' dir='ltr'>καὶ</span> <span class='ocrx_word' id='word_1_237' title='bbox 612 3233 979 3303; x_wconf 74' lang='grc' dir='ltr'>φυλάττουσιν</span> <span class='ocrx_word' id='word_1_238' title='bbox 1006 3231 1268 3294; x_wconf 82' lang='grc' dir='ltr'>ἀπαντες,</span> <span class='ocrx_word' id='word_1_239' title='bbox 1292 3230 1387 3282; x_wconf 80' lang='grc' dir='ltr'>καὶ</span> <span class='ocrx_word' id='word_1_240' title='bbox 1409 3228 1584 3292; x_wconf 76' lang='grc' dir='ltr'>οὕτως</span> <span class='ocrx_word' id='word_1_241' title='bbox 1609 3230 1749 3283; x_wconf 77' lang='grc' dir='ltr'>είσὶν</span> 
     </span>
    </p>
   </div>
   <div class='ocr_carea' id='block_1_34' title="bbox 154 3316 1750 3394">
    <p class='ocr_par' dir='ltr' id='par_1_34' title="bbox 154 3316 1750 3394">
     <span class='ocr_line' id='line_1_34' title="bbox 154 3316 1750 3394; baseline -0.004 -19"><span class='ocrx_word' id='word_1_242' title='bbox 154 3323 320 3394; x_wconf 76' lang='grc' dir='ltr'>ἱεροὶ,</span> <span class='ocrx_word' id='word_1_243' title='bbox 362 3322 458 3375; x_wconf 80' lang='grc' dir='ltr'>καὶ</span> <span class='ocrx_word' id='word_1_244' title='bbox 494 3322 661 3374; x_wconf 82' lang='grc' dir='ltr'>πᾶσιν</span> <span class='ocrx_word' id='word_1_245' title='bbox 700 3320 997 3389; x_wconf 83' lang='grc' dir='ltr'>αίδέσιμοι.</span> <span class='ocrx_word' id='word_1_246' title='bbox 1039 3317 1181 3371; x_wconf 81' lang='grc' dir='ltr'>Ἀλλ’</span> <span class='ocrx_word' id='word_1_247' title='bbox 1216 3319 1245 3370; x_wconf 90' lang='grc' dir='ltr'>ό</span> <span class='ocrx_word' id='word_1_248' title='bbox 1291 3316 1501 3387; x_wconf 84' lang='grc' dir='ltr'>δαίμων</span> <span class='ocrx_word' id='word_1_249' title='bbox 1534 3316 1750 3388; x_wconf 83' lang='grc' dir='ltr'>ἐπάρας</span> 
     </span>
    </p>
   </div>
   <div class='ocr_carea' id='block_1_35' title="bbox 152 3403 1751 3478">
    <p class='ocr_par' dir='ltr' id='par_1_35' title="bbox 152 3403 1751 3478">
     <span class='ocr_line' id='line_1_35' title="bbox 152 3403 1751 3478; baseline 0.006 -18"><span class='ocrx_word' id='word_1_250' title='bbox 152 3409 217 3461; x_wconf 90' lang='lat'>:6</span> <span class='ocrx_word' id='word_1_251' title='bbox 245 3409 608 3478; x_wconf 86' lang='grc' dir='ltr'>προσωπεῖον,</span> <span class='ocrx_word' id='word_1_252' title='bbox 636 3408 821 3476; x_wconf 79' lang='grc' dir='ltr'>γυμνῇ</span> <span class='ocrx_word' id='word_1_253' title='bbox 852 3408 919 3476; x_wconf 78' lang='grc' dir='ltr'>τῇ</span> <span class='ocrx_word' id='word_1_254' title='bbox 953 3405 1163 3475; x_wconf 76' lang='grc' dir='ltr'>κεφαλῇ</span> <span class='ocrx_word' id='word_1_255' title='bbox 1196 3403 1333 3472; x_wconf 85' lang='grc' dir='ltr'>πρὸς</span> <span class='ocrx_word' id='word_1_256' title='bbox 1361 3403 1430 3457; x_wconf 73' lang='grc' dir='ltr'>τὰ</span> <span class='ocrx_word' id='word_1_257' title='bbox 1464 3404 1620 3457; x_wconf 76' lang='grc' dir='ltr'>γοινά</span> <span class='ocrx_word' id='word_1_258' title='bbox 1650 3404 1751 3473; x_wconf 82' lang='grc' dir='ltr'>τῆς</span> 
     </span>
    </p>
   </div>
   <div class='ocr_carea' id='block_1_36' title="bbox 154 3489 1750 3563">
    <p class='ocr_par' dir='ltr' id='par_1_36' title="bbox 154 3489 1750 3563">
     <span class='ocr_line' id='line_1_36' title="bbox 154 3489 1750 3563; baseline -0.002 -17"><span class='ocrx_word' id='word_1_259' title='bbox 154 3493 378 3563; x_wconf 84' lang='grc' dir='ltr'>φύσεως</span> <span class='ocrx_word' id='word_1_260' title='bbox 408 3494 625 3546; x_wconf 81' lang='grc' dir='ltr'>ἵσταται</span> <span class='ocrx_word' id='word_1_261' title='bbox 652 3491 922 3562; x_wconf 85' lang='grc' dir='ltr'>δόγματα·</span> <span class='ocrx_word' id='word_1_262' title='bbox 954 3491 1185 3562; x_wconf 78' lang='grc' dir='ltr'>Μίασμα</span> <span class='ocrx_word' id='word_1_263' title='bbox 1213 3489 1348 3559; x_wconf 86' lang='lat'><strong>7&amp;9,</strong></span> <span class='ocrx_word' id='word_1_264' title='bbox 1378 3491 1569 3561; x_wconf 74' lang='grc' dir='ltr'>φησὶν,</span> <span class='ocrx_word' id='word_1_265' title='bbox 1611 3492 1750 3544; x_wconf 63' lang='grc' dir='ltr'>εἰσιν</span> 
     </span>
    </p>
   </div>
   <div class='ocr_carea' id='block_1_37' title="bbox 153 3577 1750 3653">
    <p class='ocr_par' dir='ltr' id='par_1_37' title="bbox 153 3577 1750 3653">
     <span class='ocr_line' id='line_1_37' title="bbox 153 3577 1750 3653; baseline 0 -19"><span class='ocrx_word' id='word_1_266' title='bbox 153 3584 204 3635; x_wconf 86' lang='grc' dir='ltr'>οί</span> <span class='ocrx_word' id='word_1_267' title='bbox 240 3581 447 3653; x_wconf 85' lang='grc' dir='ltr'>νεκροί.</span> <span class='ocrx_word' id='word_1_268' title='bbox 477 3581 591 3650; x_wconf 85' lang='grc' dir='ltr'>Οὐχ</span> <span class='ocrx_word' id='word_1_269' title='bbox 620 3580 670 3632; x_wconf 82' lang='grc' dir='ltr'>οἱ</span> <span class='ocrx_word' id='word_1_270' title='bbox 699 3580 888 3650; x_wconf 76' lang='grc' dir='ltr'>νεκροὶ</span> <span class='ocrx_word' id='word_1_271' title='bbox 933 3578 1171 3649; x_wconf 86' lang='grc' dir='ltr'>μίασμα,</span> <span class='ocrx_word' id='word_1_272' title='bbox 1222 3580 1564 3649; x_wconf 86' lang='grc' dir='ltr'>πονηρότατε</span> 
     </span>
    </p>
   </div>
   <div class='ocr_carea' id='block_1_38' title="bbox 154 3663 1753 3739">
    <p class='ocr_par' dir='ltr' id='par_1_38' title="bbox 154 3663 1753 3739">
     <span class='ocr_line' id='line_1_38' title="bbox 154 3663 1753 3739; baseline -0.001 -18"><span class='ocrx_word' id='word_1_273' title='bbox 154 3670 373 3738; x_wconf 86' lang='grc' dir='ltr'>δαῖμον,</span> <span class='ocrx_word' id='word_1_274' title='bbox 408 3667 546 3720; x_wconf 87' lang='grc' dir='ltr'>ἀλλά</span> <span class='ocrx_word' id='word_1_275' title='bbox 574 3666 899 3739; x_wconf 88' lang='grc' dir='ltr'>προαίρεσις</span> <span class='ocrx_word' id='word_1_276' title='bbox 947 3665 1162 3735; x_wconf 89' lang='grc' dir='ltr'>πονηρά</span> <span class='ocrx_word' id='word_1_277' title='bbox 1197 3663 1368 3735; x_wconf 91' lang='grc' dir='ltr'>μύσος</span> <span class='ocrx_word' id='word_1_278' title='bbox 1397 3666 1568 3719; x_wconf 88' lang='grc' dir='ltr'>ἐστίν.</span> <span class='ocrx_word' id='word_1_279' title='bbox 1603 3664 1666 3718; x_wconf 65' lang='lat' dir='ltr'>Et</span> <span class='ocrx_word' id='word_1_280' title='bbox 1694 3665 1753 3719; x_wconf 89' lang='grc' dir='ltr'>δέ</span> 
     </span>
    </p>
   </div>
   <div class='ocr_carea' id='block_1_39' title="bbox 156 3753 1753 3828">
    <p class='ocr_par' dir='ltr' id='par_1_39' title="bbox 156 3753 1753 3828">
     <span class='ocr_line' id='line_1_39' title="bbox 156 3753 1753 3828; baseline 0 -20"><span class='ocrx_word' id='word_1_281' title='bbox 156 3758 267 3828; x_wconf 84' lang='grc' dir='ltr'>χρή</span> <span class='ocrx_word' id='word_1_282' title='bbox 292 3773 347 3808; x_wconf 89' lang='grc' dir='ltr'>τι</span> <span class='ocrx_word' id='word_1_283' title='bbox 377 3756 474 3809; x_wconf 70' lang='grc' dir='ltr'>καὶ</span> <span class='ocrx_word' id='word_1_284' title='bbox 501 3754 818 3824; x_wconf 72' lang='grc' dir='ltr'>θαυμαστὸν</span> <span class='ocrx_word' id='word_1_285' title='bbox 840 3755 1037 3817; x_wconf 79' lang='grc' dir='ltr'>εἰπεῖν,</span> <span class='ocrx_word' id='word_1_286' title='bbox 1064 3753 1133 3806; x_wconf 86' lang='grc' dir='ltr'>τά</span> <span class='ocrx_word' id='word_1_287' title='bbox 1162 3753 1270 3806; x_wconf 88' lang='grc' dir='ltr'>τῶν</span> <span class='ocrx_word' id='word_1_288' title='bbox 1296 3753 1517 3818; x_wconf 78' lang='grc' dir='ltr'>ζώντων</span> <span class='ocrx_word' id='word_1_289' title='bbox 1552 3754 1753 3823; x_wconf 81' lang='grc' dir='ltr'>μᾶλλον</span> 
     </span>
    </p>
   </div>
   <div class='ocr_carea' id='block_1_40' title="bbox 160 3838 1754 3913">
    <p class='ocr_par' dir='ltr' id='par_1_40' title="bbox 160 3838 1754 3913">
     <span class='ocr_line' id='line_1_40' title="bbox 160 3838 1754 3913; baseline -0.001 -18"><span class='ocrx_word' id='word_1_290' title='bbox 160 3842 339 3913; x_wconf 88' lang='grc' dir='ltr'>μεστά</span> <span class='ocrx_word' id='word_1_291' title='bbox 356 3842 574 3904; x_wconf 80' lang='grc' dir='ltr'>κακίας,</span> <span class='ocrx_word' id='word_1_292' title='bbox 597 3840 630 3911; x_wconf 79' lang='grc' dir='ltr'>ἢ</span> <span class='ocrx_word' id='word_1_293' title='bbox 650 3840 721 3893; x_wconf 79' lang='grc' dir='ltr'>τὰ</span> <span class='ocrx_word' id='word_1_294' title='bbox 740 3841 851 3893; x_wconf 86' lang='grc' dir='ltr'>τῶν</span> <span class='ocrx_word' id='word_1_295' title='bbox 869 3838 1360 3910; x_wconf 85' lang='grc' dir='ltr'>τετελευτηκότων,</span> <span class='ocrx_word' id='word_1_296' title='bbox 1383 3840 1493 3893; x_wconf 79' lang='grc' dir='ltr'>είσὶ</span> <span class='ocrx_word' id='word_1_297' title='bbox 1520 3840 1754 3911; x_wconf 88' lang='grc' dir='ltr'>σώματα</span> 
     </span>
    </p>
   </div>
   <div class='ocr_carea' id='block_1_41' title="bbox 161 3928 1753 4002">
    <p class='ocr_par' dir='ltr' id='par_1_41' title="bbox 161 3928 1753 4002">
     <span class='ocr_line' id='line_1_41' title="bbox 161 3928 1753 4002; baseline -0.008 -18"><span class='ocrx_word' id='word_1_298' title='bbox 161 3930 374 4002; x_wconf 83' lang='grc' dir='ltr'>μιαρά’</span> <span class='ocrx_word' id='word_1_299' title='bbox 408 3929 478 3983; x_wconf 90' lang='grc' dir='ltr'>τά</span> <span class='ocrx_word' id='word_1_300' title='bbox 510 3930 608 4000; x_wconf 83' lang='grc' dir='ltr'>μὲν</span> <span class='ocrx_word' id='word_1_301' title='bbox 634 3929 744 4000; x_wconf 82' lang='grc' dir='ltr'>γάρ</span> <span class='ocrx_word' id='word_1_302' title='bbox 773 3928 1105 3983; x_wconf 87' lang='grc' dir='ltr'>διακονεῖται</span> <span class='ocrx_word' id='word_1_303' title='bbox 1129 3931 1243 3991; x_wconf 87' lang='grc' dir='ltr'>τοῖς</span> <span class='ocrx_word' id='word_1_304' title='bbox 1278 3930 1380 3999; x_wconf 83' lang='grc' dir='ltr'>τῆς</span> <span class='ocrx_word' id='word_1_305' title='bbox 1403 3928 1586 3999; x_wconf 74' lang='grc' dir='ltr'>ψυχῆς</span> <span class='ocrx_word' id='word_1_306' title='bbox 1632 3932 1753 3984; x_wconf 60' lang='lat' dir='ltr'>eam-</span> 
     </span>
    </p>
   </div>
   <div class='ocr_carea' id='block_1_42' title="bbox 159 4016 1754 4087">
    <p class='ocr_par' dir='ltr' id='par_1_42' title="bbox 159 4016 1754 4087">
     <span class='ocr_line' id='line_1_42' title="bbox 159 4016 1754 4087; baseline 0.001 -18"><span class='ocrx_word' id='word_1_307' title='bbox 159 4018 407 4087; x_wconf 78' lang='grc' dir='ltr'>τάγμασι</span> <span class='ocrx_word' id='word_1_308' title='bbox 426 4034 438 4045; x_wconf 89' lang='grc'>·</span> <span class='ocrx_word' id='word_1_309' title='bbox 472 4018 543 4069; x_wconf 70' lang='grc' dir='ltr'>τὰ</span> <span class='ocrx_word' id='word_1_310' title='bbox 567 4016 623 4069; x_wconf 85' lang='grc' dir='ltr'>δέ</span> <span class='ocrx_word' id='word_1_311' title='bbox 651 4019 862 4069; x_wconf 88' lang='grc' dir='ltr'>κεῖνται</span> <span class='ocrx_word' id='word_1_312' title='bbox 898 4016 1135 4086; x_wconf 90' lang='grc' dir='ltr'>ἀκίνητα</span> <span class='ocrx_word' id='word_1_313' title='bbox 1155 4033 1167 4044; x_wconf 93' lang='grc'>·</span> <span class='ocrx_word' id='word_1_314' title='bbox 1205 4016 1268 4069; x_wconf 90' lang='lat'>:6</span> <span class='ocrx_word' id='word_1_315' title='bbox 1292 4016 1350 4070; x_wconf 81' lang='grc' dir='ltr'>δὲ</span> <span class='ocrx_word' id='word_1_316' title='bbox 1378 4017 1636 4086; x_wconf 91' lang='grc' dir='ltr'>ἀκίνητον</span> <span class='ocrx_word' id='word_1_317' title='bbox 1660 4018 1754 4071; x_wconf 79' lang='grc' dir='ltr'>καὶ</span> 
     </span>
    </p>
   </div>
   <div class='ocr_carea' id='block_1_43' title="bbox 158 4098 1751 4175">
    <p class='ocr_par' dir='ltr' id='par_1_43' title="bbox 158 4098 1751 4175">
     <span class='ocr_line' id='line_1_43' title="bbox 158 4098 1751 4175; baseline 0.001 -19"><span class='ocrx_word' id='word_1_318' title='bbox 158 4098 347 4175; x_wconf 78' lang='grc' dir='ltr'>πάσης</span> <span class='ocrx_word' id='word_1_319' title='bbox 369 4103 679 4174; x_wconf 78' lang='grc' dir='ltr'>αἰσθήσεως</span> <span class='ocrx_word' id='word_1_320' title='bbox 706 4102 937 4172; x_wconf 74' lang='grc' dir='ltr'>ἔρημον,</span> <span class='ocrx_word' id='word_1_321' title='bbox 955 4102 1052 4154; x_wconf 83' lang='grc' dir='ltr'>καὶ</span> <span class='ocrx_word' id='word_1_322' title='bbox 1078 4103 1414 4173; x_wconf 83' lang='grc' dir='ltr'>κατηγορίας</span> <span class='ocrx_word' id='word_1_323' title='bbox 1446 4102 1513 4157; x_wconf 81' lang='grc' dir='ltr'>ἂν</span> <span class='ocrx_word' id='word_1_324' title='bbox 1536 4105 1620 4174; x_wconf 71' lang='grc' dir='ltr'>εἴη</span> <span class='ocrx_word' id='word_1_325' title='bbox 1644 4104 1751 4157; x_wconf 83' lang='grc' dir='ltr'>πά·</span> 
     </span>
    </p>
   </div>
   <div class='ocr_carea' id='block_1_44' title="bbox 159 4188 1753 4263">
    <p class='ocr_par' dir='ltr' id='par_1_44' title="bbox 159 4188 1753 4263">
     <span class='ocr_line' id='line_1_44' title="bbox 159 4188 1753 4263; baseline -0.001 -18"><span class='ocrx_word' id='word_1_326' title='bbox 159 4209 265 4261; x_wconf 82' lang='grc' dir='ltr'>σης</span> <span class='ocrx_word' id='word_1_327' title='bbox 286 4191 594 4263; x_wconf 86' lang='grc' dir='ltr'>ἐλεύθερον.</span> <span class='ocrx_word' id='word_1_328' title='bbox 616 4190 762 4261; x_wconf 79' lang='grc' dir='ltr'>Πλὴν</span> <span class='ocrx_word' id='word_1_329' title='bbox 784 4190 901 4244; x_wconf 86' lang='grc' dir='ltr'>ἀλλ’</span> <span class='ocrx_word' id='word_1_330' title='bbox 925 4190 1046 4243; x_wconf 82' lang='grc' dir='ltr'>οὐδὲ</span> <span class='ocrx_word' id='word_1_331' title='bbox 1068 4189 1137 4243; x_wconf 86' lang='grc' dir='ltr'>τά</span> <span class='ocrx_word' id='word_1_332' title='bbox 1161 4189 1273 4243; x_wconf 82' lang='grc' dir='ltr'>τῶν</span> <span class='ocrx_word' id='word_1_333' title='bbox 1298 4188 1518 4253; x_wconf 81' lang='grc' dir='ltr'>ζώντων</span> <span class='ocrx_word' id='word_1_334' title='bbox 1538 4190 1753 4261; x_wconf 83' lang='grc' dir='ltr'>είποιμι</span> 
     </span>
    </p>
   </div>
   <div class='ocr_carea' id='block_1_45' title="bbox 157 4274 1754 4347">
    <p class='ocr_par' dir='ltr' id='par_1_45' title="bbox 157 4274 1754 4347">
     <span class='ocr_line' id='line_1_45' title="bbox 157 4274 1754 4347; baseline -0.002 -15"><span class='ocrx_word' id='word_1_335' title='bbox 157 4279 227 4332; x_wconf 80' lang='grc' dir='ltr'>ἂν</span> <span class='ocrx_word' id='word_1_336' title='bbox 263 4278 442 4347; x_wconf 71' lang='grc' dir='ltr'>ἔγωγε</span> <span class='ocrx_word' id='word_1_337' title='bbox 481 4276 711 4347; x_wconf 88' lang='grc' dir='ltr'>σώματα</span> <span class='ocrx_word' id='word_1_338' title='bbox 735 4274 876 4330; x_wconf 74' lang='grc' dir='ltr'>εἶναι</span> <span class='ocrx_word' id='word_1_339' title='bbox 905 4279 974 4347; x_wconf 82' lang='grc' dir='ltr'>τῇ</span> <span class='ocrx_word' id='word_1_340' title='bbox 1016 4276 1178 4344; x_wconf 86' lang='grc' dir='ltr'>φύσει</span> <span class='ocrx_word' id='word_1_341' title='bbox 1214 4277 1411 4347; x_wconf 86' lang='grc' dir='ltr'>μιαρά,</span> <span class='ocrx_word' id='word_1_342' title='bbox 1453 4276 1589 4330; x_wconf 91' lang='grc' dir='ltr'>ἀλλά</span> <span class='ocrx_word' id='word_1_343' title='bbox 1617 4293 1754 4331; x_wconf 88' lang='grc' dir='ltr'>παν-</span> 
     </span>
    </p>
   </div>
   <div class='ocr_carea' id='block_1_46' title="bbox 158 4363 1754 4435">
    <p class='ocr_par' dir='ltr' id='par_1_46' title="bbox 158 4363 1754 4435">
     <span class='ocr_line' id='line_1_46' title="bbox 158 4363 1754 4435; baseline -0.001 -18"><span class='ocrx_word' id='word_1_344' title='bbox 158 4364 326 4434; x_wconf 80' lang='grc' dir='ltr'>ταχοῦ</span> <span class='ocrx_word' id='word_1_345' title='bbox 368 4365 468 4435; x_wconf 82' lang='grc' dir='ltr'>τήν</span> <span class='ocrx_word' id='word_1_346' title='bbox 508 4364 753 4435; x_wconf 81' lang='grc' dir='ltr'>πονηρὰν</span> <span class='ocrx_word' id='word_1_347' title='bbox 787 4364 883 4418; x_wconf 79' lang='grc' dir='ltr'>καὶ</span> <span class='ocrx_word' id='word_1_348' title='bbox 930 4364 1373 4434; x_wconf 89' lang='grc' dir='ltr'>διεστραμμένην</span> <span class='ocrx_word' id='word_1_349' title='bbox 1428 4363 1754 4434; x_wconf 88' lang='grc' dir='ltr'>προαίρεσιν</span> 
     </span>
    </p>
   </div>
   <div class='ocr_carea' id='block_1_47' title="bbox 158 4447 1598 4522">
    <p class='ocr_par' dir='ltr' id='par_1_47' title="bbox 158 4447 1598 4522">
     <span class='ocr_line' id='line_1_47' title="bbox 158 4447 1598 4522; baseline -0.001 -17"><span class='ocrx_word' id='word_1_350' title='bbox 158 4455 282 4515; x_wconf 87' lang='grc' dir='ltr'>ταῖς</span> <span class='ocrx_word' id='word_1_351' title='bbox 307 4452 458 4522; x_wconf 88' lang='grc' dir='ltr'>παρά</span> <span class='ocrx_word' id='word_1_352' title='bbox 486 4453 703 4506; x_wconf 86' lang='grc' dir='ltr'>πάντων</span> <span class='ocrx_word' id='word_1_353' title='bbox 723 4450 1086 4522; x_wconf 86' lang='grc' dir='ltr'>κατηγορίαις</span> <span class='ocrx_word' id='word_1_354' title='bbox 1108 4447 1246 4503; x_wconf 80' lang='grc' dir='ltr'>εἶναι</span> <span class='ocrx_word' id='word_1_355' title='bbox 1273 4449 1598 4504; x_wconf 85' lang='grc' dir='ltr'>ὑπεύθυνον.</span> 
     </span>
    </p>
   </div>
   <div class='ocr_carea' id='block_1_48' title="bbox 233 4536 1752 4610">
    <p class='ocr_par' dir='ltr' id='par_1_48' title="bbox 233 4536 1752 4610">
     <span class='ocr_line' id='line_1_48' title="bbox 233 4536 1752 4610; baseline -0.003 -14"><span class='ocrx_word' id='word_1_356' title='bbox 233 4543 350 4597; x_wconf 88' lang='grc' dir='ltr'>Οὐκ</span> <span class='ocrx_word' id='word_1_357' title='bbox 374 4541 491 4593; x_wconf 70' lang='grc' dir='ltr'>ἔστι</span> <span class='ocrx_word' id='word_1_358' title='bbox 516 4541 678 4610; x_wconf 90' lang='grc' dir='ltr'>σῶμα</span> <span class='ocrx_word' id='word_1_359' title='bbox 702 4539 897 4610; x_wconf 76' lang='grc' dir='ltr'>νεκρὸν</span> <span class='ocrx_word' id='word_1_360' title='bbox 939 4537 1182 4607; x_wconf 86' lang='grc' dir='ltr'>μίασμα,</span> <span class='ocrx_word' id='word_1_361' title='bbox 1215 4536 1505 4603; x_wconf 84' lang='grc' dir='ltr'>Ἀπολλον,</span> <span class='ocrx_word' id='word_1_362' title='bbox 1530 4537 1669 4591; x_wconf 87' lang='grc' dir='ltr'>ἀλλά</span> <span class='ocrx_word' id='word_1_363' title='bbox 1691 4537 1752 4591; x_wconf 88' lang='lat'>:6</span> 
     </span>
    </p>
   </div>
   <div class='ocr_carea' id='block_1_49' title="bbox 160 4624 1755 4699">
    <p class='ocr_par' dir='ltr' id='par_1_49' title="bbox 160 4624 1755 4699">
     <span class='ocr_line' id='line_1_49' title="bbox 160 4624 1755 4699; baseline -0.003 -16"><span class='ocrx_word' id='word_1_364' title='bbox 160 4630 333 4699; x_wconf 89' lang='grc' dir='ltr'>κόρην</span> <span class='ocrx_word' id='word_1_365' title='bbox 359 4626 577 4680; x_wconf 82' lang='grc' dir='ltr'>διώκειν</span> <span class='ocrx_word' id='word_1_366' title='bbox 603 4627 904 4696; x_wconf 87' lang='grc' dir='ltr'>σωφρονεῖν</span> <span class='ocrx_word' id='word_1_367' title='bbox 932 4624 1287 4695; x_wconf 76' lang='grc' dir='ltr'>βουλομένην,</span> <span class='ocrx_word' id='word_1_368' title='bbox 1320 4626 1414 4678; x_wconf 71' lang='grc' dir='ltr'>καλ⁵</span> <span class='ocrx_word' id='word_1_369' title='bbox 1450 4626 1755 4697; x_wconf 86' lang='grc' dir='ltr'>σεμνότητα</span> 
     </span>
    </p>
   </div>
   <div class='ocr_carea' id='block_1_50' title="bbox 158 4711 1753 4785">
    <p class='ocr_par' dir='ltr' id='par_1_50' title="bbox 158 4711 1753 4785">
     <span class='ocr_line' id='line_1_50' title="bbox 158 4711 1753 4785; baseline -0.001 -19"><span class='ocrx_word' id='word_1_370' title='bbox 158 4713 462 4785; x_wconf 88' lang='grc' dir='ltr'>διορύττειν</span> <span class='ocrx_word' id='word_1_371' title='bbox 493 4712 788 4784; x_wconf 79' lang='grc' dir='ltr'>παρθένου,</span> <span class='ocrx_word' id='word_1_372' title='bbox 838 4711 937 4765; x_wconf 57' lang='grc' dir='ltr'>καὶ⁵</span> <span class='ocrx_word' id='word_1_373' title='bbox 975 4713 1076 4782; x_wconf 85' lang='grc' dir='ltr'>τῆς</span> <span class='ocrx_word' id='word_1_374' title='bbox 1100 4712 1459 4783; x_wconf 85' lang='grc' dir='ltr'>ἀναισχύντου</span> <span class='ocrx_word' id='word_1_375' title='bbox 1496 4712 1753 4783; x_wconf 82' lang='grc' dir='ltr'>πράξεως</span> 
     </span>
    </p>
   </div>
   <div class='ocr_carea' id='block_1_51' title="bbox 160 4798 1754 4871">
    <p class='ocr_par' dir='ltr' id='par_1_51' title="bbox 160 4798 1754 4871">
     <span class='ocr_line' id='line_1_51' title="bbox 160 4798 1754 4871; baseline 0.001 -18"><span class='ocrx_word' id='word_1_376' title='bbox 160 4801 507 4870; x_wconf 82' lang='grc' dir='ltr'>ἀποτυχόντα</span> <span class='ocrx_word' id='word_1_377' title='bbox 533 4800 772 4869; x_wconf 83' lang='grc' dir='ltr'>θρηνεῖν,</span> <span class='ocrx_word' id='word_1_378' title='bbox 802 4798 962 4852; x_wconf 90' lang='grc' dir='ltr'>τοῦτο</span> <span class='ocrx_word' id='word_1_379' title='bbox 985 4800 1080 4853; x_wconf 74' lang='grc' dir='ltr'>καὶ</span> <span class='ocrx_word' id='word_1_380' title='bbox 1103 4800 1443 4871; x_wconf 87' lang='grc' dir='ltr'>κατηγορίας</span> <span class='ocrx_word' id='word_1_381' title='bbox 1471 4802 1568 4854; x_wconf 62' lang='lat'><strong>10.1</strong></span> <span class='ocrx_word' id='word_1_382' title='bbox 1593 4800 1754 4855; x_wconf 85' lang='grc' dir='ltr'>κολά-</span> 
     </span>
    </p>
   </div>
   <div class='ocr_carea' id='block_1_52' title="bbox 164 4884 1753 4958">
    <p class='ocr_par' dir='ltr' id='par_1_52' title="bbox 164 4884 1753 4958">
     <span class='ocr_line' id='line_1_52' title="bbox 164 4884 1753 4958; baseline 0.003 -20"><span class='ocrx_word' id='word_1_383' title='bbox 164 4902 303 4947; x_wconf 89' lang='grc' dir='ltr'>σεως</span> <span class='ocrx_word' id='word_1_384' title='bbox 324 4884 494 4948; x_wconf 78' lang='grc' dir='ltr'>ἀξιον.</span> <span class='ocrx_word' id='word_1_385' title='bbox 520 4884 715 4937; x_wconf 70' lang='grc' dir='ltr'>Πολλοὶ</span> <span class='ocrx_word' id='word_1_386' title='bbox 736 4884 870 4952; x_wconf 86' lang='grc' dir='ltr'>γοῦν</span> <span class='ocrx_word' id='word_1_387' title='bbox 892 4886 1021 4956; x_wconf 83' lang='grc' dir='ltr'>παρ’</span> <span class='ocrx_word' id='word_1_388' title='bbox 1045 4887 1178 4955; x_wconf 78' lang='grc' dir='ltr'>ἡμῖν</span> <span class='ocrx_word' id='word_1_389' title='bbox 1200 4886 1450 4954; x_wconf 89' lang='grc' dir='ltr'>ἐγένοντο</span> <span class='ocrx_word' id='word_1_390' title='bbox 1478 4888 1753 4958; x_wconf 80' lang='grc' dir='ltr'>προφῆται</span> 
     </span>
    </p>
   </div>
   <div class='ocr_carea' id='block_1_53' title="bbox 162 4971 1751 5045">
    <p class='ocr_par' dir='ltr' id='par_1_53' title="bbox 162 4971 1751 5045">
     <span class='ocr_line' id='line_1_53' title="bbox 162 4971 1751 5045; baseline 0.004 -21"><span class='ocrx_word' id='word_1_391' title='bbox 162 4971 476 5041; x_wconf 78' lang='grc' dir='ltr'>θαυμαστώ⁷</span> <span class='ocrx_word' id='word_1_392' title='bbox 505 4973 601 5025; x_wconf 75' lang='grc' dir='ltr'>καὶ</span> <span class='ocrx_word' id='word_1_393' title='bbox 624 4972 871 5041; x_wconf 86' lang='grc' dir='ltr'>μεγάλοι,</span> <span class='ocrx_word' id='word_1_394' title='bbox 901 4974 997 5025; x_wconf 74' lang='grc' dir='ltr'>καὶ</span> <span class='ocrx_word' id='word_1_395' title='bbox 1029 4972 1201 5025; x_wconf 88' lang='grc' dir='ltr'>πολλά</span> <span class='ocrx_word' id='word_1_396' title='bbox 1228 4974 1358 5044; x_wconf 75' lang='grc' dir='ltr'>περὶ</span> <span class='ocrx_word' id='word_1_397' title='bbox 1387 4976 1497 5028; x_wconf 90' lang='grc' dir='ltr'>τῶν</span> <span class='ocrx_word' id='word_1_398' title='bbox 1524 4973 1751 5045; x_wconf 84' lang='grc' dir='ltr'>μελλόν-</span> 
     </span>
    </p>
   </div>
   <div class='ocr_carea' id='block_1_54' title="bbox 160 5058 1753 5131">
    <p class='ocr_par' dir='ltr' id='par_1_54' title="bbox 160 5058 1753 5131">
     <span class='ocr_line' id='line_1_54' title="bbox 160 5058 1753 5131; baseline 0.003 -19"><span class='ocrx_word' id='word_1_399' title='bbox 160 5073 276 5112; x_wconf 87' lang='grc' dir='ltr'>των</span> <span class='ocrx_word' id='word_1_400' title='bbox 304 5058 682 5129; x_wconf 87' lang='grc' dir='ltr'>προειπόντες,</span> <span class='ocrx_word' id='word_1_401' title='bbox 709 5058 805 5112; x_wconf 76' lang='grc' dir='ltr'>καὶ</span> <span class='ocrx_word' id='word_1_402' title='bbox 831 5058 1073 5129; x_wconf 85' lang='grc' dir='ltr'>οὐδαμοῦ</span> <span class='ocrx_word' id='word_1_403' title='bbox 1116 5060 1241 5123; x_wconf 80' lang='grc' dir='ltr'>τοὺς</span> <span class='ocrx_word' id='word_1_404' title='bbox 1264 5061 1590 5131; x_wconf 80' lang='grc' dir='ltr'>ἐρωτῶντας</span> <span class='ocrx_word' id='word_1_405' title='bbox 1630 5064 1753 5116; x_wconf 82' lang='grc' dir='ltr'>ἐκέ-</span> 
     </span>
    </p>
   </div>
   <div class='ocr_carea' id='block_1_55' title="bbox 160 5143 1751 5217">
    <p class='ocr_par' dir='ltr' id='par_1_55' title="bbox 160 5143 1751 5217">
     <span class='ocr_line' id='line_1_55' title="bbox 160 5143 1751 5217; baseline 0.004 -20"><span class='ocrx_word' id='word_1_406' title='bbox 160 5143 319 5198; x_wconf 81' lang='grc' dir='ltr'>λευον</span> <span class='ocrx_word' id='word_1_407' title='bbox 345 5143 416 5197; x_wconf 88' lang='grc' dir='ltr'>τά</span> <span class='ocrx_word' id='word_1_408' title='bbox 453 5144 564 5197; x_wconf 87' lang='grc' dir='ltr'>τῶν</span> <span class='ocrx_word' id='word_1_409' title='bbox 610 5144 960 5198; x_wconf 85' lang='grc' dir='ltr'>ἀπελθόντων</span> <span class='ocrx_word' id='word_1_410' title='bbox 1000 5144 1317 5217; x_wconf 89' lang='grc' dir='ltr'>ἀνορύττειν</span> <span class='ocrx_word' id='word_1_411' title='bbox 1365 5147 1532 5202; x_wconf 79' lang='grc' dir='ltr'>ὀστᾶ·</span> <span class='ocrx_word' id='word_1_412' title='bbox 1578 5149 1694 5202; x_wconf 87' lang='grc' dir='ltr'>ἀλλ’</span> <span class='ocrx_word' id='word_1_413' title='bbox 1724 5153 1751 5204; x_wconf 90' lang='grc' dir='ltr'>ὁ</span> 
     </span>
    </p>
   </div>
   <div class='ocr_carea' id='block_1_56' title="bbox 162 5231 1748 5305">
    <p class='ocr_par' dir='ltr' id='par_1_56' title="bbox 162 5231 1748 5305">
     <span class='ocr_line' id='line_1_56' title="bbox 162 5231 1748 5305; baseline 0.005 -21"><span class='ocrx_word' id='word_1_414' title='bbox 162 5233 268 5301; x_wconf 91' lang='grc' dir='ltr'>μὲν</span> <span class='ocrx_word' id='word_1_415' title='bbox 318 5231 581 5303; x_wconf 82' lang='grc' dir='ltr'>ἰεζεκιὴλ</span> <span class='ocrx_word' id='word_1_416' title='bbox 612 5233 795 5285; x_wconf 88' lang='grc' dir='ltr'>αὐτῶν</span> <span class='ocrx_word' id='word_1_417' title='bbox 830 5233 941 5285; x_wconf 87' lang='grc' dir='ltr'>τῶν</span> <span class='ocrx_word' id='word_1_418' title='bbox 966 5234 1139 5287; x_wconf 83' lang='grc' dir='ltr'>ὀστῶν</span> <span class='ocrx_word' id='word_1_419' title='bbox 1177 5234 1405 5305; x_wconf 88' lang='grc' dir='ltr'>πλησίον</span> <span class='ocrx_word' id='word_1_420' title='bbox 1447 5237 1641 5303; x_wconf 86' lang='grc' dir='ltr'>ἐστὼς,</span> <span class='ocrx_word' id='word_1_421' title='bbox 1688 5240 1748 5292; x_wconf 83' lang='grc' dir='ltr'>οὐ</span> 
     </span>
    </p>
   </div>
   <div class='ocr_carea' id='block_1_57' title="bbox 162 5317 1751 5397">
    <p class='ocr_par' dir='ltr' id='par_1_57' title="bbox 162 5317 1751 5397">
     <span class='ocr_line' id='line_1_57' title="bbox 162 5317 1751 5397; baseline 0.006 -27"><span class='ocrx_word' id='word_1_422' title='bbox 162 5317 328 5388; x_wconf 85' lang='grc' dir='ltr'>μόνον</span> <span class='ocrx_word' id='word_1_423' title='bbox 354 5318 509 5371; x_wconf 88' lang='grc' dir='ltr'>οὐδὲν</span> <span class='ocrx_word' id='word_1_424' title='bbox 535 5319 877 5382; x_wconf 81' lang='grc' dir='ltr'>ἐνεποδίζετο</span> <span class='ocrx_word' id='word_1_425' title='bbox 904 5321 1033 5391; x_wconf 87' lang='grc' dir='ltr'>παρ’</span> <span class='ocrx_word' id='word_1_426' title='bbox 1062 5321 1311 5387; x_wconf 86' lang='grc' dir='ltr'>ἐκείνων,</span> <span class='ocrx_word' id='word_1_427' title='bbox 1328 5324 1466 5377; x_wconf 88' lang='grc' dir='ltr'>ἀλλά</span> <span class='ocrx_word' id='word_1_428' title='bbox 1498 5325 1593 5379; x_wconf 76' lang='grc' dir='ltr'>καὶ</span> <span class='ocrx_word' id='word_1_429' title='bbox 1618 5328 1751 5397; x_wconf 84' lang='grc' dir='ltr'>σάρ-</span> 
     </span>
    </p>
   </div>
   <div class='ocr_carea' id='block_1_58' title="bbox 160 5405 1748 5487">
    <p class='ocr_par' dir='ltr' id='par_1_58' title="bbox 160 5405 1748 5487">
     <span class='ocr_line' id='line_1_58' title="bbox 160 5405 1748 5487; baseline 0.006 -28"><span class='ocrx_word' id='word_1_430' title='bbox 160 5422 265 5468; x_wconf 78' lang='grc' dir='ltr'>κας</span> <span class='ocrx_word' id='word_1_431' title='bbox 293 5406 478 5468; x_wconf 80' lang='grc' dir='ltr'>αὐτοῖς</span> <span class='ocrx_word' id='word_1_432' title='bbox 506 5407 601 5457; x_wconf 74' lang='grc' dir='ltr'>καὶ</span> <span class='ocrx_word' id='word_1_433' title='bbox 626 5405 796 5477; x_wconf 87' lang='grc' dir='ltr'>νεῦρα</span> <span class='ocrx_word' id='word_1_434' title='bbox 813 5407 909 5459; x_wconf 72' lang='grc' dir='ltr'>καὶ</span> <span class='ocrx_word' id='word_1_435' title='bbox 930 5407 1179 5479; x_wconf 83' lang='grc' dir='ltr'>δέρματα</span> <span class='ocrx_word' id='word_1_436' title='bbox 1201 5410 1471 5480; x_wconf 72' lang='grc' dir='ltr'>περιθεὶς,</span> <span class='ocrx_word' id='word_1_437' title='bbox 1497 5414 1577 5476; x_wconf 90' lang='grc' dir='ltr'>είς</span> <span class='ocrx_word' id='word_1_438' title='bbox 1602 5414 1748 5487; x_wconf 77' lang='grc' dir='ltr'>ζωὴν</span> 
     </span>
    </p>
   </div>
   <div class='ocr_carea' id='block_1_59' title="bbox 159 5492 1746 5571">
    <p class='ocr_par' dir='ltr' id='par_1_59' title="bbox 159 5492 1746 5571">
     <span class='ocr_line' id='line_1_59' title="bbox 159 5492 1746 5571; baseline 0.008 -28"><span class='ocrx_word' id='word_1_439' title='bbox 159 5492 511 5563; x_wconf 81' lang='grc' dir='ltr'>ἐπανήγαγεν</span> <span class='ocrx_word' id='word_1_440' title='bbox 547 5492 687 5545; x_wconf 87' lang='grc' dir='ltr'>αὐτά</span> <span class='ocrx_word' id='word_1_441' title='bbox 726 5493 909 5547; x_wconf 76' lang='grc' dir='ltr'>πάλιν.</span> <span class='ocrx_word' id='word_1_442' title='bbox 960 5495 1021 5546; x_wconf 86' lang='lat'>&#39;0</span> <span class='ocrx_word' id='word_1_443' title='bbox 1057 5494 1113 5547; x_wconf 85' lang='grc' dir='ltr'>δὲ</span> <span class='ocrx_word' id='word_1_444' title='bbox 1166 5496 1349 5566; x_wconf 85' lang='grc' dir='ltr'>μέγας</span> <span class='ocrx_word' id='word_1_445' title='bbox 1388 5499 1633 5571; x_wconf 84' lang='grc' dir='ltr'>Μωῦσῆς</span> <span class='ocrx_word' id='word_1_446' title='bbox 1684 5504 1746 5555; x_wconf 91' lang='grc' dir='ltr'>οὐ</span> 
     </span>
    </p>
   </div>
   <div class='ocr_carea' id='block_1_60' title="bbox 222 5624 1718 5698">
    <p class='ocr_par' dir='ltr' id='par_1_60' title="bbox 222 5624 1718 5698">
     <span class='ocr_line' id='line_1_60' title="bbox 222 5624 1718 5698; baseline 0.009 -26"><span class='ocrx_word' id='word_1_447' title='bbox 222 5630 247 5657; x_wconf 81' lang='grc'><em>⁸</em></span> <span class='ocrx_word' id='word_1_448' title='bbox 283 5624 415 5698; x_wconf 59' lang='grc' dir='ltr'>’Δλλξ</span> <span class='ocrx_word' id='word_1_449' title='bbox 438 5624 569 5685; x_wconf 78' lang='grc' dir='ltr'>ὅμως</span> <span class='ocrx_word' id='word_1_450' title='bbox 586 5626 668 5673; x_wconf 82' lang='grc' dir='ltr'>καὶ</span> <span class='ocrx_word' id='word_1_451' title='bbox 694 5626 844 5682; x_wconf 81' lang='grc' dir='ltr'>οὕτως</span> <span class='ocrx_word' id='word_1_452' title='bbox 866 5628 1006 5683; x_wconf 84' lang='grc' dir='ltr'>αὐτὸς</span> <span class='ocrx_word' id='word_1_453' title='bbox 1025 5629 1092 5675; x_wconf 84' lang='grc' dir='ltr'>ὢν</span> <span class='ocrx_word' id='word_1_454' title='bbox 1116 5629 1390 5698; x_wconf 80' lang='grc' dir='ltr'>ἀπάγωμεν.</span> <span class='ocrx_word' id='word_1_455' title='bbox 1413 5634 1573 5698; x_wconf 67' lang='lat' dir='ltr'>Hujus</span> <span class='ocrx_word' id='word_1_456' title='bbox 1610 5639 1718 5698; x_wconf 84' lang='lat' dir='ltr'>peri</span> 
     </span>
    </p>
   </div>
   <div class='ocr_carea' id='block_1_61' title="bbox 161 5687 1739 5761">
    <p class='ocr_par' dir='ltr' id='par_1_61' title="bbox 161 5687 1739 5761">
     <span class='ocr_line' id='line_1_61' title="bbox 161 5687 1739 5761; baseline 0.008 -28"><span class='ocrx_word' id='word_1_457' title='bbox 161 5699 314 5761; x_wconf 47' lang='grc' dir='ltr'>(ἔρρεε</span> <span class='ocrx_word' id='word_1_458' title='bbox 332 5687 655 5761; x_wconf 23' lang='grc' dir='ltr'>Αμίςιιιᾉοεεο</span> <span class='ocrx_word' id='word_1_459' title='bbox 697 5701 897 5761; x_wconf 62' lang='grc' dir='ltr'>ξιιηδυηι</span> <span class='ocrx_word' id='word_1_460' title='bbox 921 5748 930 5756; x_wconf 39' lang='grc'><strong><em>⁸</em></strong></span> <span class='ocrx_word' id='word_1_461' title='bbox 952 5698 1105 5761; x_wconf 41' lang='lat' dir='ltr'>recte.</span> <span class='ocrx_word' id='word_1_462' title='bbox 1131 5687 1267 5761; x_wconf 59' lang='grc' dir='ltr'>ποιαί</span> <span class='ocrx_word' id='word_1_463' title='bbox 1292 5687 1510 5761; x_wconf 51' lang='grc' dir='ltr'>’δυ-ἦν’</span> <span class='ocrx_word' id='word_1_464' title='bbox 1532 5687 1739 5761; x_wconf 68' lang='grc' dir='ltr'>ηοιὶιρο.</span> 
     </span>
    </p>
   </div>
   <div class='ocr_carea' id='block_1_62' title="bbox 162 5748 1553 5810">
    <p class='ocr_par' dir='ltr' id='par_1_62' title="bbox 162 5748 1553 5810">
     <span class='ocr_line' id='line_1_62' title="bbox 162 5748 1553 5810; baseline 0.006 -13"><span class='ocrx_word' id='word_1_465' title='bbox 162 5748 367 5797; x_wconf 68' lang='lat' dir='ltr'>Etiamsi</span> <span class='ocrx_word' id='word_1_466' title='bbox 385 5758 475 5810; x_wconf 80' lang='lat' dir='ltr'>ego</span> <span class='ocrx_word' id='word_1_467' title='bbox 498 5758 683 5807; x_wconf 70' lang='lat' dir='ltr'>Quoque</span> <span class='ocrx_word' id='word_1_468' title='bbox 701 5748 787 5798; x_wconf 71' lang='lat' dir='ltr'>hoc</span> <span class='ocrx_word' id='word_1_469' title='bbox 819 5748 1031 5810; x_wconf 73' lang='lat' dir='ltr'>cupiam,</span> <span class='ocrx_word' id='word_1_470' title='bbox 1055 5751 1393 5806; x_wconf 75' lang='lat' dir='ltr'>abstineamus.</span> <span class='ocrx_word' id='word_1_471' title='bbox 1422 5748 1553 5808; x_wconf 75' lang='grc' dir='ltr'>Ευιτ.</span> 
     </span>
    </p>
   </div>
   <div class='ocr_carea' id='block_1_63' title="bbox 1205 357 2305 419">
    <p class='ocr_par' dir='ltr' id='par_1_63' title="bbox 1205 357 2305 419">
     <span class='ocr_line' id='line_1_63' title="bbox 1205 357 2305 419; baseline -0.001 -3"><span class='ocrx_word' id='word_1_472' title='bbox 1205 361 1291 416; x_wconf 83' lang='lat' dir='ltr'>DE</span> <span class='ocrx_word' id='word_1_473' title='bbox 1322 364 1379 419; x_wconf 85' lang='lat' dir='ltr'>S.</span> <span class='ocrx_word' id='word_1_474' title='bbox 1422 357 1978 415; x_wconf 72' lang='lat' dir='ltr'>[HEROMAR&#39;I&#39;YRE</span> <span class='ocrx_word' id='word_1_475' title='bbox 2016 359 2305 417; x_wconf 75' lang='lat' dir='ltr'>BABYLA.</span> 
     </span>
    </p>
   </div>
   <div class='ocr_carea' id='block_1_64' title="bbox 3319 355 3426 414">
    <p class='ocr_par' dir='ltr' id='par_1_64' title="bbox 3319 355 3426 414">
     <span class='ocr_line' id='line_1_64' title="bbox 3319 355 3426 414; baseline 0 0"><span class='ocrx_word' id='word_1_476' title='bbox 3319 355 3426 414; x_wconf 74' lang='lat' dir='ltr'>sm</span> 
     </span>
    </p>
   </div>
   <div class='ocr_carea' id='block_1_65' title="bbox 1843 466 3425 543">
    <p class='ocr_par' dir='ltr' id='par_1_65' title="bbox 1843 466 3425 543">
     <span class='ocr_line' id='line_1_65' title="bbox 1843 466 3425 543; baseline 0.001 -21"><span class='ocrx_word' id='word_1_477' title='bbox 1843 471 2073 541; x_wconf 87' lang='grc' dir='ltr'>πλησίον</span> <span class='ocrx_word' id='word_1_478' title='bbox 2096 472 2272 526; x_wconf 85' lang='grc' dir='ltr'>ὀστῶν</span> <span class='ocrx_word' id='word_1_479' title='bbox 2300 470 2547 543; x_wconf 79' lang='grc' dir='ltr'>εἱστήκει</span> <span class='ocrx_word' id='word_1_480' title='bbox 2568 466 2803 541; x_wconf 81' lang='grc' dir='ltr'>νεκρῶν,</span> <span class='ocrx_word' id='word_1_481' title='bbox 2830 468 2948 524; x_wconf 76' lang='grc' dir='ltr'>ἀλλ’</span> <span class='ocrx_word' id='word_1_482' title='bbox 2987 466 3147 521; x_wconf 66' lang='grc' dir='ltr'>αὐτὸν</span> <span class='ocrx_word' id='word_1_483' title='bbox 3179 467 3300 523; x_wconf 84' lang='grc' dir='ltr'>δλον</span> <span class='ocrx_word' id='word_1_484' title='bbox 3335 485 3425 523; x_wconf 74' lang='grc' dir='ltr'>νι-</span> 
     </span>
    </p>
   </div>
   <div class='ocr_carea' id='block_1_66' title="bbox 1843 563 3431 640">
    <p class='ocr_par' dir='ltr' id='par_1_66' title="bbox 1843 563 3431 640">
     <span class='ocr_line' id='line_1_66' title="bbox 1843 563 3431 640; baseline -0.002 -19"><span class='ocrx_word' id='word_1_485' title='bbox 1843 567 1976 639; x_wconf 84' lang='grc' dir='ltr'>κρὸν</span> <span class='ocrx_word' id='word_1_486' title='bbox 2026 567 2420 640; x_wconf 80' lang='grc' dir='ltr'>ἐπιφερόμενος</span> <span class='ocrx_word' id='word_1_487' title='bbox 2458 566 2554 621; x_wconf 80' lang='grc' dir='ltr'>τὸν</span> <span class='ocrx_word' id='word_1_488' title='bbox 2610 567 2832 638; x_wconf 76' lang='grc' dir='ltr'>Ἰωσὴφ,</span> <span class='ocrx_word' id='word_1_489' title='bbox 2874 563 3021 619; x_wconf 77' lang='grc' dir='ltr'>οὕτω</span> <span class='ocrx_word' id='word_1_490' title='bbox 3047 564 3119 619; x_wconf 89' lang='grc' dir='ltr'>τά</span> <span class='ocrx_word' id='word_1_491' title='bbox 3164 564 3431 636; x_wconf 76' lang='grc' dir='ltr'>μέλλοντα</span> 
     </span>
    </p>
   </div>
   <div class='ocr_carea' id='block_1_67' title="bbox 1846 660 3433 735">
    <p class='ocr_par' dir='ltr' id='par_1_67' title="bbox 1846 660 3433 735">
     <span class='ocr_line' id='line_1_67' title="bbox 1846 660 3433 735; baseline -0.002 -18"><span class='ocrx_word' id='word_1_492' title='bbox 1846 662 2117 735; x_wconf 77' lang='grc' dir='ltr'>προύλεγε</span> <span class='ocrx_word' id='word_1_493' title='bbox 2140 682 2154 697; x_wconf 95' lang='grc'>·</span> <span class='ocrx_word' id='word_1_494' title='bbox 2205 664 2301 718; x_wconf 75' lang='grc' dir='ltr'>καὶ</span> <span class='ocrx_word' id='word_1_495' title='bbox 2334 663 2479 735; x_wconf 87' lang='grc' dir='ltr'>μάλα</span> <span class='ocrx_word' id='word_1_496' title='bbox 2516 663 2764 726; x_wconf 78' lang='grc' dir='ltr'>εἰκότως.</span> <span class='ocrx_word' id='word_1_497' title='bbox 2798 662 2899 716; x_wconf 34' lang='grc' dir='ltr'>Τάκ</span> <span class='ocrx_word' id='word_1_498' title='bbox 2927 665 3027 733; x_wconf 81' lang='grc' dir='ltr'>μέν</span> <span class='ocrx_word' id='word_1_499' title='bbox 3066 660 3172 732; x_wconf 87' lang='lat'>7&amp;9</span> <span class='ocrx_word' id='word_1_500' title='bbox 3201 662 3433 716; x_wconf 85' lang='grc' dir='ltr'>ἐκείνων.</span> 
     </span>
    </p>
   </div>
   <div class='ocr_carea' id='block_1_68' title="bbox 1844 755 3428 830">
    <p class='ocr_par' dir='ltr' id='par_1_68' title="bbox 1844 755 3428 830">
     <span class='ocr_line' id='line_1_68' title="bbox 1844 755 3428 830; baseline -0.002 -17"><span class='ocrx_word' id='word_1_501' title='bbox 1844 760 2067 829; x_wconf 66' lang='grc' dir='ltr'>,βήματα</span> <span class='ocrx_word' id='word_1_502' title='bbox 2115 759 2433 830; x_wconf 83' lang='grc' dir='ltr'>Πνεύματος</span> <span class='ocrx_word' id='word_1_503' title='bbox 2462 759 2623 829; x_wconf 85' lang='grc' dir='ltr'>ἁγίου</span> <span class='ocrx_word' id='word_1_504' title='bbox 2651 758 2815 830; x_wconf 87' lang='grc' dir='ltr'>χάρις</span> <span class='ocrx_word' id='word_1_505' title='bbox 2854 755 2957 830; x_wconf 80' lang='grc' dir='ltr'>ἦν·</span> <span class='ocrx_word' id='word_1_506' title='bbox 3007 758 3078 811; x_wconf 78' lang='grc' dir='ltr'>τά</span> <span class='ocrx_word' id='word_1_507' title='bbox 3112 757 3172 811; x_wconf 77' lang='grc' dir='ltr'>δέ</span> <span class='ocrx_word' id='word_1_508' title='bbox 3218 756 3428 811; x_wconf 87' lang='grc' dir='ltr'>τούτων</span> 
     </span>
    </p>
   </div>
   <div class='ocr_carea' id='block_1_69' title="bbox 1843 854 3428 929">
    <p class='ocr_par' dir='ltr' id='par_1_69' title="bbox 1843 854 3428 929">
     <span class='ocr_line' id='line_1_69' title="bbox 1843 854 3428 929; baseline -0.002 -19"><span class='ocrx_word' id='word_1_509' title='bbox 1843 857 2051 927; x_wconf 84' lang='grc' dir='ltr'>ἀπάτη,</span> <span class='ocrx_word' id='word_1_510' title='bbox 2077 858 2172 912; x_wconf 74' lang='grc' dir='ltr'>καὶ</span> <span class='ocrx_word' id='word_1_511' title='bbox 2198 857 2397 928; x_wconf 77' lang='grc' dir='ltr'>ψεῦδος</span> <span class='ocrx_word' id='word_1_512' title='bbox 2426 858 2727 929; x_wconf 81' lang='grc' dir='ltr'>οὐδαμόθεν</span> <span class='ocrx_word' id='word_1_513' title='bbox 2758 854 3157 925; x_wconf 86' lang='grc' dir='ltr'>συσκιασθῆναι</span> <span class='ocrx_word' id='word_1_514' title='bbox 3193 854 3428 925; x_wconf 78' lang='grc' dir='ltr'>δυνάμε-</span> 
     </span>
    </p>
   </div>
   <div class='ocr_carea' id='block_1_70' title="bbox 1841 944 3430 1025">
    <p class='ocr_par' dir='ltr' id='par_1_70' title="bbox 1841 944 3430 1025">
     <span class='ocr_line' id='line_1_70' title="bbox 1841 944 3430 1025; baseline -0.002 -20"><span class='ocrx_word' id='word_1_515' title='bbox 1841 969 1953 1007; x_wconf 89' lang='grc' dir='ltr'>νον.</span> <span class='ocrx_word' id='word_1_516' title='bbox 1989 953 2113 1008; x_wconf 86' lang='grc' dir='ltr'>Ὅτι</span> <span class='ocrx_word' id='word_1_517' title='bbox 2148 953 2258 1025; x_wconf 87' lang='grc' dir='ltr'>γάρ</span> <span class='ocrx_word' id='word_1_518' title='bbox 2308 954 2509 1025; x_wconf 79' lang='grc' dir='ltr'>σκῆψις</span> <span class='ocrx_word' id='word_1_519' title='bbox 2549 953 2743 1019; x_wconf 89' lang='grc' dir='ltr'>ταῦτα,</span> <span class='ocrx_word' id='word_1_520' title='bbox 2776 954 2873 1007; x_wconf 76' lang='grc' dir='ltr'>καὶ</span> <span class='ocrx_word' id='word_1_521' title='bbox 2901 951 3179 1023; x_wconf 84' lang='grc' dir='ltr'>πρόφασις</span> <span class='ocrx_word' id='word_1_522' title='bbox 3210 944 3303 1021; x_wconf 75' lang='grc' dir='ltr'>ἦν,</span> <span class='ocrx_word' id='word_1_523' title='bbox 3333 948 3430 1003; x_wconf 77' lang='grc' dir='ltr'>καὶ</span> 
     </span>
    </p>
   </div>
   <div class='ocr_carea' id='block_1_71' title="bbox 1841 1040 3427 1121">
    <p class='ocr_par' dir='ltr' id='par_1_71' title="bbox 1841 1040 3427 1121">
     <span class='ocr_line' id='line_1_71' title="bbox 1841 1040 3427 1121; baseline -0.001 -21"><span class='ocrx_word' id='word_1_524' title='bbox 1841 1047 1935 1101; x_wconf 79' lang='grc' dir='ltr'>τὸν</span> <span class='ocrx_word' id='word_1_525' title='bbox 1964 1048 2239 1121; x_wconf 80' lang='grc' dir='ltr'>μακάριον</span> <span class='ocrx_word' id='word_1_526' title='bbox 2268 1048 2528 1103; x_wconf 81' lang='grc' dir='ltr'>ἐδεδοίκει</span> <span class='ocrx_word' id='word_1_527' title='bbox 2552 1048 2827 1117; x_wconf 86' lang='grc' dir='ltr'>Βαϐύλαν,</span> <span class='ocrx_word' id='word_1_528' title='bbox 2854 1048 3015 1119; x_wconf 81' lang='grc' dir='ltr'>δῆλον</span> <span class='ocrx_word' id='word_1_529' title='bbox 3037 1046 3099 1113; x_wconf 83' lang='grc' dir='ltr'>ἐξ</span> <span class='ocrx_word' id='word_1_530' title='bbox 3111 1040 3188 1101; x_wconf 80' lang='grc' dir='ltr'>ὧν</span> <span class='ocrx_word' id='word_1_531' title='bbox 3214 1047 3245 1099; x_wconf 91' lang='lat'><em>6</em></span> <span class='ocrx_word' id='word_1_532' title='bbox 3275 1044 3427 1117; x_wconf 85' lang='grc' dir='ltr'>βασι-</span> 
     </span>
    </p>
   </div>
   <div class='ocr_carea' id='block_1_72' title="bbox 1842 1143 3428 1218">
    <p class='ocr_par' dir='ltr' id='par_1_72' title="bbox 1842 1143 3428 1218">
     <span class='ocr_line' id='line_1_72' title="bbox 1842 1143 3428 1218; baseline 0.007 -21"><span class='ocrx_word' id='word_1_533' title='bbox 1842 1143 1969 1208; x_wconf 83' lang='grc' dir='ltr'>λεὺς</span> <span class='ocrx_word' id='word_1_534' title='bbox 1984 1144 2190 1216; x_wconf 76' lang='grc' dir='ltr'>ἔπραξε</span> <span class='ocrx_word' id='word_1_535' title='bbox 2210 1163 2225 1178; x_wconf 95' lang='grc'>·</span> <span class='ocrx_word' id='word_1_536' title='bbox 2238 1145 2374 1211; x_wconf 83' lang='grc' dir='ltr'>τοὺς</span> <span class='ocrx_word' id='word_1_537' title='bbox 2390 1145 2500 1218; x_wconf 89' lang='lat'>7&amp;9</span> <span class='ocrx_word' id='word_1_538' title='bbox 2512 1145 2710 1211; x_wconf 80' lang='grc' dir='ltr'>ἀλλους</span> <span class='ocrx_word' id='word_1_539' title='bbox 2734 1146 2983 1209; x_wconf 69' lang='grc' dir='ltr'>ἅπαντας</span> <span class='ocrx_word' id='word_1_540' title='bbox 2996 1145 3227 1215; x_wconf 82' lang='grc' dir='ltr'>νεκροὺς</span> <span class='ocrx_word' id='word_1_541' title='bbox 3240 1143 3428 1213; x_wconf 75' lang='grc' dir='ltr'>ἀφεὶς.</span> 
     </span>
    </p>
   </div>
   <div class='ocr_carea' id='block_1_73' title="bbox 1845 1238 3429 1315">
    <p class='ocr_par' dir='ltr' id='par_1_73' title="bbox 1845 1238 3429 1315">
     <span class='ocr_line' id='line_1_73' title="bbox 1845 1238 3429 1315; baseline 0.001 -24"><span class='ocrx_word' id='word_1_542' title='bbox 1845 1240 2057 1293; x_wconf 87' lang='grc' dir='ltr'>ἐκεῖνον</span> <span class='ocrx_word' id='word_1_543' title='bbox 2083 1240 2175 1294; x_wconf 80' lang='grc' dir='ltr'>τὸν</span> <span class='ocrx_word' id='word_1_544' title='bbox 2202 1240 2458 1313; x_wconf 89' lang='grc' dir='ltr'>μάρτυρα</span> <span class='ocrx_word' id='word_1_545' title='bbox 2492 1240 2654 1315; x_wconf 87' lang='grc' dir='ltr'>μόνον</span> <span class='ocrx_word' id='word_1_546' title='bbox 2684 1242 2876 1298; x_wconf 84' lang='grc' dir='ltr'>ἐκίνει.</span> <span class='ocrx_word' id='word_1_547' title='bbox 2908 1240 3102 1295; x_wconf 84' lang='grc' dir='ltr'>Καίτοι</span> <span class='ocrx_word' id='word_1_548' title='bbox 3133 1255 3197 1310; x_wconf 85' lang='grc' dir='ltr'>γε</span> <span class='ocrx_word' id='word_1_549' title='bbox 3224 1239 3277 1293; x_wconf 84' lang='grc' dir='ltr'>εί</span> <span class='ocrx_word' id='word_1_550' title='bbox 3308 1238 3429 1310; x_wconf 84' lang='grc' dir='ltr'>βδε-</span> 
     </span>
    </p>
   </div>
   <div class='ocr_carea' id='block_1_74' title="bbox 1844 1333 3430 1413">
    <p class='ocr_par' dir='ltr' id='par_1_74' title="bbox 1844 1333 3430 1413">
     <span class='ocr_line' id='line_1_74' title="bbox 1844 1333 3430 1413; baseline 0.003 -26"><span class='ocrx_word' id='word_1_551' title='bbox 1844 1333 2172 1407; x_wconf 83' lang='grc' dir='ltr'>λυττόμενος</span> <span class='ocrx_word' id='word_1_552' title='bbox 2199 1339 2386 1405; x_wconf 81' lang='grc' dir='ltr'>αὐτὸν,</span> <span class='ocrx_word' id='word_1_553' title='bbox 2414 1340 2554 1394; x_wconf 87' lang='grc' dir='ltr'>ἀλλά</span> <span class='ocrx_word' id='word_1_554' title='bbox 2581 1340 2658 1413; x_wconf 81' lang='grc' dir='ltr'>μὴ</span> <span class='ocrx_word' id='word_1_555' title='bbox 2681 1340 3019 1412; x_wconf 89' lang='grc' dir='ltr'>φοϐούμενος</span> <span class='ocrx_word' id='word_1_556' title='bbox 3034 1336 3211 1393; x_wconf 88' lang='grc' dir='ltr'>ταῦτα</span> <span class='ocrx_word' id='word_1_557' title='bbox 3231 1335 3430 1410; x_wconf 81' lang='grc' dir='ltr'>ἐπρατ-</span> 
     </span>
    </p>
   </div>
   <div class='ocr_carea' id='block_1_75' title="bbox 1843 1434 3430 1510">
    <p class='ocr_par' dir='ltr' id='par_1_75' title="bbox 1843 1434 3430 1510">
     <span class='ocr_line' id='line_1_75' title="bbox 1843 1434 3430 1510; baseline 0.003 -27"><span class='ocrx_word' id='word_1_558' title='bbox 1843 1447 1956 1497; x_wconf 87' lang='grc' dir='ltr'>τεν,</span> <span class='ocrx_word' id='word_1_559' title='bbox 1985 1434 2154 1503; x_wconf 77' lang='grc' dir='ltr'>ἐχρῆν</span> <span class='ocrx_word' id='word_1_560' title='bbox 2186 1434 2443 1491; x_wconf 88' lang='grc' dir='ltr'>κελεῦσαι</span> <span class='ocrx_word' id='word_1_561' title='bbox 2478 1435 2831 1510; x_wconf 86' lang='grc' dir='ltr'>συντριϐῆναι</span> <span class='ocrx_word' id='word_1_562' title='bbox 2871 1435 2975 1507; x_wconf 78' lang='grc' dir='ltr'>τὴν</span> <span class='ocrx_word' id='word_1_563' title='bbox 3014 1435 3287 1506; x_wconf 83' lang='grc' dir='ltr'>λάρνακα,</span> <span class='ocrx_word' id='word_1_564' title='bbox 3325 1450 3430 1488; x_wconf 88' lang='grc' dir='ltr'>κα-</span> 
     </span>
    </p>
   </div>
   <div class='ocr_carea' id='block_1_76' title="bbox 1845 1530 3432 1603">
    <p class='ocr_par' dir='ltr' id='par_1_76' title="bbox 1845 1530 3432 1603">
     <span class='ocr_line' id='line_1_76' title="bbox 1845 1530 3432 1603; baseline 0.001 -23"><span class='ocrx_word' id='word_1_565' title='bbox 1845 1530 2290 1599; x_wconf 87' lang='grc' dir='ltr'>ταποντισθῆναι,</span> <span class='ocrx_word' id='word_1_566' title='bbox 2319 1533 2402 1594; x_wconf 87' lang='grc' dir='ltr'>είς</span> <span class='ocrx_word' id='word_1_567' title='bbox 2442 1531 2680 1603; x_wconf 86' lang='grc' dir='ltr'>ἐρημίαν</span> <span class='ocrx_word' id='word_1_568' title='bbox 2712 1531 3052 1603; x_wconf 82' lang='grc' dir='ltr'>ἀπαχθῆναι,</span> <span class='ocrx_word' id='word_1_569' title='bbox 3100 1532 3275 1601; x_wconf 56' lang='grc' dir='ltr'>ἑτέρῳ</span> <span class='ocrx_word' id='word_1_570' title='bbox 3322 1530 3432 1582; x_wconf 75' lang='grc' dir='ltr'>τινὶ</span> 
     </span>
    </p>
   </div>
   <div class='ocr_carea' id='block_1_77' title="bbox 1845 1621 3431 1699">
    <p class='ocr_par' dir='ltr' id='par_1_77' title="bbox 1845 1621 3431 1699">
     <span class='ocr_line' id='line_1_77' title="bbox 1845 1621 3431 1699; baseline 0.001 -25"><span class='ocrx_word' id='word_1_571' title='bbox 1845 1621 2124 1686; x_wconf 82' lang='grc' dir='ltr'>ἀπωλείας</span> <span class='ocrx_word' id='word_1_572' title='bbox 2154 1624 2519 1696; x_wconf 80' lang='grc' dir='ltr'>ἀφανισθῆναι</span> <span class='ocrx_word' id='word_1_573' title='bbox 2550 1626 2758 1699; x_wconf 79' lang='grc' dir='ltr'>τρόπῳ.</span> <span class='ocrx_word' id='word_1_574' title='bbox 2781 1626 2957 1681; x_wconf 85' lang='grc' dir='ltr'>Τοῦτο</span> <span class='ocrx_word' id='word_1_575' title='bbox 2983 1625 3093 1699; x_wconf 85' lang='grc' dir='ltr'>γάρ</span> <span class='ocrx_word' id='word_1_576' title='bbox 3111 1621 3181 1697; x_wconf 75' lang='grc' dir='ltr'>ἦν</span> <span class='ocrx_word' id='word_1_577' title='bbox 3214 1624 3431 1695; x_wconf 72' lang='grc' dir='ltr'>βδελυτο</span> 
     </span>
    </p>
   </div>
   <div class='ocr_carea' id='block_1_78' title="bbox 1846 1714 3429 1789">
    <p class='ocr_par' dir='ltr' id='par_1_78' title="bbox 1846 1714 3429 1789">
     <span class='ocr_line' id='line_1_78' title="bbox 1846 1714 3429 1789; baseline 0.001 -22"><span class='ocrx_word' id='word_1_578' title='bbox 1846 1714 2100 1786; x_wconf 90' lang='grc' dir='ltr'>τομένου.</span> <span class='ocrx_word' id='word_1_579' title='bbox 2132 1716 2321 1781; x_wconf 84' lang='grc' dir='ltr'>Οῦτως</span> <span class='ocrx_word' id='word_1_580' title='bbox 2348 1720 2377 1771; x_wconf 91' lang='grc' dir='ltr'>ό</span> <span class='ocrx_word' id='word_1_581' title='bbox 2414 1716 2547 1782; x_wconf 74' lang='grc' dir='ltr'>Θεδς</span> <span class='ocrx_word' id='word_1_582' title='bbox 2574 1718 2853 1789; x_wconf 87' lang='grc' dir='ltr'>ἐποίησεν,</span> <span class='ocrx_word' id='word_1_583' title='bbox 2883 1718 2974 1771; x_wconf 84' lang='grc' dir='ltr'>ὅτε</span> <span class='ocrx_word' id='word_1_584' title='bbox 3009 1717 3141 1788; x_wconf 77' lang='grc' dir='ltr'>περὶ</span> <span class='ocrx_word' id='word_1_585' title='bbox 3164 1715 3275 1770; x_wconf 83' lang='grc' dir='ltr'>τῶν</span> <span class='ocrx_word' id='word_1_586' title='bbox 3308 1714 3429 1786; x_wconf 86' lang='grc' dir='ltr'>βδε-</span> 
     </span>
    </p>
   </div>
   <div class='ocr_carea' id='block_1_79' title="bbox 1846 1805 3433 1880">
    <p class='ocr_par' dir='ltr' id='par_1_79' title="bbox 1846 1805 3433 1880">
     <span class='ocr_line' id='line_1_79' title="bbox 1846 1805 3433 1880; baseline 0.002 -23"><span class='ocrx_word' id='word_1_587' title='bbox 1846 1805 2141 1876; x_wconf 85' lang='grc' dir='ltr'>λυγμάτων</span> <span class='ocrx_word' id='word_1_588' title='bbox 2168 1807 2276 1862; x_wconf 89' lang='grc' dir='ltr'>τῶν</span> <span class='ocrx_word' id='word_1_589' title='bbox 2304 1807 2477 1861; x_wconf 83' lang='grc' dir='ltr'>ἐθνῶν</span> <span class='ocrx_word' id='word_1_590' title='bbox 2504 1812 2615 1873; x_wconf 88' lang='grc' dir='ltr'>τοῖς</span> <span class='ocrx_word' id='word_1_591' title='bbox 2654 1808 2930 1880; x_wconf 83' lang='grc' dir='ltr'>Ἑϐραίοις</span> <span class='ocrx_word' id='word_1_592' title='bbox 2970 1807 3273 1876; x_wconf 76' lang='grc' dir='ltr'>διελέγετο·</span> <span class='ocrx_word' id='word_1_593' title='bbox 3306 1823 3433 1860; x_wconf 88' lang='grc' dir='ltr'>συν-</span> 
     </span>
    </p>
   </div>
   <div class='ocr_carea' id='block_1_80' title="bbox 1846 1897 3436 1972">
    <p class='ocr_par' dir='ltr' id='par_1_80' title="bbox 1846 1897 3436 1972">
     <span class='ocr_line' id='line_1_80' title="bbox 1846 1897 3436 1972; baseline 0 -22"><span class='ocrx_word' id='word_1_594' title='bbox 1846 1898 2100 1969; x_wconf 85' lang='grc' dir='ltr'>τριϐῆναι</span> <span class='ocrx_word' id='word_1_595' title='bbox 2130 1898 2230 1964; x_wconf 84' lang='grc' dir='ltr'>τάς</span> <span class='ocrx_word' id='word_1_596' title='bbox 2272 1899 2473 1972; x_wconf 80' lang='grc' dir='ltr'>στήλας</span> <span class='ocrx_word' id='word_1_597' title='bbox 2502 1899 2684 1954; x_wconf 89' lang='grc' dir='ltr'>αὐτῶν</span> <span class='ocrx_word' id='word_1_598' title='bbox 2718 1900 3030 1964; x_wconf 79' lang='grc' dir='ltr'>ἐκέλευσεν,</span> <span class='ocrx_word' id='word_1_599' title='bbox 3061 1899 3164 1953; x_wconf 90' lang='grc' dir='ltr'>οὐκ</span> <span class='ocrx_word' id='word_1_600' title='bbox 3192 1897 3302 1951; x_wconf 84' lang='grc' dir='ltr'>ἀπὸ</span> <span class='ocrx_word' id='word_1_601' title='bbox 3325 1897 3436 1951; x_wconf 85' lang='grc' dir='ltr'>τῶν</span> 
     </span>
    </p>
   </div>
   <div class='ocr_carea' id='block_1_81' title="bbox 1849 1990 3277 2062">
    <p class='ocr_par' dir='ltr' id='par_1_81' title="bbox 1849 1990 3277 2062">
     <span class='ocr_line' id='line_1_81' title="bbox 1849 1990 3277 2062; baseline 0 -20"><span class='ocrx_word' id='word_1_602' title='bbox 1849 1990 2189 2061; x_wconf 79' lang='grc' dir='ltr'>προαστεῖων</span> <span class='ocrx_word' id='word_1_603' title='bbox 2221 1992 2315 2045; x_wconf 75' lang='grc' dir='ltr'>ἐπὶ</span> <span class='ocrx_word' id='word_1_604' title='bbox 2341 1993 2443 2056; x_wconf 78' lang='grc' dir='ltr'>τὰς</span> <span class='ocrx_word' id='word_1_605' title='bbox 2478 1992 2662 2056; x_wconf 88' lang='grc' dir='ltr'>πόλεις</span> <span class='ocrx_word' id='word_1_606' title='bbox 2688 1990 2844 2062; x_wconf 82' lang='grc' dir='ltr'>ἀγειν</span> <span class='ocrx_word' id='word_1_607' title='bbox 2867 1992 2935 2045; x_wconf 91' lang='lat'>:&amp;</span> <span class='ocrx_word' id='word_1_608' title='bbox 2965 1990 3277 2062; x_wconf 88' lang='grc' dir='ltr'>μιάσματα.</span> 
     </span>
    </p>
   </div>
   <div class='ocr_carea' id='block_1_82' title="bbox 1918 2079 3437 2156">
    <p class='ocr_par' dir='ltr' id='par_1_82' title="bbox 1918 2079 3437 2156">
     <span class='ocr_line' id='line_1_82' title="bbox 1918 2079 3437 2156; baseline -0.003 -19"><span class='ocrx_word' id='word_1_609' title='bbox 1918 2081 1991 2151; x_wconf 86' lang='grc' dir='ltr'>γ’.</span> <span class='ocrx_word' id='word_1_610' title='bbox 2017 2083 2075 2138; x_wconf 85' lang='lat'><strong>&#39;0</strong></span> <span class='ocrx_word' id='word_1_611' title='bbox 2094 2084 2194 2156; x_wconf 86' lang='grc' dir='ltr'>μὲν</span> <span class='ocrx_word' id='word_1_612' title='bbox 2215 2079 2311 2138; x_wconf 83' lang='grc' dir='ltr'>οῦν</span> <span class='ocrx_word' id='word_1_613' title='bbox 2336 2085 2549 2155; x_wconf 87' lang='grc' dir='ltr'>μάρτυς</span> <span class='ocrx_word' id='word_1_614' title='bbox 2574 2085 2827 2147; x_wconf 85' lang='grc' dir='ltr'>ἐκινεῖτο,</span> <span class='ocrx_word' id='word_1_615' title='bbox 2842 2084 2871 2135; x_wconf 90' lang='lat'>6</span> <span class='ocrx_word' id='word_1_616' title='bbox 2890 2083 2947 2136; x_wconf 84' lang='grc' dir='ltr'>δέ</span> <span class='ocrx_word' id='word_1_617' title='bbox 2966 2081 3177 2154; x_wconf 90' lang='grc' dir='ltr'>δαίμων</span> <span class='ocrx_word' id='word_1_618' title='bbox 3197 2081 3317 2134; x_wconf 80' lang='grc' dir='ltr'>οὐδὲ</span> <span class='ocrx_word' id='word_1_619' title='bbox 3340 2079 3437 2134; x_wconf 82' lang='grc' dir='ltr'>οῦ-</span> 
     </span>
    </p>
   </div>
   <div class='ocr_carea' id='block_1_83' title="bbox 1846 2172 3440 2246">
    <p class='ocr_par' dir='ltr' id='par_1_83' title="bbox 1846 2172 3440 2246">
     <span class='ocr_line' id='line_1_83' title="bbox 1846 2172 3440 2246; baseline -0.001 -20"><span class='ocrx_word' id='word_1_620' title='bbox 1846 2189 1957 2237; x_wconf 92' lang='grc' dir='ltr'>τως</span> <span class='ocrx_word' id='word_1_621' title='bbox 1971 2173 2156 2239; x_wconf 89' lang='grc' dir='ltr'>ἀδείας</span> <span class='ocrx_word' id='word_1_622' title='bbox 2172 2174 2464 2230; x_wconf 84' lang='grc' dir='ltr'>ἀπέλαυεν·</span> <span class='ocrx_word' id='word_1_623' title='bbox 2492 2175 2611 2229; x_wconf 83' lang='grc' dir='ltr'>ἀλλ’</span> <span class='ocrx_word' id='word_1_624' title='bbox 2626 2175 2826 2239; x_wconf 86' lang='grc' dir='ltr'>εὐθέως</span> <span class='ocrx_word' id='word_1_625' title='bbox 2843 2174 3167 2246; x_wconf 83' lang='grc' dir='ltr'>ἐμάνθανεν,</span> <span class='ocrx_word' id='word_1_626' title='bbox 3186 2173 3268 2226; x_wconf 73' lang='grc' dir='ltr'>ὅτι</span> <span class='ocrx_word' id='word_1_627' title='bbox 3300 2172 3440 2225; x_wconf 83' lang='grc' dir='ltr'>ὀστᾶ</span> 
     </span>
    </p>
   </div>
   <div class='ocr_carea' id='block_1_84' title="bbox 1853 2264 3431 2339">
    <p class='ocr_par' dir='ltr' id='par_1_84' title="bbox 1853 2264 3431 2339">
     <span class='ocr_line' id='line_1_84' title="bbox 1853 2264 3431 2339; baseline -0.001 -20"><span class='ocrx_word' id='word_1_628' title='bbox 1853 2266 1952 2336; x_wconf 84' lang='grc' dir='ltr'>μὲν</span> <span class='ocrx_word' id='word_1_629' title='bbox 1980 2266 2261 2339; x_wconf 86' lang='grc' dir='ltr'>μάρτυρος</span> <span class='ocrx_word' id='word_1_630' title='bbox 2301 2269 2661 2339; x_wconf 79' lang='grc' dir='ltr'>μετακινῆσαι</span> <span class='ocrx_word' id='word_1_631' title='bbox 2697 2266 2922 2321; x_wconf 87' lang='grc' dir='ltr'>δυνατόν</span> <span class='ocrx_word' id='word_1_632' title='bbox 2951 2267 3122 2330; x_wconf 90' lang='grc' dir='ltr'>ἐστιν,</span> <span class='ocrx_word' id='word_1_633' title='bbox 3154 2266 3341 2337; x_wconf 85' lang='grc' dir='ltr'>χεῖρας</span> <span class='ocrx_word' id='word_1_634' title='bbox 3370 2264 3431 2318; x_wconf 89' lang='grc' dir='ltr'>δέ</span> 
     </span>
    </p>
   </div>
   <div class='ocr_carea' id='block_1_85' title="bbox 1854 2285 3438 2431">
    <p class='ocr_par' dir='ltr' id='par_1_85' title="bbox 1854 2285 3438 2431">
     <span class='ocr_line' id='line_1_85' title="bbox 1854 2285 3431 2339; baseline -0.001 -20"><span class='ocrx_word' id='word_1_635' title='bbox 1854 2285 1952 2336; x_wconf 90' lang='grc' dir='ltr'>μεν</span> <span class='ocrx_word' id='word_1_636' title='bbox 1980 2285 2261 2339; x_wconf 86' lang='grc' dir='ltr'>μαρτυρος</span> <span class='ocrx_word' id='word_1_637' title='bbox 2370 2285 2661 2339; x_wconf 83' lang='grc' dir='ltr'>τακινησαι</span> <span class='ocrx_word' id='word_1_638' title='bbox 2697 2285 2922 2321; x_wconf 89' lang='grc' dir='ltr'>ουνατον</span> <span class='ocrx_word' id='word_1_639' title='bbox 2951 2285 3122 2330; x_wconf 92' lang='grc' dir='ltr'>εστιν,</span> <span class='ocrx_word' id='word_1_640' title='bbox 3154 2285 3341 2337; x_wconf 84' lang='grc' dir='ltr'>χειρας</span> <span class='ocrx_word' id='word_1_641' title='bbox 3370 2285 3431 2318; x_wconf 83' lang='grc' dir='ltr'>οε</span> 
     </span>
     <span class='ocr_line' id='line_1_86' title="bbox 1854 2285 3438 2431; baseline -0.002 -19"><span class='ocrx_word' id='word_1_642' title='bbox 1854 2357 2133 2430; x_wconf 88' lang='grc' dir='ltr'>μάρτυρος</span> <span class='ocrx_word' id='word_1_643' title='bbox 2148 2285 2431 2429; x_wconf 52' lang='grc' dir='ltr'>διαφέᾷῖν</span> <span class='ocrx_word' id='word_1_644' title='bbox 2456 2360 2739 2416; x_wconf 88' lang='grc' dir='ltr'>ἀδύνατον.</span> <span class='ocrx_word' id='word_1_645' title='bbox 2770 2358 2938 2431; x_wconf 83' lang='grc' dir='ltr'>Ὀμοῦ</span> <span class='ocrx_word' id='word_1_646' title='bbox 2964 2377 3024 2413; x_wconf 89' lang='grc' dir='ltr'>τε</span> <span class='ocrx_word' id='word_1_647' title='bbox 3041 2360 3151 2430; x_wconf 89' lang='grc' dir='ltr'>γάρ</span> <span class='ocrx_word' id='word_1_648' title='bbox 3173 2359 3207 2428; x_wconf 91' lang='grc' dir='ltr'>ή</span> <span class='ocrx_word' id='word_1_649' title='bbox 3229 2355 3438 2428; x_wconf 78' lang='grc' dir='ltr'>λάρναξ</span> 
     </span>
    </p>
   </div>
   <div class='ocr_carea' id='block_1_86' title="bbox 1850 2448 3438 2524">
    <p class='ocr_par' dir='ltr' id='par_1_86' title="bbox 1850 2448 3438 2524">
     <span class='ocr_line' id='line_1_87' title="bbox 1850 2448 3438 2524; baseline 0 -23"><span class='ocrx_word' id='word_1_650' title='bbox 1850 2450 1944 2502; x_wconf 81' lang='grc' dir='ltr'>ἐπὶ</span> <span class='ocrx_word' id='word_1_651' title='bbox 1970 2449 2069 2521; x_wconf 85' lang='grc' dir='ltr'>τὴν</span> <span class='ocrx_word' id='word_1_652' title='bbox 2101 2450 2255 2504; x_wconf 89' lang='grc' dir='ltr'>πόλιν</span> <span class='ocrx_word' id='word_1_653' title='bbox 2290 2451 2525 2518; x_wconf 81' lang='grc' dir='ltr'>εἵλκετο,</span> <span class='ocrx_word' id='word_1_654' title='bbox 2554 2452 2650 2505; x_wconf 68' lang='grc' dir='ltr'>καὶ</span> <span class='ocrx_word' id='word_1_655' title='bbox 2682 2451 2951 2524; x_wconf 79' lang='grc' dir='ltr'>κεραυνὸς</span> <span class='ocrx_word' id='word_1_656' title='bbox 2979 2451 3189 2506; x_wconf 84' lang='grc' dir='ltr'>ἄνωθεν</span> <span class='ocrx_word' id='word_1_657' title='bbox 3215 2450 3311 2504; x_wconf 76' lang='grc' dir='ltr'>ἐπὶ</span> <span class='ocrx_word' id='word_1_658' title='bbox 3337 2448 3438 2521; x_wconf 81' lang='grc' dir='ltr'>τὴν</span> 
     </span>
    </p>
   </div>
   <div class='ocr_carea' id='block_1_87' title="bbox 1853 2539 3436 2612">
    <p class='ocr_par' dir='ltr' id='par_1_87' title="bbox 1853 2539 3436 2612">
     <span class='ocr_line' id='line_1_88' title="bbox 1853 2539 3436 2612; baseline 0.001 -20"><span class='ocrx_word' id='word_1_659' title='bbox 1853 2539 2095 2612; x_wconf 82' lang='grc' dir='ltr'>κεφαλὴν</span> <span class='ocrx_word' id='word_1_660' title='bbox 2117 2542 2316 2612; x_wconf 79' lang='grc' dir='ltr'>ήρχετο</span> <span class='ocrx_word' id='word_1_661' title='bbox 2340 2541 2435 2595; x_wconf 92' lang='grc' dir='ltr'>τοῦ</span> <span class='ocrx_word' id='word_1_662' title='bbox 2458 2540 2673 2608; x_wconf 81' lang='grc' dir='ltr'>ξοάνου,</span> <span class='ocrx_word' id='word_1_663' title='bbox 2698 2543 2879 2598; x_wconf 78' lang='grc' dir='ltr'>καὶτὰ</span> <span class='ocrx_word' id='word_1_664' title='bbox 2903 2543 3085 2597; x_wconf 88' lang='grc' dir='ltr'>πάντα</span> <span class='ocrx_word' id='word_1_665' title='bbox 3106 2541 3436 2611; x_wconf 81' lang='grc' dir='ltr'>κατέφλεγε.</span> 
     </span>
    </p>
   </div>
   <div class='ocr_carea' id='block_1_88' title="bbox 1855 2627 3440 2706">
    <p class='ocr_par' dir='ltr' id='par_1_88' title="bbox 1855 2627 3440 2706">
     <span class='ocr_line' id='line_1_89' title="bbox 1855 2627 3440 2706; baseline 0.001 -20"><span class='ocrx_word' id='word_1_666' title='bbox 1855 2632 2048 2686; x_wconf 78' lang='grc' dir='ltr'>Καίτοι</span> <span class='ocrx_word' id='word_1_667' title='bbox 2076 2650 2160 2701; x_wconf 86' lang='grc' dir='ltr'>γε,</span> <span class='ocrx_word' id='word_1_668' title='bbox 2196 2634 2244 2685; x_wconf 86' lang='grc' dir='ltr'>εί</span> <span class='ocrx_word' id='word_1_669' title='bbox 2283 2634 2377 2688; x_wconf 71' lang='grc' dir='ltr'>καὶ</span> <span class='ocrx_word' id='word_1_670' title='bbox 2417 2635 2493 2706; x_wconf 80' lang='grc' dir='ltr'>μή</span> <span class='ocrx_word' id='word_1_671' title='bbox 2533 2634 2822 2706; x_wconf 88' lang='grc' dir='ltr'>πρότερον,</span> <span class='ocrx_word' id='word_1_672' title='bbox 2845 2635 2967 2688; x_wconf 84' lang='grc' dir='ltr'>τότε</span> <span class='ocrx_word' id='word_1_673' title='bbox 3001 2633 3134 2703; x_wconf 91' lang='grc' dir='ltr'>γοῦν</span> <span class='ocrx_word' id='word_1_674' title='bbox 3182 2633 3330 2697; x_wconf 84' lang='grc' dir='ltr'>είκὸς</span> <span class='ocrx_word' id='word_1_675' title='bbox 3368 2627 3440 2704; x_wconf 78' lang='grc' dir='ltr'>ἦν</span> 
     </span>
    </p>
   </div>
   <div class='ocr_carea' id='block_1_89' title="bbox 1853 2724 3441 2800">
    <p class='ocr_par' dir='ltr' id='par_1_89' title="bbox 1853 2724 3441 2800">
     <span class='ocr_line' id='line_1_90' title="bbox 1853 2724 3441 2800; baseline 0.003 -25"><span class='ocrx_word' id='word_1_676' title='bbox 1853 2724 2177 2796; x_wconf 85' lang='grc' dir='ltr'>ὀργισθῆναι</span> <span class='ocrx_word' id='word_1_677' title='bbox 2203 2727 2294 2780; x_wconf 80' lang='grc' dir='ltr'>τὸν</span> <span class='ocrx_word' id='word_1_678' title='bbox 2320 2727 2491 2798; x_wconf 85' lang='grc' dir='ltr'>ἀσεϐῆ</span> <span class='ocrx_word' id='word_1_679' title='bbox 2519 2725 2763 2797; x_wconf 86' lang='grc' dir='ltr'>βασιλέα,</span> <span class='ocrx_word' id='word_1_680' title='bbox 2782 2727 2877 2781; x_wconf 73' lang='grc' dir='ltr'>καὶ</span> <span class='ocrx_word' id='word_1_681' title='bbox 2902 2727 3004 2797; x_wconf 79' lang='grc' dir='ltr'>τὴν</span> <span class='ocrx_word' id='word_1_682' title='bbox 3028 2727 3200 2800; x_wconf 79' lang='grc' dir='ltr'>ὀργήν</span> <span class='ocrx_word' id='word_1_683' title='bbox 3222 2726 3441 2794; x_wconf 88' lang='grc' dir='ltr'>ἀφεῖναι</span> 
     </span>
    </p>
   </div>
   <div class='ocr_carea' id='block_1_90' title="bbox 1857 2816 3442 2890">
    <p class='ocr_par' dir='ltr' id='par_1_90' title="bbox 1857 2816 3442 2890">
     <span class='ocr_line' id='line_1_91' title="bbox 1857 2816 3442 2890; baseline 0.003 -23"><span class='ocrx_word' id='word_1_684' title='bbox 1857 2816 1940 2878; x_wconf 88' lang='grc' dir='ltr'>είς</span> <span class='ocrx_word' id='word_1_685' title='bbox 2004 2816 2068 2869; x_wconf 92' lang='lat'>:6</span> <span class='ocrx_word' id='word_1_686' title='bbox 2122 2816 2422 2889; x_wconf 88' lang='grc' dir='ltr'>μαρτύριον</span> <span class='ocrx_word' id='word_1_687' title='bbox 2479 2816 2576 2871; x_wconf 91' lang='grc' dir='ltr'>τοῦ</span> <span class='ocrx_word' id='word_1_688' title='bbox 2628 2818 2941 2890; x_wconf 90' lang='grc' dir='ltr'>μάρτυρος·</span> <span class='ocrx_word' id='word_1_689' title='bbox 2974 2818 3091 2871; x_wconf 84' lang='grc' dir='ltr'>ἀλλ’</span> <span class='ocrx_word' id='word_1_690' title='bbox 3140 2817 3263 2871; x_wconf 83' lang='grc' dir='ltr'>οὐδὲ</span> <span class='ocrx_word' id='word_1_691' title='bbox 3317 2818 3442 2871; x_wconf 82' lang='grc' dir='ltr'>τότε</span> 
     </span>
    </p>
   </div>
   <div class='ocr_carea' id='block_1_91' title="bbox 1855 2907 3455 2981">
    <p class='ocr_par' dir='ltr' id='par_1_91' title="bbox 1855 2907 3455 2981">
     <span class='ocr_line' id='line_1_92' title="bbox 1855 2907 3455 2981; baseline 0.001 -20"><span class='ocrx_word' id='word_1_692' title='bbox 1855 2907 2123 2980; x_wconf 89' lang='grc' dir='ltr'>ἐτόλμησε</span> <span class='ocrx_word' id='word_1_693' title='bbox 2145 2928 2159 2942; x_wconf 90' lang='grc'>·</span> <span class='ocrx_word' id='word_1_694' title='bbox 2191 2910 2443 2975; x_wconf 89' lang='grc' dir='ltr'>τοσοῦτος</span> <span class='ocrx_word' id='word_1_695' title='bbox 2476 2910 2639 2966; x_wconf 84' lang='grc' dir='ltr'>αὐτὸν</span> <span class='ocrx_word' id='word_1_696' title='bbox 2672 2914 2893 2981; x_wconf 86' lang='grc' dir='ltr'>κατεῖχε</span> <span class='ocrx_word' id='word_1_697' title='bbox 2926 2912 3119 2981; x_wconf 88' lang='grc' dir='ltr'>φόϐος·</span> <span class='ocrx_word' id='word_1_698' title='bbox 3154 2910 3294 2966; x_wconf 90' lang='grc' dir='ltr'>ἀλλά</span> <span class='ocrx_word' id='word_1_699' title='bbox 3319 2910 3455 2963; x_wconf 48' lang='grc' dir='ltr'>καί-ν</span> 
     </span>
    </p>
   </div>
   <div class='ocr_carea' id='block_1_92' title="bbox 1855 3000 3441 3075">
    <p class='ocr_par' dir='ltr' id='par_1_92' title="bbox 1855 3000 3441 3075">
     <span class='ocr_line' id='line_1_93' title="bbox 1855 3000 3441 3075; baseline -0.001 -21"><span class='ocrx_word' id='word_1_700' title='bbox 1855 3018 1937 3054; x_wconf 89' lang='grc' dir='ltr'>τοι</span> <span class='ocrx_word' id='word_1_701' title='bbox 1967 3002 2061 3055; x_wconf 83' lang='grc' dir='ltr'>τὸν</span> <span class='ocrx_word' id='word_1_702' title='bbox 2085 3003 2416 3074; x_wconf 82' lang='grc' dir='ltr'>ἐμπρησμὸν</span> <span class='ocrx_word' id='word_1_703' title='bbox 2450 3002 2596 3075; x_wconf 87' lang='grc' dir='ltr'>ὀρῶν</span> <span class='ocrx_word' id='word_1_704' title='bbox 2620 3004 2896 3075; x_wconf 88' lang='grc' dir='ltr'>ἀφόρητον</span> <span class='ocrx_word' id='word_1_705' title='bbox 2919 3002 3071 3066; x_wconf 88' lang='grc' dir='ltr'>δντα,</span> <span class='ocrx_word' id='word_1_706' title='bbox 3102 3000 3199 3056; x_wconf 75' lang='grc' dir='ltr'>καὶ</span> <span class='ocrx_word' id='word_1_707' title='bbox 3226 3001 3326 3071; x_wconf 85' lang='grc' dir='ltr'>τὴν</span> <span class='ocrx_word' id='word_1_708' title='bbox 3352 3002 3441 3054; x_wconf 66' lang='lat' dir='ltr'>al—</span> 
     </span>
    </p>
   </div>
   <div class='ocr_carea' id='block_1_93' title="bbox 1855 3092 3447 3166">
    <p class='ocr_par' dir='ltr' id='par_1_93' title="bbox 1855 3092 3447 3166">
     <span class='ocr_line' id='line_1_94' title="bbox 1855 3092 3447 3166; baseline 0.001 -21"><span class='ocrx_word' id='word_1_709' title='bbox 1855 3093 1977 3147; x_wconf 89' lang='grc' dir='ltr'>τίαν</span> <span class='ocrx_word' id='word_1_710' title='bbox 2023 3092 2182 3157; x_wconf 84' lang='grc' dir='ltr'>είδὼς</span> <span class='ocrx_word' id='word_1_711' title='bbox 2210 3093 2479 3165; x_wconf 86' lang='grc' dir='ltr'>ἀκριϐῶς,</span> <span class='ocrx_word' id='word_1_712' title='bbox 2526 3095 2789 3166; x_wconf 81' lang='grc' dir='ltr'>ἡσύχαζε.</span> <span class='ocrx_word' id='word_1_713' title='bbox 2822 3095 2928 3149; x_wconf 71' lang='grc' dir='ltr'>Καὶ</span> <span class='ocrx_word' id='word_1_714' title='bbox 2960 3094 3023 3148; x_wconf 91' lang='grc' dir='ltr'>οὐ</span> <span class='ocrx_word' id='word_1_715' title='bbox 3067 3093 3228 3147; x_wconf 89' lang='grc' dir='ltr'>τοῦτο</span> <span class='ocrx_word' id='word_1_716' title='bbox 3280 3094 3447 3163; x_wconf 82' lang='grc' dir='ltr'>μόνον</span> 
     </span>
    </p>
   </div>
   <div class='ocr_carea' id='block_1_94' title="bbox 1857 3184 3442 3262">
    <p class='ocr_par' dir='ltr' id='par_1_94' title="bbox 1857 3184 3442 3262">
     <span class='ocr_line' id='line_1_95' title="bbox 1857 3184 3442 3262; baseline 0.003 -26"><span class='ocrx_word' id='word_1_717' title='bbox 1857 3184 1976 3237; x_wconf 74' lang='grc' dir='ltr'>ἐστὶ</span> <span class='ocrx_word' id='word_1_718' title='bbox 2002 3184 2064 3237; x_wconf 91' lang='lat'>:6</span> <span class='ocrx_word' id='word_1_719' title='bbox 2095 3185 2429 3255; x_wconf 85' lang='grc' dir='ltr'>θαυμαστὸν,</span> <span class='ocrx_word' id='word_1_720' title='bbox 2452 3187 2535 3240; x_wconf 85' lang='grc' dir='ltr'>ὅτι</span> <span class='ocrx_word' id='word_1_721' title='bbox 2559 3188 2621 3240; x_wconf 88' lang='lat'>:6</span> <span class='ocrx_word' id='word_1_722' title='bbox 2653 3187 2953 3262; x_wconf 85' lang='grc' dir='ltr'>μαρτύριον</span> <span class='ocrx_word' id='word_1_723' title='bbox 2984 3188 3046 3241; x_wconf 91' lang='grc' dir='ltr'>οὐ</span> <span class='ocrx_word' id='word_1_724' title='bbox 3071 3186 3442 3257; x_wconf 77' lang='grc' dir='ltr'>κατέσκαψεν,</span> 
     </span>
    </p>
   </div>
   <div class='ocr_carea' id='block_1_95' title="bbox 1857 3273 3446 3348">
    <p class='ocr_par' dir='ltr' id='par_1_95' title="bbox 1857 3273 3446 3348">
     <span class='ocr_line' id='line_1_96' title="bbox 1857 3273 3446 3348; baseline 0 -20"><span class='ocrx_word' id='word_1_725' title='bbox 1857 3273 1972 3328; x_wconf 86' lang='grc' dir='ltr'>ἀλλ’</span> <span class='ocrx_word' id='word_1_726' title='bbox 1998 3276 2083 3329; x_wconf 85' lang='grc' dir='ltr'>ὃτι</span> <span class='ocrx_word' id='word_1_727' title='bbox 2109 3275 2244 3346; x_wconf 85' lang='grc' dir='ltr'>μηδέ</span> <span class='ocrx_word' id='word_1_728' title='bbox 2264 3275 2364 3348; x_wconf 82' lang='grc' dir='ltr'>τὴν</span> <span class='ocrx_word' id='word_1_729' title='bbox 2388 3276 2587 3347; x_wconf 84' lang='grc' dir='ltr'>στέγην</span> <span class='ocrx_word' id='word_1_730' title='bbox 2620 3277 2893 3331; x_wconf 84' lang='grc' dir='ltr'>ἐπιθεῖναι</span> <span class='ocrx_word' id='word_1_731' title='bbox 2923 3277 3084 3333; x_wconf 81' lang='grc' dir='ltr'>πάλιν</span> <span class='ocrx_word' id='word_1_732' title='bbox 3106 3277 3185 3348; x_wconf 84' lang='grc' dir='ltr'>τῷ</span> <span class='ocrx_word' id='word_1_733' title='bbox 3205 3275 3321 3346; x_wconf 81' lang='grc' dir='ltr'>ναῷ</span> <span class='ocrx_word' id='word_1_734' title='bbox 3342 3276 3446 3329; x_wconf 82' lang='grc' dir='ltr'>οὐκ</span> 
     </span>
    </p>
   </div>
   <div class='ocr_carea' id='block_1_96' title="bbox 1858 3364 3445 3445">
    <p class='ocr_par' dir='ltr' id='par_1_96' title="bbox 1858 3364 3445 3445">
     <span class='ocr_line' id='line_1_97' title="bbox 1858 3364 3445 3445; baseline 0.004 -28"><span class='ocrx_word' id='word_1_735' title='bbox 1858 3366 2183 3438; x_wconf 86' lang='grc' dir='ltr'>ἐτόλμησεν.</span> <span class='ocrx_word' id='word_1_736' title='bbox 2208 3367 2365 3438; x_wconf 83' lang='grc' dir='ltr'>ᾜδει</span> <span class='ocrx_word' id='word_1_737' title='bbox 2384 3367 2515 3441; x_wconf 89' lang='lat'><strong>7&amp;9,</strong></span> <span class='ocrx_word' id='word_1_738' title='bbox 2538 3366 2655 3437; x_wconf 70' lang='grc' dir='ltr'>ᾔδει</span> <span class='ocrx_word' id='word_1_739' title='bbox 2682 3367 2945 3440; x_wconf 82' lang='grc' dir='ltr'>θεήλατον</span> <span class='ocrx_word' id='word_1_740' title='bbox 2968 3364 3135 3423; x_wconf 81' lang='grc' dir='ltr'>οὖσαν</span> <span class='ocrx_word' id='word_1_741' title='bbox 3163 3366 3445 3445; x_wconf 86' lang='grc' dir='ltr'>τὴν</span> 
     </span>
    </p>
   </div>
   <div class='ocr_carea' id='block_1_97' title="bbox 1860 3454 3445 3529">
    <p class='ocr_par' dir='ltr' id='par_1_97' title="bbox 1860 3454 3445 3529">
     <span class='ocr_line' id='line_1_98' title="bbox 1860 3454 3445 3529; baseline 0 -20"><span class='ocrx_word' id='word_1_742' title='bbox 1860 3454 2093 3526; x_wconf 78' lang='grc' dir='ltr'>πληγὴν,</span> <span class='ocrx_word' id='word_1_743' title='bbox 2126 3455 2221 3508; x_wconf 76' lang='grc' dir='ltr'>καὶ</span> <span class='ocrx_word' id='word_1_744' title='bbox 2249 3455 2504 3509; x_wconf 84' lang='grc' dir='ltr'>ἐδεδοίκει</span> <span class='ocrx_word' id='word_1_745' title='bbox 2550 3456 2625 3528; x_wconf 84' lang='grc' dir='ltr'>μὴ</span> <span class='ocrx_word' id='word_1_746' title='bbox 2665 3458 2981 3529; x_wconf 89' lang='grc' dir='ltr'>περαιτέρω</span> <span class='ocrx_word' id='word_1_747' title='bbox 3021 3473 3074 3511; x_wconf 88' lang='grc' dir='ltr'>τι</span> <span class='ocrx_word' id='word_1_748' title='bbox 3116 3456 3445 3528; x_wconf 76' lang='grc' dir='ltr'>διανοηθεὶς,</span> 
     </span>
    </p>
   </div>
   <div class='ocr_carea' id='block_1_98' title="bbox 1858 3546 3448 3625">
    <p class='ocr_par' dir='ltr' id='par_1_98' title="bbox 1858 3546 3448 3625">
     <span class='ocr_line' id='line_1_99' title="bbox 1858 3546 3448 3625; baseline 0.003 -25"><span class='ocrx_word' id='word_1_749' title='bbox 1858 3547 1951 3600; x_wconf 77' lang='grc' dir='ltr'>ἐπὶ</span> <span class='ocrx_word' id='word_1_750' title='bbox 1977 3546 2077 3619; x_wconf 82' lang='grc' dir='ltr'>τὴν</span> <span class='ocrx_word' id='word_1_751' title='bbox 2108 3548 2313 3602; x_wconf 79' lang='grc' dir='ltr'>οἰκείαν</span> <span class='ocrx_word' id='word_1_752' title='bbox 2340 3550 2517 3603; x_wconf 90' lang='grc' dir='ltr'>ἐκεῖνο</span> <span class='ocrx_word' id='word_1_753' title='bbox 2550 3550 2772 3625; x_wconf 64' lang='grc' dir='ltr'>καλέση</span> <span class='ocrx_word' id='word_1_754' title='bbox 2794 3549 2857 3605; x_wconf 85' lang='lat'>:6</span> <span class='ocrx_word' id='word_1_755' title='bbox 2904 3549 3019 3622; x_wconf 90' lang='grc' dir='ltr'>πῦρ</span> <span class='ocrx_word' id='word_1_756' title='bbox 3046 3550 3311 3619; x_wconf 88' lang='grc' dir='ltr'>κεφαλήν.</span> <span class='ocrx_word' id='word_1_757' title='bbox 3348 3550 3448 3605; x_wconf 81' lang='grc' dir='ltr'>Διά</span> 
     </span>
    </p>
   </div>
   <div class='ocr_carea' id='block_1_99' title="bbox 1857 3639 3448 3715">
    <p class='ocr_par' dir='ltr' id='par_1_99' title="bbox 1857 3639 3448 3715">
     <span class='ocr_line' id='line_1_100' title="bbox 1857 3639 3448 3715; baseline 0.003 -22"><span class='ocrx_word' id='word_1_758' title='bbox 1857 3639 2017 3693; x_wconf 88' lang='grc' dir='ltr'>τοῦτο</span> <span class='ocrx_word' id='word_1_759' title='bbox 2048 3641 2295 3713; x_wconf 79' lang='grc' dir='ltr'>ἠνείχετο</span> <span class='ocrx_word' id='word_1_760' title='bbox 2349 3644 2430 3706; x_wconf 88' lang='grc' dir='ltr'>είς</span> <span class='ocrx_word' id='word_1_761' title='bbox 2466 3645 2736 3715; x_wconf 89' lang='grc' dir='ltr'>τοσαύτην</span> <span class='ocrx_word' id='word_1_762' title='bbox 2770 3643 3007 3715; x_wconf 87' lang='grc' dir='ltr'>ἐρημίαν</span> <span class='ocrx_word' id='word_1_763' title='bbox 3045 3644 3448 3713; x_wconf 84' lang='grc' dir='ltr'>κατενεχθέντα</span> 
     </span>
    </p>
   </div>
   <div class='ocr_carea' id='block_1_100' title="bbox 1788 3734 3448 3809">
    <p class='ocr_par' dir='ltr' id='par_1_100' title="bbox 1788 3734 3448 3809">
     <span class='ocr_line' id='line_1_101' title="bbox 1788 3734 3448 3809; baseline 0.001 -22"><span class='ocrx_word' id='word_1_764' title='bbox 1788 3750 1791 3753; x_wconf 69' lang='lat'><strong><em>‘</em></strong></span> <span class='ocrx_word' id='word_1_765' title='bbox 1858 3734 1950 3789; x_wconf 85' lang='lat' dir='ltr'><strong>:6v</strong></span> <span class='ocrx_word' id='word_1_766' title='bbox 1982 3735 2110 3789; x_wconf 83' lang='lat' dir='ltr'>va6v</span> <span class='ocrx_word' id='word_1_767' title='bbox 2152 3736 2248 3789; x_wconf 91' lang='grc' dir='ltr'>τοῦ</span> <span class='ocrx_word' id='word_1_768' title='bbox 2300 3737 2635 3802; x_wconf 80' lang='grc' dir='ltr'>Ἀπόλλωνος</span> <span class='ocrx_word' id='word_1_769' title='bbox 2660 3737 2825 3809; x_wconf 87' lang='grc' dir='ltr'>ὀρῶν.</span> <span class='ocrx_word' id='word_1_770' title='bbox 2856 3738 2993 3791; x_wconf 80' lang='grc' dir='ltr'>Οὐδὲ</span> <span class='ocrx_word' id='word_1_771' title='bbox 3024 3738 3135 3809; x_wconf 90' lang='grc' dir='ltr'>γάρ</span> <span class='ocrx_word' id='word_1_772' title='bbox 3177 3737 3312 3808; x_wconf 85' lang='grc' dir='ltr'>ἄλλη</span> <span class='ocrx_word' id='word_1_773' title='bbox 3362 3753 3448 3802; x_wconf 85' lang='grc' dir='ltr'>τις</span> 
     </span>
    </p>
   </div>
   <div class='ocr_carea' id='block_1_101' title="bbox 1856 3821 3447 3901">
    <p class='ocr_par' dir='ltr' id='par_1_101' title="bbox 1856 3821 3447 3901">
     <span class='ocr_line' id='line_1_102' title="bbox 1856 3821 3447 3901; baseline 0.001 -21"><span class='ocrx_word' id='word_1_774' title='bbox 1856 3821 1928 3897; x_wconf 77' lang='grc' dir='ltr'>ἦν</span> <span class='ocrx_word' id='word_1_775' title='bbox 1960 3827 2129 3890; x_wconf 81' lang='grc' dir='ltr'>αἰτία,</span> <span class='ocrx_word' id='word_1_776' title='bbox 2159 3827 2224 3881; x_wconf 80' lang='grc' dir='ltr'>δι’</span> <span class='ocrx_word' id='word_1_777' title='bbox 2250 3828 2317 3899; x_wconf 76' lang='grc' dir='ltr'>ἢν</span> <span class='ocrx_word' id='word_1_778' title='bbox 2337 3828 2400 3882; x_wconf 90' lang='grc' dir='ltr'>οὐ</span> <span class='ocrx_word' id='word_1_779' title='bbox 2430 3827 2711 3901; x_wconf 87' lang='grc' dir='ltr'>διώρθωσε</span> <span class='ocrx_word' id='word_1_780' title='bbox 2739 3830 2801 3883; x_wconf 91' lang='lat'>:6</span> <span class='ocrx_word' id='word_1_781' title='bbox 2830 3830 3223 3900; x_wconf 86' lang='grc' dir='ltr'>γεγενημένον,</span> <span class='ocrx_word' id='word_1_782' title='bbox 3254 3828 3372 3883; x_wconf 80' lang='grc' dir='ltr'>ἀλλ’</span> <span class='ocrx_word' id='word_1_783' title='bbox 3410 3830 3447 3901; x_wconf 67' lang='grc' dir='ltr'>ἢ</span> 
     </span>
    </p>
   </div>
   <div class='ocr_carea' id='block_1_102' title="bbox 1860 3918 3447 3992">
    <p class='ocr_par' dir='ltr' id='par_1_102' title="bbox 1860 3918 3447 3992">
     <span class='ocr_line' id='line_1_103' title="bbox 1860 3918 3447 3992; baseline 0.003 -21"><span class='ocrx_word' id='word_1_784' title='bbox 1860 3918 2026 3987; x_wconf 88' lang='grc' dir='ltr'>φόϐος</span> <span class='ocrx_word' id='word_1_785' title='bbox 2060 3920 2224 3989; x_wconf 86' lang='grc' dir='ltr'>μόνον</span> <span class='ocrx_word' id='word_1_786' title='bbox 2244 3920 2309 3973; x_wconf 84' lang='grc' dir='ltr'>δι’</span> <span class='ocrx_word' id='word_1_787' title='bbox 2336 3919 2395 3973; x_wconf 82' lang='grc' dir='ltr'>δν</span> <span class='ocrx_word' id='word_1_788' title='bbox 2421 3920 2572 3974; x_wconf 83' lang='grc' dir='ltr'>άκων</span> <span class='ocrx_word' id='word_1_789' title='bbox 2616 3920 2881 3992; x_wconf 75' lang='grc' dir='ltr'>ἡσύχαζε,</span> <span class='ocrx_word' id='word_1_790' title='bbox 2923 3922 3020 3975; x_wconf 76' lang='grc' dir='ltr'>καὶ</span> <span class='ocrx_word' id='word_1_791' title='bbox 3046 3920 3222 3975; x_wconf 85' lang='grc' dir='ltr'>ταῦτα</span> <span class='ocrx_word' id='word_1_792' title='bbox 3264 3920 3447 3984; x_wconf 74' lang='grc' dir='ltr'>εἰδὼς,</span> 
     </span>
    </p>
   </div>
   <div class='ocr_carea' id='block_1_103' title="bbox 1859 4010 3446 4085">
    <p class='ocr_par' dir='ltr' id='par_1_103' title="bbox 1859 4010 3446 4085">
     <span class='ocr_line' id='line_1_104' title="bbox 1859 4010 3446 4085; baseline 0.004 -22"><span class='ocrx_word' id='word_1_793' title='bbox 1859 4010 1986 4064; x_wconf 82' lang='grc' dir='ltr'>ὅσον</span> <span class='ocrx_word' id='word_1_794' title='bbox 2040 4010 2144 4081; x_wconf 83' lang='grc' dir='ltr'>μὲν</span> <span class='ocrx_word' id='word_1_795' title='bbox 2180 4010 2383 4076; x_wconf 82' lang='grc' dir='ltr'>δνειδος</span> <span class='ocrx_word' id='word_1_796' title='bbox 2424 4012 2747 4066; x_wconf 84' lang='grc' dir='ltr'>καταλείπει</span> <span class='ocrx_word' id='word_1_797' title='bbox 2796 4013 2876 4084; x_wconf 83' lang='grc' dir='ltr'>τῷ</span> <span class='ocrx_word' id='word_1_798' title='bbox 2931 4012 3171 4085; x_wconf 88' lang='grc' dir='ltr'>δαίμονι,</span> <span class='ocrx_word' id='word_1_799' title='bbox 3214 4015 3341 4069; x_wconf 84' lang='grc' dir='ltr'>ὅσον</span> <span class='ocrx_word' id='word_1_800' title='bbox 3388 4015 3446 4069; x_wconf 76' lang='grc' dir='ltr'>δέ</span> 
     </span>
    </p>
   </div>
   <div class='ocr_carea' id='block_1_104' title="bbox 1862 4101 3453 4175">
    <p class='ocr_par' dir='ltr' id='par_1_104' title="bbox 1862 4101 3453 4175">
     <span class='ocr_line' id='line_1_105' title="bbox 1862 4101 3453 4175; baseline 0.003 -21"><span class='ocrx_word' id='word_1_801' title='bbox 1862 4102 2067 4172; x_wconf 88' lang='grc' dir='ltr'>κόσμον</span> <span class='ocrx_word' id='word_1_802' title='bbox 2098 4101 2177 4173; x_wconf 86' lang='grc' dir='ltr'>τῷ</span> <span class='ocrx_word' id='word_1_803' title='bbox 2201 4102 2460 4172; x_wconf 83' lang='grc' dir='ltr'>μάρτυρι.</span> <span class='ocrx_word' id='word_1_804' title='bbox 2497 4101 2607 4155; x_wconf 78' lang='grc' dir='ltr'>Καὶ</span> <span class='ocrx_word' id='word_1_805' title='bbox 2625 4103 2735 4175; x_wconf 89' lang='lat'>7&amp;9</span> <span class='ocrx_word' id='word_1_806' title='bbox 2761 4103 3061 4175; x_wconf 74' lang='grc' dir='ltr'>ἑστήκασιν</span> <span class='ocrx_word' id='word_1_807' title='bbox 3080 4106 3130 4157; x_wconf 89' lang='grc' dir='ltr'>οί</span> <span class='ocrx_word' id='word_1_808' title='bbox 3159 4106 3328 4175; x_wconf 86' lang='grc' dir='ltr'>τοῖχοι</span> <span class='ocrx_word' id='word_1_809' title='bbox 3350 4102 3453 4160; x_wconf 71' lang='grc' dir='ltr'>νῦν</span> 
     </span>
    </p>
   </div>
   <div class='ocr_carea' id='block_1_105' title="bbox 1861 4193 3446 4266">
    <p class='ocr_par' dir='ltr' id='par_1_105' title="bbox 1861 4193 3446 4266">
     <span class='ocr_line' id='line_1_106' title="bbox 1861 4193 3446 4266; baseline 0 -19"><span class='ocrx_word' id='word_1_810' title='bbox 1861 4193 1984 4247; x_wconf 75' lang='grc' dir='ltr'>ἀντὶ</span> <span class='ocrx_word' id='word_1_811' title='bbox 2027 4193 2328 4264; x_wconf 85' lang='grc' dir='ltr'>τροπαίων,</span> <span class='ocrx_word' id='word_1_812' title='bbox 2379 4193 2683 4263; x_wconf 84' lang='grc' dir='ltr'>σάλπιγγος</span> <span class='ocrx_word' id='word_1_813' title='bbox 2738 4194 3132 4266; x_wconf 88' lang='grc' dir='ltr'>λαμπροτέραν</span> <span class='ocrx_word' id='word_1_814' title='bbox 3194 4193 3446 4263; x_wconf 86' lang='grc' dir='ltr'>ἀφιέντες</span> 
     </span>
    </p>
   </div>
   <div class='ocr_carea' id='block_1_106' title="bbox 1861 4281 3446 4358">
    <p class='ocr_par' dir='ltr' id='par_1_106' title="bbox 1861 4281 3446 4358">
     <span class='ocr_line' id='line_1_107' title="bbox 1861 4281 3446 4358; baseline 0.001 -23"><span class='ocrx_word' id='word_1_815' title='bbox 1861 4281 2065 4353; x_wconf 82' lang='grc' dir='ltr'>φωνὴν,</span> <span class='ocrx_word' id='word_1_816' title='bbox 2094 4286 2209 4347; x_wconf 79' lang='grc' dir='ltr'>τοῖς</span> <span class='ocrx_word' id='word_1_817' title='bbox 2237 4286 2295 4337; x_wconf 87' lang='grc' dir='ltr'>ἐν</span> <span class='ocrx_word' id='word_1_818' title='bbox 2314 4286 2378 4355; x_wconf 80' lang='grc' dir='ltr'>τῇ</span> <span class='ocrx_word' id='word_1_819' title='bbox 2410 4284 2616 4355; x_wconf 82' lang='grc' dir='ltr'>Δάφνῃ,</span> <span class='ocrx_word' id='word_1_820' title='bbox 2645 4285 2759 4347; x_wconf 88' lang='grc' dir='ltr'>τοῖς</span> <span class='ocrx_word' id='word_1_821' title='bbox 2793 4286 2852 4337; x_wconf 89' lang='grc' dir='ltr'>ἐν</span> <span class='ocrx_word' id='word_1_822' title='bbox 2876 4286 2944 4356; x_wconf 75' lang='grc' dir='ltr'>τῇ</span> <span class='ocrx_word' id='word_1_823' title='bbox 2969 4284 3144 4349; x_wconf 87' lang='grc' dir='ltr'>πόλει,</span> <span class='ocrx_word' id='word_1_824' title='bbox 3175 4287 3289 4347; x_wconf 82' lang='grc' dir='ltr'>τοῖς</span> <span class='ocrx_word' id='word_1_825' title='bbox 3312 4284 3446 4358; x_wconf 70' lang='grc' dir='ltr'>πόρη</span> 
     </span>
    </p>
   </div>
   <div class='ocr_carea' id='block_1_107' title="bbox 1862 4372 3446 4447">
    <p class='ocr_par' dir='ltr' id='par_1_107' title="bbox 1862 4372 3446 4447">
     <span class='ocr_line' id='line_1_108' title="bbox 1862 4372 3446 4447; baseline 0.002 -20"><span class='ocrx_word' id='word_1_826' title='bbox 1862 4375 2038 4447; x_wconf 83' lang='grc' dir='ltr'>ρωθεν</span> <span class='ocrx_word' id='word_1_827' title='bbox 2066 4375 2512 4447; x_wconf 79' lang='grc' dir='ltr'>ἀφικνουμένοις,</span> <span class='ocrx_word' id='word_1_828' title='bbox 2544 4378 2660 4439; x_wconf 92' lang='grc' dir='ltr'>τοῖς</span> <span class='ocrx_word' id='word_1_829' title='bbox 2701 4376 2947 4441; x_wconf 87' lang='grc' dir='ltr'>συνοῦσι,</span> <span class='ocrx_word' id='word_1_830' title='bbox 2986 4378 3100 4438; x_wconf 86' lang='grc' dir='ltr'>τοῖς</span> <span class='ocrx_word' id='word_1_831' title='bbox 3131 4372 3291 4439; x_wconf 86' lang='grc' dir='ltr'>αὖθις</span> <span class='ocrx_word' id='word_1_832' title='bbox 3324 4378 3446 4430; x_wconf 81' lang='grc' dir='ltr'>ἐσο-</span> 
     </span>
    </p>
   </div>
   <div class='ocr_carea' id='block_1_108' title="bbox 1864 4467 3445 4539">
    <p class='ocr_par' dir='ltr' id='par_1_108' title="bbox 1864 4467 3445 4539">
     <span class='ocr_line' id='line_1_109' title="bbox 1864 4467 3445 4539; baseline 0.001 -18"><span class='ocrx_word' id='word_1_833' title='bbox 1864 4468 2047 4539; x_wconf 86' lang='grc' dir='ltr'>μένοις</span> <span class='ocrx_word' id='word_1_834' title='bbox 2078 4467 2390 4539; x_wconf 83' lang='grc' dir='ltr'>ἀνθρώποις</span> <span class='ocrx_word' id='word_1_835' title='bbox 2424 4470 2643 4524; x_wconf 73' lang='grc' dir='ltr'>ἅπαντα</span> <span class='ocrx_word' id='word_1_836' title='bbox 2665 4469 2979 4539; x_wconf 83' lang='grc' dir='ltr'>διηγοῦνται</span> <span class='ocrx_word' id='word_1_837' title='bbox 3007 4469 3098 4522; x_wconf 77' lang='grc' dir='ltr'>ΰιά</span> <span class='ocrx_word' id='word_1_838' title='bbox 3124 4468 3228 4538; x_wconf 80' lang='grc' dir='ltr'>τῆς</span> <span class='ocrx_word' id='word_1_839' title='bbox 3243 4468 3445 4539; x_wconf 76' lang='grc' dir='ltr'>ὅψεως,</span> 
     </span>
    </p>
   </div>
   <div class='ocr_carea' id='block_1_109' title="bbox 1857 4558 3445 4632">
    <p class='ocr_par' dir='ltr' id='par_1_109' title="bbox 1857 4558 3445 4632">
     <span class='ocr_line' id='line_1_110' title="bbox 1857 4558 3445 4632; baseline 0.001 -21"><span class='ocrx_word' id='word_1_840' title='bbox 1857 4558 1959 4629; x_wconf 75' lang='grc' dir='ltr'>τὴν</span> <span class='ocrx_word' id='word_1_841' title='bbox 1997 4558 2197 4630; x_wconf 87' lang='grc' dir='ltr'>πάλην,</span> <span class='ocrx_word' id='word_1_842' title='bbox 2239 4559 2339 4629; x_wconf 84' lang='grc' dir='ltr'>τὴν</span> <span class='ocrx_word' id='word_1_843' title='bbox 2376 4558 2718 4630; x_wconf 82' lang='grc' dir='ltr'>συμπλοκὴν,</span> <span class='ocrx_word' id='word_1_844' title='bbox 2755 4559 2856 4629; x_wconf 75' lang='grc' dir='ltr'>τὴν</span> <span class='ocrx_word' id='word_1_845' title='bbox 2893 4559 3051 4628; x_wconf 87' lang='grc' dir='ltr'>νίκην</span> <span class='ocrx_word' id='word_1_846' title='bbox 3109 4558 3205 4612; x_wconf 87' lang='grc' dir='ltr'>τοῦ</span> <span class='ocrx_word' id='word_1_847' title='bbox 3238 4559 3445 4632; x_wconf 87' lang='grc' dir='ltr'>μάρτυ-</span> 
     </span>
    </p>
   </div>
   <div class='ocr_carea' id='block_1_110' title="bbox 1864 4646 3442 4720">
    <p class='ocr_par' dir='ltr' id='par_1_110' title="bbox 1864 4646 3442 4720">
     <span class='ocr_line' id='line_1_111' title="bbox 1864 4646 3442 4720; baseline 0.002 -22"><span class='ocrx_word' id='word_1_848' title='bbox 1864 4664 1972 4717; x_wconf 88' lang='grc' dir='ltr'>ρος.</span> <span class='ocrx_word' id='word_1_849' title='bbox 2011 4648 2118 4700; x_wconf 85' lang='grc' dir='ltr'>Τὸν</span> <span class='ocrx_word' id='word_1_850' title='bbox 2144 4646 2252 4719; x_wconf 83' lang='grc' dir='ltr'>γὰρ</span> <span class='ocrx_word' id='word_1_851' title='bbox 2276 4647 2561 4720; x_wconf 68' lang='grc' dir='ltr'>πόρρωθεν</span> <span class='ocrx_word' id='word_1_852' title='bbox 2581 4648 2953 4719; x_wconf 88' lang='grc' dir='ltr'>ἀφιστάμενον</span> <span class='ocrx_word' id='word_1_853' title='bbox 2972 4648 3067 4702; x_wconf 90' lang='grc' dir='ltr'>τοῦ</span> <span class='ocrx_word' id='word_1_854' title='bbox 3092 4649 3442 4720; x_wconf 87' lang='grc' dir='ltr'>προαστείου,</span> 
     </span>
    </p>
   </div>
   <div class='ocr_carea' id='block_1_111' title="bbox 1862 4738 3446 4813">
    <p class='ocr_par' dir='ltr' id='par_1_111' title="bbox 1862 4738 3446 4813">
     <span class='ocr_line' id='line_1_112' title="bbox 1862 4738 3446 4813; baseline 0.003 -22"><span class='ocrx_word' id='word_1_855' title='bbox 1862 4739 1956 4792; x_wconf 81' lang='grc' dir='ltr'>καὶ</span> <span class='ocrx_word' id='word_1_856' title='bbox 1987 4738 2049 4791; x_wconf 88' lang='lat'>:6</span> <span class='ocrx_word' id='word_1_857' title='bbox 2092 4741 2192 4809; x_wconf 82' lang='grc' dir='ltr'>μὲν</span> <span class='ocrx_word' id='word_1_858' title='bbox 2227 4739 2528 4809; x_wconf 90' lang='grc' dir='ltr'>μαρτύριον</span> <span class='ocrx_word' id='word_1_859' title='bbox 2564 4739 2658 4792; x_wconf 89' lang='grc' dir='ltr'>τοῦ</span> <span class='ocrx_word' id='word_1_860' title='bbox 2690 4740 2849 4808; x_wconf 88' lang='grc' dir='ltr'>ἀγίου</span> <span class='ocrx_word' id='word_1_861' title='bbox 2880 4740 2980 4811; x_wconf 83' lang='grc' dir='ltr'>τῆς</span> <span class='ocrx_word' id='word_1_862' title='bbox 3007 4740 3280 4811; x_wconf 86' lang='grc' dir='ltr'>λάρνακος</span> <span class='ocrx_word' id='word_1_863' title='bbox 3316 4742 3446 4813; x_wconf 82' lang='grc' dir='ltr'>ἐρη-</span> 
     </span>
    </p>
   </div>
   <div class='ocr_carea' id='block_1_112' title="bbox 1864 4830 3447 4904">
    <p class='ocr_par' dir='ltr' id='par_1_112' title="bbox 1864 4830 3447 4904">
     <span class='ocr_line' id='line_1_113' title="bbox 1864 4830 3447 4904; baseline 0.003 -21"><span class='ocrx_word' id='word_1_864' title='bbox 1864 4847 1983 4901; x_wconf 86' lang='grc' dir='ltr'>μον,</span> <span class='ocrx_word' id='word_1_865' title='bbox 2016 4830 2107 4883; x_wconf 81' lang='grc' dir='ltr'>τὸν</span> <span class='ocrx_word' id='word_1_866' title='bbox 2137 4831 2194 4883; x_wconf 87' lang='grc' dir='ltr'>δὲ</span> <span class='ocrx_word' id='word_1_867' title='bbox 2236 4831 2362 4883; x_wconf 85' lang='grc' dir='ltr'>ναδν</span> <span class='ocrx_word' id='word_1_868' title='bbox 2397 4831 2492 4884; x_wconf 91' lang='grc' dir='ltr'>τοῦ</span> <span class='ocrx_word' id='word_1_869' title='bbox 2544 4832 2881 4896; x_wconf 81' lang='grc' dir='ltr'>Ἀπόλλωνος</span> <span class='ocrx_word' id='word_1_870' title='bbox 2927 4834 3026 4904; x_wconf 84' lang='grc' dir='ltr'>τὴν</span> <span class='ocrx_word' id='word_1_871' title='bbox 3085 4834 3288 4904; x_wconf 87' lang='grc' dir='ltr'>στέγην</span> <span class='ocrx_word' id='word_1_872' title='bbox 3341 4836 3447 4902; x_wconf 84' lang='grc' dir='ltr'>ἀφ-</span> 
     </span>
    </p>
   </div>
   <div class='ocr_carea' id='block_1_113' title="bbox 1859 4923 3561 4997">
    <p class='ocr_par' dir='ltr' id='par_1_113' title="bbox 1859 4923 3561 4997">
     <span class='ocr_line' id='line_1_114' title="bbox 1859 4923 3561 4997; baseline 0.002 -22"><span class='ocrx_word' id='word_1_873' title='bbox 1859 4923 2133 4994; x_wconf 82' lang='grc' dir='ltr'>ῃρημένον</span> <span class='ocrx_word' id='word_1_874' title='bbox 2150 4923 2386 4992; x_wconf 82' lang='grc' dir='ltr'>δρῶντα,</span> <span class='ocrx_word' id='word_1_875' title='bbox 2418 4924 2564 4989; x_wconf 82' lang='grc' dir='ltr'>εἰκὸς</span> <span class='ocrx_word' id='word_1_876' title='bbox 2597 4925 2698 4995; x_wconf 81' lang='grc' dir='ltr'>τὴν</span> <span class='ocrx_word' id='word_1_877' title='bbox 2731 4924 2912 4978; x_wconf 88' lang='grc' dir='ltr'>αἰτίαν</span> <span class='ocrx_word' id='word_1_878' title='bbox 2937 4924 3143 4977; x_wconf 89' lang='grc' dir='ltr'>τούτων</span> <span class='ocrx_word' id='word_1_879' title='bbox 3167 4926 3447 4997; x_wconf 79' lang='grc' dir='ltr'>ἑκατέρων</span> <span class='ocrx_word' id='word_1_880' title='bbox 3560 4976 3561 4979; x_wconf 45' lang='grc' dir='ltr'>η</span> 
     </span>
    </p>
   </div>
   <div class='ocr_carea' id='block_1_114' title="bbox 1859 5012 3447 5087">
    <p class='ocr_par' dir='ltr' id='par_1_114' title="bbox 1859 5012 3447 5087">
     <span class='ocr_line' id='line_1_115' title="bbox 1859 5012 3447 5087; baseline 0.002 -20"><span class='ocrx_word' id='word_1_881' title='bbox 1859 5015 2079 5085; x_wconf 78' lang='grc' dir='ltr'>ζητεῖν·</span> <span class='ocrx_word' id='word_1_882' title='bbox 2124 5012 2244 5069; x_wconf 86' lang='grc' dir='ltr'>εἶτα</span> <span class='ocrx_word' id='word_1_883' title='bbox 2290 5017 2471 5069; x_wconf 84' lang='grc' dir='ltr'>πᾶσαν</span> <span class='ocrx_word' id='word_1_884' title='bbox 2518 5016 2763 5085; x_wconf 87' lang='grc' dir='ltr'>μαθόντα</span> <span class='ocrx_word' id='word_1_885' title='bbox 2798 5016 2899 5087; x_wconf 81' lang='grc' dir='ltr'>τὴν</span> <span class='ocrx_word' id='word_1_886' title='bbox 2959 5017 3223 5087; x_wconf 81' lang='grc' dir='ltr'>ἱστορίαν,</span> <span class='ocrx_word' id='word_1_887' title='bbox 3270 5018 3447 5081; x_wconf 76' lang='grc' dir='ltr'>οὕτως</span> 
     </span>
    </p>
   </div>
   <div class='ocr_carea' id='block_1_115' title="bbox 1857 5107 3445 5180">
    <p class='ocr_par' dir='ltr' id='par_1_115' title="bbox 1857 5107 3445 5180">
     <span class='ocr_line' id='line_1_116' title="bbox 1857 5107 3445 5180; baseline 0.001 -20"><span class='ocrx_word' id='word_1_888' title='bbox 1857 5107 2115 5161; x_wconf 84' lang='grc' dir='ltr'>ἀπελθεῖν</span> <span class='ocrx_word' id='word_1_889' title='bbox 2140 5107 2369 5162; x_wconf 86' lang='grc' dir='ltr'>ἐκεῖθεν.</span> <span class='ocrx_word' id='word_1_890' title='bbox 2399 5108 2638 5162; x_wconf 88' lang='grc' dir='ltr'>Τοιαῦτα</span> <span class='ocrx_word' id='word_1_891' title='bbox 2652 5107 2745 5161; x_wconf 88' lang='grc' dir='ltr'>τοῦ</span> <span class='ocrx_word' id='word_1_892' title='bbox 2769 5109 3047 5180; x_wconf 86' lang='grc' dir='ltr'>μάρτυρος</span> <span class='ocrx_word' id='word_1_893' title='bbox 3070 5110 3141 5162; x_wconf 87' lang='grc' dir='ltr'>τά</span> <span class='ocrx_word' id='word_1_894' title='bbox 3168 5110 3445 5180; x_wconf 88' lang='grc' dir='ltr'>κατορθώ-</span> 
     </span>
    </p>
   </div>
   <div class='ocr_carea' id='block_1_116' title="bbox 1862 5198 3447 5271">
    <p class='ocr_par' dir='ltr' id='par_1_116' title="bbox 1862 5198 3447 5271">
     <span class='ocr_line' id='line_1_117' title="bbox 1862 5198 3447 5271; baseline 0.003 -20"><span class='ocrx_word' id='word_1_895' title='bbox 1862 5216 2029 5269; x_wconf 88' lang='grc' dir='ltr'>ματα,</span> <span class='ocrx_word' id='word_1_896' title='bbox 2069 5198 2138 5253; x_wconf 88' lang='grc' dir='ltr'>τά</span> <span class='ocrx_word' id='word_1_897' title='bbox 2167 5200 2307 5270; x_wconf 80' lang='grc' dir='ltr'>μετά</span> <span class='ocrx_word' id='word_1_898' title='bbox 2332 5198 2429 5269; x_wconf 85' lang='grc' dir='ltr'>τὴν</span> <span class='ocrx_word' id='word_1_899' title='bbox 2472 5200 2749 5270; x_wconf 78' lang='grc' dir='ltr'>τελευτήν.</span> <span class='ocrx_word' id='word_1_900' title='bbox 2782 5199 2874 5253; x_wconf 78' lang='grc' dir='ltr'>Διὸ</span> <span class='ocrx_word' id='word_1_901' title='bbox 2896 5201 2995 5253; x_wconf 74' lang='grc' dir='ltr'>καὶ</span> <span class='ocrx_word' id='word_1_902' title='bbox 3024 5200 3125 5271; x_wconf 80' lang='grc' dir='ltr'>τὴν</span> <span class='ocrx_word' id='word_1_903' title='bbox 3168 5200 3447 5271; x_wconf 88' lang='grc' dir='ltr'>ὐμετέραν</span> 
     </span>
    </p>
   </div>
   <div class='ocr_carea' id='block_1_117' title="bbox 1861 5290 3449 5361">
    <p class='ocr_par' dir='ltr' id='par_1_117' title="bbox 1861 5290 3449 5361">
     <span class='ocr_line' id='line_1_118' title="bbox 1861 5290 3449 5361; baseline 0 -18"><span class='ocrx_word' id='word_1_904' title='bbox 1861 5291 2153 5361; x_wconf 80' lang='grc' dir='ltr'>μακαρίζω</span> <span class='ocrx_word' id='word_1_905' title='bbox 2195 5291 2368 5352; x_wconf 86' lang='grc' dir='ltr'>πόλιν,</span> <span class='ocrx_word' id='word_1_906' title='bbox 2407 5292 2490 5343; x_wconf 85' lang='grc' dir='ltr'>ὃτι</span> <span class='ocrx_word' id='word_1_907' title='bbox 2526 5290 2727 5361; x_wconf 82' lang='grc' dir='ltr'>πολλὴν</span> <span class='ocrx_word' id='word_1_908' title='bbox 2759 5292 2889 5360; x_wconf 77' lang='grc' dir='ltr'>περὶ</span> <span class='ocrx_word' id='word_1_909' title='bbox 2921 5291 3013 5345; x_wconf 77' lang='grc' dir='ltr'>τὸν</span> <span class='ocrx_word' id='word_1_910' title='bbox 3046 5291 3203 5359; x_wconf 74' lang='grc' dir='ltr'>ἅγιον</span> <span class='ocrx_word' id='word_1_911' title='bbox 3252 5291 3449 5345; x_wconf 74' lang='grc' dir='ltr'>τοῦτον</span> 
     </span>
    </p>
   </div>
   <div class='ocr_carea' id='block_1_118' title="bbox 1856 5384 3448 5456">
    <p class='ocr_par' dir='ltr' id='par_1_118' title="bbox 1856 5384 3448 5456">
     <span class='ocr_line' id='line_1_119' title="bbox 1856 5384 3448 5456; baseline 0.002 -19"><span class='ocrx_word' id='word_1_912' title='bbox 1856 5384 2204 5449; x_wconf 79' lang='grc' dir='ltr'>ἐπεδείξασθε</span> <span class='ocrx_word' id='word_1_913' title='bbox 2232 5384 2330 5456; x_wconf 85' lang='grc' dir='ltr'>τὴν</span> <span class='ocrx_word' id='word_1_914' title='bbox 2380 5385 2638 5455; x_wconf 88' lang='grc' dir='ltr'>σπουδήν.</span> <span class='ocrx_word' id='word_1_915' title='bbox 2684 5386 2793 5438; x_wconf 75' lang='grc' dir='ltr'>Καὶ</span> <span class='ocrx_word' id='word_1_916' title='bbox 2824 5384 2933 5455; x_wconf 86' lang='lat'>7&amp;9</span> <span class='ocrx_word' id='word_1_917' title='bbox 2960 5385 3106 5449; x_wconf 89' lang='grc' dir='ltr'>τότε,</span> <span class='ocrx_word' id='word_1_918' title='bbox 3133 5385 3294 5456; x_wconf 84' lang='grc' dir='ltr'>ἡνίκα</span> <span class='ocrx_word' id='word_1_919' title='bbox 3337 5387 3448 5440; x_wconf 75' lang='grc' dir='ltr'>ἀπὸ</span> 
     </span>
    </p>
   </div>
   <div class='ocr_carea' id='block_1_119' title="bbox 1857 5476 3454 5548">
    <p class='ocr_par' dir='ltr' id='par_1_119' title="bbox 1857 5476 3454 5548">
     <span class='ocr_line' id='line_1_120' title="bbox 1857 5476 3454 5548; baseline 0.001 -21"><span class='ocrx_word' id='word_1_920' title='bbox 1857 5477 1955 5547; x_wconf 86' lang='grc' dir='ltr'>τῆς</span> <span class='ocrx_word' id='word_1_921' title='bbox 1981 5477 2197 5547; x_wconf 82' lang='grc' dir='ltr'>Δάφνης</span> <span class='ocrx_word' id='word_1_922' title='bbox 2230 5476 2482 5548; x_wconf 86' lang='grc' dir='ltr'>ἐπανῄει,</span> <span class='ocrx_word' id='word_1_923' title='bbox 2510 5478 2661 5530; x_wconf 82' lang='grc' dir='ltr'>πᾶσα</span> <span class='ocrx_word' id='word_1_924' title='bbox 2684 5477 2782 5548; x_wconf 78' lang='grc' dir='ltr'>μὲν</span> <span class='ocrx_word' id='word_1_925' title='bbox 2807 5480 2838 5548; x_wconf 82' lang='grc' dir='ltr'>ἡ</span> <span class='ocrx_word' id='word_1_926' title='bbox 2849 5480 2941 5547; x_wconf 83' lang='grc' dir='ltr'>μίν</span> <span class='ocrx_word' id='word_1_927' title='bbox 2975 5479 3008 5547; x_wconf 89' lang='grc' dir='ltr'>ή</span> <span class='ocrx_word' id='word_1_928' title='bbox 3039 5478 3195 5541; x_wconf 88' lang='grc' dir='ltr'>πόλις</span> <span class='ocrx_word' id='word_1_929' title='bbox 3235 5480 3316 5541; x_wconf 89' lang='grc' dir='ltr'>είς</span> <span class='ocrx_word' id='word_1_930' title='bbox 3346 5480 3454 5546; x_wconf 80' lang='grc' dir='ltr'>τὴν.</span> 
     </span>
    </p>
   </div>
   <div class='ocr_carea' id='block_1_120' title="bbox 1852 5565 3447 5639">
    <p class='ocr_par' dir='ltr' id='par_1_120' title="bbox 1852 5565 3447 5639">
     <span class='ocr_line' id='line_1_121' title="bbox 1852 5565 3447 5639; baseline -0.001 -19"><span class='ocrx_word' id='word_1_931' title='bbox 1852 5567 1971 5620; x_wconf 75' lang='grc' dir='ltr'>ὀδδν</span> <span class='ocrx_word' id='word_1_932' title='bbox 1997 5567 2253 5639; x_wconf 81' lang='grc' dir='ltr'>ἐξεχύθη,</span> <span class='ocrx_word' id='word_1_933' title='bbox 2276 5567 2372 5619; x_wconf 73' lang='grc' dir='ltr'>καὶ</span> <span class='ocrx_word' id='word_1_934' title='bbox 2392 5566 2548 5621; x_wconf 76' lang='grc' dir='ltr'>κεναὶ</span> <span class='ocrx_word' id='word_1_935' title='bbox 2578 5566 2676 5636; x_wconf 82' lang='grc' dir='ltr'>μὲν</span> <span class='ocrx_word' id='word_1_936' title='bbox 2705 5566 2763 5619; x_wconf 79' lang='lat' dir='ltr'><strong><em>al</em></strong></span> <span class='ocrx_word' id='word_1_937' title='bbox 2794 5566 2993 5637; x_wconf 77' lang='grc' dir='ltr'>ἀγοραὶ</span> <span class='ocrx_word' id='word_1_938' title='bbox 3018 5565 3253 5636; x_wconf 86' lang='grc' dir='ltr'>ἀνδρῶν,</span> <span class='ocrx_word' id='word_1_939' title='bbox 3288 5568 3447 5620; x_wconf 73' lang='grc' dir='ltr'>κεναὶ</span> 
     </span>
    </p>
   </div>
   <div class='ocr_carea' id='block_1_121' title="bbox 1852 5654 3445 5728">
    <p class='ocr_par' dir='ltr' id='par_1_121' title="bbox 1852 5654 3445 5728">
     <span class='ocr_line' id='line_1_122' title="bbox 1852 5654 3445 5728; baseline 0 -17"><span class='ocrx_word' id='word_1_940' title='bbox 1852 5659 1910 5711; x_wconf 82' lang='grc' dir='ltr'>δὲ</span> <span class='ocrx_word' id='word_1_941' title='bbox 1943 5658 2215 5727; x_wconf 76' lang='grc' dir='ltr'>γυναικῶν</span> <span class='ocrx_word' id='word_1_942' title='bbox 2265 5654 2407 5728; x_wconf 72' lang='grc' dir='ltr'>ἦσαν</span> <span class='ocrx_word' id='word_1_943' title='bbox 2439 5659 2495 5709; x_wconf 82' lang='grc' dir='ltr'>αἱ</span> <span class='ocrx_word' id='word_1_944' title='bbox 2524 5656 2714 5721; x_wconf 76' lang='grc' dir='ltr'>οἰκίαι,</span> <span class='ocrx_word' id='word_1_945' title='bbox 2747 5655 2945 5727; x_wconf 81' lang='grc' dir='ltr'>ἔρημοι</span> <span class='ocrx_word' id='word_1_946' title='bbox 2972 5656 3030 5709; x_wconf 84' lang='grc' dir='ltr'>δέ</span> <span class='ocrx_word' id='word_1_947' title='bbox 3061 5656 3351 5728; x_wconf 88' lang='grc' dir='ltr'>παρθένων</span> <span class='ocrx_word' id='word_1_948' title='bbox 3393 5661 3445 5712; x_wconf 80' lang='grc' dir='ltr'>οί</span> 
     </span>
    </p>
   </div>
   <div class='ocr_carea' id='block_1_122' title="bbox 1854 5747 3433 5818">
    <p class='ocr_par' dir='ltr' id='par_1_122' title="bbox 1854 5747 3433 5818">
     <span class='ocr_line' id='line_1_123' title="bbox 1854 5747 3433 5818; baseline -0.001 -15"><span class='ocrx_word' id='word_1_949' title='bbox 1854 5751 2103 5815; x_wconf 75' lang='grc' dir='ltr'>θάλαμοι.</span> <span class='ocrx_word' id='word_1_950' title='bbox 2133 5750 2291 5804; x_wconf 79' lang='grc' dir='ltr'>Οὐτω</span> <span class='ocrx_word' id='word_1_951' title='bbox 2316 5749 2407 5803; x_wconf 68' lang='grc' dir='ltr'>καὶ</span> <span class='ocrx_word' id='word_1_952' title='bbox 2438 5748 2625 5815; x_wconf 81' lang='grc' dir='ltr'>ἡλικία</span> <span class='ocrx_word' id='word_1_953' title='bbox 2669 5749 2838 5814; x_wconf 79' lang='grc' dir='ltr'>πᾶσα,</span> <span class='ocrx_word' id='word_1_954' title='bbox 2873 5748 2966 5803; x_wconf 76' lang='grc' dir='ltr'>καὶ</span> <span class='ocrx_word' id='word_1_955' title='bbox 2997 5747 3157 5818; x_wconf 83' lang='grc' dir='ltr'>φύσις</span> <span class='ocrx_word' id='word_1_956' title='bbox 3195 5748 3433 5816; x_wconf 80' lang='grc' dir='ltr'>ἐκατέρα</span> 
     </span>
    </p>
   </div>
  </div>
