4082 6422
197 305 305 363 553

198 428 255 474 et
283 420 459 476 omnis
482 429 615 477 tetas
644 462 658 487 ,
681 430 736 476 et
764 429 985 493 uterque
1014 437 1173 478 sexus
1196 422 1516 477 exsilierunt
1538 437 1604 477 ex
1634 421 1790 489 urbe,

198 518 471 582 tamquam
508 522 712 583 patrem
737 527 801 568 ex
852 513 1003 582 longa
1035 513 1459 583 peregrinatione
1487 522 1608 582 post
1649 512 1790 566 mul-

199 609 315 656 tum
345 612 553 672 tempus
572 610 928 658 revertentem
956 603 1245 674 recepturi.
1268 603 1348 659 Ac
1366 618 1461 658 vos
1482 602 1695 672 quidem
1725 603 1791 657 il-

197 694 312 751 lum
335 695 524 750 eodem
554 696 670 750 zelo
695 710 1075 751 succensorum
1102 696 1263 751 σαθιυί
1331 694 1638 751 reddidistis
1656 736 1672 762 ,
1697 695 1792 751 Dei

197 778 331 840 vero
364 785 534 855 gratia
560 795 815 855 perpetuo
844 801 1060 840 manere
1108 784 1214 841 illic
1243 800 1349 840 non
1394 786 1667 855 permisit,
1700 785 1794 841 scd

200 892 390 931 rursus
411 877 562 932 illum
588 878 727 931 ultra
754 878 949 933 ﬂumen
983 878 1058 951 (α)
1086 878 1387 944 transtulit,
1406 886 1462 932 ut
1492 878 1654 932 multa
1682 878 1793 934 loca

200 966 353 1020 suavi
375 966 627 1038 martyris
648 966 811 1021 odore
831 969 1247 1037 complerentur.
1280 966 1464 1036 Neque
1496 982 1643 1033 vero,
1673 982 1796 1022 cum

204 1055 313 1111 huc
336 1056 594 1123 venisset,
624 1057 771 1111 solus
796 1072 1078 1112 mansurus
1094 1056 1192 1111 fuit
1208 1099 1223 1126 ,
1242 1057 1335 1112 sed
1364 1058 1595 1113 vicinum
1618 1057 1799 1113 confe-

201 1150 331 1203 stim
360 1159 415 1205 et
439 1150 903 1215 contubernalem,
931 1149 1227 1221 iisdemque
1254 1151 1491 1205 moribus
1516 1150 1797 1219 pmditum

201 1243 434 1311 accepit.
458 1241 589 1296 Nam
617 1251 670 1297 et
690 1242 931 1311 ejusdem
972 1242 1300 1312 prmfectura:
1332 1243 1597 1311 particeps
1635 1244 1801 1299 factus

204 1343 313 1398 est,
340 1342 395 1388 et
422 1332 679 1403 aequalem
707 1332 960 1403 loquendi
987 1333 1286 1389 libertatem
1312 1333 1365 1388 in
1399 1347 1558 1389 causa
1584 1334 1802 1404 religio-

208 1423 297 1477 nis
326 1423 566 1478 exhibuit
598 1441 611 1477 :
645 1432 971 1494 quapropter
994 1434 1048 1478 et
1074 1424 1214 1478 idem
1246 1438 1308 1479 ac
1335 1424 1449 1494 ipse
1472 1424 1801 1478 domicilium

207 1515 461 1582 obtinuit,
488 1531 594 1569 non
623 1515 839 1582 frustra,
867 1524 925 1570 ut
944 1515 1175 1579 videtur,
1201 1515 1290 1571 hic
1315 1516 1575 1591 mirabilis
1604 1524 1805 1586 marty-

212 1604 290 1658 ris
307 1604 561 1659 imitator.
583 1604 755 1659 Tanto
775 1604 917 1659 enim
940 1614 1181 1674 tempore
1206 1606 1312 1660 illic
1329 1599 1593 1660 laboravit
1614 1605 1680 1661 ad
1706 1605 1810 1660 lm-

214 1704 519 1763 peratorem
544 1694 732 1750 literas
759 1696 998 1761 mittens,
1033 1695 1376 1765 magistratus
1424 1695 1802 1766 interpellans,

212 1794 271 1839 et
291 1786 533 1854 corporis
553 1786 907 1842 ministerium
940 1786 1157 1857 martyri
1185 1785 1454 1843 deferens.
1482 1786 1640 1842 Scitis
1663 1787 1806 1841 enim

216 1876 400 1945 utique
424 1890 488 1931 ac
514 1874 907 1943 recordamini,
952 1891 1057 1946 quo
1103 1885 1257 1946 pacto
1295 1876 1483 1932 aestivo
1538 1886 1810 1947 tempore,

215 1966 345 2020 dum
376 1966 656 2021 meridiani
684 1966 814 2021 solis
843 1966 1006 2021 radiis
1050 1967 1241 2021 caelum
1288 1967 1521 2033 arderet,
1552 1982 1673 2022 cum
1700 1968 1812 2024 suis

216 2058 584 2112 assessoribus
602 2057 825 2128 singulis
850 2057 1038 2113 diebus
1055 2058 1180 2113 illuc
1198 2066 1465 2129 pergeret,
1489 2074 1595 2115 non
1619 2068 1678 2114 ut
1694 2076 1813 2129 spe—

217 2159 393 2205 ctaret
416 2150 613 2217 solum,
636 2150 730 2206 sed
761 2151 921 2206 etiam
950 2159 1007 2205 ut
1028 2151 1079 2205 in
1102 2166 1312 2217 eorum,
1336 2166 1454 2221 qua:
1469 2151 1811 2221 gerebantur,

217 2232 801 2296 consortium'vcniret.
833 2240 966 2296 Nam
998 2250 1052 2297 et
1075 2242 1280 2312 lapides
1300 2242 1498 2312 sa‘pius
1527 2243 1730 2311 attigit,
1761 2254 1817 2298 et

288 2374 363 2435 (ιι)
396 2380 624 2425 Orontem
652 2373 879 2438 intelligit
903 2374 963 2424 ad
982 2389 1131 2438 quem
1156 2375 1354 2425 ﬂuvium
1376 2377 1465 2424 sita
1492 2376 1752 2425 Antiochia.

1004 307 1095 364 DE
1133 308 1193 363 S.
1271 306 1567 374 BABYLA,
1606 306 1880 383 CONTRA
1920 294 2256 363 JULIANUM
2298 304 2386 361 ET
2426 302 2786 361 GENTILES.

3384 300 3492 358 554

1896 420 2077 477 funem
2124 420 2320 485 traxit,
2366 428 2423 476 et
2449 418 2498 474 ei
2540 418 2631 488 qui
2660 424 2929 471 structura
2958 414 3132 483 aliqua
3184 413 3491 483 indigebat,

1897 520 2021 565 ante
2063 511 2209 579 ipsos
2257 510 2530 564 ministros
2554 506 2968 577 obtemperavit.
3000 504 3229 560 Noverat
3258 504 3491 574 quippe,

1897 610 2120 659 noverat
2139 613 2336 672 quanta
2364 601 2464 671 ipsi
2502 598 2693 655 horum
2733 613 2895 654 causa
2923 598 3141 669 praemia
3173 596 3498 651 reservanda

1898 702 2081 750 essent
2108 712 2121 749 :
2144 704 2304 764 atque
2332 691 2531 747 idcirco
2555 692 2610 746 in
2634 692 2891 759 obsequio
2915 690 3169 758 cultuque
3199 700 3498 759 martyrum

1900 786 2317 856 perseverabat,
2346 798 2451 837 non
2473 781 2771 853 splendidis
2796 792 3000 836 tantum
3028 779 3266 835 adificiis
3291 788 3500 833 struen—

1900 876 1984 933 dis
2004 919 2019 943 ,
2048 885 2139 931 aut
2164 875 2436 930 continuis
2467 874 2614 929 festis
2643 872 2999 936 celebrandis,
3024 873 3115 927 sed
3147 871 3337 942 potiori
3366 884 3503 938 qua-

1902 968 2024 1023 dam
2057 967 2137 1021 his
2176 965 2424 1020 omnibus
2455 965 2664 1020 ratione
2693 982 2707 1017 :
2739 979 2970 1034 quanam
3002 963 3088 1017 illa
3119 962 3331 1017 tandem
3360 960 3503 1015 ξ’γί-

1906 1068 2011 1113 tant
2038 1058 2276 1112 imitatur
2304 1056 2518 1111 illorum
2542 1097 2557 1120 ,
2590 1055 2953 1110 fortitudinem
2985 1055 3288 1119 :emulatur,
3321 1068 3385 1109 ac
3410 1067 3505 1123 per

1904 1150 2082 1204 omnia
2107 1149 2391 1218 imaginem
2426 1159 2719 1216 martyrum
2748 1164 2843 1217 pro
2865 1147 3066 1202 viribus
3090 1148 3144 1202 in
3170 1146 3350 1219 seipso
3372 1162 3507 1201 cou-

1905 1250 2105 1296 servat.
2136 1240 2270 1295 Vide
2300 1240 2443 1295 enim
2484 1257 2496 1292 :
2532 1248 2895 1310 exposuerunt
2925 1239 2998 1293 illi
3044 1252 3271 1308 corpora
3300 1246 3508 1292 macta-

1908 1332 2075 1397 liOni;
2103 1341 2159 1386 at
2184 1334 2269 1387 hic
2310 1332 2548 1387 membra
2597 1331 2775 1387 carnis
2811 1330 3193 1397 mortificavit,
3225 1345 3344 1400 quae
3385 1338 3512 1384 sunt

1907 1438 2070 1491 super
2098 1432 2293 1477 terram
2327 1440 2340 1476 :
2365 1423 2673 1477 restiterunt
2701 1422 2775 1476 illi
2804 1420 3033 1476 ﬂamma:
3062 1421 3197 1491 ignis
3216 1462 3231 1483 ,
3257 1420 3344 1474 hic
3364 1420 3509 1489 cupi-

1912 1514 2090 1569 ditatis
2118 1513 2387 1568 ﬂammam
2412 1515 2662 1569 restinxit
2691 1531 2708 1566 :
2735 1522 3039 1585 pugnarunt
3072 1512 3147 1567 illi
3174 1527 3295 1566 cum
3335 1511 3511 1565 denti-

1910 1606 2010 1661 bus
2039 1605 2329 1660 bestiarum
2348 1646 2365 1673 ,
2412 1604 2509 1661 sed
2555 1613 2610 1659 et
2638 1603 2725 1658 hic
2753 1604 3109 1659 smvissimamv
3130 1604 3182 1658 in
3215 1602 3367 1657 nobis
3393 1616 3515 1669 per-

1914 1696 2276 1753 turbationum
2336 1696 2469 1751 iram
2526 1694 2752 1751 sedavit.
2804 1695 3005 1750 llorum
3064 1694 3221 1765 igitur
3272 1694 3512 1747 omnium

1912 1803 2069 1844 causa
2096 1788 2207 1843 Deo
2232 1788 2429 1859 gratias
2454 1803 2673 1859 agamus
2691 1830 2707 1855 ,
2739 1787 2881 1858 quod
2904 1799 2951 1842 et
2979 1796 3243 1859 martyres
3271 1784 3422 1839 nobis
3444 1784 3516 1838 ita

1913 1895 2202 1953 generOSos
2233 1880 2451 1951 largitus
2476 1880 2583 1947 sit,
2617 1890 2672 1937 et
2699 1881 3024 1951 martyribus
3051 1879 3240 1949 dignos
3272 1888 3517 1947 pastores

1915 1971 1982 2025 ad
2037 1971 2556 2026 consummationem
2614 1978 2959 2037 sanctorum,
3009 1971 3060 2023 in
3108 1967 3525 2023 wdiiicationcm

1916 2063 2159 2132 cerporis
2184 2063 2382 2119 Christi
2404 2062 2618 2135 (Ephes.
2648 2064 2701 2119 4.
2723 2062 2836 2135 ιε),
2872 2077 3123 2133 cumquo
3152 2062 3296 2117 Patri
3322 2061 3514 2131 gloria,

1920 2153 2116 2221 honor,
2154 2154 2476 2223 imperium,
2526 2170 2647 2211 cum
2696 2165 2886 2211 sancto
2934 2164 2988 2210 et
3034 2154 3244 2209 vivitico
3282 2152 3516 2222 Spiritu,

1920 2262 2060 2301 nunc
2088 2254 2144 2301 et
2167 2260 2404 2316 semper,
2434 2255 2489 2302 et
2518 2246 2570 2302 in
2594 2248 2788 2303 szecula
2815 2246 3158 2303 saiculorum.
3193 2246 3389 2299 Amen.

994 2586 1337 2669 LIBER
1391 2585 1513 2667 IN
1569 2583 2128 2669 SANCTUM
2182 2589 2747 2695 BABYLAM,

1111 2760 1359 2805 cormu
1404 2760 1752 2816 summum,
1798 2760 1879 2803 ΕΤ
1920 2761 2170 2809 comas
2212 2767 2518 2812 cennrss
2551 2748 2663 2833 (α).

1664 2915 2127 2959 __.,,°-___

313 3031 365 3085 1.
399 3029 655 3085 Dominus
685 3037 869 3083 noster
895 3027 1053 3083 Jesus
1078 3024 1323 3081 Christus
1348 3025 1664 3096 supplicium
1694 3027 1835 3096 jam-
1875 3021 1879 3025 ’

232 3120 345 3190 jam
393 3118 694 3185 subiturus,
747 3126 803 3173 et
845 3126 1018 3173 morte
1046 3115 1251 3170 viviflca
1302 3115 1625 3183 moriturus,
1680 3125 1836 3171 nocte

236 3213 330 3267 illa
363 3218 634 3280 postrema
654 3209 942 3277 discipulos
962 3208 1187 3263 seorsim
1209 3207 1437 3272 vocavit,
1463 3207 1697 3277 ipsisque
1726 3216 1835 3262 tum

238 3306 345 3359 alia
374 3304 540 3357 multa
572 3302 775 3356 monita
797 3300 977 3368 dedit,
1011 3308 1121 3355 tum
1154 3299 1270 3354 hace
1297 3299 1457 3355 etiam
1483 3300 1642 3354 verba
1675 3299 1834 3355 fecit:

240 3398 402 3450 Amen
423 3437 438 3459 ,
483 3410 627 3448 auten
668 3396 781 3448 dico
807 3393 942 3447 vobis
960 3436 973 3459 ,
997 3393 1083 3463 qui
1110 3392 1268 3446 credit
1300 3392 1353 3445 in
1380 3408 1488 3457 me,
1521 3407 1701 3460 Opera,
1728 3406 1842 3459 qua!

242 3504 336 3558 ego
357 3488 493 3557 facio
512 3528 527 3550 ,
556 3496 601 3540 et
629 3487 737 3555 ipse
763 3486 945 3557 faciet,
970 3494 1016 3537 et
1042 3484 1240 3553 majora
1264 3483 1343 3536 liis
1365 3481 1515 3551 faciet
1540 3479 1718 3550 (Joan.
1752 3481 1838 3535 14.

246 3580 362 3647 12).
396 3578 555 3647 Atqui
586 3577 737 3631 multi
765 3576 853 3631 alii
902 3574 1138 3645 magistri
1165 3572 1449 3638 exstitere,
1480 3572 1567 3641 qui
1609 3570 1835 3640 discipu-

246 3672 330 3725 los
358 3669 661 3723 habuerunt
688 3679 742 3723 et
770 3667 1023 3722 miracula
1051 3674 1446 3736 perpetrarunt,
1480 3672 1538 3716 ut
1563 3663 1733 3717 Graeci
1757 3663 1843 3731 ja‘

245 3763 437 3815 ctitant
464 3777 479 3826 ;
514 3770 749 3815 attamen
781 3759 961 3812 nulhts
1000 3772 1184 3812 eorum
1217 3770 1465 3826 umquam
1492 3754 1668 3808 simile
1691 3752 1847 3824 quid-

248 3855 391 3924 piam
419 3853 500 3907 vel
532 3853 766 3922 cogitare
791 3851 876 3905 vel
900 3850 1078 3905 dicere
1104 3864 1264 3904 ausus
1285 3856 1387 3903 est.
1410 3848 1593 3918 Neque
1622 3856 1847 3917 possunt

248 3944 538 4014 quidquam
567 3957 751 3997 eorum
776 3984 791 4007 ,
834 3941 932 3996 etsi
978 3939 1268 3994 admodum
1325 3938 1661 4008 impudentes
1702 3939 1843 4006 sint,

250 4036 647 4106 praedictionem
666 4048 1037 4090 sermonemve
1057 4033 1285 4087 similem
1306 4046 1472 4102 penes
1488 4047 1545 4086 se
1562 4030 1844 4096 exhibere;

250 4129 346 4185 sed
400 4136 610 4199 spectra
661 4124 1035 4181 defunctorum
1078 4132 1520 4193 mortuorumque
1564 4123 1848 4178 simulacra

251 4220 405 4276 multi
448 4235 633 4275 eorum
673 4218 857 4274 dicunt
884 4232 914 4272 a
948 4216 1191 4285 plurimis
1236 4215 1375 4285 apud
1422 4230 1477 4270 se
1522 4214 1848 4270 mirabilium

252 4312 613 4383 patratoribus
639 4309 848 4365 ostendi
872 4325 886 4372 ;
914 4323 1076 4363 voces
1102 4306 1228 4362 item
1256 4322 1285 4361 e
1312 4306 1571 4376 sepulcris
1592 4306 1657 4359 ad
1684 4321 1848 4375 quos-

251 4404 374 4457 dam
401 4402 625 4456 emissas
651 4401 896 4470 jactitant
928 4416 941 4451 :
967 4397 1107 4469 quod
1145 4408 1321 4451 autem
1352 4398 1471 4467 quis
1496 4413 1561 4451 ex
1589 4397 1737 4460 viris,
1760 4395 1851 4467 qui

252 4495 393 4561 apud
420 4510 478 4548 se
502 4494 751 4549 vixerunt
802 4502 858 4548 et
900 4492 1241 4547 admirationi
1272 4491 1434 4545 habiti
1475 4502 1632 4555 sunt,
1662 4500 1752 4543 aut
1783 4505 1848 4544 ex

254 4586 318 4638 iis
339 4599 474 4653 quos
504 4594 624 4653 post
653 4584 933 4638 decessum
968 4583 1100 4638 deos
1129 4590 1539 4651 reputaverunt,
1566 4581 1671 4636 tale
1693 4582 1851 4651 quid-

253 4675 396 4744 piam
425 4673 703 4743 discipulis
732 4674 925 4727 dixerit
952 4714 967 4739 ,
1018 4673 1191 4727 nullus
1220 4688 1406 4727 eorum
1435 4671 1707 4726 affirmare
1750 4687 1846 4725 au-

251 4767 397 4819 deat.
436 4767 662 4820 Causam
691 4774 869 4819 autem
888 4806 902 4829 ,
934 4764 978 4818 si
1006 4765 1209 4833 placet,
1238 4765 1506 4833 aperiam;
1530 4778 1626 4817 cur
1646 4762 1853 4819 scilicet

253 4875 373 4911 cum
398 4866 591 4911 cmtcra
618 4859 797 4911 omnia
831 4856 1169 4925 impudenter
1199 4855 1490 4909 eil‘utierint
1510 4899 1524 4920 ,
1556 4864 1609 4910 et
1656 4855 1851 4926 perfri-

252 4959 335 5001 rta
380 4948 552 5003 fronte
583 4948 791 5001 mentiti
822 4948 959 5013 sint,
995 4947 1127 5002 nihil
1176 4946 1475 5015 hujnsmodi
1520 4948 1852 5003 comminisci

253 5041 366 5094 ausi
397 5041 523 5095 sint.
557 5039 673 5094 Non
700 5041 842 5095 enim
874 5041 969 5094 abs
1001 5055 1057 5094 re
1077 5082 1091 5104 ,
1125 5054 1296 5110 neque
1341 5040 1456 5093 sine
1494 5038 1720 5107 quadam
1763 5056 1853 5094 ra-

256 5134 401 5186 tione
421 5146 450 5184 a
484 5133 574 5186 tali
600 5142 905 5185 commento
936 5131 1278 5195 abstinuere;
1309 5129 1403 5184 sed
1433 5139 1609 5185 astute
1635 5130 1852 5199 conspi-

255 5224 359 5278 cati
392 5233 514 5276 sunt
542 5222 775 5292 pestiferi
808 5222 881 5275 illi
912 5223 1157 5276 homines
1177 5237 1296 5276 cum
1316 5262 1331 5287 ,
1360 5222 1447 5290 qui
1474 5220 1647 5274 fucum
1679 5220 1855 5276 facere

256 5314 417 5378 velit,
453 5323 703 5381 oportere
728 5313 1021 5382 probabilia
1052 5315 1317 5383 quaedam,
1340 5322 1395 5366 et
1421 5310 1643 5364 fallaci-.c
1674 5311 1851 5380 plena,

253 5422 375 5474 quae
418 5403 572 5460 facile
602 5422 705 5460 non
732 5405 931 5473 possint
968 5403 1081 5457 falsi
1111 5404 1294 5472 argui,
1327 5403 1586 5471 proferre.
1616 5400 1747 5454 Nam
1801 5401 1854 5454 in

256 5514 407 5551 more
432 5506 514 5552 est
540 5505 600 5551 ut
619 5498 853 5567 piscibus
880 5498 1169 5565 avibusque
1198 5495 1563 5573 callidioribus
1594 5509 1698 5548 non
1727 5492 1854 5547 nudi

318 5650 929 5715 (r1)Atreituliinustgodiccs
965 5659 1111 5715 negg.
1146 5651 1281 5712 1675,
1306 5650 1447 5710 255,
1482 5649 1620 5709 ΜΠ,
1650 5657 1700 5701 et
1722 5648 1852 5699 Colb.

254 5708 532 5771 951,293.

1943 3027 2086 3082 hami
2109 3038 2493 3101 proponantur,
2517 3030 2611 3086 sed
2644 3045 2765 3087 esca
2796 3031 3081 3101 obtegente
3112 3029 3184 3083 illi
3224 3027 3533 3097 capiantur,

1942 3128 2102 3188 atque
2129 3120 2199 3174 ita
2219 3120 2433 3176 venatio
2460 3130 2684 3191 utraque
2713 3137 2970 3191 prOSperc
2987 3120 3142 3175 cedat
3162 3138 3175 3185 ;
3194 3120 3239 3173 si
3270 3134 3399 3174 vero
3414 3133 3540 3172 con-

1945 3210 2127 3279 spicua
2156 3212 2288 3266 retia
2315 3222 2529 3279 essent,
2564 3228 2736 3283 neque
2774 3213 2948 3283 pisces
2990 3226 3162 3280 neque
3206 3225 3331 3265 aves
3368 3208 3542 3263 irreti-

1945 3309 2133 3356 rentur
2163 3318 2443 3373 umquam,
2473 3304 2581 3358 imo
2611 3319 2739 3358 vero
2768 3319 2836 3358 ne
2880 3303 2959 3356 vel
3010 3301 3271 3356 tantillum
3317 3299 3544 3355 accede-

1948 3400 2102 3458 rent;
2132 3393 2225 3449 sed
2268 3402 2377 3449 tum
2410 3394 2641 3465 piscator
2660 3435 2674 3460 ,
2709 3402 2819 3448 tum
2845 3401 3067 3448 venator
3096 3392 3275 3448 vacuis
3301 3390 3546 3445 manibus

1950 3483 2208 3539 redirent.
2234 3484 2367 3554 Quia
2405 3487 2567 3558 igitur
2609 3486 2721 3541 illis
2748 3488 2799 3540 in
2831 3486 3105 3556 proposito
3148 3492 3265 3539 erat
3300 3482 3547 3537 homines

1950 3589 2049 3629 ceu
2075 3590 2270 3647 sagena
2292 3592 2487 3647 capere
2510 3620 2526 3645 ,
2558 3592 2665 3633 non
2694 3576 2890 3631 nudam
2914 3575 3174 3630 fallaciam
3200 3577 3251 3628 in
3277 3575 3431 3643 hujus
3472 3574 3547 3626 vi-

1952 3677 2020 3725 tae
2045 3670 2269 3740 pelagus
2308 3669 2599 3739 immisere,
2632 3670 2724 3725 sed
2752 3671 2816 3725 iis
2840 3669 3084 3725 confictis
3112 3683 3177 3721 ac
3200 3666 3511 3738 compositis
3531 3706 3545 3730 ,

1952 3760 2145 3831 quibus
2172 3771 2391 3832 possent
2420 3762 2870 3832 imprudentiores
2898 3775 3112 3831 capere,
3141 3759 3363 3813 ulterius
3394 3772 3549 3810 men-

1953 3851 2108 3907 dacio
2136 3853 2383 3923 progredi
2410 3853 2852 3924 supersederunt,
2876 3852 3033 3908 veriti
3066 3866 3132 3907 ne
3168 3851 3302 3904 ultra
3332 3850 3549 3903 modum

1955 3945 2337 4013 procederent,
2370 3955 2795 4016 metuentesque,
2828 3960 2895 3999 ne
2922 3944 3277 4014 posteriorum
3309 3940 3551 3996 fraudum

1956 4034 2311 4091 immoderato
2333 4051 2431 4091 usu
2480 4036 2684 4105 priores
2723 4035 3117 4091 subverterent.
3146 4032 3279 4087 Nam
3308 4032 3354 4087 si
3384 4031 3551 4086 dixis-

1956 4137 2077 4183 sent
2121 4143 2341 4184 suorum
2390 4128 2694 4200 quempiam
2728 4143 2841 4183 rem
2883 4126 3047 4182 talem
3080 4125 3372 4195 pollicitum
3402 4138 3552 4188 esse,

1955 4221 2168 4290 qualem
2194 4220 2468 4291 discipulis
2495 4221 2751 4275 Servator
2773 4229 2957 4274 noster
2986 4216 3270 4288 promisit,
3300 4216 3459 4269 etiam
3490 4214 3556 4268 iis

1957 4327 2092 4382 quos
2122 4314 2592 4381 deceperant'sese
2641 4312 2899 4367 ridiculOs
2948 4308 3339 4381 praebuissent,
3374 4316 3556 4376 utpote

1960 4406 2048 4474 qui
2071 4420 2138 4458 ne
2164 4404 2471 4458 verisimilia
2499 4404 2713 4474 quidem
2746 4402 2957 4456 mentiri
2992 4410 3241 4471 possent:
3269 4399 3390 4452 talia
3414 4398 3555 4451 enim

1959 4496 2254 4567 praedicere
2298 4506 2459 4565 atque
2513 4504 2771 4566 praestare
2796 4493 2864 4547 ad
2894 4494 3105 4549 beatam
3138 4492 3280 4545 illam
3307 4492 3556 4544 virtutem

1959 4590 2127 4643 Solam
2157 4589 2407 4658 pertinet.

2034 4682 2289 4736 Humana:
2335 4680 2610 4735 Gentilium
2664 4679 2897 4733 victimae.
2929 4675 3177 4744 —Quod
3234 4675 3277 4728 si
3338 4686 3560 4745 potuere

1960 4774 2087 4829 olim
2116 4774 2390 4827 daemones
2422 4773 2485 4825 iis
2507 4814 2519 4837 ,
2561 4786 2696 4841 quos
2725 4771 3047 4839 deceperant
3066 4809 3081 4833 ,
3125 4766 3365 4821 nonnihil
3394 4764 3561 4836 phan-

1964 4870 2203 4922 tasmatis
2225 4867 2477 4921 exhibere
2500 4906 2515 4932 ,
2565 4865 2615 4918 id
2650 4874 2772 4919 tunc
2797 4863 3013 4926 evenit,
3044 4876 3165 4915 cum
3196 4859 3410 4913 luminis
3441 4858 3561 4912 fons

1962 4961 2120 5030 vulgo
2164 4959 2403 5017 nondqu
2453 4959 2695 5028 cognitus
2740 4965 2904 5011 esset.
2960 4954 3052 5008 lllo
3092 4954 3288 5023 quippe
3322 4962 3562 5020 tempore

1961 5064 2072 5107 tum
2102 5069 2167 5108 ex
2197 5052 2315 5106 aliis
2338 5051 2579 5117 fallaciis,
2610 5058 2718 5103 tum
2743 5063 2807 5103 ex
2838 5044 2967 5116 ipsis
2988 5046 3264 5099 sacriﬁciis
3285 5053 3559 5097 ostensum

1960 5156 2043 5201 est
2068 5161 2159 5207 ea.
2195 5161 2312 5215 qua:
2340 5144 2658 5215 gerebantur
2679 5183 2693 5205 ,
2720 5142 3024 5196 daemonum
3065 5153 3225 5207 opera
3258 5153 3396 5191 esse.
3428 5134 3560 5190 Nam

1962 5238 2107 5307 quod
2137 5237 2371 5290 lunnano
2392 5236 2652 5304 sanguine
2676 5248 2800 5288 aras
2828 5248 2952 5285 snas
2982 5231 3250 5285 cruentari
3274 5230 3523 5297 juberent
3544 5268 3557 5288 ,

1964 5340 2018 5383 et
2055 5345 2085 5383 a
2115 5328 2492 5399 generantibus
2518 5326 2652 5379 taies
2678 5323 2779 5379 sibi
2813 5323 2985 5393 parari
3027 5320 3270 5374 victimas
3307 5320 3563 5388 pra-cipe‘

1964 5430 2103 5482 rcnt.
2133 5421 2182 5474 id
2209 5435 2367 5489 quam
2391 5418 2611 5473 insania:
2638 5416 2870 5483 speciem
2901 5430 3004 5469 non
3032 5410 3266 5466 obruat?
3292 5411 3391 5478 Qui
3420 5410 3561 5463 enim

1962 5514 2359 5569 calamitatibus
2416 5511 2617 5565 nostris
2673 5522 2964 5578 numquam
3020 5506 3281 5560 satiantur
3314 5545 3329 5568 .
3390 5517 3563 5570 neque

1965 5610 2127 5663 ullum
2184 5607 2342 5661 finem
2389 5605 2743 5659 terminumvc
2790 5609 2994 5672 ponunt
3040 5600 3183 5654 bello
3235 5606 3421 5651 contra
3468 5610 3563 5646 nis

1967 5702 2199 5769 indicto,
2227 5701 2317 5758 sed
2349 5698 2637 5756 immortali
2670 5711 2879 5765 semper
2913 5694 3059 5750 rabie
3089 5692 3263 5760 ducti,
3294 5706 3353 5745 ac
3386 5688 3428 5742 si
3459 5701 3563 5741 non
