4082 6428
592 271 695 331 535

588 384 720 437 satis
744 385 814 440 sit
835 384 907 441 ad
922 400 1103 443 eorum
1126 390 1442 461 explendum
1462 399 1715 467 animum,
1740 405 1876 473 quod
1908 407 2155 467 mulieres

585 486 639 528 et
670 478 869 544 parvuli
907 480 1081 534 ovium
1124 482 1386 556 boumque
1428 489 1544 544 loco
1577 493 1647 545 ad
1674 509 1791 549 aras
1817 510 1938 550 suas
1974 498 2153 554 immo-

589 562 791 629 lentur,
838 582 1028 623 novam
1078 571 1347 628 homicidii
1395 577 1723 648 iniquitatem
1767 585 2126 655 excogitarunt

592 653 990 728 inauditamque
1042 658 1354 719 calamitatis
1408 668 1671 726 induxere
1721 653 1955 729 modum.
2016 676 2160 743 Quos

585 744 738 797 enim'
760 760 855 815 par
871 759 988 802 erat
1016 762 1407 821 peremptorum
1435 759 1608 814 aedes
1630 760 1829 831 lugere,
1852 764 1916 820 iis
1944 781 2163 835 persua-

583 843 705 885 scre
749 842 803 887 ut
840 835 905 889 ad
949 839 1194 893 miseram
1237 842 1379 897 illam
1423 847 1746 902 subeundam
1797 852 1996 907 caedem
2040 869 2160 911 sese

586 919 835 976 offerrent
858 940 871 989 ;
904 934 1063 995 utque
1084 943 1187 983 non
1215 926 1357 1001 leges
1381 935 1538 989 modo
1557 936 1624 990 ab
1648 937 1949 1005 hominibus
1973 945 2156 1011 posita:

584 1009 946 1079 violarentur,
1008 1016 1150 1084 ipsas
1216 1035 1427 1090 quoque
1484 1034 1685 1079 natura:
1733 1027 1873 1097 leges
1924 1028 2159 1087 funditus

582 1099 997 1168 destruxerunt',
1042 1106 1209 1175 ipsam
1258 1111 1535 1167 adversum
1565 1129 1625 1169 se
1654 1124 1893 1171 naturam
1932 1124 2156 1189 grassari

586 1200 832 1245 curantes
854 1231 870 1255 ,
912 1194 1258 1266 omniumque
1301 1200 1725 1257 scelestissimam
1752 1205 1949 1261 caedem
1980 1208 2032 1262 in
2063 1211 2157 1262 ho-

586 1277 785 1331 minum
820 1279 980 1336 vitam
1027 1282 1353 1341 indecentes.
1374 1286 1563 1345 Nullos.
1591 1293 1735 1347 enim
1774 1294 2015 1351 inimicos
2040 1312 2157 1366 per-

582 1366 708 1421 inde
753 1374 912 1440 atque
954 1382 1199 1440 parentes
1240 1385 1363 1431 tunc
1405 1377 1759 1437 formidabant
1801 1398 1988 1440 omnes
2031 1402 2045 1440 :
2092 1401 2155 1441 ac

585 1459 777 1527 quibus
803 1463 1028 1518 maxime
1067 1464 1336 1522 fidendum
1366 1478 1513 1535 crat,
1556 1487 1648 1527 eos
1676 1476 1726 1528 in
1756 1476 1940 1545 primis
1962 1493 2152 1546 suspe-

582 1558 697 1602 ctos
729 1549 989 1606 habebant
1020 1561 1073 1607 et
1098 1558 1499 1614 aversabantur.
1529 1561 1800 1632 Siquidem
1829 1565 2012 1619 nefarii
2043 1566 2155 1621 dae-

580 1652 767 1692 mones
790 1680 804 1702 ,
835 1655 933 1711 per
960 1657 1079 1710 qua:
1120 1644 1256 1700 Deus
1284 1647 1400 1703 illos
1426 1648 1492 1703 ad
1524 1650 1680 1721 hujus
1708 1654 1888 1710 mundi
1914 1666 2157 1711 contem-

580 1725 869 1793 plationem
912 1729 1224 1801 induxerat,
1273 1751 1368 1804 per
1409 1739 1593 1793 eadem
1625 1742 1691 1795 ab
1718 1743 1977 1811 ejusmodi
2014 1746 2156 1801 dono

582 1814 812 1883 dejicere
848 1820 1181 1889 satagebant,
1224 1818 1472 1881 dum'eos
1500 1829 1586 1897 qui
1612 1831 1774 1885 vitam
1819 1832 2156 1891 ministrave-

580 1906 751 1970 rant,’
778 1907 964 1963 mortis
1006 1920 1249 1967 auctores
1289 1918 1713 1987 constituerent,
1763 1922 2036 1981 declarare
2064 1942 2150 1982 vo-

580 1992 772 2060 lentes,
804 1996 932 2050 nihil
960 2013 1052 2054 eos
1077 2003 1303 2071 amplius
1330 2022 1393 2060 ex
1419 2007 1509 2061 Dei
1537 2009 1771 2067 bonitate
1797 2028 2154 2085 consequulos

583 2095 703 2138 esse
732 2102 744 2137 :
775 2097 829 2139 ut
856 2089 942 2155 qui
972 2104 1075 2143 non
1107 2092 1225 2145 aliis
1250 2109 1382 2162 opus
1410 2094 1665 2153 haberent
1692 2101 2116 2161 interfectoribus
2135 2147 2151 2173 ,

581 2186 737 2241 quam
768 2178 1088 2243 parentibus.
1126 2181 1248 2236 llaec
1289 2187 1495 2240 etiamsi
1533 2202 1779 2260 maguum
1812 2194 2020 2264 aliquod
2054 2199 2153 2252 mi-

578 2265 819 2320 raculum
861 2268 1238 2339 subsequutum
1286 2273 1473 2332 fuisset
1522 2277 1613 2349 (ne
1656 2282 1826 2337 dicam
1874 2294 2147 2341 ostensum

579 2353 743 2409 fuisse
764 2395 779 2420 ,
822 2371 933 2410 rem
966 2359 1205 2428 exiguam
1232 2377 1293 2416 ac
1324 2365 1471 2419 nihili
1517 2367 1808 2425 faciendam
1832 2411 1851 2441 ,
1888 2376 2153 2446 multaque

579 2446 786 2515 plenam
818 2444 1041 2505 fallacia,
1070 2453 1259 2523 esse);
1311 2456 1403 2509 sed
1443 2458 1647 2513 etiamsi
1684 2451 1811 2518 vere
1851 2480 2035 2535 magna
2064 2484 2153 2537 pa-

578 2543 712 2588 trata
753 2533 1007 2605 fuissent,
1037 2555 1097 2595 ea
1131 2556 1257 2596 sane
1282 2559 1399 2613 qua:
1426 2547 1564 2613 dixi,
1608 2549 1671 2603 iis
1697 2552 1883 2608 saltem
1914 2533 2003 2625 qui
2042 2574 2147 2613 non

578 2636 757 2680 mente
794 2629 933 2696 capti
977 2641 1130 2697 sunt,
1161 2633 1524 2693 demonstrare
1554 2653 1796 2707 possunt,
1830 2647 2039 2715 quinam
2066 2664 2153 2703 es-

576 2726 696 2768 sent
724 2717 811 2785 qui
843 2718 960 2772 talia
988 2735 1226 2790 agerent,
1254 2740 1408 2793 quam
1440 2727 1701 2797 flagitiosi,
1725 2749 1883 2802 quam
1912 2739 2147 2804 scelesti,

574 2806 661 2871 qui
701 2806 828 2860 nihil
860 2825 961 2862 non
987 2813 1295 2869 molirentur
1319 2816 1385 2870 ad
1414 2827 1645 2876 nostram
1677 2833 1950 2896 statusque
1981 2831 2147 2883 nostri

575 2895 994 2954 subversiouem.

647 2986 701 3038 2.
729 2985 955 3043 Christus
983 2992 1133 3045 etiam
1163 2992 1440 3051 Gentilibus
1466 2998 1594 3053 bona
1614 3004 2015 3061 contulit.—At
2048 3008 2149 3062 Do-

579 3074 756 3128 minus
783 3088 961 3132 noster
999 3081 1153 3137 Jesus
1197 3086 1328 3138 nihil
1371 3088 1478 3141 tale
1521 3090 1801 3159 imperavit
1842 3095 2023 3161 nobis;
2055 3099 2147 3153 sed

578 3163 835 3219 mirabilis
863 3182 981 3221 cum
1018 3171 1083 3223 sit
1110 3172 1178 3225 ob
1209 3175 1445 3245 prodigia
1466 3217 1481 3241 ,
1526 3193 1624 3231 nec
1668 3180 1843 3236 minus
1872 3187 2150 3254 praeceptis

574 3270 730 3324 quam
763 3257 924 3326 signis
949 3260 1314 3328 admirandus,
1358 3265 1478 3334 jure
1502 3262 1570 3323 ab
1597 3269 1840 3326 omnibus
1868 3274 2146 3343 adoretur,

575 3361 636 3401 ac
661 3348 797 3402 Deus
814 3364 930 3404 esse
950 3352 1217 3407 credatur.
1249 3354 1395 3410 llanc
1414 3357 1553 3411 enim
1578 3358 1898 3429 impietatem
1921 3364 2147 3421 adventu

572 3443 686 3512 ipse
715 3460 811 3498 suo
836 3447 1025 3501 solvit:
1049 3449 1294 3518 quodque
1320 3452 1616 3508 mirabilius
1640 3465 1741 3519 est,
1773 3471 1800 3509 a
1828 3456 1936 3513 fera
1968 3460 2058 3513 illa
2091 3470 2144 3516 et

578 3534 793 3587 immani
843 3538 1122 3606 tyrannide
1166 3553 1269 3592 non
1314 3556 1412 3595 nos
1459 3552 1681 3607 tantum,
1731 3547 1817 3615 qui
1864 3548 2147 3605 adoramus

573 3636 715 3686 cum,
746 3623 837 3677 sed
868 3626 1023 3679 etiam
1052 3641 1163 3693 eos,
1190 3630 1279 3696 qui
1309 3630 1477 3699 ipsum
1505 3632 1830 3702 blasphemis
1857 3637 2012 3692 dictis
2039 3640 2141 3693 im-

574 3720 793 3778 petunt,
844 3714 1085 3769 liberavit
1112 3733 1124 3768 :
1151 3732 1321 3786 neque
1364 3720 1504 3773 enim
1549 3720 1834 3778 Gentilium
1870 3728 2144 3796 quisquam

574 3800 706 3853 tales
736 3802 933 3856 hostias
972 3805 1299 3860 daemonibus
1332 3809 1441 3863 suis
1472 3809 1995 3879 posthac‘tmmolare
2020 3835 2145 3875 coa-

576 3898 692 3942 etus
736 3900 817 3959 est
841 3909 853 3944 :
879 3900 1018 3946 tanta
1050 3909 1240 3964 nempe
1270 3912 1395 3951 usus
1438 3910 1519 3955 est
1561 3917 1683 3972 erga
1714 3919 1879 3973 genus
1904 3919 2142 3965 nostrum

575 3980 930 4050 benignitate;
963 3985 1268 4057 majoraque
1299 3989 1433 4043 bona
1470 3991 1607 4046 Deus
1635 3995 1860 4052 inimicis
1888 4000 1998 4054 suis
2020 4016 2146 4055 cou-

574 4072 720 4138 tulit,
753 4089 909 4141 quam
949 4076 1086 4129 mala
1114 4075 1385 4135 daemones
1413 4082 1615 4137 amicis.
1651 4084 1926 4142 Daemones
1955 4090 2147 4160 quippe

571 4176 694 4224 eos,
726 4164 813 4231 qui
853 4178 909 4217 se
949 4165 1182 4221 colerent
1212 4176 1264 4221 et
1290 4168 1633 4239 honorarent,
1664 4175 1727 4227 ad
1761 4178 2008 4245 preprios
2030 4195 2147 4234 ma-

572 4251 795 4305 ctandos
834 4253 970 4306 filios
1008 4266 1324 4323 coegerunt;
1371 4258 1615 4315 Christus
1650 4278 1775 4318 vero
1810 4267 2140 4325 adversarios

573 4355 698 4392 suos
721 4341 801 4393 his
824 4344 1097 4411 prmceptis
1124 4344 1316 4401 liberos
1340 4363 1458 4402 esse
1483 4353 1703 4417 curavit,
1731 4362 1785 4409 et
1811 4355 1959 4411 ferini
1982 4359 2137 4412 mini-

570 4430 716 4482 sterii
746 4430 1125 4486 immunitatem
1144 4475 1157 4497 ,
1191 4444 1244 4488 et
1273 4450 1453 4503 pacem
1501 4439 1636 4496 hanc
1665 4443 1958 4501 mirabilem
1984 4489 1999 4511 ,
2032 4465 2137 4503 non

570 4519 681 4571 suis
710 4518 865 4572 modo
885 4523 1129 4587 contulit,
1152 4524 1243 4578 sed
1267 4536 1319 4578 et
1338 4528 1521 4582 alienis
1538 4534 1781 4599 praestitit
1813 4554 1824 4588 :
1854 4538 2139 4595 ostendens

571 4610 691 4664 illos
730 4620 981 4681 tyrannos
1026 4621 1232 4684 generis
1283 4623 1443 4674 nostri
1490 4622 1669 4679 hostes
1707 4636 1762 4680 et
1803 4639 2138 4700 corruptores

570 4714 717 4756 esse:
767 4714 1090 4772 quaprOpter
1117 4708 1273 4759 etiam
1305 4708 1386 4773 iis,
1420 4712 1504 4777 qui
1537 4712 1633 4765 sibi
1664 4715 1954 4781 luerebant,
1987 4735 2136 4787 quaSl

570 4789 759 4845 alienis
812 4793 1125 4859 utebantur,
1164 4797 1319 4851 alieni
1362 4802 1553 4869 quippe
1608 4818 1788 4857 revera
1833 4818 2002 4861 erant.
2049 4811 2140 4863 Ille

569 4894 696 4932 vero
738 4895 827 4933 rex
872 4892 1077 4937 creator
1112 4893 1166 4938 et
1206 4898 1442 4941 servator
1473 4892 1632 4944 totius
1676 4896 1881 4961 generis
1924 4896 2139 4953 humani

567 4980 721 5034 erat;
774 4971 996 5040 ideoque
1034 4975 1101 5027 ab
1144 4989 1202 5029 se
1230 4978 1414 5032 alienis
1439 4981 1585 5049 quasi
1618 4985 1843 5051 propriis
1885 4992 2136 5056 pepercit.

566 5048 775 5115 Etenim
806 5065 1073 5132 proprium
1105 5068 1218 5135 ejus
1240 5069 1501 5134 opificium
1534 5081 1650 5124 erat
1683 5073 1905 5129 humana
1931 5091 2134 5145 natura,

566 5154 1325 5224 quemadmodumdiscipulus
1352 5159 1465 5225 ejus
1496 5161 1603 5213 ait:
1636 5160 1701 5214 In
1731 5167 1934 5233 propria
1974 5171 2135 5232 venit,

566 5252 611 5293 et
638 5243 717 5294 sui
745 5258 859 5294 eum
888 5261 987 5297 non
1017 5259 1307 5315 receperunt
1335 5248 1510 5319 (Joan.
1550 5253 1595 5304 l.
1630 5254 1734 5322 ll).
1767 5255 1887 5322 Ejus
1911 5274 2033 5311 vero
2061 5270 2139 5314 to-

567 5341 671 5384 tam
713 5334 763 5385 iu
806 5349 900 5386 nos
928 5334 1260 5390 clementiam
1311 5356 1561 5395 enarrare
1608 5358 1711 5395 non
1754 5354 1832 5398 est
1863 5352 2137 5415 prasentis

569 5424 856 5487 temporis;
889 5424 980 5476 sed
1023 5427 1225 5480 etiamsi
1252 5444 1345 5496 per
1371 5444 1555 5482 cum-ta
1589 5433 1775 5485 secula
1807 5436 1870 5489 de
1903 5438 1987 5489 illa
2021 5440 2137 5506 quis

568 5514 891 5578 loqueretur,
913 5514 1114 5567 etiamsi
1139 5527 1334 5570 tantam
1362 5520 1575 5574 haberet
1603 5524 1870 5589 virtutem,
1889 5538 2134 5594 quantum

569 5618 660 5662 par
685 5611 763 5654 est
793 5602 1130 5671 incorporeas
1170 5607 1282 5659 illas
1312 5608 1504 5663 habere
1540 5614 1755 5665 virtutes
1778 5655 1790 5676 ,
1826 5629 1890 5667 ne
1922 5616 1994 5668 sic
2024 5619 2139 5684 qui»

564 5687 682 5743 ἀνω
713 5693 851 5746 illam
876 5710 970 5763 pro
994 5695 1245 5766 dignitate
1272 5712 1445 5767 posset
1469 5704 1723 5772 attingere
1764 5710 1926 5771 Quam
1961 5708 2128 5765 bonus

1287 283 1345 341 S.
1382 283 1659 347 JOANNIS
1692 290 2163 354 Cl‘mYSOSTOMl
2200 300 2516 365 ARClllEP.
2556 312 3085 381 CONSTAN'I‘INOP.

2273 416 2413 521 enim
2446 421 2545 485 sit,
2576 423 2686 491 ipse
2718 429 2862 484 solus
2901 437 3077 499 uorit‘.
3106 441 3530 514 quandoquidem
3561 450 3671 521 ipse
3698 459 3827 514 ειιῐιη

2271 504 2341 612 ita
2372 507 2541 564 bonus
2569 524 2670 567 est.
2706 516 2834 573 Vide
2879 523 3037 592 igitur
3072 504 3191 598 quae
3228 504 3382 589 verba
3413 504 3828 612 discidit—lisque.-

2270 595 2403 653 ferat
2431 621 2445 657 :
2476 603 2655 671 Amen,
2678 623 2824 664 amen
2843 614 2955 668 dico
2981 595 3137 687 vobis,
3162 624 3250 693 qui
3267 627 3422 681 credit
3450 630 3506 684 in
3533 595 3633 697 me,
3664 595 3826 704 etiam,

2267 707 2379 759 qua?
2395 709 2486 763 ego
2511 696 2663 763 facio,
2686 709 2733 754 et
2752 704 2860 773 ipse
2887 710 3058 778 faciet,
3088 723 3138 767 et
3162 716 3240 769 Itis
3267 720 3463 789 majora
3488 724 3642 792 faciet
3665 696 3827 797 (fecit;

2268 782 2363 884 115..
2386 782 2499 885 t2).
2524 784 2705 858 Neque
2729 795 2870 849 enim
2903 806 3100 855 tantum
3132 803 3234 859 illis
3260 782 3829 886 honoriscoutu‘liSset,

2267 871 2365 926 nisi
2404 874 2659 936 immensa
2706 881 2942 941 bonitate
2979 892 3227 957 praeditus
3260 909 3422 953 esset.
3452 899 3609 966 Quod
3643 904 3687 958 si
3724 871 3832 973 quis

2265 958 2554 1020 dubitando
2577 981 2780 1037 quaerat
2803 986 2833 1026 a
2855 975 3026 1043 nobis,
3046 980 3259 1036 ubinam
3291 984 3447 1040 finem
3461 958 3714 1048 habuerit

2264 1054 2567 1121 oraculum,
2596 1069 2815 1130 accepto
2841 1064 3010 1133 libro,
3047 1070 3131 1124 cui
3174 1087 3366 1129 nomen
3398 1078 3531 1131 Acta
3573 1086 3834 1151 apostolo-

2263 1156 2415 1211 rum,
2442 1147 2531 1215 qui
2562 1164 2666 1204 non
2709 1155 2946 1210 omnium
2967 1199 2983 1224 ,
3013 1160 3106 1215 sed
3135 1164 3291 1219 unius
3318 1167 3398 1221 vel
3426 1168 3661 1227 duorum
3688 1186 3795 1229 acta
3815 1218 3832 1241 ,

2261 1244 2429 1300 eaque
2459 1251 2563 1291 non
2596 1239 2669 1294 ita
2699 1244 2862 1298 multa
2891 1250 3126 1305 continet
3148 1292 3164 1315 ,
3197 1253 3396 1309 videbit
3420 1270 3656 1328 aegrotos
3683 1263 3733 1316 in
3763 1239 3832 1317 le;

2262 1321 2415 1375 ctulis
2440 1322 2835 1397 decumbentes,
2869 1335 3187 1406 umbrasque
3214 1321 3498 1400 beatorum
3523 1348 3735 1404 illorum
3758 1356 3831 1407 vel

2261 1411 2384 1464 solo
2422 1419 2563 1468 tactu
2609 1418 2887 1475 sanitatem
2915 1425 3243 1495 restituisse;
3272 1434 3578 1505 multosque
3620 1439 3835 1494 furiosos

2262 1499 2407 1555 Pauli
2435 1504 2633 1560 tantum
2658 1510 2986 1569 vescimentis
3005 1518 3071 1572 ab
3097 1521 3328 1588 agitante
3356 1538 3416 1580 se
3442 1499 3692 1586 daemone
3715 1532 3831 1586 libe-

2260 1603 2424 1649 ratos.
2449 1595 2598 1661 Quod
2630 1601 2674 1653 si
2702 1603 2819 1670 quis
2846 1604 2957 1659 lucc
2982 1606 3155 1661 fucum
3181 1626 3301 1668 esse
3325 1614 3463 1670 dicat
3491 1632 3549 1672 et
3577 1631 3836 1689 portento-

2260 1696 2379 1735 rum
2408 1684 2656 1753 figmenta
2686 1705 2791 1745 non
2820 1695 3112 1763 credibilia,
3145 1699 3228 1753 vel
3253 1716 3313 1755 ea
3341 1719 3461 1773 qua:
3482 1684 3631 1763 nunc
3663 1712 3834 1765 viden-

2262 1779 2348 1825 tur
2376 1775 2504 1827 satis
2530 1785 2653 1831 sunt
2680 1779 2745 1833 ad
2773 1780 3141 1852 blasphemum
3169 1788 3284 1858 ejus
3310 1808 3371 1847 os
3401 1795 3760 1854 obturanduin
3788 1813 3835 1856 et

2259 1862 2703 1935 confundendum,
2732 1880 2785 1927 et
2809 1873 2875 1927 ad
2901 1864 3152 1933 eﬂ'renem
3180 1881 3293 1949 ejus
3324 1883 3559 1955 linguam
3591 1892 3837 1947 cohiben-

2258 1949 2404 2008 dam.
2432 1954 2581 2010 Nulla
2607 1959 2746 2014 cnim
2770 1962 2821 2016 in
2844 1963 2972 2018 orbe
2999 1979 3181 2024 nostro
3210 1981 3289 2025 est
3318 1949 3483 2043 regio,
3520 1979 3669 2034 nulla
3688 1996 3835 2052 gens,

2258 2044 2399 2098 nulla
2429 2048 2587 2114 urbs,
2634 2050 2721 2105 ubi
2760 2052 2873 2108 haec
2901 2056 3153 2113 miracnta
3184 2076 3287 2115 non
3314 2066 3657 2125 celebrentur
3684 2088 3698 2123 :
3725 2089 3834 2143 qua:

2256 2134 2436 2203 utique
2471 2136 2516 2190 si
2546 2136 2792 2207 figmenta
2817 2154 3027 2211 essent,
3057 2164 3163 2204 non
3204 2151 3543 2212 admirationi
3586 2134 3835 2216 habet-en»

2259 2228 2361 2275 tur.
2390 2223 2552 2293 Cujus
2596 2230 2673 2283 rei
2717 2233 3075 2291 testimonium
3107 2254 3200 2294 vos
3244 2242 3343 2311 ipsi
3388 2246 3651 2303 exhibere
3686 2259 3834 2319 pote-

2256 2313 2389 2367 stis:
2422 2329 2529 2369 non
2559 2318 2699 2371 enim
2731 2319 2886 2376 fidem
2927 2326 3139 2383 aliunde
3168 2333 3396 2386 mutuari
3434 2350 3575 2403 opus
3618 2313 3831 2393 habebi-

2256 2417 2374 2459 mus
2396 2443 2410 2469 ,
2441 2420 2560 2460 cum
2590 2423 2685 2463 vos
2729 2410 2922 2468 inimici
2952 2419 3115 2470 nostri
3146 2434 3263 2474 eam
3296 2423 3668 2481 cxhibueritis.
3697 2429 3833 2493 Cur,

2255 2508 2436 2563 quzeso
2458 2538 2473 2561 ,
2505 2497 2840 2557 Zoroastrem
2896 2503 2973 2578 (τι)
3002 2508 3148 2563 illum
3176 2521 3229 2564 et
3256 2512 3529 2571 Zamolxie
3573 2522 3724 2575 multi
3768 2538 3830 2578 nc

2255 2588 2470 2642 nomine
2499 2591 2708 2659 quidem
2738 2605 2971 2663 norunt,
3004 2599 3110 2655 imo
3139 2606 3346 2659 nonnisi
3376 2606 3666 2665 admodum
3688 2616 3833 2682 pauci

2256 2670 2487 2734 norunt?
2512 2697 2688 2738 nonne
2724 2687 2844 2756 quia
2888 2687 3135 2758 figmenta
3175 2707 3326 2751 erant
3371 2703 3550 2755 omnia
3574 2744 3586 2764 ,
3620 2670 3739 2773 qua:
3767 2706 3834 2760 de

2253 2768 2359 2823 illis
2387 2772 2741 2830 dicebantur?
2769 2777 3097 2851 Quamquam
3127 2795 3234 2839 tum
3277 2788 3378 2853 illi,
3410 2799 3518 2846 tum
3556 2795 3591 2847 ii
3619 2768 3709 2865 qui
3749 2796 3832 2851 illa

2252 2861 2641 2931 confinxerunt,
2675 2867 2772 2920 viri
2801 2883 2992 2938 graves
3015 2871 3178 2930 fuisse
3216 2875 3485 2945 ferantur;
3517 2882 3593 2937 illi
3620 2861 3831 2953 quidem

2251 2952 2317 3007 ad
2349 2957 2640 3025 praestigias
2669 2958 3014 3018 inveniendus
3044 2968 3474 3040 exercendasque
3494 3014 3511 3039 ,
3539 2974 3595 3028 hi
3620 2952 3745 3031 vero
3766 2976 3828 3030 ad

2251 3046 2583 3101 mendacium
2626 3051 2906 3107 verborum
2949 3055 3067 3111 fuco
3110 3058 3551 3119 adumbrandum.
3585 3066 3690 3123 Sed
3721 3068 3827 3125 base

2252 3136 2443 3191 frustra
2473 3146 2527 3193 et
2568 3140 2832 3197 incassum
2890 3146 3231 3214 proferuntur
3258 3190 3273 3215 ,
3302 3154 3513 3220 quando
3543 3157 3720 3225 ipsum
3748 3173 3841 3213 aro.

2250 3237 2556 3295 gementum
2590 3247 2806 3301 pravum
2828 3245 2881 3290 et
2904 3237 3058 3292 fallax
3084 3254 3202 3295 esse
3228 3248 3587 3314 comperitur;
3622 3258 3679 3303 ut
3699 3264 3823 3304 con-

2255 3325 2332 3372 tra
2364 3322 2575 3389 quando
2621 3333 2821 3379 certum
2856 3342 3142 3397 verumque
3164 3340 3245 3385 est
3268 3371 3282 3396 ,
3312 3331 3503 3388 frustra
3531 3340 3711 3392 omnia
3745 3354 3826 3393 ce-

2251 3407 2409 3475 dunt,
2441 3428 2557 3480 quze
2587 3415 2653 3467 ad
2703 3415 2833 3470 illud
2882 3420 3224 3474 evertenium
3255 3422 3321 3477 ab
3365 3424 3595 3482 inimicis
3621 3430 3827 3499 excogi-

2252 3506 2427 3553 tantur
2454 3517 2468 3552 :
2498 3505 2734 3558 veritatis
2759 3507 2953 3575 quippe
2979 3508 3137 3561 robur
3159 3511 3304 3565 nullo
3328 3523 3447 3580 eget
3470 3516 3703 3583 auxilio;
3737 3520 3828 3572 sed

2250 3591 2454 3646 etiamsi
2482 3593 2740 3649 innumeri
2767 3596 2873 3651 sint
2901 3599 2990 3667 qui
3017 3600 3156 3653 illam
3183 3604 3518 3672 exstinguere
3542 3617 3821 3674 conentur,

2250 3697 2355 3737 non
2382 3685 2552 3739 solum
2586 3703 2687 3740 non
2718 3688 3043 3757 destruitur,
3085 3693 3176 3745 sed
3205 3693 3362 3748 etiam
3406 3697 3822 3767 impugnantium

2249 3788 2407 3845 Opera
2429 3778 2752 3846 splendidior
2771 3782 3151 3853 sublimiorque
3169 3785 3361 3853 evadit,
3383 3788 3607 3861 illosque
3625 3791 3819 3854 irridet,

2249 3867 2338 3934 qui
2370 3865 2563 3921 frustra
2593 3882 2709 3922 sese
2735 3874 3037 3926 excruciant
3060 3882 3114 3927 et
3143 3875 3428 3932 insaniunt.

2320 3953 2396 4009 Re
2434 3972 2538 4021 um,
2573 3956 3007 4028 philosOphorum,
3030 3966 3285 4019 rhetorum
3312 3977 3487 4020 contra
3514 3967 3822 4024 Christianos

2248 4053 2454 4097 conatus
2481 4047 2611 4099 vani.
2642 4076 2713 4087 -—
2740 4047 2927 4103 Nostra
2950 4053 3143 4121 quippe
3170 4054 3254 4108 illa
3275 4095 3291 4120 ,
3319 4072 3436 4125 quae
3458 4073 3552 4112 vos
3578 4059 3819 4128 figmenta

2249 4146 2366 4187 esse
2390 4133 2585 4199 dicitis,
2618 4144 2671 4190 et
2700 4140 2904 4207 tyranni
2934 4150 2988 4194 et
3018 4156 3168 4211 reges
3193 4153 3244 4197 et
3274 4144 3499 4200 dicendo
3524 4149 3703 4204 invicti
3734 4164 3820 4204 so-

2252 4221 2473 4289 phistae;
2506 4226 2735 4295 itemque
2762 4226 3061 4299 philosophi
3088 4240 3143 4285 et
3168 4235 3574 4303 pra-stigiatores
3598 4232 3657 4293 et
3684 4238 3818 4307 magi

2252 4323 2304 4368 et
2331 4315 2597 4370 daemones
2630 4316 2901 4374 destruere
2929 4333 3214 4388 curarunt;
3243 4323 3307 4375 Et
3329 4325 3582 4391 inﬁrmata
3608 4338 3682 4382 est
3705 4345 3817 4382 con-

2251 4415 2328 4459 tra
2359 4406 2474 4461 illos
2504 4407 2674 4479 lingua
2699 4426 2868 4463 eorum
2894 4413 2910 4479 (
2940 4412 3087 4466 Psal.
3119 4414 3205 4467 65.
3238 4414 3314 4482 9),
3365 4418 3654 4472 secundum
3700 4435 3819 4490 pro-

2249 4498 2518 4567 pheticum
2568 4513 2905 4566 sermonem,
2951 4511 3005 4556 ct
3052 4503 3265 4572 Sagith
3310 4506 3635 4574 parvulorum
3676 4511 3819 4577 facta!

2247 4598 2363 4639 sunt
2395 4589 2561 4658 plaga:
2589 4605 2757 4643 eorum
2783 4588 2943 4661 (Ibid.
2972 4606 3017 4644 v.
3053 4590 3128 4662 8).
3157 4593 3325 4662 Reges
3355 4596 3547 4665 quippe
3583 4612 3650 4651 ex
3691 4599 3817 4651 insi-

2247 4678 2347 4731 diis
2372 4687 2554 4733 contra
2586 4694 2681 4732 nos
2708 4682 2921 4734 structis
2951 4691 3151 4735 tantum
3180 4684 3367 4739 lucrati
3397 4694 3542 4753 sunt,
3565 4700 3813 4756 quantum

2247 4771 2373 4823 tazis
2400 4777 2514 4823 erat
2538 4769 2601 4822 ad
2630 4768 2781 4824 ferini
2808 4771 2970 4825 animi
3002 4773 3193 4827 famam
3222 4775 3359 4844 apud
3389 4792 3574 4832 omnes
3601 4778 3701 4833 sibi
3727 4794 3814 4847 pa-

2247 4860 2461 4913 randam
2495 4877 2508 4913 :
2541 4859 2609 4912 ob
2635 4861 2766 4916 iram
2805 4862 2944 4915 enim
2973 4873 3154 4916 contra
3187 4875 3447 4935 martyres
3489 4870 3814 4937 susceptam,

2247 4951 2295 5002 in
2321 4965 2652 5005 communem
2684 4960 2920 5004 naturam
2956 4951 3288 5017 ferocientes,
3314 4970 3432 5008 sese
3460 4956 3813 5024 imprudentes

2244 5042 2508 5094 sexcentis
2549 5041 2849 5111 opprobriis
2888 5041 3148 5095 obnoxios
3188 5042 3549 5098 reddiderunt.
3578 5045 3813 5100 Philoso-

2248 5132 2330 5197 plii
2366 5139 2539 5184 autem
2565 5140 2618 5184 et
2647 5130 2784 5183 acuti
2824 5129 3065 5186 rhetores
3095 5132 3396 5200 Opinionem
3426 5148 3666 5203 magnam
3687 5176 3702 5201 ,
3728 5136 3807 5189 alii

2248 5221 2539 5287 probitatis,
2564 5220 2650 5274 alii
2676 5222 2991 5290 eloquentia:
3017 5222 3155 5290 apud
3185 5223 3377 5276 multos
3401 5222 3671 5291 habentes,
3698 5234 3809 5295 post

2245 5314 2579 5365 emunissam
2609 5313 2888 5367 adversum
2921 5326 3018 5365 nos
3047 5328 3272 5381 pugnam
3317 5314 3519 5368 ridiculi
3546 5315 3713 5369 effecti
3737 5356 3754 5378 ν
3786 5328 3809 5365 ἔ·

2248 5405 2423 5471 pueris
2466 5405 2751 5473 nugacibus
2795 5402 3158 5457 ttiliildiil'ert'e
3179 5404 3274 5457 visi
3313 5412 3457 5458 sunt.
3486 5407 3525 5457 Α
3556 5413 3631 5457 tot
3673 5404 3806 5459 enim

2308 5537 2379 5598 (ις)
2408 5545 2652 5585 Zoroaster
2672 5540 2867 5611 magith
2891 5538 3009 5608 artis
3024 5538 3268 5611 inventor,
3289 5539 3493 5611 quirisit
3517 5551 3581 5611 ρο¹
3598 5536 3803 5611 ipsathe.

2243 5612 2338 5659 quo
2364 5607 2501 5647 natus
2538 5607 2627 5647 est.
2656 5608 2673 5641 \
2693 5600 2767 5646 ide
2802 5598 2999 5646 l‘liltllllll
3024 5598 3055 5645 l.
3088 5599 3163 5647 50.
3200 5612 3243 5646 e.
3288 5600 3327 5645 1.
3358 5599 3525 5645 t‘itseb.
3553 5599 3797 5659 derm

2245 5656 2332 5706 rat.
2375 5667 2384 5704 l
2408 5675 2544 5715 vuig.
2571 5668 2620 5707 ct
2644 5662 2846 5707 tanielaut.
2887 5659 3117 5725 ‘iaumlxis
3136 5661 3403 5725 i'ytlmaortu
3428 5656 3704 5725 discipulus,
3728 5670 3804 5717 f|ttl

2250 5735 2333 5781 [tu
2358 5730 2552 5769 a—atut'ue
2578 5736 2601 5768 a
2626 5720 2879 5770 lbi-acilius
2902 5722 3089 5770 habitus
3114 5730 3202 5769 cst.
3231 5723 3449 5770 IiL‘l‘Ud‘Ji.
3480 5720 3561 5768 lib.
3594 5722 3636 5768 ι.
