4082 6428
107 324 214 383 535

106 437 309 503 παῖδας
332 438 453 493 ἀντὶ⁵
486 438 774 511 προϐάτων
809 438 903 493 καὶ
946 438 1084 508 βοῶν
1115 442 1195 503 εἰς
1230 439 1359 501 τοὺς
1405 433 1585 490 αὐτῶν
1617 448 1789 487 κατα-

108 526 447 595 σφάττεσθαι
470 526 707 598 βωμοὺς,
731 526 1031 598 ἐπενόησαν
1056 528 1213 596 ξένην
1233 524 1585 597 ἀνδροφονίας
1609 539 1789 593 παρα-

105 615 327 684 νομίαν,
360 615 454 668 καὶ
490 615 802 685 καινότερον
834 618 1121 687 συμφορᾶς
1168 615 1539 682 ὲπεισήγαγον
1564 610 1783 682 τρόπον.

104 702 222 764 Οὒς
265 701 378 773 γὰρ
428 701 535 755 ἔδει
574 701 790 755 πενθεῖν
844 702 943 766 τὰς
978 702 1086 755 τῶν
1142 700 1503 772 ἀνῃρημένων
1550 697 1787 766 σφαγὰς,

103 788 341 853 τούτους
366 786 593 843 ἔπεισαν
622 792 702 852 εἰς
733 788 833 861 τὴν
868 789 1059 843 ἀθλίαν
1080 788 1297 857 ἐκείνην
1324 784 1638 857 μιαιφονίαν
1665 801 1785 855 προ-

105 875 522 943 αγεινάὐτούς.
545 878 656 930 Καὶ
681 877 770 931 ἴνα
797 877 871 948 μὴ
900 877 1063 947 μόνον
1088 878 1135 929 οἰ
1163 874 1315 946 παρά
1342 874 1453 928 τῶν
1485 871 1791 942 ἀνθρώπων

104 961 365 1026 τεθέντες
402 963 776 1033 ἀτιμάζωνται
805 965 981 1034 νόμοι,
1026 964 1278 1025 καὶτοὺς
1312 962 1414 1032 τῆς
1452 959 1667 1028 φύσεως
1696 957 1793 1008 αὑ-

101 1049 240 1113 τοὺς
266 1048 508 1120 θεσμοὺς
534 1051 598 1103 ἐκ
626 1051 841 1122 βάθρων
868 1051 1205 1112 ἀνέσπασαν,
1233 1049 1404 1117 αὐτὴν
1441 1047 1561 1101 καθ’
1591 1045 1792 1114 ἐαυτῆς

100 1136 389 1206 ἐκϐακχεύ
399 1154 610 1201 σαντες,
632 1139 727 1191 καὶ
750 1138 840 1190 τὸν
868 1137 1123 1191 ἀπάντων
1150 1135 1503 1204 ἐναγέστερον
1533 1133 1691 1201 φόνον
1714 1133 1794 1195 εἰς

101 1228 199 1277 τὸν
226 1226 339 1279 τῶν
363 1228 458 1279 ἀνθ
466 1227 666 1299 ρώπων
690 1228 1000 1297 εἰσάγοντες
1022 1228 1155 1298 βίον.
1175 1226 1411 1289 Ούδένας
1434 1225 1543 1296 γὰρ
1565 1211 1793 1295 ἐχθροὺς

97 1312 261 1364 οὕτω
290 1313 494 1377 λοιπὸν,
526 1316 603 1377 ὡς
633 1317 758 1378 τοὺς
794 1315 1194 1386 γεγεννηκότας
1226 1315 1463 1377 ἅπαντες
1506 1312 1714 1366 ἔδεισαν
1741 1323 1793 1377 ο,

98 1401 204 1452 καὶ
227 1397 312 1464 οἷς
343 1402 509 1469 ἐχρῆν
542 1402 777 1471 μάλιστα
805 1402 1021 1456 πάντων
1043 1400 1528 1473 θαρῥεῖν,τούτους
1562 1399 1797 1470 μάλιστα

97 1488 335 1541 πάντων
357 1489 425 1540 δι’
456 1489 690 1557 ὑποψίας
708 1483 853 1557 εἶχον
882 1490 978 1542 καὶ
1002 1489 1426 1557 ἀπεστρέφοντο.
1445 1489 1509 1540 Οί
1530 1488 1638 1560 γὰρ
1663 1485 1795 1539 ἀλά-

100 1593 309 1644 στορες
356 1576 577 1638 ἐκεῖνοι,
613 1575 679 1627 δι’
711 1568 785 1627 ὧν
830 1578 860 1628 ό
892 1574 1026 1638 Θεὸς
1063 1576 1261 1638 αὐτοὺς
1297 1576 1390 1627 ἐπὶ
1420 1573 1514 1645 τὴν
1561 1572 1799 1643 θεωρίαν

96 1663 268 1715 τοῦδε
297 1663 387 1715 τοῦ
419 1664 625 1733 κόσμου
668 1664 979 1734 παρήγαγε,
1011 1662 1097 1714 διὰ
1131 1662 1334 1716 τούτων
1362 1663 1560 1724 αὐτοὺς
1594 1660 1797 1730 ταύτης

98 1750 379 1811 ἐκϐαλεῖν,
406 1750 820 1820 ἐφιλονείκησαν
852 1750 952 1818 τῆς
1001 1750 1231 1821 δωρεᾶς,
1262 1750 1388 1813 τοὺς
1431 1749 1569 1821 πρὸς
1591 1748 1650 1801 τὸ
1695 1747 1796 1819 ζῇν

102 1836 666 1907 ὑπηρετησαμένους,
706 1834 929 1898 τούτους
984 1838 1080 1889 καὶ
1128 1835 1223 1888 τοῦ
1253 1835 1484 1889 θανάτου
1526 1835 1799 1904 καταστή-

102 1939 312 1985 σαντες
349 1922 576 1988 αίτίους,
626 1923 816 1992 ῶσπερ
846 1922 1110 1988 ἐπιδεῖξαι
1144 1921 1479 1993 βουλόμενοι,
1514 1924 1597 1976 ὅτι
1638 1921 1798 1974 πλέον

101 2010 267 2061 οὐδὲν
304 2010 485 2073 αὐτοῖς
518 2009 742 2078 γέγονεν
788 2009 853 2063 ὲκ
894 2009 995 2079 τῆς
1022 2009 1364 2077 ἀγαθότητος
1392 2006 1487 2060 τοῦ
1521 2007 1687 2061 Θεοῦ·
1734 2007 1797 2061 ού

101 2098 226 2166 γὰρ
259 2096 465 2167 ἑτέρων
496 2097 777 2166 δεήσονται
808 2096 1061 2164 σφαγέων
1079 2097 1130 2161 ι),
1161 2095 1300 2149 ἀλλά
1331 2094 1438 2148 τῶν
1470 2094 1799 2165 φυσαμένων

102 2184 321 2237 αὐτῶν.
348 2184 532 2237 Ταῦτα
561 2187 609 2237 εἰ
659 2183 753 2249 καὶ
799 2183 985 2253 θαῦμά
1020 2201 1073 2235 τι
1123 2182 1605 2255 παρηκολούθησεν
1634 2182 1796 2252 μέγα,

107 2273 191 2343 μὴ
217 2271 304 2324 ὃτι
334 2268 387 2323 εἰ
415 2288 515 2325 που
551 2288 602 2323 τι
634 2272 729 2335 καὶ
763 2270 975 2340 ἐδείχθη
1014 2272 1208 2341 μικρὸν
1251 2270 1347 2323 καὶ
1392 2270 1607 2333 οὐδενὸς
1650 2268 1800 2334 ἀξιον

100 2356 304 2423 λόγου,
336 2356 431 2409 καὶ
459 2356 661 2426 πολλῆς
689 2357 858 2427 γέμον
882 2357 1098 2427 ἀπάτης
1129 2352 1219 2427 ἦν,
1250 2356 1367 2410 ἀλλ’
1397 2357 1446 2409 εί
1470 2355 1566 2409 καὶ⁸
1591 2355 1802 2425 μεγάλα

102 2439 178 2515 ἦν
208 2443 283 2496 τὰ
312 2444 570 2513 γινόμενα
598 2444 793 2509 ταῦτα,
826 2444 970 2515 άπερ
993 2440 1168 2512 εἷπον,
1183 2447 1297 2509 τοῖς
1328 2446 1401 2517 μὴ
1434 2444 1556 2497 λίαν
1580 2443 1801 2513 ἐξεστη-

103 2532 275 2584 κόσιν
328 2533 489 2584 ίκανά
533 2531 726 2595 δεῖξαι,
765 2532 906 2595 τίνες
943 2528 1084 2603 ἦσαν
1120 2534 1169 2585 οί
1223 2533 1318 2585 καὶ
1348 2534 1531 2585 ἐκεῖνα
1568 2531 1798 2601 ἐργαζό-

109 2637 296 2687 μενοι,
336 2618 453 2682 πῶς
482 2616 631 2689 [558]
668 2621 855 2689 μιαροὶ
889 2620 983 2672 καὶ
1020 2620 1354 2690 παμμίαροι,
1384 2620 1478 2671 καὶ
1508 2619 1687 2671 πάντα
1712 2618 1797 2669 ἐπ’

108 2704 403 2775 ἀνατροπῇ
432 2716 455 2743 ε
492 2706 585 2758 καὶ
611 2705 709 2774 τῆς
742 2704 889 2774 ζωῆς
919 2706 1013 2758 καὶ
1042 2706 1139 2774 τῆς
1172 2704 1558 2775 καταστάσεως
1586 2704 1803 2757 τεκταίο

105 2774 305 2853 νοντες
333 2792 431 2861 τῆς
465 2792 761 2861 ἡμετέρας.
1324 2774 1341 2785 ’

184 2878 259 2947 β’.
292 2878 433 2931 Ἀλλ’
460 2879 559 2948 οὐχ
590 2882 618 2932 ό
635 2878 837 2950 Κύριος
866 2880 899 2949 ἡ
909 2878 1026 2948 μῶν
1055 2878 1261 2950 Ἰησοῦς
1276 2876 1517 2930 τοιοῦτον
1533 2878 1685 2930 οὐδὲν
1703 2880 1801 2930 ἐπ-

105 2965 309 3029 έταξεν
338 2966 647 3035 ἡμῖν,ἀλλά
670 2967 983 3035 θαυμαστὸς
1004 2965 1079 3018 ὢν
1106 2966 1194 3018 διά
1224 2966 1292 3018 τά
1322 2967 1600 3035 τεράστια,
1617 2965 1705 3017 διὰ
1734 2964 1805 3017 τά

106 3054 523 3125 προστάγματα
554 3054 661 3106 τῶν
695 3054 990 3123 θαυμάτων
1032 3055 1131 3123 οὐχ
1167 3049 1352 3125 ἦττον,
1394 3052 1547 3124 παρὰ
1582 3054 1803 3105 πάντων

108 3145 181 3196 ἄν
225 3145 585 3213 προσκυνοῖτο
620 3142 845 3205 δικαίως
886 3142 978 3193 καὶ
1011 3141 1322 3193 πιστεύοιτο
1348 3135 1484 3193 εἶναι
1512 3139 1663 3202 Θεός.
1691 3141 1804 3210 Τὴν

106 3230 226 3300 γὰρ
251 3228 602 3299 παρανομίαν
621 3228 824 3297 ταύτην
854 3228 1017 3290 αὐτὸς
1046 3227 1214 3281 ἐλθὼν
1241 3227 1425 3280 ἔλυσε·
1460 3227 1555 3280 καὶ
1588 3227 1648 3280 τὸ
1674 3228 1798 3280 θαυ-

111 3314 360 3385 μαστότε
371 3330 483 3382 ρον,
512 3314 593 3367 ὅτι
620 3314 723 3383 τῆς
756 3313 954 3383 ἀγρίας
985 3314 1078 3366 καὶ
1104 3312 1348 3382 ἀπηνοῦς
1381 3313 1713 3384 τυραννίδος,
1741 3314 1801 3366 ού

108 3408 245 3464 τοὺς
284 3399 727 3471 προσκυνοῦντας
766 3401 925 3453 αὑτὸν
962 3400 1121 3470 μόνον
1168 3403 1348 3470 ἡμᾶς,
1384 3400 1521 3453 ἀλλά
1553 3401 1647 3453 καὶ
1678 3400 1807 3463 τοὺς

114 3486 583 3557 βλασφημοῦντας
637 3487 799 3541 αὑτὸν
844 3487 1085 3549 ἐκείνους
1137 3481 1478 3557 ἀπήλλαξεν·
1530 3487 1653 3539 οὐδὲ
1697 3486 1806 3557 γάρ

124 3576 406 3645 Ἑλλήνων
442 3592 525 3637 τις
562 3575 641 3627 ἔτι
686 3574 940 3637 τοιαύτας
975 3575 1166 3636 θυσίας
1206 3578 1317 3637 τοῖς
1352 3574 1544 3627 ἑαυτοῦ
1586 3575 1805 3643 δαίμοσι

118 3665 427 3732 προσάγειν
470 3664 834 3732 ἠνάγκασται.
866 3663 1115 3733 Τοσαύτη
1148 3661 1283 3731 πρὸς
1326 3661 1389 3713 τὸ
1426 3662 1693 3731 ἡμέτερον
1719 3662 1807 3714 ἀεὶ

115 3752 507 3821 φιλανθρωπία
549 3752 812 3821 κέχρηται
848 3750 1025 3818 γένος,
1071 3750 1163 3802 καὶ
1196 3743 1271 3801 ὧν
1308 3750 1355 3801 οἰ
1398 3750 1653 3818 δαίμονες
1680 3751 1809 3811 τοὺς

116 3838 335 3892 ἑαυτῶν
366 3838 551 3906 φίλους
586 3838 916 3907 εἰργάσαντο
948 3835 1153 3899 κακῶν,
1193 3836 1413 3905 μείζονα
1452 3837 1481 3888 ό
1520 3836 1655 3898 Θεὸς
1682 3837 1808 3899 τοὺς

122 3926 360 3995 ἐχθροὺς
392 3924 419 3963 ἀ
454 3924 708 3995 ἐποίησεν
749 3923 950 3991 ἀγαθά.
984 3924 1047 3975 Οἱ
1096 3922 1194 3991 μὲν
1232 3924 1340 3993 γὰρ
1383 3921 1636 3990 δαίμονες
1680 3924 1808 3986 τοὺς

121 4012 534 4083 θεραπεύοντας
572 4012 883 4076 αὑτοὺς·καί
920 4012 1211 4083 τιμῶντας,
1234 4012 1343 4085 τῶν
1363 4012 1580 4065 οἰκείων
1602 4011 1809 4065 παίδων

118 4100 387 4169 γενέσθαι
425 4102 670 4169 σφαγέας
703 4101 1053 4170 ἠνάγκασαν·
1080 4102 1108 4153 ό
1143 4100 1201 4152 δὲ
1238 4099 1476 4170 Χριστὸς
1513 4100 1641 4161 τοὺς
1670 4099 1809 4151 ἀπο-

118 4188 529 4257 στρεφομένους
550 4189 711 4242 αὑτὸν
734 4188 937 4240 τούτων
962 4189 1069 4241 τῶν
1098 4187 1486 4254 ἐπιταγμάτων
1510 4184 1809 4257 ἀπήλλαξε,

119 4276 222 4327 καὶ
258 4276 360 4343 τῆς
404 4274 701 4345 θηριώδους
732 4274 1075 4345 λειτουργίας
1122 4275 1220 4343 τὴν
1263 4274 1534 4337 ἀτέλειαν,
1570 4274 1666 4326 καὶ
1709 4273 1809 4344 τὴν

120 4362 449 4433 θαυμαστὴν
476 4362 680 4431 ταύτην
709 4364 953 4432 εἰρήνην,
976 4363 1075 4414 οὐκ
1105 4364 1185 4425 εἰς
1209 4363 1334 4425 τοὺς
1353 4362 1587 4425 οἰκείους
1613 4363 1810 4431 μόνους

126 4450 495 4513 συνέκλεισεν,
525 4450 661 4502 ἀλλά
700 4450 795 4503 καὶ
829 4450 908 4512 εἰς
938 4450 1063 4513 τοὺς
1085 4449 1399 4520 ἀλλοτρίους
1422 4449 1812 4519 ἐξὴγαγε,’δει-

125 4541 261 4601 xvi);
287 4539 369 4590 ὅτι
396 4538 589 4589 ἐκεῖνοι
616 4538 713 4607 μὲν
734 4537 987 4606 τύραννοί
1018 4554 1162 4599 τινες
1204 4538 1299 4589 καὶ
1319 4536 1413 4589 τοῦ
1439 4537 1633 4605 γένους
1654 4536 1810 4607 ἡμῶν

118 4626 310 4696 ἐχθροὶ
339 4625 434 4677 καὶ⁵
468 4625 742 4695 λυμεῶνές
767 4628 893 4689 εἰσι,
919 4626 986 4680 δι’
1013 4627 1043 4679 ὃ
1080 4627 1173 4679 καὶ¹
1200 4628 1314 4688 τοῖς
1337 4624 1705 4695 ᾠκειωμένοις
1734 4624 1811 4687 ὡς

120 4712 430 4783 ἀλλοτρίοις
462 4714 787 4783 ἐκέχρηντο·
838 4713 1073 4782 καὶγὰρ
1119 4709 1258 4783 ἦσαν
1309 4712 1600 4782 ἀλλότριοι.
1643 4712 1703 4763 '0
1752 4711 1811 4764 δὲ

122 4800 380 4869 βασιλεὺς
416 4801 508 4853 καὶ
543 4800 871 4872 δημιουργὸς
909 4801 1005 4853 καλ⁸
1039 4801 1221 4870 σωτὴρ
1255 4798 1348 4851 τοῦ
1393 4799 1595 4862 παντὸς
1620 4798 1810 4866 γένους

120 4886 433 4957 ἀνθρώπων
486 4888 646 4950 αὐτὸς
690 4885 791 4959 ἦν·
838 4889 919 4941 διὸ
953 4888 1046 4940 καὶ
1096 4887 1204 4940 τῶν
1254 4886 1702 4956 ὴλλοτριωμένων
1735 4887 1810 4949 ὡς

124 4975 272 5026 ἰδίων
302 4973 562 5041 ἐφείδετο.
592 4976 703 5027 Καὶ
747 4974 857 5046 γάρ
890 4971 958 5046 ἦν
1006 4976 1136 5028 ῖδιον
1172 4974 1332 5043 ἔργον
1379 4973 1545 5027 αὑτοῦ
1587 4977 1735 5026 πᾶσα
1775 4978 1808 5046 ἡ

118 5062 233 5114 τῶν
268 5062 573 5131 ἀνθρώπων
613 5054 793 5131 φύσις.
830 5062 1015 5125 καθὼς
1045 5064 1139 5116 καὶ
1174 5063 1201 5113 ὁ
1236 5061 1485 5132 μαθητὴς
1507 5060 1671 5113 αὑτοῦ
1704 5081 1808 5132 φη-

120 5166 227 5200 σιν·
258 5151 365 5213 Εἰς
399 5150 470 5202 τὰ
511 5149 632 5202 Ζδια
673 5146 841 5220 ἦλθε,
870 5151 968 5203 καί
1008 5153 1061 5202 οὶ
1106 5150 1243 5202 ἴδιοι
1280 5149 1470 5202 αὐτὸν
1522 5151 1634 5203 οὐκ
1684 5152 1811 5204 ἐδέ-

120 5237 309 5298 ξαντο
340 5247 385 5288 ε.
429 5235 589 5288 Ἀλλά
617 5239 797 5290 πᾶσαν
835 5237 934 5307 μὲν
959 5236 1122 5289 αὑτοῦ
1155 5236 1477 5305 καταλέγειν
1504 5236 1601 5307 τὴν
1623 5238 1811 5305 φιλαν-

187 5358 217 5387 ι
238 5359 390 5407 Savil.
417 5359 467 5405 in
490 5371 641 5418 marg.
671 5364 725 5407 et
742 5359 895 5407 codex
920 5372 1047 5407 unus
1068 5358 1324 5407 ἐδεδίεσαν.

238 5422 323 5467 δίο
345 5421 455 5490 ng.
484 5426 536 5496 ei
560 5434 686 5496 uqus
713 5420 886 5496 codex:
928 5422 1167 5496 atqngila
1196 5422 1389 5496 legerat
1414 5420 1620 5496 igigrpr.
1646 5429 1808 5496 νρῐιις,

118 5478 207 5547 ali}
245 5482 457 5547 σφαγῶν.
500 5476 665 5547 Ριι-υῑοᾷ
695 5491 806 5541 pust
849 5476 947 5547 duo
992 5476 1185 5547 éodiccs
1208 5476 1382 5547 αύτῶν.
1430 5476 1625 5535 Τούτοις
1651 5486 1688 5530 εἰ
1729 5476 1811 5531 καί

118 5542 282 5609 [ταῦμᾲ
304 5558 349 5587 τι
372 5543 783 5603 παρηκολούθησε,
818 5545 881 5604 μή
916 5546 1175 5605 θαυμάσῃς·
1210 5544 1283 5590 ὅτι
1312 5547 1354 5591 εἴ
1387 5561 1479 5591 που
1502 5546 1581 5591 καί
1606 5546 1807 5608 ἐδείχθη,

141 5619 202 5644 Ην
240 5618 311 5649 ον.

120 5619 135 5660 ι
189 5619 353 5737 ξρςψρ
373 5676 494 5737 πῆξιςἒ
516 5670 569 5737 οἱ
588 5664 737 5737 Spvil.
766 5680 814 5713 In
838 5680 987 5729 marg.
1011 5667 1081 5714 ἐπ’
1107 5666 1329 5727 ἐκτροπῇ.

185 5723 210 5760 τί
243 5726 339 5772 Alii
360 5724 456 5779 τοῖς
477 5726 670 5786 ἐχθροῖς,

193 5787 219 5817 ⁸
232 5786 331 5835 Alii
350 5788 405 5834 οὐ
430 5790 710 5836 παοελαὸον.

960 341 1046 397 DE
1078 341 1135 396 S.
1169 338 1766 404 BABYLAWONTRA
1802 337 2148 397 JULIANUH
2177 339 2268 396 ET
2298 336 2661 398 GENTILES.

3459 314 3567 372 536

1894 431 2142 503 θρωπίαν
2162 436 2225 489 οὐ
2257 434 2352 490 τοῦ
2380 436 2644 508 παρόντος
2677 431 2893 505 καιροῦ,
2921 430 3058 487 ἀλλά
3079 431 3184 485 κᾶν
3208 430 3417 495 πάντας
3443 432 3571 496 τοὺς

1891 522 2096 584 αἰῶνας
2131 522 2260 592 περὶ
2308 522 2481 591 αὐτῆς
2509 519 2815 591 φθέγγηται
2864 536 2969 585 τις,
3003 518 3107 572 κᾶν
3155 516 3425 587 τοσαύτην
3468 517 3570 588 ἐχῃ

1890 608 2141 678 δύναμιν,
2164 610 2298 681 ὅσην
2317 607 2417 671 τὰς
2444 607 2769 678 ἀσωμάτους
2788 606 3049 677 δυνάμεις
3067 604 3233 669 εἰκὸς,
3254 605 3375 658 οὐδὲ
3398 602 3572 669 οὕτως

1891 696 2158 765 ἐφάψεται
2185 695 2289 764 τῆς
2312 695 2468 761 ἀξίας
2490 694 2819 751 ποτέ.”οσον
2844 693 2953 765 γάρ
2981 695 3129 747 ἐστιν
3159 692 3383 761 ἀγαθὸς,
3413 692 3573 763 μόνος

1890 780 2031 838 οἶδεν
2078 781 2262 846 αὐτὸς,
2297 782 2482 853 ἐπειδὴ
2516 783 2609 837 καὶ
2667 783 2828 853 μόνος
2873 783 3020 835 ἐστὶν
3060 779 3234 844 οὕτως
3283 778 3303 819 ί
3345 779 3570 848 ἀγαθός.

1900 870 2038 941 Ὀρα
2068 869 2199 939 γοῦν
2220 864 2309 923 οἵα
2330 871 2443 933 τοῖς
2467 868 2737 940 μαθηταῖς
2766 882 2950 940 φησιν·
2990 865 3188 937 Ἀμὴν,
3222 864 3389 936 ἀμὴν
3416 866 3575 936 λέγω

1891 956 2056 1025 ὑμῖν,
2090 960 2123 1011 ό
2158 957 2461 1011 πιστεύων
2497 959 2585 1023 εἰς
2618 956 2753 1026 ἐμὲ,
2809 954 2883 1010 τὰ
2917 956 3094 1024 ἔργα,
3143 952 3185 1009 d
3232 954 3348 1019 ἐγὼ
3400 951 3571 1019 ποιῶ,

1893 1045 2175 1112 κάκεῖνος
2212 1044 2475 1111 ποιήσει,
2499 1044 2597 1099 καί
2624 1043 2868 1114 μείζονα
2898 1044 3123 1096 τούτων
3144 1040 3403 1109 ποιήσει.
3437 1040 3575 1094 Οὐδὲ

1894 1132 2004 1205 γάρ
2035 1131 2102 1187 ἂν
2130 1132 2399 1203 τοσαύτης
2441 1132 2626 1195 αὐτοῖς
2667 1130 2941 1203 μετέδωκε
2976 1128 3078 1199 τῆς
3107 1128 3298 1200 τιμῆς,
3336 1128 3411 1200 μὴ
3451 1128 3575 1181 λίαν

1894 1219 1992 1273 καὶ
2022 1219 2266 1291 ἀπείρως
2302 1218 2379 1273 ὢν
2423 1218 2645 1288 ἀγαθός.
2696 1220 2759 1274 Εἰ
2789 1218 2848 1272 δέ
2888 1234 2972 1279 τις
3010 1217 3145 1286 ἡμῖν
3180 1214 3574 1287 ἀμφισϐητοίη,

1896 1307 2001 1359 ποῦ
2028 1307 2181 1371 τέλος
2209 1307 2367 1378 εσχεν
2392 1299 2548 1370 οὗτος
2566 1310 2594 1362 ό
2614 1307 2883 1378 χρησμὸς.
2909 1305 2971 1358 τὸ
2992 1303 3195 1375 βιϐλίον
3222 1302 3361 1374 μετά
3387 1305 3599 1374 χεῖρας-

1896 1393 2095 1458 λαϐὼν,
2117 1394 2145 1447 δ
2168 1395 2410 1448 καλεῖται
2444 1396 2542 1465 μὲν
2563 1395 2796 1467 Πράξεις
2821 1392 3155 1471 ἀποστόλων,
3175 1390 3290 1461 ἔχει
3322 1390 3380 1443 δὲ
3407 1390 3579 1455 αὑτὰς

1897 1482 1958 1535 οὐ
1994 1482 2194 1547 πάσας,
2224 1482 2340 1536 ἀλλ’
2368 1482 2490 1537 οὐδὲ
2522 1483 2739 1536 πάντων
2768 1480 2968 1545 αὐτῶν,
2987 1480 3101 1536 ἀλλ’
3129 1478 3247 1544 ἐνὸς
3274 1478 3308 1549 ἢ
3340 1477 3452 1539 δύο,
3482 1479 3580 1531 καὶ

1896 1569 2101 1633 ταύτας
2145 1568 2573 1641 εὐαριθμήτους,
2623 1569 2813 1640 ὄψεται
2851 1570 2979 1632 τοὺς
3016 1568 3114 1639 μὲν
3162 1563 3578 1640 ἀρρωστοῦντας

1898 1660 1990 1711 ἐπὶ
2014 1660 2122 1711 τῶν
2160 1659 2427 1713 κλινιδίων
2474 1654 2931 1730 κατακειμένους,
2964 1657 3066 1721 τὰς
3114 1658 3172 1711 δὲ
3219 1657 3378 1719 σκιάς
3420 1656 3581 1727 μόνον

1900 1746 2009 1800 τῶν
2044 1748 2330 1819 μακαρίων
2365 1748 2591 1802 ἐκείνων
2625 1747 3007 1817 ἐφαπτομένας
3032 1762 3095 1798 τε
3123 1745 3304 1799 αὐτῶν
3331 1744 3446 1813 ἅμα
3486 1742 3580 1796 καὶ

1900 1835 1999 1905 τὴν
2032 1835 2243 1903 ὑγίειαν
2286 1834 2684 1905 ἐργαζομένας,
2720 1834 2935 1897 πολλοῖς
2974 1833 3033 1887 δὲ
3083 1832 3194 1886 τῶν
3243 1831 3581 1902 μαινομένων

1898 1922 2007 1974 τῶν
2039 1916 2272 1992 ίμάτίων
2306 1922 2523 1975 Παύλου
2560 1922 2713 1975 οὐδὲν
2760 1911 2921 1974 πλέον
2954 1920 3143 1991 ἐδέησε
3190 1919 3327 1990 πρὸς
3358 1918 3456 1990 τὴν
3486 1916 3580 1971 τοῦ

1900 2011 2177 2075 κινοῦντος
2205 2012 2402 2074 αὐτοὺς
2435 2010 2690 2081 δαίμονος
2717 2009 3061 2079 ἀπαλλαγήν.
3099 2007 3161 2060 EE
3200 2006 3258 2060 δέ
3286 2022 3372 2069 τις
3406 2005 3583 2060 ταῦτα

1899 2096 2070 2166 τῦφον
2100 2092 2241 2150 εἶναι
2276 2096 2445 2165 λέγοι,
2474 2097 2571 2151 καὶ
2600 2095 2887 2166 τερατείαν
2922 2092 3259 2164 πλασμάτων
3293 2091 3579 2157 ἀπίθανον,

1900 2186 2039 2240 ἀλλά
2066 2187 2134 2240 τά
2158 2203 2221 2254 γε
2258 2185 2355 2239 νῦν
2389 2186 2645 2257 ὁρώμενα
2676 2184 2835 2237 ἰκανά
2860 2183 2920 2236 τὸ
2955 2182 3277 2253 βλάσφημον
3306 2180 3585 2252 ἐμφράξαι

1904 2273 2077 2343 στόμα
2107 2273 2201 2327 καὶ
2248 2272 2643 2342 καταισχῦναι,
2680 2271 2777 2323 καὶ
2821 2270 2920 2341 τὴν
2969 2268 3302 2339 άχαλίνωτον
3339 2267 3586 2335 γλῶτταν

1903 2360 2167 2432 ἐπισχεῖν.
2199 2360 2274 2414 Οὐ
2312 2359 2422 2431 γάρ
2461 2362 2608 2412 ἐστιν
2639 2360 2697 2413 ἐν
2744 2360 2810 2429 τῇ
2848 2356 2969 2411 καθ’
3010 2356 3159 2427 ἡμᾶς
3201 2354 3495 2428 οἰκουμένῃ
3522 2354 3583 2407 οὐ

1904 2449 2077 2520 χώρα,
2106 2449 2207 2502 οὐκ
2233 2448 2404 2513 ἔθνος,
2430 2446 2584 2520 [559]
2614 2448 2674 2501 οὐ
2706 2448 2883 2510 πόλις,
2918 2444 3048 2500 ἔνθα
3076 2444 3248 2500 ταῦτα
3269 2446 3368 2498 οὐκ
3400 2445 3587 2516 ᾅδεται

1901 2536 1972 2588 τὰ
1998 2534 2301 2606 παράδοξα,
2324 2536 2385 2588 οὐ
2413 2534 2794 2605 θαυμασθέντα
2826 2532 2956 2587 ποτὲ
2977 2536 3025 2587 εἰ
3048 2533 3341 2603 πλάσματα
3367 2527 3454 2603 ἦν.
3476 2533 3588 2585 Καὶ

1904 2622 1997 2676 τοῦ
2036 2622 2201 2691 λόγου
2233 2622 2329 2693 τὴν
2372 2621 2677 2693 μαρτυρίαν
2721 2621 2877 2692 ὑμεῖς
2923 2620 2991 2674 ἀν
3019 2621 3356 2691 παράσχοιτε
3380 2618 3589 2691 ταύτην

1903 2712 2068 2781 ἡμῖν·
2102 2710 2165 2762 ού
2221 2709 2329 2781 γὰρ
2359 2708 2669 2779 δεησόμεθα
2704 2710 2833 2779 παρ’
2872 2708 3077 2778 ἐτέρων
3108 2707 3208 2777 τὴν
3256 2706 3439 2760 πίστιν
3480 2707 3591 2760 τῶν

1902 2796 2214 2868 λεγομένων
2240 2797 2447 2859 λαϐεῖν,
2474 2795 2504 2848 ύ
2514 2795 2630 2865 μῶν
2658 2795 2768 2848 τῶν
2796 2794 3007 2866 ἐχθρῶν
3037 2794 3242 2863 ταύτην
3274 2793 3591 2866 παρεχομέ-

1906 2900 2013 2936 νων
2047 2886 2195 2953 ήμῖν.
2227 2883 2362 2936 Εἰπὲ
2389 2883 2498 2953 γάρ
2527 2900 2638 2952 μοι,
2667 2881 2754 2935 διὰ
2781 2881 2832 2935 τί
2861 2881 2953 2934 τὸν
2987 2882 3354 2953 Ζωροάστρην
3384 2883 3592 2934 ἐκεῖνον

1908 2971 2002 3023 καὶ
2044 2970 2136 3023 τόν
2188 2958 2454 3039 Ζάμολξιν
2486 2970 2607 3022 οὐδὲ
2649 2968 2708 3035 ἐξ
2750 2968 3015 3039 ὀνόματος
3064 2969 3245 3021 ῖσασιν
3291 2968 3341 3020 οἰ
3380 2968 3589 3032 πολλοὶ,

1910 3058 2109 3128 μᾶλλον
2141 3058 2198 3110 δὲ
2232 3057 2355 3109 οὐδέ
2403 3073 2570 3119 τινες.
2614 3056 2755 3126 πλὴν
2800 3056 2998 3123 ὀλίγων
3021 3055 3215 3119 τινῶν;
3252 3050 3344 3126 ἆρ’
3371 3055 3468 3124 οὐχ
3507 3056 3591 3108 ὅτι

1906 3146 2203 3215 πλάσματα
2228 3140 2297 3215 ἦν
2325 3143 2394 3195 τὰ
2416 3144 2544 3214 περὶ
2568 3144 2793 3197 ἐκείνων
2818 3143 3086 3213 λεγόμενα
3108 3142 3362 3207 ἀπαντα;
3396 3142 3592 3195 Καίτοι

1905 3250 1969 3301 γε
2000 3234 2243 3285 κάκεῖνοι
2281 3231 2375 3285 καὶ
2404 3233 2454 3283 οἱ
2480 3230 2549 3284 τὰ
2576 3230 2801 3284 ἐκείνων
2830 3229 3115 3292 συνθέντες
3146 3229 3312 3281 δεινοὶ
3336 3227 3593 3297 γενέσθαι

1905 3324 2174 3391 λέγονται,
2205 3324 2253 3374 οί
2288 3321 2385 3392 μὲν
2416 3320 2671 3390 γοητείαν
2696 3321 2876 3391 εὑρεῖν
2920 3320 3013 3372 καὶ
3053 3316 3415 3389 ἐργάσασθαι,
3447 3318 3496 3368 οἰ
3533 3314 3591 3369 δὲ

1908 3410 2200 3463 συσκιάσαι
2226 3408 2418 3478 ψεῦδος
2439 3410 2506 3478 τῇ
2534 3407 2642 3460 τῶν
2669 3407 2841 3475 λόγων
2864 3405 3203 3475 πιθανότητι.
3234 3403 3396 3457 Ἀλλά
3418 3404 3596 3458 πάντα

1912 3499 2089 3567 μάτην
2110 3495 2318 3565 γίνεται
2348 3495 2442 3548 καὶ
2467 3496 2615 3565 εἰκῆ,
2648 3494 2774 3546 ὃταν
2805 3494 2839 3564 ὴ
2864 3492 2975 3545 τῶν
3003 3492 3311 3561 λεγομένων
3338 3491 3595 3556 ὑπόθεσις

1910 3584 2087 3656 σαθρὰ
2120 3585 2214 3636 καὶ
2242 3582 2443 3652 ψευδὴς
2484 3577 2615 3635 οὖσα
2658 3581 2815 3652 τύχῃ,
2848 3580 3039 3652 ῶσπερ
3084 3576 3197 3645 οὖν,
3237 3581 3365 3634 ὅταν
3397 3579 3596 3651 ἰσχυρά

1910 3672 2002 3724 καὶ
2036 3670 2264 3741 ἀληθὴς,
2305 3668 2524 3723 ἅπαντα
2554 3669 2717 3722 πάλιν
2761 3668 2940 3739 μάτην
2970 3668 3183 3735 γίνεται
3234 3666 3331 3741 καὶ
3374 3667 3497 3736 είκῆ
3527 3667 3596 3720 τά

1910 3757 2048 3826 πρὸς
2078 3740 2391 3828 ἀνατροπὴν
2421 3754 2782 3825 ἐπινοούμενα
2827 3753 2980 3826 παρά
3018 3754 3129 3807 τῶν
3167 3740 3409 3824 ἐχθρῶν·
3446 3753 3596 3806 οὐδε-

1914 3845 2044 3914 μιᾶς
2080 3843 2187 3914 γάρ
2233 3842 2403 3895 δεῖται
2451 3841 2702 3913 βοηθείας
2732 3844 2766 3912 ἡ
2803 3841 2905 3910 τῆς
2939 3839 3198 3910 ἀληθείας
3251 3839 3431 3909 ἰσχύς·
3459 3839 3598 3894 ἀλλά

1910 3930 2013 3983 κᾶν
2042 3931 2268 4000 μυρίους
2312 3930 2410 4001 ἐχῃ
2441 3930 2567 3992 τοὺς
2611 3928 2939 3992 σϐεννύντας
2978 3927 3172 3999 αὐτὴν,
3207 3927 3266 3980 οὐ
3305 3927 3464 3997 μόνον
3495 3927 3598 3981 οὐκ

1911 4017 2251 4085 ἀφανίζεται,
2280 4017 2419 4069 ἀλλά
2452 4016 2554 4070 καὶ
2586 4016 2654 4068 δι’
2702 4014 2882 4068 αὐτῶν
2928 4013 3036 4068 τῶν
3088 4013 3422 4085 ἐπηρεάζειν
3468 4016 3595 4068 ἐπι-

1912 4102 2240 4176 χειρούντων
2263 4104 2596 4175 φαιδροτέρα
2628 4104 2722 4156 καί⁵
2754 4102 3067 4173 ὑψηλοτέρα
3100 4103 3295 4166 ἄνεισι,
3328 4101 3437 4157 τῶν
3472 4102 3597 4173 εἰκῆ

1914 4189 2223 4244 κοπτόντων
2253 4190 2483 4253 ἑαυτοὺς
2507 4189 2608 4243 ’καλ⁸
2639 4190 2982 4260 μαινομένων
3010 4188 3392 4259 καταγελῶσα.

1985 4283 2066 4336 Τά
2102 4282 2200 4353 μὲν
2228 4282 2336 4351 γὰρ
2376 4282 2507 4351 παρ’
2541 4282 2696 4351 ἡμῖν,
2726 4280 2761 4334 ἆ
2800 4297 2937 4349 φατε
2980 4280 3278 4350 πλάσματα
3308 4276 3471 4344 εἶναι,
3504 4280 3599 4334 καὶ

1912 4370 2163 4443 τύραννοι
2193 4368 2285 4421 καὶ
2317 4367 2556 4438 βασιλεῖς
2589 4370 2683 4421 καὶ
2716 4368 2891 4435 λόγων
2931 4366 3135 4437 ἄμαχοι
3182 4368 3456 4436 σοφισταὶ,
3496 4368 3598 4439 ήδη

1912 4458 1969 4510 δὲ
2008 4458 2103 4511 καὶ
2145 4457 2426 4525 φιλόσοφοι
2469 4455 2565 4508 καὶ
2602 4454 2802 4525 γόητες
2856 4456 2950 4507 καὶ
2984 4456 3150 4524 μάγοι
3204 4456 3299 4508 καὶ
3344 4455 3602 4525 δαίμονες

1915 4545 2163 4599 καθελεῖν
2198 4542 2575 4607 ἐσπούδασαν,
2626 4541 2734 4595 Καὶ
2783 4541 3206 4609 ἐξησθένησεν
3253 4542 3347 4594 ἐπ’
3374 4541 3601 4609 αὐτοὺς

1913 4634 1953 4699 ἠ
2001 4632 2275 4699 γλῶσσα
2299 4629 2533 4693 αὐτῶν,
2568 4629 2707 4682 κατά
2739 4628 2831 4682 τὸν
2881 4628 3221 4699 προφητικὸν
3275 4627 3453 4697 λόγον,
3505 4630 3600 4683 καὶ

1912 4718 2070 4787 Βέλη
2096 4721 2123 4760 ⁸
2147 4719 2381 4785 νηπίων
2400 4716 2781 4787 ἐγενήθησαν
2808 4718 2869 4769 al
2904 4717 3131 4785 πληγαί
3158 4714 3377 4770 αὐτῶν.
3402 4716 3467 4770 Ol
3499 4715 3600 4786 μὲν

1916 4809 2023 4877 γάρ
2051 4807 2289 4877 βασιλεῖς
2310 4806 2562 4859 τοσοῦτον
2595 4804 2897 4875 ἐκέρδαναν
2916 4806 2980 4857 ἐκ
3004 4805 3104 4874 τῆς
3138 4804 3257 4856 καθ’
3283 4803 3445 4874 ἡμῶν
3479 4807 3601 4859 ἐπι-

1915 4896 2133 4965 ϐουλῆς,
2170 4896 2293 4948 ὅσον
2323 4893 2615 4965 θηριωδίας
2645 4891 2801 4955 δόξαν
2832 4892 2985 4962 παρά
3014 4894 3182 4944 πᾶσιν
3206 4891 3391 4945 λαϐεῖν
3416 4893 3465 4947 ιι.
3500 4890 3600 4945 Διά

1912 4986 2023 5056 γὰρ
2055 4985 2145 5037 τὸν
2178 4984 2318 5037 κατά
2354 4984 2463 5035 τῶν
2496 4980 2792 5053 μαρτύρων
2824 4979 2994 5048 θυμὸν
3028 4982 3111 5041 εἰς
3146 4980 3247 5049 τὴν
3283 4980 3385 5049 τῆς
3412 4978 3598 5049 κοινῆς

1913 5075 2129 5141 φύσεως
2159 5070 2527 5140 ἐξενεχθέντες
2550 5069 2839 5137 ἀπήνειαν,
2872 5066 3090 5137 μυρίοις
3123 5067 3351 5129 ἑαυτοὺς
3376 5067 3439 5118 οὐ
3472 5083 3598 5118 συνο

1912 5161 2047 5213 εἶδον
2081 5158 2464 5229 περιϐαλόντες
2502 5156 2781 5209 ὀνείδεσιν.
2808 5157 2871 5208 Οί
2909 5156 2965 5208 δὲ
2995 5156 3277 5224 φιλόσοφοι
3305 5156 3401 5207 καὶ
3433 5154 3600 5207 δεινοὶ

1913 5250 2143 5318 ῥήτορες
2169 5245 2325 5310 δόξαν
2358 5244 2580 5314 πολλὴν,
2616 5246 2664 5297 οί
2710 5245 2806 5313 μὲν
2833 5245 2927 5297 ἐπὶ
2970 5244 3286 5315 σεμνότητι,
3326 5244 3375 5295 οἱ
3415 5242 3473 5296 δὲ
3504 5243 3599 5298 ἐπὶ

1910 5334 2085 5402 λόγων
2128 5333 2362 5402 δυνάμει
2414 5332 2567 5404 παρὰ
2620 5334 2733 5393 τοῖς
2762 5332 2979 5395 πολλοῖς
3023 5332 3259 5402 ἔχοντες,
3306 5329 3447 5400 μετά
3498 5329 3600 5400 τὴν

1913 5419 2049 5487 πρὸς
2080 5419 2229 5487 ἡμᾶς
2274 5416 2453 5487 μάχην
2493 5416 2887 5484 καταγέλαστοι
2924 5418 3203 5485 γεγόνασι,
3250 5415 3346 5469 καὶ
3390 5414 3598 5466 παίδων

1910 5504 2221 5577 ληρούντων
2250 5504 2437 5567 ἁπλῶς
2458 5504 2608 5557 οὐδὲν
2631 5503 2906 5574 διαφέρειν
2928 5503 3135 5570 ἔδοξαν.
3154 5501 3407 5573 Ἀπὸγὰρ
3428 5500 3599 5555 ἐθνῶν

1980 5607 1999 5644 ί
2027 5608 2123 5655 Alii
2150 5606 2299 5662 οὗτος.

1977 5670 2121 5730 smn
2147 5671 2227 5715 καὶ
2253 5671 2404 5730 βέλος.

1979 5729 2004 5766 h
2028 5731 2109 5840 iis
2146 5743 2233 5777 nos
2255 5728 2286 5778 ο
2317 5730 2520 5788 8;ιι·ἱ]ἱι),
2549 5731 2829 5787 postulante
2858 5742 3025 5780 sensu.
3063 5728 3263 5780 [iditum
3305 5728 3465 5778 fuesat
3487 5728 3598 5776 ἱλα-

1979 5811 2013 5838 Γὶ
2066 5806 2178 5839 LDII‘.

1936 5816 1961 5837 τι
1974 5811 2013 5839 »ν
2046 5806 2178 5839 LDII'.
