4082 6452
193 328 292 389 557

186 449 395 518 populis
422 447 775 520 gentibusque
814 462 929 502 non
959 448 1252 518 sapientem
1298 443 1602 517 quempiam
1623 481 1639 506 ,
1670 453 1774 493 non

188 539 555 610 msipientem,
584 555 692 594 non
717 538 888 593 virum
907 579 924 606 ,
953 553 1056 593 non
1087 537 1402 598 mulierem,
1432 548 1536 586 non
1579 544 1776 600 parvu-

185 631 290 685 lum
330 629 398 684 ad
427 644 579 684 suam
612 628 924 698 pertrahere
965 629 1284 683 sententiam
1327 630 1648 694 potuerunt;
1680 617 1774 672 scd

184 734 364 774 eorum
394 719 594 788 scripta
625 733 792 787 usque
834 718 970 774 adeo
1007 719 1117 773 risu
1147 717 1302 786 digna
1347 722 1491 777 sunt,
1519 721 1577 766 ut
1597 726 1661 766 ex
1687 723 1780 763 eo-

182 827 294 866 rum
321 810 475 866 libris
504 810 592 864 alii
618 810 824 880 jamdiu
856 809 1128 880 perierint,
1155 807 1244 860 alii
1275 806 1453 860 statim
1493 812 1652 871 atque
1677 799 1779 855 visi

180 908 300 954 sunt
319 901 679 955 exoleverint.
712 899 864 967 Quod
901 900 947 954 si
986 897 1113 970 quid
1133 912 1199 953 ex
1228 896 1294 951 iis
1335 893 1568 964 supersit
1590 933 1606 957 ,
1638 891 1779 962 apud

177 989 517 1045 Christianos
557 990 760 1046 servari
805 991 1174 1058 comperitur:
1208 996 1412 1042 tantum
1437 985 1591 1040 abest
1615 991 1673 1038 ut
1712 997 1780 1038 ex

177 1095 361 1136 eorum
387 1081 605 1138 insidiis
634 1081 814 1137 damni
855 1079 1126 1151 quidpiam
1166 1078 1319 1134 nobis
1346 1075 1776 1150 timendum'su-

174 1171 491 1241 spicemur;
538 1173 609 1227 ita
657 1171 894 1227 ridemus
942 1181 1187 1226 versutos
1227 1171 1440 1226 illorum
1494 1167 1780 1223 adversum

172 1278 270 1318 nos
294 1273 550 1319 conatus.
574 1263 759 1334 Neque
783 1263 926 1319 enim
948 1262 993 1318 sl
1011 1277 1240 1333 corpora
1262 1261 1417 1317 nobis
1441 1260 1780 1315 adamantina

172 1365 356 1410 essent
404 1366 462 1412 et
509 1355 969 1425 incorruptibilia,
1010 1354 1358 1425 scorpiones,
1403 1361 1681 1422 serpentes
1728 1356 1783 1403 et

173 1446 350 1515 ignem
381 1463 551 1502 manu
598 1447 861 1517 stringere
905 1446 1320 1501 formidaremus
1339 1486 1353 1510 ,
1381 1458 1568 1498 verum
1599 1448 1784 1495 osten-

174 1539 319 1592 tandi
348 1554 516 1593 causa
545 1538 871 1602 faceremus;
900 1539 977 1592 sic
1001 1553 1175 1608 neque
1200 1536 1412 1607 quando
1443 1535 1596 1589 nobis
1623 1531 1780 1588 Chri—

173 1638 287 1684 stus
308 1630 582 1700 ejusmodi
605 1630 814 1684 animos
837 1641 999 1698 alque
1023 1629 1180 1683 ﬁdem
1209 1627 1434 1698 paravit,
1453 1639 1657 1679 venena
1681 1622 1783 1678 hn-

173 1721 333 1775 stium
389 1735 562 1789 penes
609 1735 709 1775 nos
755 1720 1012 1774 habentes
1060 1718 1504 1787 pertimescimus.
1553 1714 1686 1770 Nam
1736 1715 1780 1768 si

174 1812 333 1866 nobis
371 1812 591 1882 jussum
647 1821 730 1866 est
779 1828 939 1882 supra
989 1823 1306 1881 serpentes,
1359 1809 1673 1879 scorpiones
1727 1816 1781 1861 et

177 1916 400 1959 omnem
435 1903 638 1958 diaboli
675 1904 1011 1974 tyrannidem
1050 1902 1324 1957 ambulare
1353 1899 1514 1970 (Luc.
1543 1897 1628 1953 l0.
1665 1897 1779 1966 l9).

174 1993 345 2048 multo
371 1993 726 2064 magis‘supra
753 2009 964 2049 vermes
986 2003 1041 2049 et
1059 1992 1384 2048 lumbricos:
1410 1998 1613 2045 tantum
1638 1990 1781 2043 enim

171 2094 254 2138 est
284 2085 633 2139 intervallum
665 2085 803 2140 inter
831 2086 1044 2140 illorum
1076 2091 1456 2138 nocumentum
1483 2089 1539 2135 et
1565 2079 1782 2150 maligni

173 2171 384 2227 diaboli.
398 2173 640 2227 insidias.

241 2266 297 2319 3.
335 2266 404 2320 Et
437 2276 738 2321 nostrarum
765 2267 978 2337 quidem
1009 2282 1184 2322 rerum
1229 2269 1315 2320 illa
1351 2278 1436 2322 est
1475 2267 1612 2322 ratio
1642 2309 1660 2335 ,
1691 2283 1783 2322 ve-

176 2367 318 2412 stras
357 2367 544 2413 autem
588 2373 676 2413 res
715 2359 1040 2429 oppugnavit
1080 2373 1239 2414 nemo
1274 2375 1526 2430 umquam
1560 2377 1574 2416 :
1607 2375 1783 2429 neque

174 2449 318 2503 enim
354 2449 438 2504 fas
456 2458 540 2505 est
573 2450 892 2505 Christianis
919 2451 1238 2506 necessitate
1261 2465 1323 2506 ac
1352 2451 1601 2507 violentia
1631 2468 1786 2509 erro-

176 2555 290 2595 rem
317 2541 653 2606 subvertere,
683 2543 776 2597 sed
804 2543 1040 2606 suadela,
1067 2557 1319 2598 sermone
1342 2554 1395 2598 et
1418 2546 1782 2601 mansuetudi-

178 2649 246 2688 ne
276 2633 561 2689 hominum
587 2635 734 2690 salus
760 2635 995 2690 curanda
1017 2645 1120 2691 est.
1146 2635 1506 2701 Quamobrem
1533 2652 1693 2693 nemo
1713 2655 1779 2694 ex

176 2723 500 2780 Christianis
534 2724 948 2794 lmperatoribus
981 2726 1101 2779 talia
1131 2734 1316 2780 contra
1345 2741 1441 2781 vos
1471 2729 1646 2796 posuit
1686 2727 1782 2784 de-

177 2823 350 2878 creta,
374 2814 551 2883 qualia
575 2823 765 2869 contra
789 2829 885 2869 nos
912 2815 947 2869 ii
969 2815 1057 2885 qui
1088 2815 1362 2870 daemones
1389 2816 1655 2872 colebant.
1679 2819 1779 2872 At-

178 2911 360 2957 tamen
385 2918 539 2957 error
569 2904 657 2958 ille
685 2905 983 2972 gentilium,
1012 2913 1210 2957 tantam
1242 2915 1605 2974 consequutus
1625 2908 1778 2977 quie-

178 3001 287 3048 tem
319 3007 373 3050 et
405 3011 434 3048 a
467 2999 678 3051 nemine
705 2997 943 3052 turbatus
974 3012 1250 3065 umquam,
1278 3013 1371 3066 per
1397 3011 1458 3052 se
1481 3009 1654 3053 tamen
1684 3013 1780 3052 ex-

178 3087 409 3141 stinctus
439 3096 515 3142 est
538 3129 554 3153 ,
576 3095 630 3141 et
669 3088 720 3140 in
751 3102 811 3143 se
851 3089 965 3157 ipse
1009 3089 1247 3154 corruit,
1293 3104 1441 3144 more
1469 3105 1777 3160 corporum,

179 3192 300 3246 qua:
330 3178 582 3232 diuturna
605 3179 724 3233 tabe
762 3177 977 3243 infecta,
1011 3178 1226 3234 nemine
1256 3179 1504 3243 lzedente,
1539 3195 1634 3250 per
1659 3196 1780 3237 sese

179 3278 616 3342 corrumpuntur,
647 3279 701 3324 et
740 3270 994 3339 paulatim
1021 3270 1279 3325 dissoluta
1318 3281 1563 3342 pereunt.
1597 3272 1779 3342 Itaque

183 3361 282 3413 etsi
324 3362 594 3415 satanicus
620 3362 721 3416 iste
750 3362 890 3430 risus
924 3376 1030 3416 non
1069 3377 1288 3431 prorsus
1319 3363 1371 3417 in
1404 3372 1546 3419 terra
1575 3364 1780 3420 deletus

181 3459 284 3514 est,
314 3460 368 3504 at
392 3466 511 3520 qua:
553 3451 662 3519 jam
689 3452 1026 3520 contigerunt
1053 3454 1183 3507 satis
1225 3463 1349 3507 sunt
1376 3454 1442 3509 ad
1480 3454 1779 3510 futurorum

183 3540 601 3594 conﬁrmandam
651 3543 832 3596 ﬁdem.
864 3541 996 3597 Cum
1043 3544 1186 3597 enim
1233 3546 1302 3597 ita
1347 3545 1496 3601 brevi
1539 3557 1781 3616 tempore

181 3632 411 3684 maxima
438 3647 558 3700 pars
581 3647 765 3686 eversa
788 3633 897 3702 jam
925 3633 1103 3702 fuerit,
1134 3634 1200 3689 de
1221 3636 1426 3706 reliquo
1448 3653 1607 3692 nemo
1638 3649 1783 3707 post-

183 3735 244 3774 ea
275 3725 696 3777 controversiam
721 3725 983 3779 movebit.
1014 3727 1222 3781 Etenim
1257 3729 1387 3782 urbe
1409 3738 1582 3800 capta,
1613 3731 1780 3786 muris

180 3813 390 3878 dirutis,
418 3816 702 3882 prauoriis,
728 3817 969 3883 theatris,
999 3818 1321 3873 ambulacris
1346 3822 1569 3885 exustis,
1595 3822 1780 3876 etesia-

181 3918 286 3971 que
330 3904 579 3958 omnibus
611 3906 700 3973 qui
739 3905 926 3959 ﬂorida
953 3917 1106 3961 erant
1144 3918 1331 3974 aetate,
1365 3911 1408 3963 si
1457 3911 1576 3979 quis
1617 3911 1781 3966 semi-

184 4002 330 4046 ustas
352 3991 588 4062 porticus
609 3995 806 4059 videat,
834 4009 1126 4064 paucarum
1154 3998 1347 4052 aedium
1376 4009 1579 4056 stantes
1605 4002 1780 4057 adhuc

183 4094 384 4150 partes,
416 4099 538 4138 cum
566 4087 790 4140 aniculis
817 4097 870 4140 ct
900 4090 1158 4156 puerulis,
1202 4106 1536 4160 nequaquam
1567 4094 1782 4160 victori,

181 4175 270 4241 qui
300 4190 560 4228 summam
589 4179 664 4230 rei
687 4179 940 4245 confecit,
974 4181 1230 4247 timuerit,
1256 4198 1322 4236 ne
1346 4185 1484 4251 quod
1505 4185 1778 4240 residuum

182 4276 265 4319 est
295 4269 553 4336 perlicere
583 4285 688 4322 non
722 4271 914 4325 valeat.
948 4272 1276 4327 Piscatorum
1323 4285 1499 4330 autem
1540 4292 1628 4331 res
1672 4293 1778 4332 non

181 4359 252 4410 ita
284 4373 344 4413 se
374 4357 572 4413 habent
591 4401 606 4425 ,
656 4361 750 4414 sed
780 4363 1018 4431 quotidie
1050 4366 1217 4435 magis
1245 4368 1522 4437 magisque
1549 4367 1740 4424 florent
1759 4410 1777 4437 ,

182 4464 289 4502 non
314 4464 408 4518 per
427 4461 664 4519 apertam
693 4454 962 4520 planitiem
987 4469 1050 4510 ac
1078 4471 1170 4525 per
1186 4458 1420 4526 quietem
1447 4461 1512 4514 ad
1542 4471 1779 4516 nostram

182 4555 352 4608 usque
388 4549 598 4594 anatem
636 4541 912 4610 deductte,
945 4544 1038 4600 sed
1069 4561 1164 4615 per
1199 4563 1501 4616 :erumnas,
1545 4551 1682 4605 bella
1727 4561 1782 4606 et

182 4629 385 4698 pra-lia.
419 4628 698 4686 Gentilitas
721 4635 922 4702 quippe
951 4651 1071 4689 cum
1099 4638 1293 4707 ubique
1315 4648 1574 4694 terrarum
1603 4643 1780 4710 prola-

181 4727 231 4772 ta
259 4721 502 4776 omnium
539 4724 751 4779 animos
777 4737 1114 4795 occupasset,
1147 4729 1217 4782 ita
1243 4730 1481 4796 demum,
1515 4742 1636 4802 post
1664 4743 1781 4789 tan-

182 4823 294 4866 tmn
322 4813 486 4868 robur
509 4826 669 4884 atque
707 4817 1094 4873 incrementum
1116 4864 1129 4885 ,
1176 4836 1204 4874 a
1233 4821 1432 4878 Christi
1463 4825 1658 4881 virtute
1690 4843 1780 4882 so-

181 4900 289 4955 luta
311 4910 428 4967 est;
453 4905 761 4972 pra-dicatio
783 4919 962 4964 autem
993 4921 1171 4965 nostra
1199 4929 1304 4966 non
1330 4925 1453 4970 tunc
1474 4915 1657 4973 hostes
1682 4919 1780 4973 ha-

183 4991 311 5046 bere
333 4993 518 5064 capit,
536 5010 659 5050 eum
681 4998 874 5068 ubique
904 5015 1191 5073 propagata
1218 5005 1443 5060 ﬁrmiter
1472 5016 1661 5075 staret,
1684 5012 1776 5065 sed

182 5084 492 5153 priusquam
521 5085 574 5140 in
602 5084 907 5146 auditorum
939 5096 1132 5150 animis
1162 5095 1481 5166 deligeretur
1511 5108 1564 5154 et
1593 5101 1782 5155 funda-

183 5185 352 5236 retur,
384 5173 452 5227 ab
474 5177 591 5246 ipso
619 5180 696 5233 rei
720 5179 1036 5250 primordio,
1062 5195 1246 5240 contra
1278 5190 1585 5246 universum
1613 5202 1782 5246 terra-

180 5278 300 5316 rum
332 5265 517 5320 orbem
541 5269 708 5324 aciem
742 5272 1005 5330 instruere
1025 5277 1336 5344 cogebatur,
1370 5279 1555 5334 Contra
1591 5284 1781 5351 princi-

181 5367 333 5422 patus
354 5366 402 5408 et
434 5366 722 5428 potestates,
747 5366 806 5414 σι’
820 5376 1037 5420 rectores
1059 5369 1379 5424 tenebrarum
1399 5376 1572 5427 swcuti
1601 5377 1776 5446 hujus,

181 5447 423 5502 adversus
440 5451 728 5518 spiritantia
752 5458 984 5525 nequitia:
1010 5458 1229 5527 (Ep/tes.
1255 5462 1306 5516 6.
1338 5463 1428 5533 12)
1451 5482 1462 5516 :
1488 5481 1608 5518 cum
1635 5469 1777 5521 enim

182 5533 416 5590 scintilla
457 5537 579 5594 ﬁdei
610 5543 844 5598 nondum
884 5545 1020 5602 bene
1060 5564 1285 5606 accensa
1319 5561 1492 5620 esset,
1539 5564 1647 5609 ttnn
1680 5558 1752 5611 llu

185 5624 327 5678 mina
375 5637 429 5681 et
466 5629 642 5700 abyssi
674 5634 908 5703 undique
937 5637 1250 5694 influebaut.
1284 5641 1442 5699 Scitis
1471 5659 1631 5712 porro
1671 5663 1776 5702 non

186 5718 407 5786 perinde
444 5734 562 5777 esse
596 5722 825 5794 plantam
856 5727 924 5784 ab
962 5729 1439 5790 innumerabilibus
1465 5735 1572 5804 jam
1617 5743 1769 5797 annis

931 334 1019 390 DE
1055 334 1113 391 S.
1158 331 1459 397 BABYLA,
1499 324 1776 386 CONTRA
1813 320 2157 381 JULIANUM
2198 325 2287 381 ET
2327 323 2686 382 GENTILES.

3364 309 3472 368 558

1890 437 2098 493 radices
2118 448 2360 509 agentem
2389 439 2639 506 evellere,
2665 446 2826 507 atque
2847 450 2965 492 eam
2990 448 3110 506 qua
3131 449 3301 506 nuper
3321 435 3480 491 insita

1885 530 2064 586 fuerit.
2111 532 2218 587 Sed
2265 533 2317 586 in
2358 547 2423 587 eo
2464 531 2540 586 rei
2570 541 2709 585 statu
2741 529 2951 599 pictatis
2991 527 3277 583 scintillam
3306 526 3482 582 adfo'tc

1887 622 2172 686 modicam,
2207 633 2264 678 ut
2293 622 2426 688 dixi,
2469 622 2748 676 inundavit
2772 621 3205 675 adversariorum
3239 618 3480 687 pelagus,

1886 729 2005 782 quae
2055 723 2231 768 tamen
2288 713 2482 769 nedum
2529 714 2984 782 exstingueretur,
3029 710 3202 778 major
3229 711 3390 763 etiam
3421 722 3484 761 ac

1887 803 2222 872 Splendidior
2252 803 2441 858 effecta
2465 844 2479 867 ,
2512 804 2690 857 omnia
2732 803 2838 856 cito
2870 800 3195 871 pervadebat
3215 841 3230 866 ,
3262 815 3351 854 res
3391 799 3486 851 sd-

1886 894 2242 948 versariorum
2295 893 2449 948 facile
2495 893 2786 948 devastatus
2824 907 2889 946 ac
2934 905 3278 955 consumens,
3333 905 3482 943 suam

1887 998 2018 1040 vero
2037 999 2150 1039 rem
2176 984 2386 1055 erigens
2412 993 2571 1053 atque
2599 984 2651 1039 in
2684 984 2999 1037 immensam
3031 981 3224 1036 tollens
3250 979 3487 1032 altitudi-

1888 1089 2034 1140 nem,
2071 1076 2280 1130 etiamsi
2308 1075 2404 1128 viri
2448 1083 2638 1130 tenues
2667 1082 2826 1144 atque
2855 1074 3070 1129 obscuri
3106 1087 3223 1128 eam
3254 1072 3485 1126 admini-

1889 1176 2140 1220 Bll'ﬂl‘élll.

1972 1255 2096 1310 Vitis
2123 1259 2425 1312 conditionis
2461 1258 2690 1311 ltontitus
2729 1274 2834 1311 rem
2861 1256 3203 1310 Christianam
3232 1273 3489 1327 propaga-

1889 1364 2024 1407 runt.
2053 1353 2259 1408 -—Nee
2304 1355 2357 1408 in
2400 1367 2559 1408 causa
2615 1363 2769 1407 erant
2816 1353 3138 1421 piscatorum
3182 1349 3485 1420 hujusmodi

1889 1445 2052 1499 verba
2091 1443 2176 1499 vel
2217 1444 2508 1507 miracula,
2550 1443 2645 1498 sed
2670 1441 2867 1498 Christi
2895 1443 3064 1496 virtus
3108 1441 3159 1494 in
3191 1440 3320 1510 ipsis
3349 1455 3483 1509 ope-

1889 1551 2034 1593 rans.
2068 1536 2147 1592 Ex
2178 1535 2282 1589 illis
2313 1535 2479 1600 enim,
2513 1535 2603 1603 qui
2634 1534 2754 1589 talia
2783 1534 3082 1602 patrabant,
3121 1532 3260 1585 alter
3291 1531 3488 1585 l‘aulus

1890 1634 2024 1692 erat,
2058 1625 2410 1680 tentoriorum
2451 1625 2672 1690 artifex;
2701 1626 2836 1679 alter
2864 1625 3056 1679 Petrus
3087 1624 3319 1693 piscator
3346 1639 3359 1674 :
3395 1637 3490 1677 nc-

1888 1733 1992 1788 que
2018 1727 2124 1772 tam
2156 1718 2401 1772 tenuibus
2429 1716 2735 1772 hominibus
2762 1718 2813 1772 in
2845 1728 3077 1772 mentem
3109 1717 3348 1771 venisset
3372 1730 3490 1768 um-

1888 1823 2047 1877 quam
2078 1823 2197 1864 rem
2229 1807 2388 1862 talem
2431 1808 2760 1877 conﬁngere,
2803 1808 2905 1861 nisi
2929 1807 3048 1877 quis
3076 1822 3171 1861 eos
3205 1805 3490 1860 insaniisse

1888 1909 1944 1955 et
1967 1909 2146 1956 mente
2165 1913 2353 1971 captos
2382 1903 2549 1958 fuisse
2572 1903 2734 1957 dicat.
2763 1902 2916 1969 Quod
2945 1912 3121 1956 autem
3155 1916 3260 1955 non
3290 1899 3489 1954 insani-

1889 2000 2040 2057 rent,
2073 1993 2246 2063 palam
2273 2002 2359 2049 est
2385 2003 2496 2048 tum
2526 2010 2592 2049 ex
2622 1995 2703 2058 iis,
2749 2009 2869 2063 qua:
2912 2007 3161 2047 sermone
3190 1991 3489 2061 perfecere,

1888 2090 2001 2137 tum
2022 2098 2087 2138 ex
2114 2082 2200 2151 iis,
2223 2085 2312 2154 qui
2337 2085 2629 2139 etiamnum
2652 2085 2756 2138 illis
2777 2084 3168 2152 obtemperant.
3189 2082 3489 2151 Numquam

1889 2176 2048 2247 igitur
2075 2177 2194 2232 talia
2224 2177 2298 2232 illi
2326 2179 2567 2233 ementiti
2598 2177 2841 2241 fuissent,
2869 2179 2949 2232 vel
2979 2175 3313 2246 gloriabundi
3332 2175 3492 2243 jacti-

1889 2273 2111 2321 tassent.
2139 2267 2382 2334 Etenim,
2411 2277 2467 2322 ut
2493 2268 2754 2338 principio
2796 2268 3036 2322 dicebam
3057 2309 3071 2332 ,
3103 2267 3196 2336 qui
3239 2266 3491 2335 decipere

1887 2358 1998 2412 vult
2020 2400 2036 2424 ,
2081 2359 2340 2416 mentitur
2382 2360 2598 2431 quidem
2620 2402 2634 2427 ,
2667 2359 2761 2415 scd
2794 2375 2898 2414 non
2933 2359 3004 2414 ita
3041 2359 3314 2424 mentitur,
3340 2366 3397 2410 ιιι
3419 2356 3489 2410 ab

1887 2447 2137 2506 omnibus
2175 2449 2508 2521 deprehendi
2554 2451 2742 2520 possit.
2773 2451 2907 2506 Nam
2953 2451 3021 2514 si,
3071 2459 3351 2519 postquam
3398 2462 3490 2502 res

1886 2542 2225 2610 contigerunt
2261 2548 2448 2596 etlam
2495 2542 2650 2596 multi
2693 2556 2876 2597 earum
2922 2550 3171 2596 eventum
3223 2539 3488 2595 testiﬁcati

1886 2640 2040 2698 sunt,
2072 2640 2184 2686 tum
2225 2647 2292 2686 ex
2336 2631 2402 2687 iis
2424 2671 2442 2700 ,
2473 2631 2566 2703 qui
2598 2632 2700 2686 illis
2735 2632 3067 2701 temporibus
3095 2630 3438 2685 crediderunt
3471 2670 3488 2693 ,

1887 2729 1998 2775 tum
2048 2736 2128 2783 ex
2166 2721 2267 2786 iis,
2316 2723 2406 2792 qui
2454 2730 2639 2793 postea
2698 2723 2815 2777 lucc
2866 2711 3062 2792 ubique
3110 2720 3486 2786 celebrarunt,

1886 2825 1987 2866 nee
2009 2810 2148 2880 apud
2177 2827 2275 2867 nos
2298 2821 2529 2879 tantum,
2559 2813 2651 2867 sed
2683 2813 2820 2881 apud
2851 2813 3128 2877 barbaros,
3155 2821 3206 2866 et
3227 2812 3365 2880 apud
3392 2827 3487 2866 eos

1885 2901 1976 2970 qui
2009 2902 2136 2972 ipsis
2165 2903 2408 2958 barbaris
2434 2903 2773 2959 elferatiores
2811 2915 2954 2968 sunt,
2987 2913 3276 2973 supersunt
3307 2912 3484 2957 tamen

1885 2994 2100 3064 quidam
2122 3036 2136 3060 ,
2168 2994 2258 3064 qui
2299 3004 2418 3065 post
2465 3005 2542 3050 tot
2572 2997 2720 3066 signa
2740 3038 2755 3062 ,
2789 3005 2838 3049 et
2873 2996 3055 3065 totius,
3087 3001 3145 3047 ut
3169 2995 3240 3048 ita
3268 2993 3444 3048 dicam
3469 3033 3486 3059 ,

1885 3087 2030 3140 orbis
2057 3088 2441 3152 testimonium,
2468 3087 2631 3142 rebus
2656 3089 2820 3156 gestis
2842 3103 2946 3142 non
2963 3092 3215 3153 credunt,
3238 3101 3302 3140 ac
3329 3086 3488 3140 multi

1888 3179 2035 3233 nullo
2061 3178 2308 3233 examine
2329 3219 2345 3244 ,
2399 3178 2541 3232 nulla
2587 3179 2970 3249 perquisiiione
3013 3180 3291 3249 praemissa
3323 3197 3335 3231 :
3368 3178 3492 3247 quis

1885 3269 1952 3322 ah
1980 3269 2166 3336 initio,
2214 3269 2374 3324 nullis
2405 3258 2706 3340 perspectis.
2746 3270 2942 3336 rebus,
2993 3269 3138 3324 nullo
3178 3269 3283 3323 ﬁde
3327 3267 3490 3338 digno

1888 3359 2194 3414 testimonio
2239 3359 2494 3425 munitus,
2555 3359 2694 3415 hanc
2746 3358 2904 3413 ﬁdem
2951 3360 3130 3412 animo
3176 3358 3490 3426 exceperit?

1885 3451 2014 3520 quid
2055 3451 2265 3509 tandem
2297 3451 2416 3506 illos
2445 3451 2716 3506 induxerit
2745 3451 2810 3504 ad
2844 3451 2947 3503 tale
2983 3450 3254 3519 quidpiam
3278 3449 3487 3518 tingen-

1886 3542 2013 3597 dum
2041 3553 2094 3597 et
2122 3542 2676 3598 comminiscendum?
2702 3540 2886 3612 Neque
2913 3545 3056 3596 enim
3095 3541 3309 3596 dicendi
3339 3541 3390 3595 vi
3423 3541 3485 3594 ﬁ~

1888 3632 2122 3697 debant;
2152 3633 2262 3703 (qui
2294 3634 2435 3687 enim
2464 3632 2514 3686 id
2539 3632 2654 3687 ﬁeri
2686 3632 2874 3702 possit,
2898 3647 3018 3686 cum
3046 3633 3184 3686 alter
3201 3647 3268 3685 ne
3307 3632 3490 3687 literas

1884 3726 2100 3795 quidem
2131 3725 2388 3795 nosset?)
2417 3740 2590 3795 neque
2620 3725 2924 3779 divitiarum
2953 3723 3143 3793 copiae,
3173 3723 3366 3793 quibus
3394 3723 3491 3777 ali-

1886 3826 2068 3872 menta
2099 3817 2397 3872 necessaria
2424 3817 2510 3870 vix
2545 3825 2890 3885 suppeterent
2913 3856 2926 3880 ,
2956 3825 3010 3870 et
3038 3815 3127 3884 qui
3157 3814 3350 3868 diurno
3374 3813 3490 3882 Opi-

1887 3907 2008 3961 ﬁcio
2029 3909 2368 3972 victitarent;
2402 3923 2575 3977 neque
2599 3907 2666 3962 de
2717 3907 2930 3978 generis
2956 3905 3242 3976 splendore
3272 3890 3489 3976 gloriari

1887 4008 2135 4067 poterant
2167 4017 2181 4053 :
2213 3999 2434 4054 alterius
2463 3999 2604 4053 enim
2635 4013 2700 4052 ne
2729 4008 2932 4067 patrem
2960 3997 3174 4066 quidem
3207 3997 3485 4061 novimus,

1888 4091 1958 4144 ita
1985 4102 2100 4146 erat
2119 4092 2384 4147 obscurus
2412 4101 2571 4159 atque
2599 4091 2812 4162 ignotus
2835 4108 2848 4156 ;
2877 4091 3018 4146 Petri
3041 4106 3122 4144 ve:
3140 4108 3167 4141 τ,
3192 4097 3343 4159 pater
3367 4089 3489 4159 qui-

1887 4181 2007 4234 dem
2041 4191 2200 4237 notus
2227 4190 2341 4248 est,
2369 4182 2464 4236 sed
2506 4181 2556 4235 id
2598 4189 2802 4235 tantum
2843 4180 3073 4250 amplius
3110 4179 3290 4243 habet,
3325 4194 3485 4250 quam

1886 4272 2045 4339 alter,
2077 4272 2220 4341 quod
2249 4273 2417 4326 solam
2464 4272 2631 4341 patris
2664 4271 3079 4340 appellationem
3099 4310 3116 4335 ,
3157 4268 3317 4338 idque
3362 4283 3490 4338 pro-

1887 4373 2006 4432 pter
2032 4362 2219 4427 ﬁlium,
2250 4361 2524 4433 Scriptura
2551 4369 2957 4416 commemoret.
2983 4360 3036 4415 Si
3067 4362 3337 4429 regionem
3364 4358 3485 4428 quis

1887 4466 1938 4508 et
1963 4465 2174 4524 gentem
2193 4455 2472 4523 explorare
2495 4455 2641 4519 velit,
2666 4454 2830 4506 alium
2852 4452 3070 4506 Cilicem
3094 4450 3486 4521 deprehendet,

1886 4545 2050 4598 alium
2074 4545 2318 4615 ignobilis
2347 4547 2493 4600 urbis
2520 4547 2690 4599 civem
2718 4563 2732 4611 ;
2761 4546 2867 4598 imo
2889 4559 3016 4597 vero
3041 4559 3147 4598 non
3180 4545 3326 4599 urbis
3346 4585 3360 4611 ,
3389 4544 3486 4598 sed

1887 4637 1986 4689 vici
2019 4635 2184 4689 inﬁmi
2212 4635 2442 4704 incolam
2473 4653 2486 4688 :
2528 4635 2830 4688 Bcthsaidze
2873 4633 3047 4699 enim,
3077 4634 3179 4687 vici
3210 4647 3402 4702 nempe
3433 4633 3487 4687 in

1886 4726 2104 4782 Galil-tea
2135 4728 2212 4781 sic
2237 4728 2446 4793 vocati,
2489 4727 2676 4782 beatus
2708 4727 2796 4781 ille
2826 4730 2905 4779 vir
2953 4726 3123 4779 ineola
3163 4735 3297 4779 erat.
3331 4728 3490 4782 Artes

1886 4834 2015 4872 vero
2041 4833 2227 4874 eorum
2257 4820 2300 4872 si
2327 4819 2444 4888 quis
2474 4818 2672 4884 audiat,
2701 4818 2831 4872 nihil
2867 4832 3117 4886 magnum
3148 4819 3234 4872 vel
3255 4816 3489 4870 honora-

1889 4913 1994 4966 bile
2023 4913 2317 4982 comperiet
2348 4927 2363 4965 :
2398 4926 2519 4966 nam
2550 4912 2815 4980 piscatore
2841 4909 3058 4980 quidem
3107 4910 3382 4962 honestior
3403 4918 3488 4963 est

1888 5006 2244 5059 tentoriorum
2266 5002 2491 5067 artifex;
2522 5002 2734 5057 cmteris
2759 5013 2936 5056 autem
2985 5000 3278 5055 artiﬁcibus
3307 5001 3482 5055 vilior.

1889 5097 2201 5163 Undenam,
2247 5111 2466 5165 quaeso,
2502 5096 2640 5150 unde
2685 5112 2797 5150 rem
2841 5105 3040 5149 tantam
3073 5095 3327 5149 simulare
3368 5095 3486 5149 ausi

1886 5185 2152 5241 fuissent?
2182 5203 2285 5257 qua
2330 5202 2426 5256 spe
2466 5189 2591 5242 elati
2612 5187 2636 5240 ’ἶ
2666 5189 2749 5241 cui
2782 5188 3046 5242 ﬁdentes?
3093 5203 3160 5241 an
3192 5188 3398 5241 calamo
3429 5198 3484 5242 et

1887 5279 2087 5333 hamo?
2125 5294 2191 5332 an
2217 5279 2390 5333 cultro
2416 5288 2469 5332 et
2495 5278 2762 5334 terebraa?
2797 5279 3055 5332 Homines
3077 5278 3273 5342 insani,
3301 5293 3479 5331 annon

1886 5370 2237 5425 abscedentes
2265 5386 2359 5425 vos
2383 5371 2805 5440 strangulabitis,
2833 5381 2922 5424 aut
2943 5369 3246 5439 prmcipites
3264 5368 3483 5423 dabitis?

1956 5463 2012 5515 4.
2051 5461 2339 5530 Fingamus
2365 5469 2540 5515 autem
2568 5503 2583 5528 ,
2613 5461 2655 5516 si
2689 5461 2861 5528 placet
2885 5501 2900 5527 ,
2935 5476 3046 5514 rem
3077 5475 3195 5529 quze
3228 5459 3340 5514 ﬁeri
3378 5474 3478 5513 ne-

1885 5566 2042 5625 queat
2071 5597 2087 5622 ,
2116 5556 2228 5608 ﬁeri
2256 5571 2441 5610 revera
2474 5569 2630 5624 posse
2656 5595 2670 5619 ,
2702 5563 2756 5608 et
2778 5569 2899 5608 eum
2929 5554 3016 5623 qui
3043 5568 3075 5608 e
3102 5563 3290 5621 stagno
3320 5551 3482 5621 prod-

1886 5649 1947 5702 iit
1991 5648 2173 5703 dicere
2202 5665 2214 5702 :
2245 5647 2445 5704 Umbra
2491 5648 2733 5717 corporis
2761 5648 2862 5702 mei
2895 5656 3137 5700 mortuos
3163 5644 3480 5708 suscitavit;

1889 5755 2008 5796 cum
2058 5751 2185 5794 vero
2235 5740 2320 5809 qui
2369 5754 2430 5793 ex
2487 5738 2828 5808 pelliceorum
2879 5735 3227 5794 tentoriorum
3271 5733 3482 5790 ofﬁcina
