4082 6424
571 354 674 413 539

571 470 700 525 exiit
728 507 745 535 ,
776 467 918 537 paria
951 465 1017 521 de
1043 463 1370 520 vestimentis
1394 463 1504 517 suis
1524 459 1769 530 jactitare
1800 475 1813 511 :
1844 455 1962 525 quis
2000 449 2150 506 audi—

572 570 746 615 torum
773 573 942 628 usque
979 558 1113 612 adeo
1153 564 1332 611 mente
1365 563 1550 624 captus
1593 559 1745 612 erat.
1783 559 1844 603 ut
1883 547 2021 601 circa
2063 556 2150 596 res

568 661 744 705 tantas
785 650 942 706 nudis
969 648 1145 704 verbis
1189 647 1346 702 ﬁdem
1392 644 1652 699 haberet?
1697 641 1806 696 Cur
1838 638 2014 692 nullus
2058 635 2150 688 illo

569 752 811 811 tempore
836 740 1021 795 artifex
1048 739 1317 810 quidpiam
1357 736 1528 793 simile
1554 735 1621 788 de
1647 733 1824 800 seipse
1850 770 1866 795 ,
1894 737 1985 781 aut
2014 727 2151 780 alius

569 835 636 889 de
666 835 759 889 illo
785 833 959 888 dixit?
988 831 1147 900 Atqui
1186 831 1230 886 si
1275 846 1362 885 res
1406 836 1600 881 nostra:
1649 825 1895 893 ﬁgmenta
1926 827 2108 874 essent
2131 857 2146 881 ,

566 941 661 981 eos
689 926 781 996 qui
826 932 1006 994 postea
1049 924 1302 985 fuerunt,
1347 919 1553 973 facilius
1598 914 1790 968 similia
1834 909 2151 965 mentituros

571 1017 733 1072 fuisse
762 1008 1047 1068 verisimile
1075 1021 1209 1068 erat.
1243 1011 1318 1065 llli
1345 1010 1484 1063 enim
1516 1006 1720 1076 priores
1759 1017 1862 1056 non
1902 1007 2151 1070 poterant

573 1104 819 1173 exemplo
847 1100 1068 1156 aliorum
1097 1144 1113 1166 ,
1154 1101 1240 1167 qui
1284 1096 1716 1168 prmcessissent,
1758 1106 1905 1160 spem
1951 1088 2149 1143 habere

565 1196 707 1249 circa
751 1193 985 1262 ﬁgmenti
1017 1204 1353 1252 successum;
1389 1187 1442 1240 hi
1474 1199 1600 1238 vero
1627 1182 1983 1252 posteriores,
2029 1179 2149 1233 illos

569 1283 743 1338 intuiti
769 1325 784 1349 ,
809 1293 1168 1337 commentum
1195 1279 1398 1334 facilius
1427 1279 1540 1330 ausi
1567 1274 1824 1337 fuissent,
1854 1287 1973 1328 cum
2005 1270 2148 1339 prio-

567 1390 686 1428 rum
735 1373 1036 1443 excmplnm
1103 1370 1485 1442 posterioribus
1539 1366 1784 1421 fiduciam
1843 1361 2143 1433 praeberet,

570 1465 721 1532 quasi
750 1464 925 1517 nullus
952 1465 1001 1515 in
1034 1471 1171 1515 terra
1202 1469 1378 1514 mente
1416 1457 1666 1527 przeditus
1696 1463 1878 1518 esset,
1907 1452 2001 1508 sed
2026 1467 2144 1504 om—

569 1571 668 1610 nes
693 1563 869 1610 mente
898 1554 1036 1622 capti
1061 1562 1115 1607 et
1141 1552 1308 1606 insani
1335 1558 1517 1606 essent
1537 1593 1552 1615 ,
1581 1550 1651 1603 ita
1679 1559 1736 1602 ut
1759 1546 1926 1602 cuivis
1960 1545 2148 1599 liceret

567 1663 915 1719 quaecumque
943 1647 1104 1701 vellet
1136 1646 1202 1700 de
1235 1646 1412 1714 seipse
1451 1643 1628 1698 dicere
1664 1641 1886 1710 aliisque
1925 1652 2145 1707 persua-

568 1740 716 1795 dere.
747 1739 906 1808 Nugrc
937 1739 1091 1808 plane
1113 1778 1129 1803 ,
1158 1746 1212 1791 et
1238 1738 1347 1790 risu
1378 1735 1532 1806 digna
1565 1742 1688 1788 sunt
1714 1730 1984 1802 gentilitia:
2008 1728 2164 1783 stul-»

568 1830 707 1885 titize,
727 1829 905 1883 verba.
929 1826 1383 1894 Quemadmodum
1412 1825 1553 1879 enim
1592 1823 1637 1876 si
1677 1822 1794 1892 quis
1835 1821 2024 1874 cadum
2062 1834 2148 1873 sa-

570 1919 715 1990 gittis
745 1920 1000 1989 impetere
1025 1919 1188 1982 velit,
1220 1916 1369 1986 quasi
1417 1915 1536 1969 telis
1575 1914 1747 1984 ipsum
1795 1914 2145 1982 dirupturus;

569 2021 663 2066 aut
706 2011 974 2068 Oceanum
1021 2011 1272 2074 haurire,
1319 2009 1471 2079 quasi
1515 2009 1759 2063 manibus
1797 2016 2148 2062 evacuaturus

569 2101 716 2154 illum
741 2141 756 2166 ,
793 2117 858 2155 ex
905 2099 1276 2156 urbanioribus
1318 2114 1475 2153 nemo
1511 2098 1646 2163 erit,
1682 2097 1806 2166 quin
1843 2095 2049 2159 rideat,
2081 2110 2148 2148 ex

569 2191 904 2260 gravioribus
927 2206 1086 2245 nemo
1113 2206 1217 2245 non
1250 2191 1299 2244 id
1326 2190 1505 2245 eﬁ‘usis
1533 2190 1780 2259 lacrymis
1805 2187 2100 2256 deplorahit
2129 2203 2143 2238 :

570 2282 650 2337 sic
691 2297 812 2336 cum
850 2281 1003 2335 nobis
1044 2281 1268 2352 gentiles
1305 2279 1722 2334 contradixerint
1745 2319 1758 2342 ,
1803 2293 1899 2346 par
1936 2286 2019 2332 est
2054 2291 2147 2330 eos

571 2372 797 2427 irridere
822 2387 884 2426 ac
904 2371 1181 2440 deplorare
1210 2389 1224 2424 :
1254 2385 1366 2425 rem
1387 2370 1527 2425 enim
1550 2369 1718 2437 magis
1741 2367 1960 2420 arduam
1982 2365 2148 2420 susci-

569 2463 753 2532 piunt,
787 2477 943 2532 quam
969 2462 1059 2531 qui
1088 2461 1168 2516 vel
1211 2461 1396 2515 caelum
1441 2458 1729 2513 confodere
1772 2457 1854 2512 vel
1898 2457 2146 2526 abyssum

570 2568 830 2608 evacuare
867 2568 926 2608 se
960 2567 1119 2622 posse
1152 2549 1463 2621 speraverit.
1503 2548 1686 2617 Neque
1727 2547 1868 2602 enim
1908 2546 1994 2598 lux
2034 2560 2150 2599 um-

569 2660 728 2714 quam
760 2645 984 2698 obscura
1012 2644 1113 2697 erit
1135 2685 1148 2708 ,
1181 2643 1352 2697 donec
1377 2643 1463 2696 lux
1487 2641 1588 2696 erit
1610 2681 1625 2705 ,
1649 2655 1824 2709 neque
1847 2647 2148 2692 nostrarum

568 2754 746 2792 rerum
780 2737 977 2791 veritas
1006 2736 1367 2791 confutabitur
1397 2755 1410 2787 :
1443 2736 1638 2790 veritas
1665 2736 1858 2804 quippe
1885 2743 1966 2788 est
1987 2774 2003 2800 ,
2046 2747 2150 2802 qua

572 2831 705 2886 nihil
732 2830 975 2884 validius.
1006 2829 1155 2898 Quod
1186 2830 1340 2899 igitur
1365 2838 1554 2883 vetera.
1574 2828 1660 2882 illa
1684 2869 1699 2894 ,
1727 2842 1846 2897 quae
1870 2840 1999 2880 aure
2024 2841 2147 2894 per-

569 2922 832 2991 cipimus,
868 2937 972 2975 uon
1015 2921 1190 2973 minus
1227 2920 1498 2974 credibilia
1540 2919 1679 2983 sint,
1727 2932 1886 2987 quam
1928 2931 1992 2971 ea
2031 2931 2150 2985 qua:

570 3029 711 3070 nunc
736 3014 1016 3082 prmsentia
1045 3013 1314 3067 cernimus
1340 3053 1357 3074 ,
1390 3011 1561 3080 quivis
1601 3026 1706 3064 non
1741 3019 1922 3064 mente
1965 3018 2151 3076 captus

571 3112 626 3157 et
643 3104 858 3157 insanus
879 3103 1194 3158 conﬁteatur
1217 3121 1231 3169 ;
1257 3111 1314 3157 ut
1339 3113 1514 3156 autem
1541 3102 1814 3155 victoriam
1836 3100 2153 3155 cumulatius

570 3192 864 3247 referamus
887 3234 902 3258 ,
929 3209 1042 3248 rem
1068 3192 1431 3248 admirandam
1459 3232 1472 3254 ,
1504 3199 1659 3244 aetate
1702 3201 1878 3244 nostra
1907 3199 2108 3259 gestam
2131 3230 2147 3255 ,

574 3284 824 3338 referam.
846 3285 914 3338 At
934 3299 1000 3338 ne
1028 3284 1306 3338 turbemini
1333 3323 1347 3346 ,
1380 3283 1423 3335 si
1450 3281 1760 3336 miraculum
1786 3289 1968 3334 nostra
1995 3290 2152 3335 aztate

574 3376 773 3429 editum
805 3383 1139 3428 narraturum
1169 3389 1252 3428 me
1278 3374 1545 3445 pollicitus
1571 3415 1587 3438 ,
1625 3389 1691 3428 ex
1725 3372 1892 3426 veteri
1929 3371 2152 3426 historia

573 3464 931 3518 narrationem
960 3463 1180 3518 ordiar:
1213 3478 1385 3532 neque
1411 3464 1550 3517 enim
1593 3464 1646 3515 in
1683 3462 1765 3514 his
1810 3462 1980 3514 solum
2019 3476 2150 3515 con-

571 3553 756 3607 sistam
777 3593 792 3618 ,
814 3569 982 3621 neque
1005 3569 1142 3606 novo
1163 3562 1475 3622 argumento
1494 3552 1665 3606 aliena
1685 3563 1860 3605 vetera
1885 3551 2108 3606 referam
2135 3568 2148 3606 :

575 3657 697 3695 nam
727 3650 950 3713 utraque
980 3653 1164 3698 mutuo
1189 3643 1392 3698 hzerent
1417 3683 1431 3707 ,
1465 3657 1564 3696 nec
1590 3642 1713 3695 licet
1745 3656 1929 3696 eorum
1957 3641 2149 3695 seriem

575 3732 882 3804 disjungere
909 3777 926 3802 ,
959 3745 1017 3789 ut
1041 3736 1234 3791 auditis
1264 3735 1422 3790 rebus
1449 3735 1807 3805 comperietis.

645 3827 699 3879 5.
745 3824 970 3879 Historia
997 3825 1327 3896 Imperatoris
1354 3814 1897 3896 cujusdamafnbulosa.
1929 3854 2001 3864 -
2024 3824 2154 3879 Erat

574 3915 694 3983 quis
737 3915 1030 3984 Imperator
1084 3915 1158 3989 (α)
1206 3916 1466 3986 majorum
1512 3924 1817 3970 nostrorum
1860 3931 2014 3978 aevo,
2061 3915 2152 3984 qui

573 4005 748 4073 qualis
796 4008 850 4061 in
893 4010 1100 4062 caeteris
1151 4008 1330 4073 fuerit,
1381 4008 1560 4063 dicere
1604 4023 1850 4078 nequeo:
1883 4018 1938 4063 at
1973 4009 2152 4063 audito

575 4096 780 4151 scelere
804 4138 819 4163 ,
851 4099 992 4168 quod
1021 4099 1237 4169 aggredi
1276 4109 1360 4154 est
1399 4114 1562 4152 ausus
1585 4139 1600 4162 ,
1644 4100 1901 4169 reliquam
1943 4115 2152 4154 morum

580 4185 964 4241 immanitatem
1017 4189 1370 4257 cognoscetis.
1429 4188 1706 4254 Quodnam
1764 4189 1925 4258 igitur
1979 4190 2153 4244 scelus

577 4275 938 4330 illud?Genti
976 4292 1095 4331 cum
1143 4279 1237 4333 illo
1281 4279 1472 4333 bellum
1522 4280 1724 4349 gerenti
1774 4281 1941 4334 visum
1985 4281 2156 4336 fuerat

578 4364 771 4418 bellum
803 4367 1010 4421 solvere
1041 4377 1448 4438 mutuarumque
1476 4369 1696 4424 caedium
1740 4371 1897 4424 ﬁnem
1939 4371 2111 4426 facere
2135 4413 2150 4438 ,

576 4470 662 4508 res
688 4470 1010 4524 componere
1034 4498 1050 4521 ,
1077 4460 1311 4524 pericula
1350 4470 1404 4513 et
1435 4460 1741 4513 formidines
1783 4461 1972 4518 sedare
1994 4502 2008 4526 ,
2042 4462 2154 4516 suis

576 4559 635 4599 sc
665 4545 822 4599 rebus
847 4548 1118 4602 continere
1143 4588 1159 4611 ,
1187 4563 1358 4618 neque
1405 4549 1486 4603 his
1525 4549 1812 4617 ampliores
1853 4559 2102 4618 expetere
2134 4567 2148 4601 :

575 4646 831 4705 praestare
901 4639 1041 4692 enim
1105 4639 1462 4694 mediocribus
1505 4639 1956 4698 sine_formidine
2009 4640 2146 4706 frui,

577 4742 735 4795 quam
764 4726 1053 4797 majoribus
1083 4729 1347 4784 inhiantes
1379 4730 1429 4783 in
1460 4737 1603 4783 metu
1638 4744 1700 4784 ac
1734 4731 1924 4784 timore
1960 4732 2153 4798 degere

577 4834 792 4887 semper
813 4861 828 4885 ,
857 4822 1099 4889 malaque
1121 4832 1274 4876 caete!
1289 4823 1330 4877 is
1366 4821 1653 4877 inferentes
1679 4863 1693 4888 ,
1736 4824 1802 4876 ab
1847 4823 1951 4876 illis
1993 4824 2153 4877 vicis-

578 4911 680 4962 sim
726 4910 986 4980 accipere.
1035 4913 1170 4967 Cum
1212 4923 1390 4968 autem
1435 4914 1781 4968 constitutum
1827 4914 1928 4969 illis
1971 4923 2150 4981 esset,

578 4999 720 5052 bello
768 5014 983 5067 prorsus
1025 5001 1299 5071 deposito,
1343 5003 1573 5072 quietam
1611 5003 1902 5073 transigere
1947 5006 2151 5059 vitam.

580 5090 752 5143 visum
793 5098 878 5143 est
922 5091 1069 5145 ﬁrma
1121 5093 1364 5160 pactione
1396 5093 1690 5162 validisque
1727 5095 2151 5148 conditionibus‘

578 5196 768 5250 pacem
795 5182 1052 5237 stabilire.
1082 5183 1216 5238 Tum
1243 5185 1444 5240 foedere
1477 5185 1614 5240 facto
1641 5227 1653 5248 ,
1682 5187 1807 5241 dato
1831 5198 2155 5257 acceptoque

571 5271 874 5340 juramento
897 5313 912 5338 ,
944 5274 1052 5343 regi
1085 5283 1341 5342 przeterea
1381 5291 1478 5331 suo
1513 5277 1734 5331 suadere
1761 5289 2018 5331 conantur
2045 5319 2059 5342 ,
2091 5277 2154 5330 ﬁ-

583 5364 709 5415 lium
734 5379 885 5417 suum
915 5364 1199 5420 admodum
1228 5383 1446 5438 puerum
1471 5411 1486 5434 ,
1520 5371 1571 5423 in
1616 5371 1843 5425 solidum
1889 5370 2032 5438 pacis
2074 5371 2122 5436 pi

585 5469 722 5524 gnus
765 5454 1014 5509 traditum
1059 5459 1142 5523 iis,
1174 5460 1261 5528 qui
1292 5463 1436 5530 prius
1479 5463 1661 5516 hostes
1691 5470 1841 5515 erant
1863 5500 1878 5526 ,
1914 5461 2156 5515 fiduciam

646 5589 662 5653 ξ
698 5597 825 5653 unus
846 5591 1058 5639 secunda
1080 5606 1239 5644 manu.
1259 5593 1562 5652 juramentis,
1589 5606 1693 5653 pro,
1720 5591 2078 5644 conditionibus.

643 5649 724 5716 ((1).
751 5657 796 5697 In
819 5653 989 5716 codice
1010 5661 1122 5713 Reg.
1145 5649 1272 5701 2989'
1291 5657 1513 5705 scribitur
1537 5649 1599 5705 ad
1613 5667 1787 5716 marg,
1823 5656 2149 5716 Νουμεριανός.

581 5723 674 5771 qua
699 5711 761 5760 de
784 5725 838 5761 re
860 5714 1037 5764 dictum
1062 5711 1108 5763 in
1134 5717 1321 5765 ate-nite.

1266 349 1321 406 S.
1364 345 1642 404 JOANNIS
1677 332 2148 399 CHRYSOSTOMI
2190 325 2511 385 ARCHIEP.
2554 319 3083 380 CONSTANTII‘OP.

3739 315 3841 372 διε

2259 448 2516 511 przestare
2553 451 2710 508 posse
2729 476 2744 502 ,
2791 434 3054 504 simulque
3083 431 3341 502 propositi
3366 431 3450 485 sui
3479 430 3843 486 testimonium

2254 532 2536 596 exhibere,
2560 528 2700 599 quod
2731 541 2923 596 nempe
2955 527 3070 580 sine
3095 526 3225 580 dole
3242 538 3433 594 pacem
3453 537 3584 579 cum
3606 524 3738 593 ipsis
3765 524 3816 578 fe

2256 626 2410 678 cerit.
2436 622 2549 688 Qua
2580 620 2822 674 oratione
2851 633 2944 672 rex
2967 616 3229 671 adductus
3251 615 3419 670 ﬁlium
3438 614 3605 678 dedit,
3638 622 3698 668 ut
3725 614 3847 683 qui-

2255 714 2376 769 dem
2403 712 2742 769 existimabat
2762 711 2870 776 ille,
2893 710 3083 764 amicis
3103 718 3156 763 et
3176 709 3366 774 sociis;
3395 719 3454 763 ut
3474 722 3602 763 vero
3625 707 3703 763 rei
3728 708 3842 762 exi-

2257 813 2341 859 tus
2370 804 2649 874 probavit,
2678 801 2806 857 ferte
2835 802 3072 856 omnium
3103 800 3524 853 immanissima.
3553 798 3686 854 Nam
3717 815 3848 855 cum

2257 894 2508 948 amicitia;
2535 903 2591 949 et
2617 892 2836 947 foederis
2875 891 2991 960 lege
3022 905 3243 960 puerum
3275 889 3478 958 regium
3513 889 3846 959 accepisset,

2255 984 2434 1040 omnia
2462 983 2622 1038 simul
2650 981 2981 1037 conculcavit
3004 988 3060 1036 et
3090 979 3304 1044 evertit,
3321 979 3642 1047 juramenta,
3671 978 3849 1036 fode-

2254 1090 2335 1140 ra,
2365 1074 2640 1129 hominum
2662 1073 3040 1137 reverentiam,
3064 1071 3312 1141 pietatem
3341 1084 3465 1140 erga
3492 1069 3684 1136 Deum,
3715 1081 3851 1125 mta—

2255 1167 2323 1220 tis
2364 1165 2883 1221 eommiserationem
2917 1178 3067 1218 :non
3111 1162 3351 1239 ‘belluam
3398 1160 3542 1214 illam
3584 1160 3850 1230 juventus

2253 1258 2422 1325 flexit,
2452 1274 2556 1312 non
2584 1274 2645 1313 ea
2668 1272 2787 1326 quae
2815 1255 3119 1324 hujusmodi
3140 1256 3348 1310 scelera
3374 1255 3521 1324 sequi
3547 1255 3684 1308 solet
3710 1254 3852 1308 ultio

2256 1359 2457 1405 trucem
2500 1349 2771 1403 hominem
2797 1347 3089 1410 deterruit;
3123 1361 3228 1399 non
3263 1346 3428 1414 patris
3468 1344 3634 1398 ﬁlium
3667 1344 3850 1413 depo-

2255 1442 2431 1498 nentis
2458 1442 2620 1498 verba
2648 1441 2883 1507 animum
2912 1438 3156 1505 subiere,
3202 1452 3323 1507 quae
3351 1436 3476 1491 dum
3513 1438 3564 1490 in
3597 1437 3852 1490 manibus

2257 1532 2491 1588 traderet
2519 1534 2744 1594 fecerat,
2776 1543 2970 1599 rogans
2999 1542 3118 1582 eum
3141 1566 3157 1592 ,
3195 1535 3254 1580 ut
3281 1527 3332 1580 in
3377 1539 3564 1595 magna
3590 1539 3718 1579 cura
3750 1525 3852 1578 ha-

2255 1624 2406 1678 beret
2425 1665 2440 1688 ,
2467 1638 2526 1678 se
2558 1622 2668 1676 ﬁlio
2705 1622 2876 1690 ipsum
2907 1619 3234 1674 constituere
3262 1627 3467 1688 patrem
3496 1619 3647 1687 quasi
3686 1616 3756 1670 ah
3784 1630 3851 1671 se

2250 1718 2510 1786 genitum,
2527 1716 2816 1770 obsecrans
2843 1721 2900 1767 ut
2923 1727 3046 1768 eum
3076 1713 3146 1767 ita
3168 1713 3432 1768 enutriret
3456 1712 3845 1781 educaretque,

2250 1815 2306 1862 ct
2333 1807 2595 1875 majorum
2635 1819 2852 1859 suorum
2884 1802 3161 1857 nobilitate
3193 1801 3411 1870 dignum
3441 1799 3727 1865 redderet;
3764 1799 3850 1853 in-

2255 1909 2334 1953 ter
2361 1899 2476 1953 haec
2498 1897 2661 1952 verba
2686 1896 2929 1952 dextram
2949 1896 3096 1966 pueri
3117 1892 3398 1947 homicida:
3424 1891 3624 1947 dextrae
3640 1891 3848 1960 iunxit,

2252 1998 2308 2045 et
2337 1967 2583 2060 perfusus
2602 1989 2850 2059 lacrymis
2872 1985 3151 2041 abscessit.
3181 1985 3380 2039 llorum
3409 1985 3500 2038 ille
3524 1983 3856 2038 scelestissi-

2251 2093 2373 2132 mus
2390 2079 2520 2132 nihil
2535 2079 2586 2131 in
2603 2077 3022 2145 animorecepit,
3037 2075 3130 2130 sed
3149 2076 3212 2129 iis
3229 2073 3478 2129 omnibus
3488 2075 3647 2127 simul
3657 2088 3851 2128 excus-

2250 2170 2348 2236 sis,
2366 2169 2570 2223 ctedem
2588 2168 2825 2222 omnium
2840 2167 3065 2221 caedium
3087 2165 3526 2220 immanissimam
3544 2171 3856 2233 perpetrat.—

2253 2260 2365 2313 lloc
2395 2261 2536 2314 enim
2569 2259 2826 2328 ﬂagitium
2848 2257 3045 2328 proprii
3068 2257 3160 2310 ﬁlii
3180 2254 3326 2310 caede
3351 2255 3586 2310 atrocius
3614 2264 3727 2309 est:
3747 2270 3849 2309 vos

2252 2358 2417 2404 testes
2446 2351 2675 2419 appello,
2699 2349 2786 2418 qui
2830 2352 2936 2402 non
2966 2349 3038 2402 ita
3067 2346 3408 2413 doluissetis,
3439 2348 3483 2400 si
3529 2346 3748 2416 quidem
3775 2361 3847 2401 ex

2252 2455 2374 2494 meo
2401 2440 2593 2494 affectu
2624 2449 2859 2494 vestrum
2890 2439 3062 2494 metiri
3093 2439 3268 2503 liceat,
3289 2438 3332 2492 si
3358 2437 3643 2491 audissetis
3667 2436 3846 2505 ipsum

2253 2530 2418 2584 ﬁlium
2446 2529 2702 2585 occidisse
2724 2544 2878 2583 suum
2906 2548 2919 2583 :
2950 2537 3076 2583 tunc
3110 2528 3251 2582 enim
3278 2543 3399 2582 cum
3428 2527 3702 2580 communi
3729 2527 3851 2596 lege

2255 2623 2515 2676 naturalis
2547 2636 2758 2690 quoque
2802 2621 2888 2675 lex
2932 2620 3166 2674 subverti
3207 2619 3478 2673 videretur
3506 2637 3520 2673 :
3554 2619 3638 2672 hic
3664 2628 3849 2673 autem

2254 2703 2479 2781 plurima
2523 2711 2681 2765 simul
2726 2718 3145 2773 concurrerunt,
3171 2725 3289 2778 qum
3343 2724 3451 2776 pra:
3503 2708 3850 2763 multitudine

2253 2801 2479 2854 naturali
2503 2800 2818 2854 necessitate
2843 2798 3060 2853 fortiora
3087 2799 3214 2852 sint.
3237 2799 3452 2866 Quoties
3469 2799 3610 2852 enim
3634 2813 3852 2853 mecum

2249 2898 2440 2958 reputo
2481 2889 2776 2958 puerulum,
2806 2890 2894 2958 qui
2942 2887 3071 2941 nihil
3113 2889 3322 2956 injuriae
3367 2889 3586 2954 fecerat,
3618 2903 3648 2942 a
3693 2899 3853 2958 patre

2255 2980 2527 3043 traditum,
2571 2993 2601 3032 a
2653 2978 2913 3047 majorum
2965 2992 3185 3032 suorum
3228 2982 3371 3047 regia
3415 2979 3727 3044 abductum,
3757 2979 3853 3048 qui

2253 3068 2576 3123 domesticas
2603 3068 2844 3131 delicias,
2867 3067 3112 3136 gloriam,
3135 3066 3417 3131 honorem,
3437 3082 3560 3121 eum
3588 3076 3853 3122 extranea

2253 3159 2569 3214 educatione
2595 3166 3038 3223 commutaverat,
3067 3166 3127 3211 ut
3155 3157 3488 3225 pactionibus
3509 3156 3654 3210 initis
3675 3156 3852 3211 sceleo

2254 3261 2366 3307 stus
2394 3253 2480 3307 ille
2513 3253 2679 3306 ﬁdere
2707 3260 2887 3321 posset
2914 3269 2926 3303 :
2957 3251 3024 3305 ab
3055 3252 3166 3319 ipso
3195 3260 3376 3320 postea
3407 3250 3547 3304 male
3569 3242 3862 3319 affectum,

2252 3342 2538 3412 splendore
2578 3350 2813 3411 paternae
2854 3341 3045 3395 domus
3075 3340 3192 3409 ejus
3231 3340 3400 3409 gratia
3444 3340 3734 3409 privatum,
3781 3341 3863 3396 ab~

2254 3433 2554 3502 eodemque
2581 3432 2797 3486 demum
2845 3431 3204 3495 interfectum,
3233 3432 3502 3485 contraria
3542 3431 3740 3500 patior,
3772 3435 3852 3486 si-

2250 3523 2367 3577 mul
2395 3523 2577 3577 animo
2605 3523 2991 3577 contabescens
3018 3532 3071 3575 et
3100 3530 3423 3588 exaestuans,
3451 3536 3677 3591 quorum
3705 3523 3861 3577 aliud.

2255 3614 2353 3681 ira,
2383 3614 2522 3668 aliud
2555 3614 2808 3670 maestitia
2839 3613 2995 3686 parit.
3026 3612 3157 3667 Cum
3206 3615 3348 3667 enim
3390 3614 3569 3683 cogito
3612 3614 3848 3668 scelera-

2257 3713 2365 3758 tum
2413 3705 2559 3759 illum
2608 3717 2893 3770 armatum,
2941 3703 3278 3774 gladiumque
3329 3703 3642 3769 vibrantem,
3693 3703 3850 3772 pueri

2255 3797 2449 3850 eollum
2502 3795 3016 3866 apprehendentem,
3047 3803 3103 3848 et
3143 3810 3248 3862 qua
3293 3793 3514 3849 dextera
3544 3793 3850 3863 depositum

2255 3895 2550 3954 receperat,
2579 3885 2766 3940 eadem
2792 3885 3022 3954 gladium
3065 3885 3116 3936 in
3148 3883 3277 3954 illud
3319 3883 3702 3945 intendentem,
3734 3883 3852 3936 dis-

2255 3992 2476 4046 rumpor
2523 3986 2683 4046 atque
2731 3976 2808 4030 ira
2863 3976 3157 4045 prafecor;
3203 3990 3389 4030 rursus
3431 3989 3550 4028 eum
3590 3974 3858 4043 juvenem.

2257 4067 2530 4136 conspicio
2560 4066 2954 4130 formidantem,
2987 4073 3326 4130 trementem,
3355 4064 3713 4132 extremisque
3749 4080 3851 4134 ge-

2257 4160 2476 4214 mitibus
2515 4159 2824 4227 ejulantem,
2873 4165 3077 4226 patrem
3125 4157 3500 4210 inclamantem
3547 4153 3854 4224 horumque

2257 4264 2468 4303 causam
2517 4264 2636 4304 esse
2681 4249 2968 4312 dicentem,
2997 4261 3061 4301 ac
3108 4245 3309 4300 caedem
3359 4261 3464 4299 nou
3505 4245 3577 4310 ei,
3607 4246 3698 4314 qui
3727 4245 3851 4314 gla-

2259 4341 2403 4395 dium
2448 4342 2502 4395 in
2549 4349 2732 4410 guttur
2782 4338 3045 4408 infigeret,
3074 4336 3421 4413 sed.pprent.i
3473 4335 3850 4404 imputantem.

2256 4445 2429 4499 neque
2455 4429 2635 4499 fugere
2677 4443 2848 4497 neque
2887 4442 2947 4482 se
2971 4427 3153 4481 ulcisci
3180 4440 3357 4494 posse,
3385 4423 3479 4478 sed
3521 4423 3718 4478 frustra
3746 4439 3849 4492 pa-

2257 4535 2463 4576 rentem
2487 4522 2750 4582 incusare,
2773 4520 2977 4589 plagam
3011 4517 3274 4588 excipere,
3303 4515 3584 4585 palpitare,
3611 4514 3854 4570 calcibus

2257 4613 2616 4682 pavimentum
2663 4610 2859 4675 ferire,
2911 4619 3109 4663 terram
3151 4606 3456 4677 sanguineis
3501 4605 3630 4659 rivis
3673 4605 3852 4673 inqui-

2256 4719 2418 4756 nare:
2449 4704 2562 4771 ipsa
2589 4700 2716 4754 mihi
2744 4701 2949 4754 viscera
2985 4699 3380 4767 discerpuntur,
3409 4696 3668 4765 cogitatio
3690 4695 3846 4750 obte.

2255 4795 2528 4858 nebratur,
2559 4806 2622 4846 ac
2649 4791 2916 4846 mcestitize
2940 4791 3109 4860 caligo
3134 4789 3376 4859 quaedam
3418 4788 3587 4842 oculis
3613 4787 3854 4842 offundi-

2256 4895 2358 4938 tur.
2380 4884 2450 4938 At
2471 4883 2584 4938 fera
2605 4883 2693 4936 illa
2717 4882 2844 4935 nihil
2876 4881 3049 4936 simile
3078 4895 3230 4949 passa
3253 4889 3366 4943 est;
3396 4877 3488 4932 sed
3516 4892 3579 4932 ac
3604 4879 3650 4932 si
3678 4893 3859 4947 agnus

2255 4976 2337 5029 vel
2364 4975 2561 5029 vitulus
2587 4972 2685 5027 sibi
2715 4971 3026 5026 mactandus
3040 4981 3202 5038 esset,
3219 4971 3295 5025 sic
3321 4969 3389 5024 ad
3415 4969 3671 5022 nefariam
3704 4969 3857 5023 illam

2256 5065 2454 5122 ea'dem
2482 5064 2702 5120 affectus
2733 5073 2866 5117 erat.
2915 5062 2984 5116 Et
3029 5077 3160 5131 puer
3188 5060 3400 5129 quidem
3450 5059 3600 5127 plaga
3632 5070 3858 5127 recepta

2252 5156 2466 5224 jacebat
2494 5163 2733 5209 mortuus
2761 5171 2774 5207 :
2806 5153 3068 5207 homicida
3098 5167 3224 5206 vero
3261 5150 3450 5205 sceleri
3478 5149 3858 5218 patrocinaba'

2259 5258 2364 5313 tur,
2399 5247 2782 5316 posterioribus
2815 5246 2993 5315 priora
3027 5245 3279 5314 obtegere
3306 5258 3520 5298 curans.
3553 5242 3708 5296 Putat
3735 5242 3852 5296 for-

2261 5349 2401 5394 tasse
2444 5340 2704 5409 quispiam
2755 5352 2843 5391 me
2872 5336 2938 5391 de
2987 5336 3262 5405 sepultura
3308 5334 3648 5403 loquuturum
3700 5347 3849 5399 esse,

2258 5430 2645 5500 dicturumque,
2675 5427 2926 5482 defuncto
2953 5443 3019 5482 ue
3049 5425 3310 5480 tantillum
3340 5423 3554 5493 quidem
3582 5433 3738 5477 terra:
3765 5425 3850 5478 in-

2263 5522 2598 5577 terfectorem
2625 5519 2838 5574 dedisse
2867 5537 2881 5573 :
2913 5533 3012 5587 ego
3051 5533 3176 5571 vero
3203 5517 3436 5570 atrocius
3472 5515 3614 5568 aliud
3647 5515 3843 5568 dicam.

2260 5613 2390 5667 Nam
2422 5628 2542 5666 cum
2575 5612 2784 5680 iniquas
2811 5625 2998 5664 manus
3025 5609 3113 5664 tali
3157 5607 3414 5675 sanguine
3442 5605 3715 5668 foedasset,
3743 5620 3846 5658 no-

2262 5719 2486 5776 vamque
2513 5701 2818 5773 tragcediam
2846 5700 3195 5765 exhibuisset,
3225 5713 3285 5753 ac
3312 5699 3355 5751 si
3385 5696 3510 5750 nihil
3540 5705 3846 5767 perpetras-
