4082 6432
217 370 323 429 539

195 482 425 555 νεκροὺς
452 479 718 551 ἀνέστησε
742 494 755 509 ·
786 477 876 532 τὸν
898 476 955 529 δέ
982 476 1375 547 ἐκπηδήσαντα
1395 477 1505 530 τῶν
1531 474 1627 527 τοῦ
1650 474 1884 543 σκηνορο

194 569 422 640 ραφείου
468 568 723 639 δέρρεων,
767 564 836 617 τὰ
862 562 1003 617 αὑτά
1030 562 1097 633 δὴ
1133 562 1648 633 ταῦτανκομπάζειν
1691 560 1884 629 ἐκείνῳ

193 655 321 726 περὶ
371 655 486 707 τῶν
540 653 769 724 ἱματίων
828 650 992 704 αὑτοῦ
1020 667 1034 681 ο
1077 650 1162 713 τίς
1221 648 1397 713 οὑτως
1452 649 1718 719 ἐμεμήνει
1773 646 1885 699 τῶν

191 742 367 796 ταῦτα
423 740 753 802 ἀκουόντων,
803 737 878 801 ώς
934 737 1110 807 ψιλοῖς
1170 737 1379 807 ῥήμασι
1426 734 1706 788 τιστεῦσαι
1756 734 1886 804 περί¹

190 828 543 900 πραγμάτων
594 825 883 891 τοιούτων;
908 823 1061 877 Διατί
1103 823 1161 876 δέ
1200 822 1388 892 μηδεὶς
1422 820 1573 893 [542]
1606 819 1717 873 τῶν
1765 821 1884 872 κατ’

190 916 400 969 ἐκεῖνον
428 915 524 969 τὸν
547 916 736 987 χρόνον
767 914 1114 985 χειροτέχνης
1141 912 1279 982 ἀνὴρ
1310 905 1432 963 εἶπέ
1454 927 1507 962 τι
1538 908 1667 980 περὶ
1690 907 1883 961 ἐαυτοῦ

190 1000 433 1054 τοιοῦτόν
466 1016 620 1064 ποτε,
662 1001 696 1071 ἢ
739 999 924 1070 ἕτερός
962 1016 1047 1061 τις
1078 998 1207 1067 περὶ
1240 995 1443 1064 αὐτοῦς
1480 996 1676 1049 Καίτοι
1725 996 1773 1047 εἰ
1814 994 1885 1048 τά

189 1090 444 1161 ἡμέτερα
482 1088 771 1158 πλάσματα
806 1083 894 1159 ἦν,
927 1089 1055 1148 τοὺς
1089 1086 1205 1155 μετ’
1243 1084 1483 1148 ἐκείνους
1520 1081 1885 1154 εὐκολώτερον

184 1178 257 1229 τὰ
292 1175 529 1228 τοιαῦτα
562 1173 849 1243 ψεύδεσθαι
895 1172 1043 1235 εἰκὸς
1227 1172 1453 1241 Ἐκεῖνοι
1495 1172 1592 1243 μὲν
1635 1170 1744 1241 γὰρ
1784 1171 1883 1223 οὐκ

186 1259 335 1331 εἶχον
365 1264 447 1325 εἰς
482 1261 701 1332 ἐτέρους
726 1258 1106 1328 ἀνενεγκόντες
1136 1258 1273 1330 ὑπὲρ
1294 1258 1519 1322 τούτων,
1545 1258 1764 1311 ἐλπίσαι
1789 1255 1884 1311 τοῦ

186 1348 566 1415 πλάσματοςι
601 1345 989 1418 περιέσεσθαι·
1025 1346 1075 1398 οἰ
1104 1345 1163 1398 δέ
1195 1345 1311 1415 μετ’
1338 1345 1601 1407 ἐκείνους,
1628 1345 1708 1407 εἰς
1740 1343 1885 1396 ἐκεί-

185 1451 314 1497 νους
348 1433 614 1504 ὁρῶντες,
666 1432 1080 1501 προχειρότερον
1130 1430 1197 1483 ἂν
1231 1430 1327 1482 τοῦ
1377 1429 1696 1500 πλάσματος
1749 1445 1885 1481 κατ-

187 1521 510 1590 ετόλμησαν
533 1519 626 1572 τοῦ
659 1517 1100 1589 παραδείγματος
1118 1517 1227 1571 τῶν
1256 1517 1538 1589 προτέρων
1563 1519 1675 1576 τοῖς
1701 1516 1885 1569 δευτέ-

188 1625 308 1679 ροις
362 1606 882 1677 παρακελευομένου
930 1605 1174 1677 θαρρεῖν,
1216 1604 1292 1667 ὡς
1343 1604 1557 1667 οὐδενὸς
1598 1606 1657 1656 ἐν
1700 1606 1767 1674 τῇ
1814 1605 1884 1674 γῇ

187 1697 317 1751 νοῦν
342 1684 585 1767 ἔχοντος,
615 1695 752 1749 ἀλλά
779 1695 996 1749 πάντων
1020 1694 1387 1763 ἐξεστηκότων
1412 1694 1506 1747 καὶ
1543 1692 1884 1763 μεμηνότων,

189 1790 287 1842 καὶ
318 1791 439 1851 τοῖς
474 1785 816 1856 βουλομένοις
855 1784 974 1850 ἐξὸν
1007 1783 1230 1844 άπασιν,
1264 1783 1408 1853 άπερ
1436 1781 1502 1836 ἂν
1537 1780 1731 1834 θέλωσι
1756 1781 1887 1849 περὶ

189 1874 411 1929 ἑαυτῶν
460 1875 640 1941 λέγειν
682 1888 741 1925 τε
787 1872 883 1925 καὶ
932 1869 1304 1923 πιστεύεσθαι.
1334 1870 1514 1942 Λῆρος
1560 1866 1739 1921 ταῦτα
1789 1869 1887 1922 καί⁵

190 1962 398 2031 γέλως,
442 1962 538 2014 καὶ
582 1959 792 2031 μωρίας
829 1958 1145 2028 Ἑλληνικῆς
1180 1958 1418 2028 ῥήματα,
1468 1954 1736 2025 Καθάπερ
1777 1954 1889 2027 γὰρ

196 2049 264 2102 ἂν
293 2050 349 2101 εἰ
372 2065 461 2111 τις
490 2046 792 2119 προαχθείη
819 2044 1056 2108 τοξεύειν
1084 2045 1177 2098 τὸν
1203 2044 1450 2116 οὐρανὸν,
1480 2043 1554 2106 ὡς
1583 2041 1889 2114 διαρρήξων

196 2136 370 2190 αὑτὸν
406 2137 520 2198 τοῖς
551 2132 716 2186 αὑτοῦ
753 2131 983 2201 βέλεσιν,
1013 2130 1047 2200 ἢ
1078 2129 1168 2183 τὸν
1205 2130 1455 2183 Ὠκεανὸν
1489 2129 1781 2207 ἐξαντλεῖν,
1813 2129 1890 2192 ώς

196 2223 464 2277 κενώσων
508 2220 670 2274 αὑτὸν
718 2221 839 2281 ταῖς
887 2214 1082 2271 ἐαυτοῦ
1126 2216 1340 2289 χερσὶν,
1400 2216 1577 2278 οὐδεὶς
1628 2216 1775 2279 ὅστις
1826 2216 1888 2269 ού

193 2310 495 2377 γελάσεται
531 2306 640 2359 τῶν
676 2304 1037 2375 ἀστειοτέρων
1066 2303 1247 2366 αὐτὸν,
1281 2303 1329 2355 οί
1360 2302 1416 2356 δέ
1452 2302 1766 2372 σεμνότεροι
1796 2303 1892 2356 καὶ

194 2396 567 2468 δακρύσονται
586 2393 818 2463 δάκρυσι
846 2391 1060 2455 πολλοῖς
1080 2407 1093 2422 ·
1122 2388 1293 2453 οὕτως
1322 2390 1449 2443 ὅταν
1470 2391 1600 2459 ήμῖν
1632 2389 1891 2459 Ἕλληνες

198 2483 552 2552 ἀντιλέγωσι,
590 2481 756 2551 γελᾷν
797 2480 994 2541 αὐτοὺς
1035 2477 1131 2532 καὶ
1165 2477 1419 2549 δακρύειν
1462 2477 1626 2530 καλόν
1656 2493 1671 2507 ·
1711 2475 1892 2547 πολλῷ

198 2571 313 2641 γὰρ
334 2570 432 2623 τοῦ
461 2570 551 2623 τὸν
579 2568 806 2639 οὐρανὸν
832 2565 1065 2636 τρώσειν
1102 2566 1196 2619 καὶ
1237 2566 1336 2633 τὴν
1370 2564 1604 2619 ἄϐυσσον
1633 2562 1891 2618 κενώσειν

201 2656 519 2721 ἐλπίζοντος
566 2655 939 2727 άπορωτέροις
979 2652 1315 2722 ἐπιχειροῦσι
1359 2654 1697 2723 πράγμασιν.
1750 2648 1893 2705 Οὔτε

201 2743 315 2815 γάρ
358 2743 422 2795 τὸ
458 2741 573 2811 φῶς
613 2742 766 2794 ἐσται
802 2740 994 2804 σκότος
1029 2738 1179 2803 ποτὲ,
1216 2738 1321 2801 ἐως
1346 2737 1412 2791 ἀν
1528 2738 1665 2807 φῶς,
1696 2735 1822 2789 οὕτε
1858 2737 1892 2808 ἡ

200 2830 314 2882 τῶν
374 2829 504 2898 παρ’
555 2831 687 2898 ήμῖν
735 2826 1076 2899 πραγμάτων
1123 2826 1350 2897 ἀλήθεια
1402 2824 1845 2895 διελεγχθήσεται
1875 2840 1890 2855 ο

206 2915 439 2986 ἀλήθεια
486 2915 594 2987 γάρ
629 2915 746 2967 ἐστι
769 2930 784 2945 ο
831 2900 1036 2983 ταύτης
1078 2914 1136 2967 δέ
1175 2912 1518 2985 ἰσχυρότερον
1563 2913 1736 2966 οὐδέν.
1775 2913 1894 2966 Ὅτι

211 3003 314 3072 μὲν
345 2998 440 3056 οὖν
464 3002 559 3055 καὶ
588 3000 659 3054 τά
687 3001 888 3069 ἀρχαῖα
915 3000 951 3054 ἀ
977 3001 1114 3070 ἀκοῇ
1142 3000 1322 3070 ῐσμεν,
1356 3003 1462 3053 τῶν
1492 3001 1775 3071 παρόντων
1800 3000 1901 3053 καὶ·

206 3088 505 3160 ὁρωμένων
526 3088 626 3157 οὑχ
650 3082 813 3158 ἧττόν
833 3088 949 3139 ἐστι
978 3087 1165 3147 πιστά,
1199 3088 1306 3149 πᾶς
1334 3085 1581 3139 ὁστισοῦν
1613 3087 1688 3158 μὴ
1717 3104 1897 3159 παρα-

210 3192 391 3230 πα.ων
423 3175 516 3228 καὶ
558 3172 867 3244 ἐξεστηκὼς
911 3172 1291 3244 ὁμολογήσειεν
1323 3173 1387 3227 άν
1413 3190 1425 3205 ·
1460 3174 1546 3227 ἵνα
1583 3174 1640 3227 δὲ
1692 3176 1784 3229 καὶ
1830 3177 1897 3228 ἐκ

212 3261 533 3335 περιουσίας
564 3262 663 3332 τήν
699 3260 857 3330 νίκην
896 3258 1191 3330 ἀρώμεθα,
1235 3259 1493 3331 βούλομαι
1534 3262 1631 3314 καὶ
1668 3262 1760 3316 ἐπὶ
1800 3264 1898 3334 τῆς

212 3350 491 3421 ἡμετέρας
522 3349 716 3417 γενεᾶς
752 3346 1043 3417 γενόμενόν
1085 3363 1137 3400 τι
1179 3347 1476 3418 παράδοξον
1504 3350 1697 3424 εἰπεῖν.
1736 3349 1900 3404 Ἀλλά

215 3438 296 3509 μή
338 3436 673 3508 θορυϐηθῆτε
704 3437 754 3489 εἰ
799 3434 984 3505 θαῦμα
1028 3435 1397 3505 ὑποσχόμενος
1436 3436 1583 3507 ἐρεῖν
1623 3436 1708 3507 ἐφ’
1738 3438 1901 3508 ήμῶν

214 3524 459 3594 γεγονὸς,
498 3519 617 3577 εἶτα
657 3524 723 3577 ἐκ
754 3523 989 3586 παλαιᾶς
1028 3523 1269 3593 ἱστορίας
1304 3522 1545 3594 ἄρχομαι
1575 3523 1671 3577 τοῦ
1705 3523 1898 3605 διηγήέ

217 3630 390 3682 ματος
434 3612 677 3681 ὑφαίνειν
719 3610 816 3681 τήν
858 3612 1049 3681 ἀρχήν.
1104 3609 1241 3663 Οΰτε
1282 3611 1390 3681 γάρ
1436 3613 1627 3683 μέχρις
1676 3612 1901 3666 ἐκείνων

218 3702 491 3771 στήσομαι
523 3698 703 3769 μόνον,
733 3696 857 3752 οὑτε
884 3697 1139 3768 ἀλλότρια
1171 3698 1273 3768 τῆς
1297 3698 1423 3763 νέας
1453 3698 1770 3768 ὑποθέσεως
1789 3699 1899 3770 ἐρῶ

213 3787 285 3840 τά
315 3786 552 3841 παλαιά·
579 3786 820 3857 ἀλλήλων
843 3784 951 3854 γὰρ
972 3785 1207 3856 ἑκάτερα
1233 3785 1433 3856 ἔχεται,
1457 3790 1552 3840 καὶ
1579 3786 1900 3857 διαζευχθῆ-

216 3892 307 3928 ναι
332 3874 432 3944 τὴν
456 3873 775 3927 ἀκολουθίαν
801 3872 979 3925 αὐτῶν
1006 3873 1107 3925 οὐκ
1135 3872 1214 3926 ένι
1232 3888 1245 3900 ·
1273 3873 1486 3927 εἴσεσθε
1513 3874 1570 3927 δέ
1590 3874 1774 3939 καλῶς
1799 3874 1900 3928 αὐ-

215 3962 326 4014 τῶν
356 3960 465 4012 τῶν
496 3960 835 4030 πραγμάτων
863 3958 1215 4022 ἀκούσαντες.

286 4046 349 4102 ε’.
388 4047 633 4112 Ἐγένετό
660 4063 742 4109 τις
760 4046 1009 4116 βασιλεὺς
1025 4046 1118 4099 ἐπὶ
1142 4045 1250 4099 τῶν
1281 4045 1560 4117 προγόνων
1574 4045 1681 4100 τῶν
1702 4046 1903 4118 ἡμετέ-

221 4150 362 4205 ρων,
389 4134 484 4187 καὶ
511 4133 580 4187 τά
616 4132 713 4202 μέν
755 4132 890 4186 ἀλλα
933 4133 1125 4196 ὁποῖός·
1153 4150 1237 4195 τις
1276 4128 1342 4203 ἦν
1373 4126 1525 4196 οὗτος
1556 4133 1584 4185 ό
1627 4132 1901 4202 βασιλεὺς,

218 4223 319 4274 οὐκ
347 4220 456 4291 έχω
480 4220 658 4288 λέγειν
677 4237 693 4253 ·
719 4221 783 4273 τὸ
824 4221 880 4273 δέ
911 4222 1042 4289 ἄγος
1071 4222 1205 4293 ὅπερ
1234 4221 1533 4294 ἐτόλμησεν
1570 4222 1903 4286 ἀκούσαντες

218 4307 430 4362 εἴσεσθε
459 4308 553 4361 καὶ
582 4308 711 4379 περὶ
743 4307 843 4377 τῆς
875 4307 1069 4378 λοιπῆς
1101 4308 1208 4361 τῶν
1240 4309 1457 4379 τρόπων
1494 4309 1795 4381 ὠμότητος.
1836 4309 1903 4363 Τί

218 4389 314 4449 οὖν
342 4394 404 4448 τὸ
421 4395 553 4463 ἀγος
573 4389 675 4465 ήν;
708 4393 925 4458 Ἔδοξεν
954 4394 1094 4447 ἔθνει
1114 4395 1223 4448 τινὶ
1250 4395 1358 4449 τῶν
1396 4397 1589 4468 ἐκείνῳ
1613 4396 1906 4468 πολεμούν-

217 4498 330 4536 των
349 4479 428 4552 τῷ
451 4480 659 4552 βασιλεῖ
679 4481 982 4535 καταλῦσαι
1005 4483 1094 4535 τὸν
1118 4483 1373 4553 πόλεμον,
1398 4485 1493 4538 καὶ
1518 4487 1656 4555 μήτε
1682 4484 1904 4556 ἐτέρους

218 4570 465 4632 κόπτειν,
499 4569 636 4639 μήτε
666 4568 863 4632 αὐτοὺς
889 4569 993 4622 ὑπὸ
1022 4571 1222 4642 ἐτέρων
1251 4572 1547 4625 κόπτεσθαι
1573 4572 1668 4625 τοῦ
1690 4571 1901 4639 λοιποῦ,

218 4655 357 4709 ἀλλά
387 4656 725 4726 πραγμάτων
751 4655 850 4726 μέν
874 4656 1237 4729 ἀπηλλάχθαι,
1260 4659 1354 4711 καὶ
1381 4658 1661 4724 κινδύνων,
1693 4661 1786 4712 καὶ
1811 4661 1906 4729 φό-

219 4743 354 4805 ϐων,
397 4743 646 4813 στέργειν
682 4743 740 4796 δέ
770 4747 884 4806 τοῖς
913 4744 1238 4815 ὑπάρχουσι,
1274 4746 1367 4799 καὶ
1400 4745 1567 4815 μηδὲν
1600 4747 1765 4802 πλέον
1795 4749 1904 4803 τῶν

218 4828 391 4883 ὄντων
415 4828 694 4901 ἐπιζητεῖν
715 4847 731 4863 ο
766 4834 1018 4903 κρεῖττον
1048 4832 1156 4905 γὰρ
1186 4828 1324 4886 εἶναι
1353 4835 1491 4904 μετά
1518 4834 1749 4903 ἀφοϐίας
1777 4838 1906 4891 ἀπο-

216 4914 406 4968 λαύειν
444 4917 784 4989 μετρίων,,ή
814 4919 909 4972 τοῦ
940 4919 1183 4982 πλείονος
1224 4921 1544 4991 ἐφιεμένους
1585 4922 1903 4989 δεδοικέναι,

218 5007 317 5056 καὶ
347 5003 571 5075 τρέμειν
612 5005 718 5069 ἀεὶ,
760 5007 855 5059 καὶ
886 5006 1030 5061 κακά
1065 5008 1248 5085 αὑτοῖς
1274 5025 1334 5061 τε
1369 5010 1461 5063 καὶ
1499 5010 1705 5081 ἐτέροις
1734 5012 1905 5066 διδόν-

218 5107 321 5152 τας
350 5090 447 5144 καὶ
474 5092 606 5163 παρ’
637 5092 841 5164 ἐτέρων
872 5092 1248 5164 λαμϐάνοντας
1278 5094 1396 5165 ζῇν.
1439 5095 1608 5162 Δόξαν
1641 5097 1704 5168 δή
1735 5115 1906 5151 κατα-

220 5176 411 5233 θέσθαι
436 5179 529 5233 τδν
546 5180 800 5250 πόλεμον,
832 5182 927 5235 καί
954 5182 1043 5235 τὸν
1072 5182 1402 5253 ἀπράγμονα
1432 5183 1544 5253 βίον
1574 5183 1693 5255 ζῇν,
1728 5184 1905 5251 ἐδοξεν

222 5257 430 5335 ἰσχυρῷ
453 5276 557 5335 τινι
588 5259 775 5330 θεσμῷ
796 5262 889 5315 καὶ
909 5263 1055 5333 ὅροις
1077 5262 1103 5301 b
1127 5260 1392 5330 ἀσφαλέσι
1416 5262 1577 5316 τοῦτο
1598 5265 1903 5335 καταδῆσαι

220 5334 284 5387 τὺ
340 5334 501 5388 καλόν
523 5352 537 5366 ·
593 5338 687 5390 καὶ
737 5341 1096 5409 ποιησάμενοι
1152 5340 1443 5409 συνθήκας,
1498 5342 1591 5395 καὶ
1652 5334 1906 5408 λαϐόντες

221 5413 439 5485 ὅρκους,
466 5416 559 5468 καὶ
590 5416 791 5481 δόντες,
817 5417 968 5490 [543]
998 5421 1061 5472 ἐκ
1089 5420 1405 5491 περιουσίας
1438 5421 1757 5491 ἐπεχείρουν
1787 5423 1907 5475 πεί-

223 5491 337 5572 θειν
367 5491 461 5545 τὸν
489 5492 709 5563 βασιλέα
734 5496 827 5549 τὸν
858 5497 1059 5562 αὐτῶν,
1090 5497 1182 5551 τὸν
1230 5499 1327 5552 σίδν
1356 5500 1447 5551 τὸν
1476 5499 1637 5553 αὑτοῦ
1670 5502 1905 5572 (παιδίον

220 5564 368 5641 δὲῆν
396 5572 587 5643 κομιδῇ
596 5589 611 5638 )
635 5574 733 5645 τῆς
768 5577 991 5648 εἰρήνης
1023 5578 1274 5647 ἐνέχυρον
1308 5578 1609 5632 καταθέντα
1640 5564 1899 5650 ἀσφαλὲς,

220 5650 336 5711 τοῖς
352 5665 414 5731 τι
438 5651 701 5723 πρότερον
723 5655 1002 5725 πολεμίοις
1022 5651 1141 5709 οὖσι
1164 5656 1424 5727 παρέχειν
1454 5657 1695 5729 θαρρεῖν,
1723 5661 1821 5731 τῆς
1841 5678 1900 5713 τε

223 5730 429 5796 οἰκείας
468 5734 693 5805 γνώμης
741 5738 1039 5809 μαρτύριον
1072 5738 1394 5808 ἐξεν;τκεῖν,
1428 5741 1504 5804 ὡς
1557 5730 1900 5816 άδόλωςγτὴν

285 5860 313 5928 ξ
334 5860 432 5928 Alii
453 5860 539 5911 τοῦ
562 5866 851 5928 πράγματος.

285 5918 314 5959 Ιο
343 5918 475 5973 [ωε
495 5918 708 5978 εροὼιὰξι
730 5918 871 5978 unum:
893 5933 1065 5988 ὅρκοις.

1077 383 1168 440 DE
1199 380 1258 440 S.
1294 378 1592 445 BABYLA,
1634 372 1916 434 CONTRA
1941 371 2289 459 JULIANUM
2325 371 2412 429 ET
2449 369 2797 433 GENTILES

1991 473 2215 543 εἰρήνην
2246 475 2617 544 πεποιημένου
2650 475 2789 547 πρὸς
2824 475 3043 539 αύτούς,
3073 477 3184 531 Καὶ
3214 477 3391 533 ταῦτα
3427 479 3675 551 λέγοντες

1989 553 2236 617 ἔπεισαν,
2265 557 2359 609 καί
2395 556 2625 621 ἐξέδωκε
2652 557 2744 610 τὸν
2768 557 2883 611 υἰὸν
2906 558 2935 610 ό
2967 558 3241 628 βασιλεὺς,
3269 561 3346 625 ὡς
3385 562 3485 631 μὲν
3513 563 3675 629 αὐτὸς

1988 633 2146 706 ᾤετο,
2182 637 2296 699 τοῖς
2329 636 2511 704 φίλοις
2546 638 2642 690 καὶ
2672 639 3005 710 συμμάχοις,
3033 639 3111 703 ὼς
3139 640 3195 694 δέ
3219 641 3282 694 10
3308 642 3459 707 τέλος
3486 642 3675 709 ἔδειξε,

1988 716 2067 786 τῷ
2091 716 2309 771 πάντων
2338 718 2699 793 ἀπηνεστάτιρ
2727 719 2922 793 θηρίῳ.
2951 722 3147 776 Λαϐὼν
3178 723 3285 796 γὰρ
3314 725 3464 795 νόμῳ
3494 726 3680 796 φιλίας

1993 799 2085 852 καὶ
2110 798 2395 871 συνθηκῶν
2414 799 2478 851 τὸ
2499 800 2710 854 παιδίον
2730 802 2905 856 ἐκεῖνο
2927 804 2990 857 τὸ
3016 804 3316 874 βασιλικὸν,
3342 807 3520 861 πάντα
3540 810 3676 879 όμοῦ

1995 879 2341 961 κατεπάτησε
2374 880 2471 961 καὶ
2505 880 2768 952 ἀνέτρεψε
2825 884 2953 949 τοὺς
2985 886 3204 956 ὅρκους,
3242 886 3341 953 τάς
3382 890 3677 961 συνθήκας,

1988 961 2089 1033 τήν
2113 960 2251 1032 πρὸς
2279 960 2600 1032 ἀνθρώπους
2628 964 2785 1026 αἰδῶ.
2815 965 2915 1037 τὴν
2945 967 3082 1040 πρὸς
3104 971 3164 1022 τὸ
3184 969 3341 1024 Θεῖον
3368 960 3676 1039 εὐλάϐειαν,

1989 1043 2085 1125 τὸν
2111 1043 2351 1115 ἀπὸιτῆς
2373 1044 2591 1114 ήλικίας
2625 1046 2774 1101 ἔλεον
2801 1064 2816 1079 ο
2844 1049 2938 1103 καί⁵
2971 1049 3095 1102 οὔτε
3124 1054 3157 1122 ή
3189 1053 3379 1123 νεότης
3405 1053 3467 1106 τὸ
3492 1056 3681 1125 θηρίον

1990 1124 2332 1196 ἐπέκαμψεν,
2362 1126 2487 1181 οὑτε
2521 1129 2555 1200 ή
2583 1131 2942 1204 παρεπομένη
2970 1135 3084 1196 τοῖς
3108 1135 3371 1199 τοιούτοις
3407 1124 3680 1207 μιάσμασι

1989 1207 2111 1278 δίκη
2148 1209 2240 1265 τὸν
2269 1210 2459 1281 ἄγριον
2486 1210 2693 1266 ἐκεῖνον
2722 1213 3015 1283 ἐφόϐησεν,
3045 1213 3171 1267 οὔτε
3203 1216 3273 1269 τὰ
3299 1216 3394 1269 τοῦ
3427 1235 3680 1289 παρακα-

1989 1291 2288 1362 ταθεμένου
2328 1292 2535 1364 πατρὸς
2562 1294 2725 1349 αὑτὸν
2760 1294 2980 1364 εἰσῆλθε
3026 1298 3263 1367 ῥήματα,
3289 1296 3434 1368 άπερ
3474 1301 3680 1364 ἐκεῖνος

1989 1373 2081 1427 τὸν
2110 1374 2223 1427 υἱὸν
2255 1374 2578 1447 ἐγχειρίζων
2610 1375 2740 1441 ἴσως
2784 1377 3151 1450 ἐπέσκηπτεν,
3192 1381 3252 1432 ὲν
3288 1379 3580 1451 ἐπιμελείᾳ⁵
3620 1391 3680 1435 τε

1991 1457 2154 1510 αὐτὸν
2178 1458 2323 1527 ἐχειν
2351 1458 2516 1522 ἀξιῶν
2544 1458 2737 1530 πολλῇ,
2768 1460 2862 1513 καί
2897 1460 3110 1532 πατέρα
3140 1462 3303 1516 αὐτὸν
3328 1463 3682 1534 ἐπιφημίζων

1989 1540 2069 1610 τῷ
2101 1540 2273 1606 παιδὶ,
2309 1541 2403 1592 καί
2427 1540 2503 1603 ώς
2532 1540 2695 1595 αὐτὸν
2726 1542 3116 1614 γεγεννηκότα,
3156 1542 3301 1598 οὕτω
3330 1544 3555 1616 τρέφειν
3589 1546 3683 1598 καὶ

1992 1622 2267 1676 παιδεύειν
2304 1623 2659 1694 παρακαλῶν,
2705 1626 2799 1678 καὶ
2839 1624 2939 1697 τῆς
2978 1626 3087 1679 τῶν
3136 1628 3354 1681 οἰκείων
3400 1629 3683 1699 προγόνων

1992 1704 2271 1772 εὐγενείας
2322 1705 2472 1772 ἄξιον
2524 1708 2848 1776 ἀποφαίνειν
2873 1724 2888 1738 ο
2950 1709 3049 1764 καὶ
3107 1711 3250 1779 μετά
3303 1710 3512 1765 τούτων
3573 1711 3684 1766 τῶν

1995 1786 2257 1857 ῥημάτων
2292 1786 2393 1858 τήν
2415 1786 2597 1852 δεξιάν
2644 1788 2738 1841 τοῦ
2795 1789 2985 1853 παιδὸς
3028 1793 3096 1863 τῇ
3146 1791 3298 1863 δεξιᾷ
3343 1792 3439 1846 τοῦ
3479 1794 3685 1863 φονέως

1994 1867 2242 1930 ἐντιθεὶς,
2279 1870 2375 1921 καὶ
2416 1871 2555 1938 μετὰ
2587 1869 2839 1940 δακρύων
2873 1870 3225 1943 διαλυόμενος
3251 1890 3265 1904 ο
3296 1875 3502 1927 τούτων
3531 1875 3683 1929 οὐδὲν

1994 1951 2075 2028 εἰς
2120 1950 2244 2028 νοῦν
2275 1951 2303 2002 0
2340 1950 2537 2023 μιαρὸς
2576 1951 2783 2028 ἐκεῖνος
2812 1952 3060 2016 ἐϐάλετο,
3106 1954 3243 2007 ἀλλὰ
3286 1957 3471 2010 πάντα
3521 1957 3683 2027 ῥίψας

1994 2026 2206 2098 ἀθρόως
2245 2029 2353 2081 ἀπὸ
2385 2031 2484 2101 τῆς
2519 2030 2718 2101 ψυχῆς,
2753 2026 2843 2083 τὸν
2885 2032 3045 2100 φόνον
3080 2035 3287 2087 ἐκεῖνον
3328 2032 3422 2087 τὸν
3464 2026 3684 2087 πάντων

1996 2109 2355 2177 ἐναγέστατον
2391 2112 2499 2165 τῶν
2530 2112 2706 2181 φόνων
2734 2114 3046 2183 ἐργάζεται.
3082 2116 3254 2169 Τοῦτο
3292 2117 3402 2189 γὰρ
3433 2118 3527 2170 καὶ
3556 2134 3684 2169 παι-

1995 2192 2274 2267 δοκτονίας
2314 2190 2495 2264 χεῖρὸν
2549 2197 2610 2249 τὸ
2662 2196 2913 2267 μίασμα·
2956 2198 3052 2250 καὶ
3087 2200 3367 2270 μάρτυρες
3416 2201 3595 2271 ὑμεῖς,
3635 2202 3686 2252 οἰ

1996 2276 2098 2329 οὐκ
2147 2276 2434 2339 ἂνούτως
2479 2276 2817 2348 ἀλγήσαντες
2848 2290 2896 2345 ο,
2934 2281 3091 2353 εἰπερ
3142 2285 3256 2345 τοῖς
3300 2284 3455 2350 ἐμοῖς
3488 2284 3685 2337 πάθεσι

1997 2358 2093 2410 καὶ
2152 2358 2221 2412 τά
2280 2360 2524 2429 ὑμέτερα
2584 2362 2943 2432 στοχάζεσθαι
3002 2365 3130 2435 χρὴ,
3188 2367 3237 2418 εἰ
3290 2366 3383 2418 τὸν
3436 2366 3550 2419 υίὸν
3602 2368 3685 2420 ὅτι

1998 2439 2335 2509 κατέσφαξεν
2361 2443 2629 2511 ήκούσατε
2669 2445 2759 2497 τὸν
2797 2444 2991 2499 ἑαυτοῦ
3015 2462 3030 2477 ·
3060 2448 3177 2501 τότε
3238 2448 3337 2517 μὲν
3385 2448 3496 2519 γάρ
3547 2451 3687 2519 μετὰ

1996 2524 2106 2575 τῶν
2136 2524 2326 2576 κοινῶν
2353 2524 2534 2595 νόμων
2567 2526 2665 2578 καὶ
2694 2527 2743 2578 οἰ
2773 2526 2873 2596 τῆς
2900 2528 3116 2596 φύσεως
3142 2529 3359 2583 ἐδόκουν
3389 2533 3688 2603 ἀνατετρά-

2000 2606 2132 2674 φθαι
2170 2604 2360 2676 θεσμοί
2384 2623 2397 2635 ·
2435 2608 2670 2661 ἐνταῦθα
2696 2608 2753 2661 δὲ
2786 2609 2957 2663 πολλὰ
2984 2610 3120 2681 ὁμοῦ
3154 2614 3615 2685 συνδεδράμηκεν,
3649 2615 3689 2671 ἀ

1999 2686 2095 2739 καί
2119 2688 2219 2757 τῆς
2245 2689 2481 2758 φυσικῆς
2506 2689 2750 2763 ἀνάγκης
2778 2691 3106 2764 ἰσχυρότερα
3129 2689 3208 2760 τῷ
3235 2694 3431 2765 πλήθει
3454 2697 3686 2765 γίνεται.

2002 2768 2170 2827 Ὅταν
2198 2771 2309 2840 γὰρ
2337 2773 2573 2842 ἐννοήσω
2605 2772 2667 2824 τὸ
2699 2776 2991 2848 μειράκιον
3012 2776 3073 2829 τὸ
3113 2776 3279 2847 μηδὲν
3314 2778 3593 2849 ήδικηκὸς,
3627 2778 3689 2832 τδ

2001 2853 2153 2924 παρὰ
2179 2854 2273 2906 τοῦ
2305 2855 2509 2925 πατρὸς
2538 2855 2775 2920 ἐκδοθὲν,
2802 2856 2864 2910 τὸ
2896 2857 3006 2910 τῶν
3035 2861 3377 2929 προγονικῶν
3403 2862 3690 2932 βασιλείων

2000 2935 2378 2999 ἀποσπασθὲν,
2425 2939 2517 2992 καί⁵
2553 2939 2653 3009 τῆς
2693 2940 2901 3004 οἰκείας
2947 2941 3185 3013 τρυφῆς,
3228 2943 3325 2997 καὶ
3370 2944 3549 3015 δόξης,
3597 2945 3692 2998 καὶ

2001 3018 2188 3088 τιμῆς,
2249 3019 2617 3091 ἀλλαξάμενον
2670 3023 2768 3094 τήν
2826 3026 2885 3077 ἐν
2942 3023 3202 3097 ἀλλοτρία
3251 3026 3549 3098 διαγωγὴν,
3604 3029 3692 3081 ἵνα

2001 3102 2096 3171 ἐξῇ
2152 3101 2231 3171 τῷ
2284 3104 2465 3174 μιαρῷ
2512 3104 2733 3178 θαρρεῖν
2785 3106 2979 3181 ἐκείνῳ
3038 3110 3164 3179 περὶ
3219 3108 3330 3162 τῶν
3382 3110 3689 3181 συνθηκῶν,

2004 3181 2258 3239 εἰτα·ὑπ’
2308 3187 2472 3240 αὐτοῦ
2520 3190 2914 3261 κατεργασθέν,
2962 3192 3058 3245 καὶ
3098 3192 3207 3246 τῶν
3240 3191 3377 3246 οίκοι
3421 3193 3692 3265 λαμπρῶν

2005 3269 2072 3323 δι’
2092 3271 2254 3326 αὐτὸν
2278 3272 2777 3344 ἀποπερηθέν,καί
2803 3274 2893 3327 ὑπ’
2912 3273 3076 3328 αὑτοῦ
3099 3275 3258 3329 πάλιν
3278 3277 3600 3345 ἀποσφαγέν
3636 3277 3690 3344 ά,

2004 3355 2248 3408 ἐναντίον
2260 3372 2313 3407 τι
2329 3355 2525 3426 πάσχω
2542 3356 2731 3421 πάθος,
2751 3357 3047 3428 τηκόμενός
3062 3374 3121 3409 τε
3135 3357 3269 3427 ὁμοῦ
3285 3358 3383 3429 τὴν
3401 3359 3578 3431 ψυχὴν
3598 3360 3695 3413 καὶ

2005 3438 2245 3505 ἐξοιδῶν,
2287 3439 2350 3493 τὸ
2390 3441 2487 3510 μέν
2518 3439 2612 3493 τοῦ
2644 3440 2838 3510 θυμοῦ,
2868 3442 2930 3493 τὸ
2967 3441 3023 3494 δέ
3055 3440 3157 3511 τῆς
3194 3442 3433 3513 ἀθυμίας
3460 3444 3691 3514 ἐργαζο-

2008 3520 2198 3592 μένης.
2228 3520 2398 3576 Ὄταν
2431 3522 2531 3592 μὲν
2556 3521 2665 3593 γὰρ
2690 3525 2930 3594 ἐννοήσω
2957 3525 3051 3578 τὸν
3074 3524 3273 3596 μιαρὸν
3302 3527 3511 3581 ἐκεῖνον
3535 3528 3693 3580 ὁπλι-

2008 3603 2255 3674 ζόμενον,
2312 3605 2408 3658 κοιλ⁵
2459 3603 2522 3658 τὸ
2580 3606 2730 3674 ξίφος
2778 3606 3148 3674 ἀνατείνοντα,
3206 3610 3302 3662 καὶ
3350 3610 3449 3680 τήν
3511 3610 3693 3683 δειρὴν

2007 3689 2310 3757 κατέχοντα
2334 3686 2429 3741 τοῦ
2456 3684 2667 3752 παιδὸς,
2701 3690 2796 3742 καὶ
2824 3689 2922 3760 τήν
2947 3689 3149 3756 δεξιάν,
3242 3692 3343 3763 τήν
3374 3710 3692 3764 παρακατα-

2008 3767 2185 3839 θήκην
2230 3768 2468 3835 ἐδέξατο,
2505 3769 2680 3843 ταύτῃ
2733 3772 2852 3824 κατ’
2902 3772 3073 3843 αὐτῆς
3123 3773 3369 3829 ὠθοῦντα
3415 3776 3476 3829 τὸ
3517 3776 3688 3846 ξίφος,

2006 3852 2410 3925 διαρρηγνυμαι
2438 3853 2533 3904 καὶ
2554 3854 2927 3924 ἀποπνίγομαι
2954 3855 3032 3925 τῷ
3061 3855 3219 3929 θυμῷ
3242 3872 3259 3889 ο
3292 3858 3421 3911 ὅταν
3449 3859 3507 3913 δέ
3529 3862 3692 3914 πάλιν

2011 3931 2105 3986 ἴδω
2145 3934 2236 3987 τὸν
2278 3935 2399 3988 νέον
2442 3934 2735 4002 δεδοικότα,
2780 3936 2875 3989 καὶ
2916 3939 3209 4009 τρέμοντα,
3249 3942 3344 3995 καὶ
3389 3940 3691 4012 οἰμώζοντα

2007 4015 2108 4079 τὰς
2135 4017 2370 4087 ἐσχάτας
2390 4016 2658 4088 οἰμωγὰς,
2684 4019 2777 4072 καὶ
2804 4019 2896 4073 τὸν
2924 4022 3139 4092 πατέρα
3171 4022 3570 4091 ἀνακαλοῦντα,
3598 4028 3695 4080 καὶ

2008 4100 2214 4186 τούτων
2261 4104 2441 4186 αἰτιον
2476 4103 2665 4186 αὑτὸν
2722 4104 3053 4176 γεγενῆσθαι
3113 4106 3383 4175 λέγοντα,
3448 4112 3543 4166 καί⁵
3594 4117 3694 4186 τὴν

2012 4182 2227 4255 σφαγὴν
2256 4185 2318 4238 οὑ
2350 4184 2430 4256 τῷ
2464 4185 2782 4256 βαπτίζοντι
2806 4187 2868 4240 τὸ
2898 4186 3052 4257 ξίφος
3084 4190 3165 4253 εἰς
3196 4190 3289 4244 τὸν
3319 4192 3532 4264 λαιμὸν,
3557 4182 3696 4251 ἀλλά

2008 4268 2087 4340 τῷ
2114 4269 2467 4338 γεγεννηκότι
2487 4269 2854 4341 λογιζόμενον,
2870 4273 2962 4326 καὶ
2987 4272 3062 4345 μή
3089 4273 3385 4345 δυνάμενον
3409 4280 3693 4348 ἐκφυγεῖν,

2014 4357 2151 4426 μηδέ
2186 4357 2464 4429 ἐπαμῦναι
2504 4358 2702 4429 ἐαυτῷ,
2740 4359 2855 4413 ἀλλ’
2893 4362 3134 4433 ἀνήνυτα
3184 4364 3370 4419 λοιπὸν
3407 4368 3485 4439 τῷ
3523 4387 3697 4439 φυσα-

2014 4441 2162 4511 μένῳ
2216 4442 2586 4513 μεμφόμενον,
2642 4443 2737 4496 καὶ
2789 4443 3081 4515 δεχόμενον
3136 4447 3236 4519 τήν
3295 4449 3534 4523 πληγὴν,
3601 4456 3697 4507 καί¹

2011 4524 2352 4595 ἀσπαίροντα
2377 4537 2423 4589 θ,
2465 4526 2560 4579 καὶ
2603 4525 2925 4591 λακτίζοντα
2974 4527 3260 4599 τοῦδαφος,
3304 4534 3401 4587 καὶ
3441 4536 3541 4606 τὴν
3592 4539 3696 4607 γῆν

2011 4610 2124 4689 τοῖς
2153 4608 2261 4660 τῶν
2302 4609 2553 4679 αἱμάτων
2596 4610 2892 4679 μολύνοντα
2929 4617 3196 4684 κρουνοῖς,
3231 4616 3595 4689 διακόπτομαι
3629 4622 3697 4677 τά

2014 4688 2165 4763 [544]
2201 4690 2505 4763 σπλάγχνα,
2540 4693 2636 4746 καὶ
2668 4694 2969 4764 σκοτοῦμαι
3009 4696 3100 4750 τὸν
3148 4698 3427 4770 λογισμὸν,
3464 4688 3555 4755 καί
3594 4704 3695 4772 μού

2010 4788 2095 4834 τις
2121 4774 2289 4844 ἀχλὺς
2317 4774 2553 4845 ἀθυμίας
2580 4783 2899 4851 καταχεῖται
2929 4784 3040 4845 τοῖς
3067 4782 3386 4854 ὀφθαλμοῖς.
3430 4785 3569 4838 Ἀλ)’
3598 4787 3697 4856 οὐχ

2010 4862 2041 4913 0
2073 4861 2175 4931 θὴρ
2206 4863 2413 4923 ἐκεῖνος
2449 4861 2620 4915 ἐπαθέ
2659 4879 2712 4914 τι
2744 4863 2985 4918 τοιοῦτον
3014 4866 3186 4932 οὐδὲν,
3218 4868 3333 4921 ἀλλ’
3361 4868 3551 4940 ὥσπερ
3576 4870 3694 4925 τινὰ

2011 4943 2175 5012 ἀρνδν
2198 4942 2218 4981 τ
2256 4942 2546 4997 καταθύειν
2579 4945 2788 5015 μέλλων
2815 4947 2848 5017 ή
2887 4948 3110 5020 μόσχον,
3137 4950 3281 5005 οὑτω
3307 4952 3517 5025 διετέθη
3558 4954 3694 5025 πρὸς

2009 5029 2110 5100 τήν
2164 5028 2366 5100 μιαρὰν
2416 5028 2631 5100 ἐκείνην
2670 5033 2907 5102 σφαγήν.
2959 5034 3069 5086 Καὶ
3111 5036 3140 5087 0
3193 5036 3291 5105 μὲν
3334 5040 3464 5101 παῖς
3515 5036 3697 5090 έκειτο

2010 5110 2205 5183 νεκρὸς
2229 5112 2521 5184 δεξάμενος
2541 5113 2642 5184 τήν
2668 5114 2905 5188 πληγήν,
2933 5118 2961 5169 0
2982 5117 3039 5170 δέ
3063 5121 3302 5187 σφαγεὺς
3326 5122 3696 5193 ἐπηγωνίζετο

2019 5193 2088 5265 τῷ
2120 5194 2408 5266 μιάσματι,
2443 5196 2556 5259 τοῖς
2588 5197 2860 5269 δευτέροις
2892 5201 2961 5254 τὰ
2993 5202 3235 5274 πρότερα
3262 5204 3576 5276 ἀποκρύψαι
3607 5224 3698 5276 φι-

2011 5281 2288 5335 λονεικῶν.
2333 5281 2487 5351 Τάχα
2523 5282 2592 5354 μέ
2620 5299 2706 5346 τις
2739 5284 2909 5337 οἴεταί
2945 5302 2999 5338 τι
3034 5287 3164 5359 περὶ
3194 5290 3294 5360 τῆς
3321 5290 3501 5360 ταφῆς
3528 5293 3695 5363 ἐρεῖν,

2013 5366 2109 5420 καὶ
2146 5366 2228 5419 ὅτι
2273 5365 2412 5436 μετά
2441 5368 2539 5435 τὴν
2572 5367 2787 5437 σφαγὴν
2821 5368 2943 5422 οὐδὲ
2991 5369 3251 5442 βραχείας
3280 5373 3358 5444 τῷ
3385 5375 3697 5443 φονευθέντι

2016 5449 2288 5520 μετέδωκε
2316 5448 2419 5517 γῆς
2443 5465 2457 5478 ·
2495 5446 2606 5516 ἐγὼ
2649 5450 2706 5504 δέ
2751 5468 2804 5505 τι
2846 5453 3039 5507 τούτου
3067 5454 3468 5527 τολμηρότερον
3511 5457 3700 5528 ἕτερον

2013 5532 2143 5603 ἐρῶ.
2177 5530 2290 5593 Τὰς
2322 5531 2432 5602 γὰρ
2459 5532 2694 5603 ἀνόμους
2728 5536 2918 5605 χεῖρας
2953 5537 3169 5601 ἐκείνας
3207 5538 3434 5610 τοιούτῳ
3462 5541 3699 5610 μολύνας

2012 5615 2229 5686 αἵματι,
2283 5612 2380 5667 καί⁵
2429 5612 2525 5684 τήν
2579 5615 2773 5687 καινήν
2824 5620 3200 5691 ἐργασάμενος
3245 5625 3572 5695 τραγῳδίαν,
3621 5626 3701 5694 ὡς

2077 5748 2101 5813 ε
2124 5746 2219 5813 ᾼίᾒ
2245 5746 2291 5813 οἳ
2316 5746 2406 5793 οὐκ
2425 5746 2487 5813 ἂν
2503 5730 2654 5813 φοτώς
2672 5751 2932 5813 mnsam.

2075 5805 2103 5845 ἀ
2126 5808 2222 5855 Alii
2242 5806 2560 5871 ἀποσφαχοέν.

2078 5870 2110 5931 ξ
2136 5866 2231 5931 Alii
2259 5868 2535 5931 σπαίροντα.

2078 5922 2094 5961 ί
2133 5929 2281 5979 Savil.
2307 5936 2359 5978 et
2380 5922 2464 5981 inii
2490 5933 2653 5996 ὥσπερ
2667 5950 2711 5982 τι
2736 5934 2912 5997 ἀρνίον.
