4082 6422
390 460 395 464 η
463 389 564 449 sn

459 592 834 661 σκληρότερος,
868 588 1001 656 πρὸς
1039 587 1138 656 τὴν
1176 585 1496 654 Ἐκκλησίαν
1526 585 1782 652 ἠπείγετο
1824 583 1918 635 τοῦ
1959 583 2115 639 Θεοῦ.

457 678 570 730 Καὶ
608 679 736 740 ῐσως
771 676 912 738 τινὲς
951 672 1308 743 θαυμάζουσι,
1340 671 1456 734 πῶς
1494 671 1593 723 οὐκ
1621 670 1833 740 ἐπλήγη
1873 669 2118 739 θεηλάτῳ

457 763 639 831 πληγῇ
696 759 919 814 τοιαῦτα
967 758 1202 828 τολμῶν,
1251 757 1285 828 ἢ
1333 757 1449 820 πῶς
1497 757 1596 810 οὐκ
1641 757 1924 826 ἐπαφῆκεν
1969 757 2119 826 αὐτῷ

459 849 698 919 σκηπτὸν
747 847 951 902 ἀνωθεν
1001 848 1030 899 ό
1087 844 1238 908 Θεὸς,
1302 845 1398 898 καί
1453 844 1558 915 πρὸ
1613 843 1711 913 τῆς
1763 843 1968 897 εἰσόδου
2019 843 2118 913 τήν

456 935 806 1004 ἀναίσχυντον
831 933 971 1002 ¹ὄψιν
1019 930 1315 1000 κατέφλεξε
1355 931 1432 1001 τῷ
1476 929 1722 1000 κεραυνῷ
1749 947 1761 960 ·
1809 928 1919 997 ἐγὼ
1965 931 2022 983 δὲ
2067 929 2121 982 εἴ

454 1036 599 1084 τινες
644 1020 830 1072 ἔλαϐον
859 1018 1043 1071 τοῦτον
1080 1017 1172 1070 τδν
1214 1016 1492 1086 λογισμὸν,
1533 1015 1736 1068 ἐπαινῶ
1783 1015 1882 1085 μὲν
1922 1015 2116 1078 αὐτοὺς

457 1110 552 1164 καὶ
601 1109 859 1178 θαυμάζω
905 1107 1004 1176 τῆς
1055 1107 1370 1178 πυρώσεως,
1421 1105 1624 1157 λείπειν
1671 1105 1728 1157 δὲ
1777 1105 2019 1166 αὐτούς’
2052 1105 2112 1155 ού

460 1195 653 1266 μικρὸν
689 1193 765 1263 τῷ
801 1193 1040 1262 θαύματι
1083 1191 1257 1261 τούτῳ
1287 1191 1379 1243 καὶ
1417 1191 1529 1252 τοῖς
1561 1189 1800 1249 ἐπαίνοις
1831 1187 1990 1258 φημί.
2023 1190 2116 1241 Δις

456 1282 614 1334 καίαν
647 1280 744 1350 μὲν
773 1279 879 1351 γὰρ
907 1279 1004 1348 τὴν
1031 1279 1398 1346 ἀγανάκτησιν
1424 1276 1578 1345 ἔσχον
1605 1275 1744 1346 ὑπέρ
1769 1291 1827 1327 τε
1876 1273 1968 1327 τοῦ
2016 1276 2116 1328 οὐκ

454 1370 512 1422 ἐν
542 1366 665 1438 δίκῃ
695 1367 1098 1429 κατακοπέντος
1125 1364 1327 1430 παιδὸς,
1382 1363 1522 1433 ὑπέρ
1579 1379 1640 1416 τε
1679 1363 1788 1416 τῶν
1837 1361 1930 1415 τοῦ
1979 1361 2113 1414 Θεοῦ

455 1455 636 1525 νόμων
705 1453 877 1517 οὕτως
951 1450 1312 1523 ὑϐρισθέντων
1369 1450 1595 1520 ίταμῶς,
1645 1449 1778 1503 ἀλλά
1830 1449 1906 1520 τῷ
1959 1449 2116 1519 θυμῷ

455 1540 687 1604 ζέοντες,
714 1541 775 1594 ού
811 1539 1043 1593 συνεῖδον
1070 1538 1192 1590 ὅσον
1223 1538 1347 1590 ἰδεῖν
1370 1536 1398 1576 ιι
1422 1537 1588 1608 ἐχρῆν
1605 1553 1619 1567 ·
1652 1534 1745 1588 τοῦ
1775 1536 1880 1608 γὰρ
1908 1535 2114 1588 δικαίου

453 1627 639 1681 τούτου
666 1627 1036 1697 νόμος-ἔτερος
1058 1624 1325 1695 ἀνώτερος
1349 1622 1526 1692 πολλῷ
1548 1626 1720 1676 κεῖται
1743 1623 1798 1674 ἐν
1823 1625 1932 1685 τοῖς
1954 1623 2118 1692 ούρα-

452 1719 582 1778 νοῖς.
627 1715 722 1778 Τίς
749 1713 841 1768 οὖν
869 1717 1017 1768 ἐστιν
1056 1715 1083 1766 ό
1124 1713 1315 1781 νόμος;
1347 1712 1469 1773 Τοῖς
1501 1711 1839 1780 ἡμαρτηκόσι
1871 1709 1944 1779 μὴ
1973 1710 2112 1765 κατά

451 1803 618 1864 πόδας
639 1802 735 1872 τὴν
759 1801 1026 1871 τιμωρίαν
1056 1799 1299 1867 ἐπάγειν,
1329 1797 1441 1851 ἀλλ’
1470 1797 1724 1850 ἐνδιδόναι
1748 1796 1826 1866 τῷ
1859 1795 2113 1866 πεπλημ-

456 1890 713 1960 μεληκότι
759 1888 981 1958 χρόνους
1031 1887 1123 1940 καί
1170 1885 1525 1957 προθεσμίαν,
1572 1883 1710 1936 ὥστε
1758 1884 1818 1935 τὸ
1863 1883 2115 1954 πλημμε-

451 1975 614 2046 ληθέν
651 1974 1037 2036 ἀποδύσασθαι,
1080 1973 1172 2026 καὶ
1207 1971 1296 2024 διὰ
1326 1971 1426 2041 τῆς
1472 1969 1756 2041 μετανοίας
1796 1968 2113 2046 ἐξισωθῆναι

451 2039 562 2124 τοῖς
587 2060 735 2113 οὐδὲν
761 2058 1140 2130 εἰργασμένοις
1161 2057 1351 2120 δεινὸν,
1385 2039 1519 2126 ὅπερ
1547 2057 1640 2108 καὶ
1668 2057 1789 2109 τότε
1817 2039 2114 2120 ἐνέδείξατο

453 2151 534 2210 εἰς
556 2147 648 2199 τὸν
676 2146 904 2198 δείλαιον
933 2147 1136 2199 ἐκεῖνον
1167 2146 1195 2198 ό
1228 2144 1359 2207 Θεός
1383 2161 1398 2177 ο
1429 2144 1638 2211 ἐγίνετο
1665 2144 1721 2196 δὲ
1756 2145 1912 2196 πλέον
1941 2144 2109 2208 οὐδὲν,

451 2233 566 2286 ἀλλ’
612 2234 801 2302 ἔμενεν
852 2232 1189 2302 ἀδιόρθωτος.
1237 2232 1293 2286 '0
1334 2232 1389 2284 δὲ
1437 2231 1811 2302 φιλάνθρωπος
1840 2231 2113 2284 καὶτοῦτο

453 2323 736 2393 προειδὼς,
759 2321 875 2374 οὐδὲ
913 2321 1086 2383 οὕτως
1120 2321 1396 2391 ὑπερεῖδεν
1423 2320 1605 2382 αὑτὸν,
1639 2320 1759 2372 ούδέ
1796 2319 2008 2372 ἐνέλιπε
2044 2320 2110 2372 τά

451 2414 582 2481 παρ’
609 2409 798 2463 ἐαυτοῦ
831 2411 1017 2472 ποιῶν,
1044 2409 1158 2462 ἀλλ’
1198 2408 1358 2471 αὐτὸς
1397 2409 1492 2479 μέν
1519 2410 1615 2462 καὶ
1640 2406 1981 2477 ἐπεσκόπησε
2012 2407 2110 2460 κά-

455 2516 676 2568 μνοντα,
713 2498 804 2549 καὶ
845 2499 910 2550 τὰ
956 2498 1089 2565 πρὸς
1120 2497 1327 2563 ὑγίειαν
1363 2495 1596 2565 ἔπραξεν
1621 2514 1632 2524 ·
1665 2495 1869 2556 ἐκεῖνος
1914 2495 1970 2546 δὲ
2012 2495 2110 2547 οὐκ

450 2585 679 2656 ἠθέλησε
709 2585 766 2636 τὸ
797 2583 1084 2653 φάρμακον
1116 2583 1386 2646 δέξασθαι,
1417 2583 1551 2636 ἀλλά
1583 2581 1676 2635 καὶ
1702 2581 1792 2634 τὸν
1822 2583 1912 2634 ἐπὶ
1940 2581 2111 2648 τούτῳ

453 2672 772 2741 πεμφθέντα
806 2669 1093 2738 συνέκοψεν
1121 2671 1321 2740 ἰατρόν.
1353 2669 1425 2721 Τδ
1448 2669 1504 2722 δὲ
1534 2671 1820 2739 φάρμακον
1845 2670 1936 2720 καὶ
1966 2670 1994 2721 ὁ
2015 2669 2112 2738 τῆς

455 2767 694 2834 ἰατρείας
718 2765 915 2832 τρόπος
954 2762 1189 2825 τοιοῦτος
1215 2759 1303 2832 ἦν’

525 2852 595 2917 ς’.
627 2845 818 2922 Ἔτυχε
847 2849 983 2904 κατὰ
1005 2849 1094 2903 τδν
1118 2850 1306 2919 καιρὸν
1338 2849 1559 2909 ἐκεῖνον,
1583 2845 1704 2900 καθ’
1733 2846 1790 2898 δν
1813 2846 1872 2898 τὸ
1909 2847 2112 2915 ἀπηνὲς

448 2938 606 2993 τοῦτο
641 2939 823 3009 δρᾶμα
863 2938 1122 3007 ἐτολμᾶτο
1162 2936 1256 2989 καὶ
1294 2934 1541 2998 ἐλεεινὸν,
1581 2934 1750 3005 ἄνδρα
1787 2934 1909 2985 τινὰ
1939 2935 2112 3003 μέγαν

451 3026 545 3078 καὶ
603 3025 933 3097 θαυμαστὸν,
963 3025 1038 3095 (εἴ
1078 3041 1140 3092 γε
1191 3023 1272 3075 δεῖ
1325 3024 1483 3075 αὐτὸν
1538 3022 1705 3091 ἀνδρα
1761 3023 1987 3084 καλεῖν),
2014 3022 2125 3090 τῆςΔ

453 3113 684 3183 ποίμνης
709 3111 1076 3182 ἐπιμελεῖσθαι
1103 3111 1201 3179 τῆς
1231 3110 1355 3179 παρ’
1383 3111 1512 3178 ἡμῖν
1538 3125 1551 3138 ⁸
1579 3107 1824 3170 Βαϐύλας
1851 3103 1917 3178 ῆν
1943 3109 2113 3176 δνομα

453 3195 621 3264 αὐτῷ.
661 3190 824 3256 Οὗτος
860 3195 1034 3247 τοίνυν
1076 3197 1195 3246 τότε
1237 3193 1330 3246 τοῦ
1375 3191 1609 3262 Χριστοῦ
1649 3191 1746 3264 τὴν
1788 3187 2114 3262 Ἐκκλησίαν

451 3277 551 3348 τὴν
575 3278 760 3330 ἐνθάδε
789 3277 892 3330 ὑπὸ
913 3280 1010 3347 τῆς
1035 3277 1124 3329 τοῦ
1152 3275 1461 3344 Πνεύματος
1481 3275 1696 3346 χάριτος
1731 3274 2111 3345 ἐγχειρισθεὶς,

451 3361 543 3412 τὸν
581 3359 765 3412 Ἠλίαν
806 3365 898 3412 κιιδ⁹
937 3359 1026 3411 τδν
1057 3357 1243 3412 τούτου
1288 3357 1529 3427 ζηλωτὴν
1557 3369 1578 3394 ε
1611 3358 1699 3408 τὸν
1739 3356 1988 3426 Ἰωάννην
2032 3359 2111 3409 ὅτι

453 3443 735 3514 παρήλασε
767 3442 862 3511 μὲν
888 3443 985 3494 ούκ
1022 3443 1087 3494 ἂν
1114 3441 1339 3509 εἴποιμι.
1383 3440 1454 3509 μὴ
1498 3443 1590 3490 καὶ
1616 3439 1732 3491 λίαν
1769 3439 2022 3509 φορτικὸν
2051 3439 2110 3491 τὸ

452 3525 738 3595 λεγόμενον
764 3522 819 3597 ᾖ,
849 3524 1046 3592 ἔφθασε
1072 3524 1128 3576 δὲ
1149 3523 1339 3586 οὕτως,
1367 3523 1438 3583 ὡς
1469 3521 1599 3592 μηδέ
1623 3521 1682 3573 τδ
1707 3521 1866 3592 τυχὸν
1896 3521 2111 3573 ἀπολει-

454 3608 650 3676 φθῆναι
674 3608 769 3676 τῆς
797 3606 1103 3674 ἐλευθερίας
1123 3605 1229 3656 τῶν
1253 3605 1510 3670 γενναίων
1535 3605 1752 3656 ἐκείνων
1777 3604 2007 3674 ἀνδρῶν.
2036 3605 2108 3656 Οὐ

454 3688 561 3756 γὰρ
587 3689 886 3758 τετράρχην
910 3688 1112 3739 πόλεων
1134 3685 1346 3753 ὀλίγων,
1377 3686 1494 3737 ούδέ
1519 3685 1634 3746 ἐνὸς
1656 3685 1840 3747 ἔθνους
1866 3685 2104 3754 βασιλέα,

454 3771 588 3823 ἀλλά
616 3771 702 3822 τὸν
731 3770 790 3821 τὸ
819 3769 1078 3821 πλεῖστον’
1098 3769 1257 3838 μέρος
1294 3769 1390 3836 τῆς
1427 3768 1747 3837 οἰκουμένης
1773 3768 1983 3836 ἀπάσης
2011 3784 2109 3818 κα-

452 3853 694 3920 τέχοντα,
725 3851 885 3904 αὑτὸν
910 3851 972 3920 δὴ
1000 3850 1182 3904 τοῦτον
1210 3850 1298 3902 τὸν
1324 3848 1662 3918 ἀνδροφόνον,
1688 3850 1780 3902 καί
1811 3849 1977 3901 πολλὰ
2009 3851 2107 3919 μὲν

453 3932 598 4000 ἔθνη,
623 3931 820 3994 πολλὰς
837 3931 893 3984 δὲ
914 3932 1092 3992 πόλεις
1113 3931 1205 3983 καὶ
1227 3931 1482 3999 στρατιάν
1505 3930 1726 3998 ἄπειρον
1749 3933 2103 4000 κεκτημένον,

454 4012 602 4082 [5451
628 4015 721 4065 καὶ
756 4013 1016 4065 πάντοθεν
1051 4013 1178 4064 ὄντα
1210 4012 1455 4081 φοϐερὸν,
1489 4013 1595 4064 ἀπό
1625 4029 1684 4064 τε
1715 4012 1806 4063 τοῦ
1847 4013 2107 4082 μεγέθους

450 4092 550 4161 τῆς
577 4093 772 4162 ἀρχῆς,
809 4094 913 4145 ἀπό
938 4109 995 4144 τε
1024 4093 1119 4162 τῆς
1146 4093 1252 4144 τῶν
1278 4095 1492 4163 τρόπων
1521 4093 1874 4164 θρασύτητος,
1906 4096 1981 4157 ὡς
2008 4097 2102 4148 ἀν-

371 4233 373 4235 ,
449 4173 712 4241 δράποδον
753 4173 964 4237 εὐτελὲς
1009 4175 1102 4226 καὶ
1147 4173 1356 4236 οὐδενὸς
1401 4173 1547 4239 ἀξιον
1594 4175 1772 4242 λόγου,
1822 4175 1964 4229 οὕτω
2013 4178 2107 4246 τῆς

451 4256 744 4324 ἐκκλησίας
769 4256 1004 4319 ἐξέϐαλε,
1049 4256 1184 4325 μετὰ
1221 4256 1484 4326 τοσαύτης
1511 4257 1806 4329 ἀταραξίας
1846 4259 1941 4312 καὶ.
1975 4261 2106 4328 ἀφο-

452 4336 593 4398 ϐίας,
619 4337 734 4406 μεθ’
754 4337 882 4407 ὅσης
903 4336 968 4389 ἂν
993 4337 1192 4406 ποιμὴν
1215 4337 1481 4407 πρόϐατον
1503 4337 1691 4408 ψώρας
1711 4341 2104 4411 ἐμπεπλησμέ-

451 4437 538 4472 νον
595 4422 688 4473 καί
749 4420 1030 4488 νενοσηκὸς
1089 4421 1186 4488 τῆς
1239 4422 1472 4490 ποίμνης
1529 4423 1824 4491 ἀπείρξειε.
1885 4425 2103 4479 κωλύων

449 4503 527 4564 εἰς
585 4502 652 4555 τά
685 4500 844 4554 λοιπά
869 4502 1116 4570 διαϐῆναι
1148 4502 1244 4572 τὴν
1281 4505 1434 4555 νόσον
1488 4505 1577 4555 τοῦ
1623 4507 1932 4573 κάμνοντος.
1992 4510 2100 4562 Καὶ

446 4583 616 4636 ταῦτα
687 4582 983 4652 ἔπραττεν,
1045 4583 1190 4652 ἔργῳ
1255 4585 1348 4635 τὸν
1407 4587 1499 4638 τοῦ
1559 4588 2018 4656 Σωτῆρος’λόγον
2071 4589 2099 4627 ά

448 4664 710 4733 βεϐαιῶν,
772 4665 851 4718 ὅτι
917 4665 1073 4735 μόνος
1135 4665 1317 4729 δοῦλός
1377 4668 1520 4720 ἐστιν
1574 4671 1602 4721 ό
1658 4669 1755 4740 τὴν
1830 4673 2100 4742 ἁμαρτίαν

447 4747 647 4810 ποιῶν,
718 4746 821 4800 κᾶν
882 4748 1105 4816 μυρίους
1162 4749 1251 4800 ἐπὶ
1304 4749 1400 4819 τῆς
1463 4749 1700 4818 κεφαλῆς
1764 4751 1860 4822 ἔχῃ
1905 4755 2099 4822 στεφά-

442 4846 585 4890 νους,
621 4829 722 4881 κᾶν
762 4829 1012 4882 ἁπάντων
1052 4828 1177 4898 δοκῇ
1225 4829 1330 4883 τῶν
1377 4831 1468 4882 ἐπὶ
1514 4831 1609 4900 τῆς
1645 4832 1747 4900 γῆς
1797 4833 2095 4902 ἀνθρώπων

441 4909 687 4978 κρατεῖν·
720 4907 847 4960 δ’δέ
879 4907 1028 4959 οὐδὲν
1071 4907 1243 4975 ἐαυτῷ
1294 4907 1542 4970 συνειδὼς
1589 4910 1841 4981 πονηρὸν,
1893 4914 1994 4966 κᾶν
2038 4918 2095 4968 ἐν

439 4991 504 5059 τῇ
537 4989 644 5042 τῶν
680 4989 931 5059 ὑπηκόων
967 4990 1327 5060 καταλέγηται
1355 4992 1522 5056 τάξει,
1568 4993 1781 5047 πάντων
1807 4999 1920 5048 ἐστὶ
1951 4998 2097 5066 βασι-

439 5071 572 5124 λέων
605 5072 1039 5142 βασιλικώτερος.
1076 5073 1280 5126 Αὐτίκα
1313 5075 1440 5141 γοῦν
1471 5077 1562 5127 τὸν
1607 5078 1840 5146 ἄρχοντα
1881 5080 2090 5134 διέτατ-

436 5171 526 5207 τεν
571 5157 599 5206 ὀ
631 5154 958 5224 ἀρχόμενος,
1002 5156 1093 5208 καὶ
1131 5155 1208 5225 τῷ
1242 5157 1526 5225 κρατοῦντι
1570 5160 1782 5212 πάντων
1816 5173 1837 5200 ο
1881 5163 2090 5232 ἔκρινεν

435 5243 464 5290 ό
496 5238 752 5307 ὑπήκοος,
782 5240 872 5290 καὶ
901 5242 998 5308 τὴν
1033 5241 1491 5303 καταδικάζουσαν
1518 5243 1674 5295 αὑτὸν
1700 5244 1877 5314 ψῆφον
1902 5246 2082 5317 ἔφερε.

436 5319 508 5370 Σὺ
537 5321 591 5372 δὲ
626 5321 796 5372 ταῦτα
843 5322 1075 5385 ἀκούων,
1126 5323 1198 5392 μὴ
1235 5324 1504 5394 παρέλθῃς
1543 5327 1726 5389 ἁπλῶς
1756 5329 1816 5379 τὸ
1862 5329 2084 5399 λεχθέν·

436 5403 615 5454 ἰκανὸν
651 5404 748 5472 μὲν
776 5405 884 5473 γὰρ
910 5406 1001 5456 καὶ
1035 5405 1164 5457 αὐτὸ
1193 5404 1311 5458 καθ’
1346 5406 1504 5458 ἑαυτὸ
1544 5407 1697 5460 τοῦτο
1725 5411 2083 5478 ἀπαγγελθὲν,

431 5485 510 5536 ὅτι
542 5485 631 5536 τὸν
673 5485 893 5554 βασιλέα
916 5487 1023 5538 τῶν
1065 5488 1161 5556 τῆς
1201 5487 1489 5558 ἐκκλησίας
1531 5490 1812 5560 προθύρων
1856 5493 2082 5562 ἐξήλασε

429 5568 534 5620 τῶν
564 5568 669 5620 ὑπὸ
697 5569 791 5637 τὴν
819 5570 992 5638 ἀρχὴν
1038 5570 1202 5622 δντων
1230 5587 1310 5632 τις
1348 5571 1443 5640 τὴν
1489 5572 1673 5637 αὑτοῦ,
1727 5573 2081 5644 διαναστῆσαι

489 5671 516 5733 f
538 5671 684 5720 Savil.
712 5677 764 5719 et
785 5673 979 5733 quidam
1001 5687 1118 5721 mss.
1141 5675 1309 5725 αὐτῶν.

486 5727 514 5771 δ
537 5733 683 5780 Savil.
711 5740 758 5780 el
785 5727 909 5780 tinus
932 5735 957 5780 ὂ
978 5735 1190 5782 συνιδεῖν.

485 5795 508 5823 ⁸
535 5791 633 5841 Αδίί
654 5794 734 5840 τὸν
755 5794 930 5841 ἐκείνου
957 5796 1054 5848 ζηλ.

482 5853 512 5892 ά
533 5855 630 5902 Alii
650 5856 732 5901 τὸν
754 5855 837 5902 τοῦ
864 5855 988 5902 θεοῦ
1012 5857 1163 5914 λόγον.

487 5914 514 5946 °
537 5916 636 5966 Alii
655 5916 734 5963 καὶ
759 5917 838 5963 τὸν
863 5915 1121 5979 κρατοῦντα
1142 5917 1343 5968 παντων,

1269 390 1325 447 S.
1362 389 1480 445 1οᾹ
1492 389 1646 446 NNIS
1682 386 2032 447 CIIRYSOS'I
2049 386 2106 440 01

2209 383 2532 444 ARCHIH‘.
2571 385 3118 443 CONSTANTINUP.
3399 439 3402 444 .

456 503 610 558 οὐδὲν
645 503 782 566 ὅλως
819 503 1165 572 τετολμηκὼς
1199 500 1228 552 δ
1272 498 1510 568 ἀναιδὴς,
1550 499 1644 552 καὶ
1683 497 1896 568 πετρῶν
1938 495 2116 549 αὐτῶν
2224 496 2318 549 καὶ
2357 496 2620 565 ἐκπλῆξαι
2653 496 2754 562 τὴν
2800 494 2908 548 τῶν
2936 495 3242 549 ἀκουόντων
3269 496 3469 568 ψυχήν.
3503 495 3567 550 Εἰ
3601 499 3660 552 δὲ
3709 499 3894 569 βούλει

3782 383 3898 444 5L2

2217 575 2280 628 τὸ
2309 573 2489 644 θαῦμα
2522 575 2666 627 ᾶπαν
2707 573 3045 643 καταμαθεῖν
3087 573 3350 646 ἀκριϐῶς,
3394 575 3468 645 μὴ
3510 575 3652 646 ψιλῷ
3684 580 3763 646 τῷ
3794 581 3896 649 ῥή-

2223 670 2352 722 ματι
2403 653 2656 722 πρόσεχε,
2693 651 2807 703 ἀλλ’
2853 650 3164 724 ὑπόγραψον
3210 654 3337 715 τοὺς
3379 653 3729 723 δορυφόρους,
3765 673 3899 720 τους

2219 730 2582 791 ὑπασπιστάς,
2612 730 2736 792 τοὺς
2782 731 3138 801 στρατηγοὺς,
3180 732 3307 794 τοὺς
3340 733 3625 803 ἄρχοντας,
3661 736 3794 797 τοὺς
3833 737 3897 787 ὲν

2217 812 2337 873 ταῖς
2379 808 2684 878 βασιλικαῖς
2752 809 2943 868 αύλατς
3019 809 3416 878 τρεφομένους,
3461 812 3588 874 τοὺς
3632 811 3730 863 ἐπὶ
3782 813 3897 864 τῶν

2217 891 2424 944 πόλεων
2469 891 2852 961 τεταγμένους,
2905 889 2997 943 τὸν
3051 889 3219 958 τῦφον
3271 891 3383 943 τῶν
3431 892 3894 962 προηγουμένων,

2215 971 2324 1024 τῶν
2364 972 2644 1039 ἑπομένων
2697 970 2803 1022 τῶν
2852 969 3156 1023 σοϐούντων
3202 969 3266 1022 τὸ
3313 970 3533 1040 πλῆθος,
3569 971 3672 1040 τὴν
3723 970 3899 1036 ἀλλην

2216 1050 2511 1122 θεραπείαν
2544 1051 2781 1102 ἃπασαν.
2813 1047 2944 1103 Εἶτα
2987 1048 3148 1103 αὐτὸν
3181 1050 3240 1101 ἐν
3273 1048 3351 1117 τῷ
3403 1050 3551 1119 μέσῳ
3587 1049 3731 1119 μετά
3761 1047 3900 1100 πολ-

2214 1131 2307 1182 λοῦ
2354 1130 2452 1198 μὲν
2496 1129 2841 1181 ἐπιϐαίνοντα
2886 1126 2982 1181 τοῦ
3031 1127 3410 1198 φρονήματος,
3462 1127 3792 1199 σεμνότερον
3836 1125 3898 1179 δδ

2213 1210 2322 1262 ἀπὸ
2350 1209 2457 1260 τῶν
2501 1208 2728 1278 ἱματίων
2763 1206 3106 1275 φαινόμενον,
3147 1206 3241 1259 καὶ
3271 1204 3371 1275 τῆς
3408 1204 3749 1275 ἁλουργίδας,
3798 1206 3900 1258 καὶ

2213 1285 2321 1338 τῶν
2347 1285 2508 1338 λίθων
2536 1283 2643 1336 τῶν
2666 1282 2938 1353 πανταχοῦ
2959 1281 3369 1353 διεσπαρμένων
3397 1283 3536 1336 κατά
3555 1283 3658 1354 τὴν
3681 1283 3895 1350 δεξιὰν,

2216 1364 2356 1418 κατά
2386 1364 2483 1434 τὴν
2524 1361 2796 1433 συμϐολὴν
2829 1362 2928 1430 τῆς
2958 1360 3224 1430 χλανίδος,
3269 1359 3380 1414 τῶν
3423 1360 3530 1415 ἀπὸ
3559 1359 3652 1415 τοῦ
3703 1361 3898 1430 διαδή-

2218 1461 2384 1514 ματος
2418 1443 2476 1509 ὲξ
2499 1442 2678 1514 ἀὐτῆς
2711 1440 3254 1514 ἀστραπτόντωνᾳτῆς
3293 1441 3553 1514 κεμῆς.
3576 1441 3714 1494 »Καὶ
3750 1442 3894 1514 μηδὲ

2217 1508 2378 1582 μέχρι
2422 1508 2610 1564 τούτου
2635 1508 2850 1580 στήσῃς
2893 1508 2992 1578 τὴν
3028 1508 3241 1576 εἰκόνα,
3289 1509 3405 1563 ἀλλ’
3447 1508 3687 1563 ἔκτεινον
3715 1508 3893 1580 αύτῆν

2214 1592 2310 1644 καὶ
2351 1590 2443 1643 ἐπὶ
2473 1588 2565 1642 τὸν
2604 1588 2698 1641 τοῦ
2731 1587 2865 1640 Θεοῦ
2904 1586 3106 1652 δοῦλον,
3147 1587 3238 1641 τδν
3283 1588 3552 1658 μακάριον
3607 1587 3890 1652 Βαϐύλαν,

2214 1669 2307 1723 καὶ
2341 1667 2402 1721 τὺ
2447 1667 2633 1738 σχῆμα
2667 1666 2730 1720 τὺ
2761 1664 3043 1728 ταπεινὸν,
3093 1665 3188 1718 καὶ
3244 1666 3340 1717 ἐπὶ
3390 1667 3489 1736 τὴν
3544 1666 3739 1736 στολὴν
3788 1667 3892 1736 τὴν

2217 1747 2510 1815 ἰδιωτικὴν,
2537 1745 2631 1799 καί
2662 1745 2761 1816 τήν
2794 1744 3259 1815 συντετριμμένην
3299 1744 3495 1814 ψυχὴν,
3528 1746 3624 1798 καὶ
3655 1745 3722 1798 τὸ
3754 1745 3893 1816 09i-

2215 1845 2341 1890 σους
2383 1825 2798 1896 ἀπηλλαγμένον
2844 1825 3118 1894 φρόνημα,
3170 1825 3266 1876 καὶ
3309 1824 3481 1888 οὕτως
3536 1827 3893 1895 ἀμφοτέρους

2213 1904 2518 1976 διαγράψας
2556 1904 2650 1955 καί.
2699 1901 2951 1964 ἀντιθεὶς,
2986 1903 3106 1954 τότε
3151 1901 3334 1974 γνώσῃ
3363 1903 3424 1954 τὸ
3457 1902 3643 1972 θαῦμα
3679 1904 3889 1968 καλῶς,

2216 1983 2414 2053 μᾶλλον
2449 1982 2522 2053 δὲΔ
2549 1982 2669 2034 ούδέ
2701 1979 2874 2043 οὕτως
2922 1979 3156 2050 ἐπιλήψῃ
3202 1981 3301 2049 τῆς
3345 1981 3630 2051 ἀκριϐείας
3677 1982 3888 2051 αὐτῆς.

2212 2065 2309 2132 τὴν
2343 2062 2450 2132 γὰρ
2479 2061 2790 2132 παρρησίαν
2832 2059 3046 2130 ἐκείνην
3072 2061 3228 2126 λόγος
3271 2059 3371 2128 μὲν
3397 2060 3569 2124 οὐδεὶς
3598 2062 3723 2114 οὐδὲ
3763 2063 3892 2131 ὄψις

2213 2140 2559 2211 παραστῆσαι
2598 2139 2798 2192 δύναιτ’
2827 2138 2913 2202 ἂν,
2956 2141 2988 2207 ή
3021 2141 3182 2209 πεῖρα
3225 2139 3279 2190 δὲ
3312 2139 3447 2207 μόνη
3480 2140 3574 2192 καὶ
3607 2142 3640 2210 ή
3688 2141 3889 2211 χρῆσις

2211 2221 2397 2290 αὐτῆς.
2435 2219 2540 2272 Kal
2577 2219 2637 2270 τὸ
2683 2219 3015 2288 παράστημα
3045 2217 3102 2269 δὲ
3131 2218 3231 2286 τῆς
3265 2215 3360 2270 τοῦ
3401 2219 3652 2285 γενναίου
3679 2220 3892 2289 ..ψυχῆς

2214 2298 2370 2366 μόνος
2400 2299 2602 2360 ἐκεῖνος
2634 2296 2833 2350 δύναιτ’
2875 2296 2939 2348 ἂν
2971 2296 3168 2349 εἰδέναι
3215 2295 3414 2358 καλῶς,
3453 2299 3481 2349 ό
3509 2297 3760 2367 δυνηθεὶς
3805 2299 3891 2362 είς

2209 2377 2306 2444 τὴν
2348 2375 2511 2444 αὐτὴν
2546 2373 2696 2442 αὐτῷ
2727 2375 2825 2443 τῆς
2871 2373 3181 2443 παρρησίας
3213 2374 3414 2442 φθάσαι
3459 2377 3725 2445 κορυφήν.
3760 2376 3891 2440 Πῶς

2209 2453 2317 2524 γὰρ
2347 2452 2649 2524 προσῆλθεν
2677 2454 2704 2502 ὁ
2729 2452 2944 2521 γέρων;
2977 2451 3093 2514 πῶς
3123 2454 3248 2515 τοὺς
3274 2452 3601 2523 δορυφόρους
3632 2453 3886 2522 διέκοψε;

2211 2535 2327 2597 πῶς
2351 2535 2409 2586 τὸ
2448 2535 2621 2603 στόμα
2651 2533 2833 2602 διῆρε;
2873 2531 2990 2595 πῶς
3026 2531 3358 2602 ἐφθέγξατος
3390 2535 3505 2596 πῶς
3543 2536 3885 2605 ἐπετίμησε;

2212 2614 2328 2676 πῶς
2371 2611 2470 2682 τὴν
2501 2612 2678 2675 δεξιὰν
2717 2613 2795 2671 είς
2829 2609 2890 2662 τὺ
2921 2610 3113 2680 στῆθος
3142 2611 3408 2682 ἀπήρεισε
3454 2612 3516 2664 τὸ
3549 2612 3889 2681 φλεγμαῖνον

2211 2690 2288 2742 ἔτι
2321 2690 2398 2759 τῷ
2429 2689 2584 2757 θυμῷ
2611 2689 2704 2740 καὶ
2736 2687 2854 2750 ζέον
2884 2687 2961 2757 τῷ
3001 2689 3178 2758 φόνῳ;
3213 2688 3329 2751 πῶς
3359 2688 3620 2743 ἀπώσατο
3651 2692 3744 2744 τὸν
3791 2693 3889 2745 ἀνο

2209 2769 2492 2840 δροφόνον;
2527 2768 2691 2819 Οὐδὲν
2737 2767 2897 2819 αὑτὸν
2923 2767 3033 2818 τῶν
3079 2767 3372 2840 δρωμένων
3414 2769 3749 2839 κατέπληξε,
3785 2771 3886 2824 καὶ

2210 2839 2307 2914 τῆς
2351 2845 2659 2914 προθέσεως
2711 2842 3054 2912 ἐξέκρουσεν.
3098 2839 3165 2898 Ὠ
3212 2845 3386 2915 ψυχῆς
3444 2847 3886 2917 ἀκαταπλήκτου

2211 2926 2304 2978 καὶ
2351 2925 2588 2986 διανοίας
2635 2924 2872 2994 ὑψηλῆςί
2918 2923 2962 2976 ὥ
3009 2924 3216 2993 φρενῶν
3255 2927 3518 2995 οὐρανίων
3561 2930 3654 2981 καὶ
3701 2945 3882 3000 παρα-

2212 3006 2485 3075 στήματος
2523 3003 2813 3072 ἀγγελικοῦ
2840 3006 2850 3056 !
2887 3005 3093 3074 Ὥσπερ
3121 3004 3228 3074 γὰρ
3267 3007 3325 3057 ἐν
3358 3007 3520 3076 τοίχῳ
3551 3010 3883 3079 γεγραμμὲ-

2211 3100 2307 3152 νην
2340 3084 2552 3137 ἃπασαν
2591 3082 2688 3150 τὴν
2717 3081 3015 3150 φαντασίαν
3042 3084 3252 3156 ἐκείνην
3281 3084 3444 3152 όρῶν,
3471 3084 3645 3150 οὕτως
3674 3088 3886 3158 ἀταράεο

2210 3178 2320 3231 χως
2350 3159 2563 3212 ἅπαντα
2613 3159 2878 3227 ἔπραττεν
2917 3161 2945 3211 δ
2996 3162 3238 3226 γενναῖος
3285 3163 3442 3233 ἀνήρ.
3496 3165 3606 3216 Καὶ
3651 3164 3764 3236 γὰρ
3813 3162 3884 3235 ἦν

2213 3237 2639 3307 πεπαιδευμένος
2668 3236 2818 3307 [546]
2848 3237 2956 3289 ἀπὸ
2982 3238 3088 3290 τῶν
3117 3237 3275 3292 θείων
3303 3240 3607 3310 δογμάτων,
3638 3245 3720 3313 ὂτπι
3755 3247 3884 3298 σκιά

2211 3319 2305 3371 καὶ
2349 3317 2472 3386 δνας
2511 3316 2604 3367 καὶ
2638 3315 2840 3367 τούτων
2873 3316 3277 3385 ούδαμινώτερα
3318 3318 3527 3372 ἅπαντα
3559 3323 3626 3373 τά
3654 3323 3750 3374 τοῦ
3792 3325 3885 3376 κό-

2214 3413 2348 3464 σμου
2401 3394 2721 3464 πράγματα.
2771 3394 2868 3445 Διά
2902 3394 3056 3446 τοῦτο
3081 3397 3231 3448 οὐδὲν
3263 3397 3423 3450 αὑτὸν
3469 3399 3674 3452 τούτων
3707 3418 3879 3454 καταο

2211 3475 2411 3541 πτῆξαι
2462 3472 2732 3540 ἐποίησεν,
2763 3471 2896 3523 ἀλλὰ
2944 3473 3035 3524 καὶ
3081 3472 3276 3540 μᾶλλον
3310 3474 3620 3545 ἐθάρρυνεν.
3667 3479 3731 3530 Ἦ
3771 3481 3881 3550 γάρ

2209 3553 2330 3618 ὄψις
2377 3552 2556 3620 ἐκείνη
2597 3551 2703 3601 τῶν
2742 3550 3030 3618 ὁρωμένων
3068 3550 3164 3620 τὴν
3213 3552 3449 3606 διάνοιαν
3508 3556 3878 3625 παρέπεμπεν

2209 3630 2302 3681 ἐπὶ
2345 3629 2434 3681 τὸν
2464 3631 2574 3682 ἀνω
2608 3628 2830 3697 βασιλέα
2859 3629 2950 3680 τὸν
2991 3628 3294 3700 καθήμενον
3326 3633 3417 3684 ἐπὶ
3449 3633 3556 3684 τῶν
3594 3633 3882 3707 Χερουϐὶμ⁸

2210 3711 2301 3762 καὶ
2338 3709 2599 3777 βλέποντα
2655 3709 2958 3770 ἀϐύσσους.
3020 3710 3111 3762 ἐπὶ
3158 3711 3246 3762 τὸν
3295 3711 3480 3782 θρόνον
3524 3713 3616 3766 τὴν
3667 3715 3881 3782 ἔνδοξον

2209 3790 2304 3842 καὶ
2358 3788 2577 3856 ὑψηλὸν,
2627 3789 2717 3839 ἐπὶ
2758 3789 2855 3856 τὴν
2906 3788 3159 3857 στρατιὰν
3192 3790 3289 3859 τὴν
3325 3791 3591 3858 ούράνιον,
3634 3795 3726 3846 ἐπὶ
3779 3797 3880 3858 τὰς

2213 3868 2474 3938 μυριάδας
2505 3867 2610 3918 τῶν
2641 3867 2927 3932 ¹ἀγγέλων,
2972 3868 3058 3918 ἐπὶ
3095 3866 3194 3930 τὰς
3238 3869 3479 3938 χιλιάδας
3522 3871 3630 3922 τῶν
3664 3874 3879 3941 ἀρχαγ-

2209 3944 2398 4010 γέλων,
2432 3943 2521 3994 ἐπὶ
2566 3943 2626 3994 τὸ
2682 3943 2828 4012 βῆμα
2864 3943 2924 3995 τὸ
2964 3943 3208 4013 φοϐερὸν,
3242 3949 3334 3999 ἐπὶ
3377 3949 3436 4000 τὸ
3484 3951 3771 4020 κριτήριον
3817 3951 3880 4004 τὺ

2208 4022 2518 4078 ἀδέκαστον.
2563 4022 2653 4072 ἐπὶ
2681 4021 2768 4073 τὸν
2797 4022 2889 4072 τοῦ
2935 4022 3102 4094 πυρὸς
3134 4025 3395 4094 ποταμὸν,
3427 4028 3520 4079 ἐπὶ
3562 4027 3649 4078 τὸν
3681 4030 3880 4099 κριτὴν

2207 4101 2386 4152 αὐτόν.
2439 4101 2538 4152 Διά
2597 4117 2677 4152 τοι
2737 4099 2892 4151 τοῦτο
2941 4101 3058 4152 ὅλον
3120 4103 3308 4154 ἐαυτὸν
3366 4105 3714 4175 μεταστήσας
3769 4109 3878 4161 ἀπὺ

2205 4179 2304 4248 τῆς
2338 4180 2441 4248 γῆς
2471 4180 2549 4240 είς
2591 4179 2679 4230 τὸν
2714 4179 2958 4248 οὐρανὸν,
2996 4180 3071 4242 ὡς
3113 4181 3304 4250 ἐκείνῳ
3341 4181 3418 4251 τῷ
3449 4181 3674 4255 δικαστῇ
3728 4203 3874 4256 παρ-

2205 4257 2401 4320 εστὼς,
2433 4259 2525 4309 καὶ
2571 4255 2733 4309 αὑτοῦ
2772 4257 3080 4321 κελεύοντος
3135 4259 3367 4321 ἀκούων,
3410 4260 3502 4314 τὸν
3546 4263 3718 4332 ἐναγῆ
3778 4255 3874 4318 καὶ

2209 4336 2399 4404 μιαρὸν
2433 4336 2528 4404 τῆς
2566 4335 2714 4404 ἱερᾶς
2758 4335 2957 4402 ἀγέλης
2999 4334 3234 4399 ἐξωθεῖν,
3278 4335 3448 4399 οῦτως
3490 4338 3732 4402 ἐξέϐαλε,
3776 4345 3870 4396 καὶ

2201 4412 2306 4463 τῶν
2355 4413 2552 4464 λοιπῶν
2599 4411 2883 4481 προϐάτων
2924 4412 3203 4482 ἀφώρισε,
3247 4416 3341 4466 καὶ
3397 4416 3528 4485 πρὸς
3580 4419 3734 4471 οὐδὲν
3767 4423 3868 4471 ἐπ-

2203 4494 2496 4563 εστρέφετο
2527 4493 2631 4546 τῶν
2656 4491 2944 4562 ὁρωμένων
2979 4495 3070 4545 καὶ
3101 4493 3396 4546 δοκούντων
3427 4493 3559 4548 εἶναι
3595 4500 3866 4569 φοϐερῶν,

2201 4572 2312 4624 ἀλλ’
2341 4573 2598 4643 ἀνδρείως
2628 4571 2790 4623 αὐτὸν
2844 4571 2987 4639 μάλα
3038 4572 3129 4624 καὶ
3167 4573 3427 4638 γενναίως
3479 4575 3862 4646 ἀπωσάμενος,

2201 4651 2441 4721 παρέστη
2477 4648 2926 4720 τυραννουμένοις
2966 4653 3077 4711 τοῖς
3126 4650 3216 4702 τοῦ
3261 4651 3393 4703 Θεοῦ
3427 4654 3629 4721 νόμοις.
3672 4656 3864 4710 Καίτοι

2201 4729 2338 4801 πόσῃ
2377 4729 2502 4799 περί
2531 4729 2654 4790 τοὺς
2683 4726 2900 4790 λοιποὺς
2931 4729 3091 4780 αύτδν
3122 4730 3400 4800 παρρησίᾳ
3446 4733 3745 4802 κεχρῆσθαι
3789 4737 3864 4787 εἰ-

2200 4808 2325 4871 κός;
2381 4809 2436 4859 ὐ
2483 4809 2588 4876 γὰρ
2629 4805 2706 4874 τῷ
2757 4805 3039 4875 κρατοῦντι
3093 4807 3230 4876 μετά
3293 4809 3557 4879 τοσαύτης
3615 4811 3862 4878 ἐξουσίας

2198 4885 2607 4955 προσενεχθεὶς,
2653 4885 2771 4937 τίνα
2803 4885 2912 4938 τῶν
2949 4885 3148 4939 λοιπῶν
3197 4887 3394 4942 ἔδεισεν
3441 4891 3536 4953 ἀν;
3577 4885 3724 4958 Ἐγὼ
3769 4894 3862 4946 τὸν

2195 4965 2364 5036 ἄνδρα
2402 4965 2606 5016 ἐκεῖνον
2660 4965 3010 5034 στοχάζομαι,
3056 4965 3254 5035 μᾶλλον
3295 4967 3349 5020 δὲ
3379 4969 3440 5019 οὐ
3491 4971 3859 5040 στοχάζομαι,

2194 5042 2328 5094 ἀλλά
2379 5043 2646 5104 πιστεύω,
2705 5043 2779 5112 μὴ
2831 5043 2962 5113 πρὸς
3015 5045 3194 5114 χάριν,
3241 5044 3316 5114 μὴ
3365 5045 3499 5116 πρὸς
3539 5047 3861 5116 ἀπέχθειαν,

2196 5120 2330 5190 μήτε
2367 5119 2591 5188 πρᾶξαι,
2629 5121 2762 5189 μήτε
2801 5125 2970 5174 εἰπεῖν
2998 5123 3050 5173 τί
3083 5139 3234 5182 ποτε,
3278 5122 3409 5175 ἀλλά
3453 5124 3548 5176 καὶ
3579 5127 3714 5194 πρὸς
3758 5128 3862 5195 φό-

2192 5199 2305 5262 ϐον,
2347 5202 2440 5252 καλ.
2480 5201 2614 5270 πρὸς
2646 5200 2742 5270 τὴν
2771 5200 2958 5252 τούτου
3006 5201 3375 5273 δυνατωτέραν
3407 5203 3714 5267 κολακείαν,
3762 5207 3858 5260 καὶ

2192 5278 2324 5347 πρὸς
2353 5279 2420 5331 τά
2448 5279 2580 5332 ἀλλα
2613 5278 2681 5331 τά
2705 5277 2924 5331 τοιαῦτα
2951 5279 3142 5348 (πολλά
3173 5281 3228 5333 δὲ
3260 5280 3326 5332 τά
3364 5280 3702 5352 ἀνθρώπινα)
3733 5302 3856 5352 γεν-

2190 5357 2350 5419 ναίως
2377 5359 2566 5425 στῆναι
2601 5358 2694 5409 καί
2729 5358 3004 5427 ἀνδρείως,
3043 5359 3134 5411 καὶ
3170 5359 3302 5428 μηδέ
3331 5361 3524 5429 μικρόν
3555 5379 3608 5413 τι
3636 5364 3733 5431 τῆς
3762 5367 3856 5433 ὀρ-

2189 5435 2284 5504 θῆς
2316 5436 2620 5507 διαφθεῖραι
2655 5437 2902 5507 κρίσεως.
2938 5438 2998 5490 Εἰ
3041 5437 3148 5509 γὰρ
3189 5438 3473 5508 στολισμδς
3505 5442 3722 5512 ἀνδρὸς,
3757 5444 3851 5496 καὶ

2186 5513 2339 5579 γέλος
2365 5514 2610 5578 ὀδόντων,
2645 5517 2736 5567 καὶ
2769 5515 2919 5584 βῆμα
2949 5516 3108 5579 ποδὸς
3133 5518 3464 5585 ἀπαγγέλλει
3492 5519 3561 5572 τά
3596 5522 3723 5590 περί
3754 5524 3852 5575 αύ-

2185 5594 2298 5656 τοῦ,
2355 5596 2532 5665 πολλῴ
2585 5596 2780 5664 μᾶλλον
2826 5599 2894 5650 τά
2933 5599 3168 5652 τοσαῦτα
3214 5601 3612 5671 κατορθώματα
3671 5606 3852 5658 πᾶσαν

2185 5677 2314 5744 ἡμῖν
2349 5678 2508 5730 ικανά
2550 5678 2641 5730 τοῦ
2694 5679 2876 5732 λοιποῦ
2927 5680 3042 5750 βίου
3089 5683 3403 5752 παραδεῖξαι
3456 5683 3555 5754 τὴν
3602 5687 3847 5756 ἀρετήν·

2183 5757 2302 5809 ούδέ
2327 5759 2433 5825 γὰρ
2464 5761 2556 5812 ἐπὶ
2584 5762 2649 5828 τῇ
2686 5763 2966 5832 παρρησίᾳ
2996 5763 3151 5831 μόνον
3181 5763 3336 5816 αὑτὸν
3372 5765 3672 5835 θαυμάζειν
3714 5767 3844 5838 χρὴ,

2187 5838 2320 5891 ἀλλά
2361 5843 2451 5893 καὶ
2501 5842 2593 5895 ἐπὶ
2637 5843 2712 5912 τῷ
2763 5844 2922 5915 μέχρι
2971 5847 3222 5898 τοσούτου
3270 5847 3366 5915 τὴν
3404 5849 3711 5918 παρρησίαν
3749 5852 3843 5902 ἐκ.-

2185 5923 2375 5987 τεῖναι,
2407 5925 2500 5979 καὶ
2530 5925 2621 5978 ἐπὶ
2653 5926 2729 5998 τῷ
2763 5928 2924 5982 πάλιν
2954 5930 3118 6000 μηδὲν
3151 5929 3459 6001 προσθεῖναι
3495 5931 3655 5988 πλέον
3679 5934 3833 6007 αὐτῇ.
