4082 6424
164 406 271 464 5H

158 530 245 577 set
275 516 558 588 impudens
602 514 714 577 ille,
758 509 890 583 ipsis
934 507 1103 578 petris
1129 504 1337 568 durior,
1377 502 1444 557 ad
1472 501 1762 557 ecclesiam

161 614 264 670 Dei
295 610 582 669 concessit.
619 606 782 661 Forte
824 603 1090 657 mirantur
1112 597 1351 668 quidam,
1381 610 1478 649 cur
1526 607 1634 649 non
1662 592 1766 646 im-

158 708 332 762 missa
353 703 423 759 de
449 701 582 758 crelo
610 699 759 768 plaga
791 707 1076 765 percussus
1120 688 1280 744 fuerit
1310 686 1402 756 qui
1439 686 1562 740 talia
1604 697 1767 738 ausus

158 806 332 861 esset,
360 802 454 849 aut
474 805 571 846 cur
595 803 705 843 non
735 787 877 841 Deus
900 799 1020 840 eum
1049 780 1272 836 fulmine
1302 777 1530 843 ferierit,
1559 784 1615 830 ut
1641 784 1768 829 ante

161 889 470 958 ingressum
510 895 572 936 os
604 877 732 934 illud
762 874 1044 945 impudens
1071 872 1229 942 igneo
1253 870 1361 924 ictu
1388 865 1763 936 conﬂagraret.

162 956 280 1049 Ego
313 989 442 1032 vero
489 973 537 1029 si
578 970 772 1042 quibus
824 962 1239 1033 haec'cogitatio
1288 959 1525 1014 animum
1580 956 1763 1020 subiit,

159 1069 333 1124 laudo
356 1081 454 1122 eos
490 1073 546 1121 et
573 1072 765 1118 aestum
793 1072 980 1115 eorum
1006 1054 1277 1119 admiror;
1315 1053 1551 1106 attamen
1578 1061 1766 1102 eorum

159 1161 413 1219 laudibus
449 1167 504 1213 et
532 1150 871 1211 admirationi
911 1163 1019 1203 non
1056 1146 1334 1200 trinimum
1370 1139 1640 1212 quidpiam
1666 1137 1764 1192 de-

158 1267 287 1309 esse
314 1259 462 1321 puto.
490 1247 640 1302 Iusta
678 1242 876 1314 quippe
922 1236 1288 1307 indignatione
1324 1229 1580 1321 commoti
1615 1236 1763 1321 sunt,

160 1353 279 1398 tum
305 1318 468 1410 super
494 1337 689 1406 injuste
712 1346 854 1388 caeso
878 1342 1065 1399 puero,
1106 1335 1216 1379 tum
1256 1338 1419 1392 super
1441 1321 1535 1375 Dei
1561 1318 1765 1389 legibus

159 1438 239 1493 ita
270 1446 476 1491 temere
521 1426 765 1491 violatis;
810 1422 905 1478 sed
935 1422 1013 1475 ira
1062 1417 1333 1474 ferventes
1375 1428 1479 1468 non
1505 1420 1763 1483 quantum

160 1543 305 1597 opus
334 1532 451 1580 erat
476 1522 900 1591 perspexerunt:
931 1511 1147 1584 iustitia:
1176 1508 1320 1563 enim
1363 1505 1520 1575 hujus
1548 1503 1630 1558 lex
1661 1502 1763 1597 alia

160 1591 325 1686 longe
344 1613 587 1684 superior
607 1612 657 1666 in
678 1607 826 1663 melis
843 1613 945 1661 est.
959 1603 1217 1671 Quasnam
1240 1599 1399 1669 igitur
1420 1596 1535 1651 huic
1551 1595 1633 1649 lex
1647 1594 1670 1647 Ἰ
1686 1591 1766 1686 Ne

161 1683 538 1779 peccatoribus
571 1699 815 1771 protinus
840 1696 972 1751 ultio
998 1691 1279 1757 inferatur,
1309 1688 1405 1744 sed
1433 1683 1764 1755 delinquenti

162 1808 381 1867 tempus
423 1794 582 1848 detur
623 1800 677 1846 et
721 1786 969 1851 inducite,
1017 1792 1075 1838 ut
1111 1781 1361 1837 delictum
1392 1780 1562 1849 possit
1598 1790 1763 1833 excu-

160 1900 302 1955 tere,
330 1897 385 1943 et
410 1901 505 1956 per
526 1881 891 1954 paenitentiam
919 1878 986 1932 iis
1006 1877 1097 1947 qui
1124 1874 1257 1929 nihil
1286 1872 1412 1927 mali
1432 1871 1767 1927 admiserunt

157 1980 366 2051 mquari
398 1995 412 2032 :
445 1975 588 2047 quod
614 1982 741 2028 tunc
761 1973 815 2025 in
844 1968 1050 2024 nefario
1076 1966 1169 2021 illo
1197 1963 1621 2019 demonstratum
1649 1967 1761 2026 est;

159 2071 300 2127 nihil
343 2070 486 2125 enim
538 2064 783 2137 profecit,
812 2060 908 2116 sed
956 2059 1075 2113 sine
1120 2054 1497 2111 emendatione
1545 2052 1759 2106 mansit.

161 2166 310 2220 Deus
336 2169 484 2217 certe
513 2158 775 2227 benignus
802 2167 923 2209 cum
952 2153 1042 2216 sit,
1074 2149 1179 2203 hoc
1209 2147 1562 2218 prospiciens,
1594 2158 1661 2198 ne
1690 2143 1762 2197 ita

155 2256 383 2329 quidem
408 2250 732 2318 contempsit
759 2247 932 2309 illum,
960 2257 1062 2299 nec
1084 2255 1205 2312 quae
1244 2255 1274 2294 a
1304 2254 1365 2294 se
1408 2245 1561 2292 erant
1586 2234 1764 2290 facere

153 2328 357 2409 desiit;
389 2341 484 2397 sed
529 2342 679 2395 illum
708 2346 761 2393 et
787 2349 989 2407 aegrum
1031 2331 1287 2397 visitavit,
1315 2337 1369 2384 et
1396 2328 1512 2398 ejus
1549 2334 1763 2382 restau-

158 2437 352 2493 randze
389 2433 604 2489 sanitati
633 2429 855 2485 studuit.
885 2426 981 2481 llle
1017 2439 1144 2479 vero
1179 2421 1473 2478 remedium
1519 2418 1762 2486 accipere

152 2529 369 2595 noluit;
396 2526 507 2581 imo
531 2524 596 2580 ad
638 2524 739 2577 hoc
766 2522 989 2576 missum
1017 2516 1284 2572 medicum
1312 2512 1566 2569 concidit.
1589 2509 1760 2567 Medi-

149 2623 280 2677 cina
310 2634 472 2690 porro
510 2626 566 2672 et
606 2615 885 2671 medicinae
910 2610 1103 2666 modus
1142 2605 1447 2678 hujusmodi
1475 2612 1611 2659 erat.

231 2714 287 2769 6.
330 2710 554 2782 Babylas
581 2707 951 2777 Imperatorem
980 2702 1203 2757 ecclesia:
1229 2699 1373 2752 aditu
1401 2706 1557 2752 arcet.
1579 2725 1653 2735 -
1680 2694 1760 2749 Eo

152 2814 407 2873 tempore
433 2815 538 2869 quo
560 2799 747 2853 drama
775 2794 906 2851 illud
928 2804 982 2848 et
1008 2793 1215 2847 facinus
1241 2792 1473 2844 immane
1499 2788 1758 2841 miseran-

147 2897 395 2965 dumque
436 2892 713 2962 agebatur,
758 2888 859 2961 fuit
897 2888 982 2941 vir
1030 2898 1255 2956 magnus
1282 2892 1338 2939 et
1379 2880 1660 2946 mirabilis,
1712 2880 1757 2934 si

150 2998 339 3042 tamen
365 2985 441 3039 fas
473 2985 543 3038 sit
583 2983 732 3037 illum
757 2980 1027 3051 appellare
1051 2979 1246 3042 virum,
1277 2976 1365 3045 qui
1393 2975 1549 3045 hujus
1582 2974 1757 3044 gregis

148 3094 342 3134 curam
374 3077 616 3147 gerebat,
644 3075 859 3129 nomine
882 3071 1130 3143 Babylas.
1171 3069 1269 3124 Hie
1296 3070 1493 3138 itaque,
1530 3068 1617 3121 cui
1640 3067 1755 3121 inec

148 3170 357 3225 Christi
386 3166 629 3222 Ecclesia
673 3180 701 3219 a
745 3163 981 3234 Spiritus
1011 3159 1181 3232 gratia
1207 3158 1514 3215 concredita
1561 3156 1751 3221 fuerat,

148 3260 301 3332 quod
340 3260 547 3313 Heliam
577 3257 820 3327 ejusque’
837 3254 1088 3309 amulum
1116 3252 1377 3306 Joannem
1408 3249 1757 3305 antecelleret

150 3367 262 3408 non
316 3350 566 3414 dixerim,
600 3364 667 3402 ne
712 3346 842 3415 quid
892 3342 1169 3399 molestius
1223 3340 1513 3410 proferam,
1555 3338 1651 3394 sed
1683 3338 1753 3391 ita

148 3442 361 3513 attigit,
397 3451 455 3494 ut
501 3455 567 3493 ne
608 3438 870 3492 tantillum
920 3434 1134 3504 quidem
1186 3432 1463 3502 generosis
1492 3427 1755 3499 ejusmodi

149 3535 286 3589 viris
331 3531 554 3587 inferior
583 3538 749 3585 esset.
779 3527 963 3597 Neque
1017 3526 1160 3579 enim
1204 3538 1493 3593 paucarum
1540 3520 1754 3575 urbium

151 3625 505 3689 tetrarcham,
550 3636 725 3693 neque
776 3621 950 3691 gentis
1004 3618 1160 3673 unius
1208 3632 1410 3686 regem,
1452 3613 1547 3669 sed
1603 3628 1751 3678 eum,

148 3720 242 3789 qui
295 3719 583 3773 maximam
628 3714 775 3769 orbis
828 3721 1036 3781 partem
1101 3718 1344 3773 teneret,
1386 3706 1529 3761 hunc
1577 3705 1751 3775 ipsum

151 3810 368 3865 scilicet
398 3805 842 3877 sanguinarium;
862 3802 952 3872 qui
994 3800 1259 3871 plurimas
1304 3806 1511 3868 gentes,
1556 3795 1753 3850 multas

152 3901 357 3967 urbes,
416 3900 738 3953 immensum
788 3895 1082 3949 exercitum
1140 3889 1539 3953 moderabatur,
1589 3894 1753 3955 atque

148 3993 303 4048 omni
335 4005 402 4045 ex
447 3999 597 4059 parte
626 3983 980 4041 formidabilis
1006 3989 1143 4048 erat,
1176 3980 1243 4034 ab
1290 3978 1498 4046 imperii
1541 3974 1751 4046 magni-

150 4086 374 4149 tudine,
416 4097 447 4136 a
496 4095 704 4135 morum
759 4076 1071 4140 ferocitate,
1113 4071 1267 4143 quasi
1306 4070 1412 4124 vile
1450 4082 1513 4123 ac
1551 4067 1751 4123 nullius

149 4176 313 4248 pretii
367 4172 724 4241 mancipium,
774 4169 842 4223 ab
894 4166 1122 4222 ecclesia
1174 4162 1379 4231 expulit
1429 4175 1551 4215 cum
1606 4167 1752 4214 tanta

149 4271 410 4325 ﬁrmitate
458 4265 728 4334 animique
765 4258 1100 4324 constantia,
1142 4264 1341 4327 quanta
1396 4264 1577 4324 pastor
1628 4267 1751 4307 sca-

150 4363 363 4418 biosam
404 4368 458 4413 et
495 4354 794 4411 morbidam
830 4365 986 4406 ovem
1016 4366 1043 4403 a
1072 4363 1233 4419 grege
1270 4356 1471 4410 arceat,
1495 4344 1751 4399 cohibens

148 4471 221 4510 ne
257 4451 481 4508 morbus
509 4451 626 4521 ejus
668 4455 890 4503 caateras
919 4458 1048 4499 oves
1087 4440 1306 4495 afﬁciat.
1355 4438 1411 4493 ld
1450 4452 1580 4493 vero
1628 4436 1753 4491 fecit

147 4542 457 4603 Servatoris
484 4540 706 4596 verbum
755 4536 1108 4600 confirmans,
1151 4547 1345 4602 nempe
1386 4546 1600 4586 servum
1633 4543 1753 4584 esse

150 4639 332 4693 solum
370 4648 515 4700 eum,
549 4632 638 4702 qui
668 4638 945 4700 peccatum
978 4625 1156 4689 faciat,
1184 4624 1427 4694 quamvis
1469 4629 1752 4677 sexcentas

151 4731 333 4800 capite
358 4738 587 4782 coronas
610 4731 804 4796 gestet,
839 4722 1081 4792 quamvis
1110 4717 1378 4773 universis
1408 4717 1573 4770 totius
1606 4714 1753 4769 orbis

154 4820 467 4877 hominibus
494 4818 762 4888 imperare
791 4812 1032 4869 videatur
1061 4829 1073 4865 :
1105 4811 1251 4867 illum
1278 4824 1409 4863 vero
1438 4807 1528 4878 qui
1551 4805 1751 4860 nullius

153 4914 363 4989 peccati
405 4912 506 4967 sibi
551 4911 799 4967 conscius
838 4908 939 4974 sit,
968 4908 1068 4961 etsi
1112 4906 1249 4959 inter
1292 4903 1534 4958 subditos
1574 4902 1751 4955 locum

156 4999 369 5071 haheat,
392 5004 509 5075 plus
528 5017 684 5073 quam
707 5014 860 5072 reges
879 5013 1069 5054 omnes
1091 5011 1311 5067 regnare
1330 4994 1752 5050 existimandum

152 5116 296 5158 esse.
329 5097 522 5153 Statim
549 5109 676 5165 ergo
703 5092 985 5162 imperanti
1011 5088 1261 5161 prazcepit
1290 5086 1534 5141 subditus
1562 5128 1575 5149 ,
1606 5095 1658 5140 et
1682 5083 1753 5139 de

154 5195 397 5250 omnium
438 5188 775 5245 moderatore
800 5185 1057 5256 judicium
1090 5183 1242 5248 tulit,
1268 5191 1425 5250 atque
1454 5179 1755 5234 damnatio—

155 5289 236 5341 nis
264 5281 589 5339 sententiam
613 5278 812 5336 emisit.
851 5277 934 5331 Tu
965 5291 1092 5330 vero
1138 5276 1265 5329 dum
1309 5274 1425 5327 haec
1463 5272 1614 5326 audis
1640 5314 1653 5335 ,
1684 5286 1753 5326 ne

156 5380 358 5434 dictum
403 5367 576 5428 obiter
622 5380 929 5442 praetereas.
957 5368 1089 5423 Nam
1116 5366 1201 5421 vel
1232 5366 1332 5420 hoc
1374 5364 1544 5418 solum
1570 5404 1585 5429 ,
1611 5360 1754 5431 quod

156 5468 539 5539 imperatorem
564 5462 808 5519 subditus
837 5459 1100 5531 quispiam
1126 5458 1194 5513 ab
1218 5456 1457 5511 ecclesire
1491 5453 1752 5508 vestibulo

155 5560 398 5633 ejecerit,
430 5556 626 5613 sufﬁcit
644 5556 712 5611 ad
738 5553 1042 5609 auditorum
1063 5552 1270 5605 animos
1295 5548 1604 5604 excitandos
1629 5562 1755 5617 per-

155 5652 557 5721 eellendosque.
601 5648 660 5704 Si
703 5648 787 5703 vis
835 5655 1013 5701 autem
1068 5652 1235 5697 totum
1286 5640 1600 5695 miraculum
1629 5638 1754 5692 dili-

152 5754 347 5819 genter
392 5743 761 5809 ediscere,ne
804 5736 1031 5808 simplici
1077 5733 1298 5790 dictioni
1339 5731 1581 5787 attendas
1609 5772 1625 5798 ,
1657 5727 1754 5787 sed

166 5855 339 5901 tem
367 5844 553 5909 reputa
582 5834 858 5900 satellites,
891 5839 1124 5887 scutatos
1142 5870 1157 5896 ,
1184 5826 1449 5891 tribunos,
1470 5822 1637 5880 duces
1662 5821 1756 5892 qui

937 392 1025 450 DE
1053 392 1112 449 S.
1154 388 1451 454 BABYLA,
1491 385 1768 445 CONTRA
1808 383 2149 442 JULIANUM
2186 384 2280 443 ET
2318 382 2681 443 GENTILES.

3366 386 3474 444 542

1876 500 1930 553 in
1977 498 2119 567 regia
2164 497 2420 562 aluntur,
2451 511 2547 553 eos
2587 495 2679 566 qui
2723 493 3030 551 civitatibus
3076 495 3464 567 prtelleiuntur,

1869 587 2221 659 praeeuntium
2248 586 2468 650 fastum,
2494 586 2834 657 sequentium
2861 596 2916 641 et
2935 585 3260 658 abigentium
3290 590 3474 645 multi-

1870 683 2143 747 tudinem,
2171 680 2442 750 aliumque
2480 678 2793 734 famulatum
2820 686 3014 733 totum.
3052 673 3254 734 Deinde
3296 680 3470 749 ipsum

1872 768 2252 843 Imperatorem
2280 771 2332 826 in
2364 772 2543 827 medio
2566 813 2579 837 ,
2612 769 2814 841 ingenti
2845 785 2967 825 cum
2996 773 3135 825 fastu
3167 771 3473 841 ingredien-

1871 874 1979 919 tem
2002 906 2015 929 ,
2044 864 2136 933 qui
2161 862 2524 917 honorabilior
2554 861 2801 916 videatur
2839 877 2904 916 ex
2937 862 3175 918 vestibus
3201 905 3215 925 .
3240 878 3309 918 ex
3340 878 3473 933 pur-

1873 971 1999 1025 pura
2021 996 2035 1019 ,
2066 970 2131 1009 ex
2159 955 2385 1024 gemmis
2418 962 2527 1007 tum
2556 953 2789 1024 undique
2817 954 3018 1022 sparsis
3048 953 3100 1009 in
3141 953 3327 1009 dextra
3354 996 3369 1019 ,
3402 956 3468 1009 ad

1871 1048 2276 1102 commissuram
2290 1046 2661 1117 paludamenti
2680 1088 2697 1110 ,
2725 1056 2835 1099 tum
2860 1060 2929 1101 ex
2949 1044 3250 1101 diademate
3273 1047 3325 1100 in
3353 1048 3472 1116 ejus

1871 1138 2044 1206 capite
2065 1136 2409 1206 fulgentibus.
2437 1135 2619 1205 Neque
2644 1134 2747 1190 huc
2776 1151 2945 1206 usque
2973 1136 3256 1206 imaginem
3287 1135 3468 1197 sistas.

1870 1228 1967 1283 sed
1994 1243 2110 1281 eam
2134 1242 2303 1297 usque
2323 1225 2390 1281 ad
2416 1241 2628 1281 servum
2654 1226 2750 1282 Dei
2769 1226 2983 1281 beatum
3006 1226 3259 1297 Babylam
3282 1238 3470 1282 exten-

1870 1319 1992 1386 das,
2027 1318 2532 1391 ejusque'humilem
2592 1318 2855 1386 habitum,
2887 1319 3142 1393 amictum
3173 1320 3477 1389 vulgarem,

1870 1413 2106 1467 animum
2132 1411 2440 1479 contritum,
2460 1424 2678 1465 sensum
2704 1410 2775 1466 ab
2792 1400 2941 1466 omni
2968 1410 3187 1465 audacia
3212 1411 3467 1473 alienum;

1870 1513 1935 1561 et
1954 1519 2074 1559 cum
2104 1503 2289 1558 ambos
2319 1502 2668 1573 descripseris
2693 1512 2985 1573 mutuoque
3004 1504 3316 1566 contuleris,
3342 1513 3471 1558 tunc

1868 1610 1982 1650 rem
2032 1595 2175 1650 illam
2213 1594 2511 1649 mirabilem
2556 1594 2724 1664 probe
2765 1609 3098 1664 cognosces;
3136 1596 3246 1649 imo
3286 1610 3355 1650 ne
3392 1596 3472 1650 sic

1870 1687 2083 1757 quidem
2105 1697 2351 1743 accurate
2370 1686 2795 1756 comprehendes
2812 1704 2825 1741 :
2842 1687 2986 1742 illam
3004 1689 3201 1758 quippe
3220 1688 3469 1760 loquendi

1871 1780 2171 1836 libertatem
2211 1794 2312 1834 nec
2350 1795 2529 1835 sermo
2565 1794 2667 1834 nec
2691 1780 2799 1835 oris
2831 1781 3040 1851 species
3084 1792 3472 1851 repra'sentare

1870 1880 2079 1939 potest,
2108 1870 2201 1925 sed
2232 1870 2345 1925 sola
2371 1870 2701 1940 experientia
2729 1881 2783 1925 et
2807 1886 2951 1926 usus.
2978 1871 3148 1937 Porro
3181 1873 3471 1943 impertur-

1869 1963 2050 2019 batum
2077 1963 2192 2033 ejus
2213 1963 2450 2035 animum
2479 1964 2571 2018 ille
2596 1964 2743 2019 solus
2773 1963 2940 2033 probe
2969 1978 3131 2019 nosse
3160 1965 3349 2035 possit,
3378 1967 3470 2036 qui

1869 2053 2098 2123 idipsum
2146 2068 2268 2108 eum
2315 2053 2407 2108 illo
2454 2052 2663 2109 fiducia».
2702 2055 2913 2109 culmen
2961 2055 3226 2124 attingere
3270 2055 3466 2111 valeat.

1867 2142 2148 2209 Quomodo
2175 2142 2315 2198 enim
2337 2158 2500 2198 senex
2528 2144 2615 2198 ille
2642 2144 2907 2199 accessit?
2925 2147 3195 2215 quomodo
3213 2146 3471 2202 satellites

1870 2237 2112 2307 trajecit?
2134 2237 2401 2307 quomodo
2425 2253 2487 2292 os
2517 2238 2764 2307 aperuit?
2784 2239 3053 2310 quomodo
3078 2239 3327 2311 loquutus
3347 2240 3470 2295 est?

1868 2328 2135 2398 quomodo
2169 2326 2463 2399 corripuit?
2488 2330 2758 2400 quomodo
2803 2330 3049 2386 dextram
3097 2332 3352 2401 imposuit
3377 2348 3471 2402 pe-

1866 2422 2002 2474 ctori
2049 2419 2123 2474 illi
2161 2419 2338 2474 adhuc
2377 2420 2752 2475 intumescenti
2793 2429 2954 2491 atque
3006 2420 3154 2477 caede
3205 2421 3469 2478 ferventi?

1866 2510 2135 2581 quomodo
2178 2510 2499 2565 homicidam
2530 2510 2758 2580 repulit?
2785 2510 2926 2566 Nihil
2968 2527 3149 2567 rerum
3192 2522 3467 2583 gestarum

1866 2601 2124 2656 exterruit
2166 2609 2222 2656 et
2260 2616 2291 2677 a
2322 2603 2598 2672 preposito
2627 2600 2871 2657 deduxit.
2898 2601 2943 2658 0
2970 2603 3211 2658 animum
3263 2605 3468 2675 imper-

1866 2694 2107 2747 territum
2130 2734 2144 2758 ,
2176 2703 2516 2763 mentemque
2546 2692 2832 2749 sublimem
2858 2695 2871 2747 !
2897 2709 2929 2749 ο
2958 2694 3175 2750 caeleste
3202 2706 3386 2766 pectus
3411 2707 3468 2751 et

1863 2785 2217 2838 constantiam
2246 2784 2576 2855 angelicam!
2608 2788 2684 2839 Ac
2705 2785 2749 2839 si
2782 2785 2926 2841 enim
2955 2800 3204 2857 pompam
3235 2787 3379 2843 illam
3410 2788 3467 2845 in

1863 2890 2021 2931 muro
2058 2876 2322 2945 depictam
2358 2877 2730 2944 conspiceret,
2755 2878 2833 2931 sic
2880 2877 3144 2947 intrepide
3172 2879 3350 2932 omnia
3375 2894 3467 2949 ge-

1863 2983 2087 3024 nerosus
2116 2970 2197 3023 vir
2218 2967 2457 3038 perfait.
2484 2969 2613 3023 Erat
2639 2968 2784 3023 enim
2808 2968 3003 3023 divinis
3030 2968 3112 3022 his
3129 2968 3468 3040 dogmatibus

1864 3060 2134 3114 institutus
2154 3101 2169 3127 ,
2199 3059 2343 3130 quod
2389 3059 2627 3125 scilicet,
2662 3059 2854 3115 umbra
2881 3070 2936 3115 et
2964 3060 3230 3115 somnium
3276 3059 3467 3131 hisque

1862 3151 2102 3206 inaniora
2138 3151 2245 3206 sint
2288 3152 2443 3221 hujus
2462 3152 2667 3219 ,mundi
2705 3153 2939 3222 negotia.
2966 3152 3090 3207 ideo
3116 3153 3247 3207 nihil
3277 3169 3464 3209 eorum

1863 3244 2037 3313 ipsum
2067 3242 2359 3309 exterruit,
2390 3244 2499 3297 imo
2528 3226 2773 3298 ﬁduciam
2813 3243 2991 3297 omnia
3032 3242 3313 3298 indidere:
3342 3244 3463 3298 illa-

1864 3352 1981 3391 rum
2014 3337 2210 3406 quippe
2238 3351 2418 3391 rerum
2448 3345 2697 3406 aspectus
2727 3335 2843 3406 ejus
2872 3345 3105 3391 mentem
3135 3337 3463 3392 transmitte-

1861 3421 1951 3475 bat
1988 3420 2055 3475 ad
2097 3436 2387 3491 supernum
2418 3436 2596 3490 regem
2622 3461 2637 3485 ,
2666 3421 2755 3490 qui
2783 3419 2933 3475 sedet
2965 3435 3126 3489 super
3167 3420 3461 3477 Cherubim

1861 3518 1916 3565 et
1942 3512 2175 3565 intuetur
2203 3510 2427 3581 abyssos
2446 3551 2460 3577 ,
2490 3510 2557 3565 ad
2590 3509 2838 3565 thronum
2866 3510 3158 3580 gloriosum
3200 3521 3252 3565 et
3279 3512 3462 3567 excel-

1859 3615 1998 3667 sum,
2028 3599 2095 3655 ad
2120 3601 2385 3655 caelestem
2417 3602 2734 3663 exercitum,
2756 3598 2823 3654 ad
2840 3599 3106 3672 myriadas
3127 3600 3461 3671 angelorum,

1859 3691 1927 3745 ad
1956 3692 2119 3746 millia
2146 3692 2587 3762 arcliangelorum
2614 3734 2629 3759 ,
2657 3691 2723 3746 ad
2758 3691 2994 3746 terribile
3038 3692 3165 3746 illud
3193 3692 3461 3758 tribunal,

1858 3783 1925 3837 ad
1969 3781 2226 3854 judicium
2273 3783 2399 3837 illud
2445 3784 2564 3838 sine
2606 3778 2919 3853 ac‘teptione
2970 3798 3359 3853 personarum,
3393 3783 3462 3838 ad

1857 3877 2074 3933 ﬂuvium
2103 3878 2258 3947 ignis,
2282 3876 2349 3931 ad
2373 3875 2615 3932 Judicem
2638 3877 2830 3947 ipsum.
2850 3876 3187 3945 Quapropter
3207 3889 3267 3931 se
3294 3884 3462 3930 totum

1858 3984 1887 4023 a
1913 3980 2052 4024 terra
2084 3970 2137 4023 in
2167 3969 2356 4024 caelum
2384 3968 2712 4024 transferens
2735 4010 2749 4034 ,
2782 3969 2935 4037 quasi
2967 3967 3040 4022 illi
3070 3966 3241 4021 Judici
3283 3968 3465 4022 adsta-

1858 4070 1960 4126 ret,
1990 4061 2269 4131 ipsumque
2292 4062 2642 4131 imperantem
2664 4059 2900 4126 audiret,
2936 4070 2993 4113 ut
3022 4058 3281 4114 nefarium
3311 4061 3459 4115 illum

1858 4167 1921 4207 ac
1946 4154 2231 4207 scelestum
2254 4167 2319 4206 ex
2350 4165 2505 4206 sacro
2532 4152 2656 4205 ovili
2688 4150 3019 4219 expelleret,
3049 4151 3129 4205 sic
3152 4151 3313 4221 ejecit
3342 4164 3396 4206 et
3430 4167 3461 4205 a

1857 4243 2080 4313 reliquis
2125 4242 2314 4297 ovibus
2357 4241 2751 4312 sequestravit,
2789 4240 2856 4295 ad
2899 4240 3029 4295 nihil
3059 4255 3245 4295 eorum
3289 4243 3461 4311 respi-

1857 4340 2006 4394 ciens
2030 4380 2044 4404 ,
2077 4353 2198 4408 quae
2236 4336 2552 4392 videbantur
2594 4335 2853 4391 terribilia
2904 4349 3064 4400 esse,
3097 4334 3192 4389 sed
3238 4334 3461 4390 viriliter

1858 4434 2007 4489 illum
2027 4448 2087 4487 ac
2104 4445 2367 4502 generose
2384 4428 2671 4485 admodum
2699 4429 2964 4499 repellens
2991 4429 3203 4483 violatis
3221 4428 3315 4483 Dei
3333 4428 3463 4499 legi-

1857 4524 1957 4580 bus
1974 4538 2130 4595 Opem
2155 4523 2294 4578 tulit.
2309 4523 2465 4591 Atqui
2493 4530 2690 4591 quanta
2713 4536 2837 4591 erga
2855 4530 3079 4576 caeteros
3097 4519 3287 4575 fiducia
3306 4535 3461 4575 usum

1860 4621 2008 4675 illum
2027 4634 2145 4673 esse
2166 4634 2262 4689 par
2279 4618 2393 4673 est?
2414 4617 2512 4684 Qui
2531 4616 2672 4670 enim
2698 4616 3048 4683 imperantem
3070 4622 3211 4668 tanta
3226 4629 3346 4668 cum
3368 4628 3463 4683 po—

1859 4719 2052 4765 testate
2074 4723 2357 4780 aggressus
2382 4717 2483 4773 est,
2514 4720 2673 4776 quem
2702 4705 3032 4775 reliquorum
3062 4704 3463 4758 formidaverit?

1860 4800 2117 4872 Equidem
2131 4801 2339 4869 opinor,
2360 4798 2467 4852 imo
2482 4812 2586 4851 non
2597 4796 2806 4865 opinor,
2823 4796 2916 4850 sed
2932 4795 3116 4862 credo,
3131 4796 3300 4849 virum
3314 4795 3463 4850 illum

1860 4910 1960 4950 nec
1998 4893 2066 4949 ad
2107 4893 2333 4964 gratiam
2364 4906 2465 4946 nec
2494 4890 2561 4944 ad
2600 4890 2780 4945 odium
2826 4888 3098 4958 quidpiam
3139 4887 3334 4943 fecisse
3377 4887 3463 4942 vel

1860 4987 2059 5041 dixisse
2087 5000 2375 5055 umquam;
2405 4981 2498 5037 sed
2523 4982 2781 5035 adversus
2812 4981 3057 5034 timorem
3082 5020 3099 5047 ,
3127 4987 3181 5033 et
3207 4978 3465 5033 adversus

1863 5080 2055 5135 timore
2083 5078 2436 5149 potentiorem
2463 5074 2825 5129 adulationem
2852 5114 2867 5139 ,
2896 5082 2952 5128 et
2974 5072 3077 5127 alia
3100 5072 3316 5135 similia,
3344 5086 3464 5142 quae

1860 5172 2001 5243 apud
2044 5169 2290 5226 homines
2323 5168 2487 5221 multa
2518 5166 2712 5221 adsunt
2732 5207 2749 5233 ,
2781 5165 2983 5220 utiliter
3008 5164 3324 5235 fortiterque
3354 5172 3466 5219 ste-

1861 5267 2008 5331 tisse,
2034 5279 2097 5318 ac
2120 5277 2186 5317 ne
2217 5259 2481 5315 tantillum
2507 5258 2720 5329 quidem
2744 5258 2874 5313 recti
2902 5257 3085 5327 judicii
3107 5258 3461 5313 adulterasse.

1869 5357 1927 5413 Si
1958 5356 2099 5411 enim
2126 5354 2353 5407 amictus
2379 5352 2499 5415 viri,
2530 5351 2770 5405 dentium
2793 5352 2934 5405 risus
2957 5393 2971 5417 ,
3003 5349 3198 5419 pedum
3225 5350 3466 5405 incessus

1862 5450 1979 5517 ejus
1990 5460 2169 5501 mores
2182 5452 2412 5514 arguunt
2427 5441 2618 5513 (Eccti.
2649 5442 2738 5497 l9.
2757 5442 2870 5511 26),
2892 5442 3058 5497 multo
3076 5441 3244 5511 magis
3260 5450 3459 5496 cmtera

1861 5540 1928 5595 ab
1949 5554 2015 5594 eo
2037 5537 2291 5607 praeclare
2306 5544 2455 5605 gesta
2482 5534 2766 5590 ostendere
2785 5542 3009 5605 possunt
3030 5543 3245 5604 quantae
3262 5534 3313 5588 in
3342 5533 3464 5589 reli-

1862 5646 1965 5704 qua
1982 5631 2087 5686 vita
2110 5630 2321 5685 virtutis
2344 5627 2505 5683 fuerit
2529 5645 2541 5683 :
2568 5642 2743 5699 nequc
2763 5629 2905 5682 enim
2928 5628 2998 5684 ob
3020 5627 3269 5683 fiduciam
3287 5626 3461 5683 solum

1861 5722 2311 5781 admirandusille
2336 5729 2439 5789 est,
2462 5721 2558 5777 sed
2574 5720 2717 5790 quod
2747 5720 2994 5775 fiduciam
3034 5720 3177 5775 illam
3194 5734 3263 5775 eo
3291 5735 3463 5791 usque

1862 5816 2196 5895 produxerit,
2218 5824 2330 5871 tum
2350 5814 2513 5872 etiam
2532 5813 2678 5885 quod
2702 5813 2753 5871 ei
2779 5812 2912 5869 nihil
2938 5812 3161 5869 ulterius
3178 5806 3464 5870 addiderit.
