4082 6470
673 384 789 464 μδ

751 512 804 565 7.
836 510 978 566 Talis
997 510 1194 580 quippe
1217 518 1301 565 cst
1324 492 1520 564 Christi
1546 510 1804 580 sapientia
1823 549 1840 575 ,
1869 525 1987 579 qua:
2016 523 2116 564 nec
2133 509 2259 580 plus

673 601 822 673 justo
848 601 1128 657 decertare
1156 582 1468 671 permittat,
1491 601 1587 656 sed
1614 601 1809 671 ubique
1836 597 2258 657 moderationem

675 700 873 748 servet.
899 692 1058 762 Atqui
1081 693 1178 763 ipsi
1205 692 1419 759 licebat,
1449 694 1493 747 si
1521 689 1799 759 voluisset,
1821 693 1958 748 ultra
1985 691 2255 761 progredi.

673 783 735 838 Ei
765 782 906 837 enim
933 783 1024 851 qui
1050 783 1170 836 vita;
1201 797 1381 837 curam
1407 781 1690 852 abjecisset
1716 782 1843 855 (non
1873 781 2013 836 enim
2039 794 2258 852 prorsus

669 870 1008 938 aeceSsisset,
1038 873 1139 928 nisi
1164 889 1223 928 se
1250 873 1553 943 hujusmodi
1572 873 1978 943 cogitationibus
2001 872 2257 926 armavis-

667 964 810 1034 set),
839 979 958 1020 cum
986 972 1248 1034 potestate
1268 965 1447 1017 omnia
1481 963 1654 1018 facere
1678 962 1909 1028 licebat,
1936 973 1992 1017 et
2019 961 2252 1031 Impera-

666 1064 842 1109 torem
875 1050 1212 1110 contendas
1254 1067 1541 1124 aspergere
1566 1093 1580 1118 ,
1611 1062 1666 1108 et
1689 1052 1930 1107 diadema
1977 1050 2046 1107 de
2079 1053 2253 1122 capite

661 1146 972 1213 detrahere,
999 1155 1054 1200 et
1081 1145 1274 1216 pugnis
1301 1159 1364 1200 os
1385 1143 1732 1208 contundere,
1759 1142 1974 1212 quando
2005 1141 2248 1195 dextram

660 1235 716 1290 in
749 1246 933 1306 peetus
971 1238 1210 1307 impegit.
1241 1235 1346 1292 Sed
1390 1236 1522 1291 nihil
1565 1235 1754 1289 horum
1793 1235 1960 1289 fecit:
1992 1234 2249 1304 spirituali

665 1341 894 1396 namque
919 1328 1031 1383 sale
1057 1328 1326 1383 conditam
1351 1326 1580 1382 habebat
1603 1326 1836 1380 animam
1861 1343 1875 1380 :
1899 1326 2246 1394 quamobrem

665 1416 798 1470 nihil
828 1427 1030 1472 temere
1054 1417 1138 1472 vel
1159 1415 1355 1472 frustra
1377 1416 1499 1486 egit,
1529 1415 1625 1470 sed
1651 1415 1829 1469 omnia
1860 1423 2008 1470 recto
2027 1415 2247 1469 rationis

661 1505 861 1576 judicio
877 1515 931 1562 et
946 1508 1145 1562 saniori
1167 1507 1325 1561 modo
1349 1525 1361 1559 :
1388 1522 1492 1560 non
1513 1504 1955 1576 quemadmodum
1976 1506 2245 1575 gentilium

660 1599 928 1666 sapientes
952 1638 966 1663 ,
999 1599 1086 1666 qui
1132 1597 1404 1651 moderate
1435 1611 1726 1665 numquam
1753 1637 1770 1661 ,
1796 1594 1892 1650 sed
1923 1595 2117 1665 ubique
2139 1635 2153 1659 ,
2189 1605 2246 1649 ut

657 1688 728 1742 ita
766 1687 938 1742 dicam
959 1729 974 1754 ,
1005 1696 1097 1741 aut
1123 1689 1238 1756 plus
1267 1695 1359 1742 aut
1387 1688 1562 1742 minus
1586 1729 1602 1754 ,
1629 1702 1788 1757 quam
1818 1701 1914 1756 par
1939 1695 2047 1752 cst,
2076 1685 2245 1741 confi-

659 1779 894 1834 dentiam
925 1779 1178 1834 exhibent
1204 1795 1379 1856 suam,
1408 1780 1480 1834 ita
1507 1788 1565 1834 ut
1593 1793 1852 1847 nusquam
1880 1778 2238 1845 fortitudinis,

656 1870 750 1925 sed
776 1871 1211 1926 irrationabilium
1242 1871 1524 1926 affectuum
1560 1870 1863 1940 Opinionem
1911 1869 2103 1939 ubique
2139 1871 2240 1926 sibi

655 1961 939 2016 concilient
962 1978 976 2024 ;
1003 1960 1090 2014 ubi
1120 1964 1294 2024 minus
1325 1959 1643 2030 pmstitere,
1674 1959 2008 2024 formidinis;
2035 1959 2122 2014 ubi
2146 1976 2238 2014 ex-

653 2065 885 2113 cessere,
911 2051 1223 2120 arrogantiae
1248 2059 1304 2105 et
1327 2065 1476 2104 vana;
1503 2049 1688 2119 gloria:
1715 2048 1854 2118 apud
1893 2064 2080 2104 omnes
2105 2064 2236 2104 eon-

655 2141 799 2196 victi.
821 2143 889 2195 At
911 2157 1015 2195 non
1041 2143 1168 2195 item
1199 2143 1386 2198 beatus
1413 2142 1501 2197 ille
1527 2159 1539 2195 :
1568 2156 1672 2196 non
1699 2142 1841 2196 enim
1870 2149 2070 2196 temere
2094 2141 2235 2211 quod

647 2233 702 2286 in
733 2243 964 2287 mentem
995 2235 1197 2288 subiret
1224 2234 1435 2304 agebat,
1463 2233 1556 2287 sed
1584 2234 1794 2288 cunctis
1817 2241 2063 2289 accurate
2103 2248 2235 2288 exa‘

648 2322 884 2390 minatis,
908 2324 1344 2394 concinnatisque
1367 2324 1659 2379 secundum
1686 2323 1889 2379 divinas
1911 2325 2054 2395 leges
2080 2327 2230 2395 cogi-

647 2414 937 2468 tationibus
955 2456 968 2478 ,
993 2415 1069 2468 sic
1094 2416 1159 2470 ad
1178 2429 1310 2485 epus
1330 2429 1421 2469 eas
1452 2415 1653 2469 eduxit.
1677 2415 1905 2484 Ideoque
1941 2418 2228 2471 sectionem

645 2521 753 2560 non
787 2508 837 2560 in
870 2506 1154 2576 superficie
1184 2516 1390 2561 tantum
1417 2506 1543 2561 fecit
1565 2548 1580 2572 ,
1611 2522 1679 2561 ne
1702 2507 1872 2576 major
1899 2522 2021 2576 pars
2052 2507 2228 2563 affecti

642 2599 866 2653 membri
906 2609 1240 2664 remaneret;
1267 2614 1437 2670 neque
1476 2598 1877 2669 profundiorem
1899 2641 1914 2667 ,
1941 2615 2102 2669 quam
2132 2617 2230 2671 par

640 2698 757 2743 erat
775 2731 791 2756 ,
818 2705 886 2744 ne
926 2690 1092 2760 plagae
1117 2704 1347 2746 excessu
1391 2690 1671 2745 sanitatem
1698 2701 2103 2760 corrumperet;
2128 2692 2223 2746 sed

642 2783 792 2853 plaga
821 2782 887 2836 ad
917 2782 1160 2838 morbum
1190 2790 1537 2851 attemperata
1561 2823 1576 2847 ,
1606 2783 1684 2837 sic
1705 2783 1957 2852 Optimam
1988 2781 2226 2837 adhibuit

642 2872 982 2927 medicinam.
1021 2873 1156 2926 Hinc
1185 2872 1333 2927 illum
1366 2872 1461 2939 ira,
1495 2872 1720 2941 ignavia,
1754 2867 2056 2942 arrogantia
2084 2914 2100 2939 ,
2128 2888 2222 2926 va-

635 2977 718 3016 na:
759 2962 941 3032 gloriaz
981 2962 1229 3031 cupidine
1248 3005 1261 3027 ,
1286 2961 1409 3016 odio
1429 3003 1445 3030 ,
1469 2970 1612 3016 metu
1633 3002 1647 3028 ,
1685 2961 1986 3016 adulatione
2026 2976 2219 3031 purum

635 3070 757 3110 esse
781 3055 1002 3109 fidenter
1031 3055 1441 3123 pronuntiarim.

704 3145 891 3200 Modus
917 3146 969 3199 in
997 3147 1160 3199 rebus.
1184 3174 1255 3185 ——
1281 3143 1431 3211 Quod
1461 3144 1506 3198 si
1531 3143 1653 3214 quid
1678 3144 2096 3212 inexspectatum
2121 3143 2204 3197 di-

631 3251 756 3292 cere
782 3252 916 3307 opus
944 3238 1032 3304 sit,
1062 3253 1168 3291 non
1195 3244 1305 3291 tam
1328 3237 1494 3290 miror
1530 3235 1740 3290 beatum
1772 3235 1919 3289 illum
1945 3235 2085 3304 quod
2111 3234 2218 3289 lm-

633 3328 891 3395 peratoris
935 3325 1172 3380 furorem
1217 3325 1508 3395 reprimere
1550 3339 1708 3379 ausus
1748 3325 1837 3391 sit,
1884 3339 2038 3396 quam
2077 3326 2218 3395 quod

629 3418 947 3473 intellexerit
988 3427 1246 3487 quatenus
1272 3417 1374 3472 hoc
1401 3418 1570 3487 ipsum
1599 3416 1772 3471 facere
1797 3425 2087 3486 oporteret,
2119 3432 2218 3472 nec

625 3509 910 3578 quidquam
937 3509 1158 3564 ulterius
1184 3510 1267 3564 vel
1294 3509 1479 3564 fecerit
1504 3507 1587 3563 vel
1615 3507 1827 3561 dixerit.
1854 3507 2007 3574 Quod
2035 3516 2214 3562 autem

634 3601 738 3656 hoc
761 3601 828 3654 sit
855 3588 946 3656 illo
971 3601 1264 3656 mirabilius
1289 3641 1304 3668 ,
1331 3601 1528 3656 multos
1572 3599 1809 3655 invenire
1851 3608 1950 3666 est,
1979 3599 2067 3669 qui
2094 3613 2212 3653 cum

625 3690 754 3745 illud
782 3689 1024 3758 fecerint,
1054 3690 1156 3746 hoc
1182 3700 1434 3760 praestare
1457 3705 1564 3746 non
1590 3698 1890 3761 potuerunt.
1923 3691 2055 3746 Nam
2083 3706 2205 3747 eum

627 3781 873 3836 libertate
896 3781 1039 3852 loqui
1069 3782 1288 3852 quilibet
1312 3797 1456 3852 saepe
1493 3791 1754 3853 possunt;
1783 3782 2009 3851 idipsum
2035 3795 2211 3838 autem

627 3882 890 3942 tempore,
913 3872 1095 3937 modo,
1127 3872 1492 3927 moderatione
1513 3887 1576 3927 ac
1600 3871 1876 3941 prudentia
1902 3875 2213 3943 congruenti

625 3972 909 4033 praestare.
939 3966 1117 4034 magni
1143 3964 1546 4035 admirandique
1568 3965 1729 4019 animi
1749 3974 1850 4019 est.
1873 3963 2214 4034 Quandoqui-

628 4053 752 4111 dem
771 4053 985 4109 beatum
1009 4054 1175 4108 David
1197 4070 1384 4125 magna
1407 4070 1526 4118 cum
1544 4054 1859 4110 confidentia
1880 4055 2211 4123 contumeliis

625 4146 846 4201 incessit
872 4147 1070 4213 Semci,
1098 4146 1379 4217 virumque
1406 4147 1717 4216 sanguinum
1746 4147 1950 4200 vocavit
1977 4144 2051 4216 (2.
2080 4145 2208 4216 Reg.

627 4238 717 4292 16.
745 4238 799 4307 5)
828 4253 844 4302 ;
876 4243 932 4291 at
971 4252 1078 4292 non
1119 4235 1171 4291 id
1197 4251 1295 4307 ego
1338 4236 1584 4290 fiduciam
1629 4236 1712 4290 vel
1743 4235 2035 4290 libertatem
2063 4235 2213 4290 dixe-

625 4326 769 4391 rim,
821 4325 916 4381 sed
966 4325 1159 4395 linguae
1215 4326 1389 4394 potius
1437 4324 1892 4393 intemperantiam
1941 4323 2209 4393 animique

626 4415 923 4481 audaciam,
950 4414 1360 4478 contumaciam,
1390 4413 1767 4484 arrogantiam,
1797 4423 1851 4468 et
1877 4413 2085 4482 quidvis
2109 4427 2209 4482 po-

623 4508 748 4572 tius,
777 4521 935 4576 quam
982 4506 1298 4561 libertatem.
1327 4507 1431 4561 Par
1459 4515 1542 4561 est
1569 4507 1734 4572 enim,
1760 4513 1820 4559 ut
1862 4514 2013 4575 puto,
2044 4520 2164 4560 eum
2188 4546 2206 4571 ,

624 4599 717 4667 qui
744 4597 1125 4667 redarguturus
1149 4607 1253 4665 est,
1284 4597 1352 4652 ab
1377 4597 1594 4652 audacia
1623 4597 1853 4650 maxime
1881 4605 2038 4666 atque
2061 4611 2212 4650 arro-

620 4688 798 4757 gantia
841 4687 1130 4752 abstinere,
1158 4688 1370 4757 vimque
1394 4701 1540 4740 suam
1568 4687 1618 4740 in
1646 4694 1831 4739 natura
1859 4694 2058 4738 tantum
2085 4700 2208 4739 ver-

623 4756 812 4830 borum
859 4785 1238 4846 gestorumque
1289 4756 1687 4831 demonstrare.
1738 4774 1928 4839 Medici
1982 4790 2209 4858 namque

621 4881 742 4921 cum
774 4867 980 4936 putrida
1007 4869 1246 4924 membra
1289 4883 1533 4923 resecare
1576 4874 1632 4922 et
1658 4867 1932 4922 aestuantia
1973 4868 2207 4935 compri—

621 4977 772 5017 mere
809 4976 944 5031 erus
986 4971 1089 5030 est,
1117 4978 1224 5018 non
1255 4963 1345 5016 irae
1375 4961 1518 5031 pleni
1547 4961 1860 5026 medicinam
1889 4960 2207 5029 aggrediun-

619 5066 736 5109 tur:
757 5053 853 5109 sed
876 5070 995 5109 .unc
1015 5056 1242 5110 maxime
1259 5056 1312 5108 in
1328 5053 1662 5109 convenienti
1677 5061 1814 5108 statu
1833 5053 2205 5122 cogitationem

619 5149 892 5200 continere
939 5146 1174 5212 student,
1206 5160 1273 5200 ne
1299 5144 1625 5215 perturbatio
1661 5143 1825 5198 animi
1868 5151 2057 5197 noceat
2082 5143 2202 5196 arti.

619 5236 773 5303 Quod
799 5239 841 5290 si
874 5237 938 5302 is,
968 5237 1276 5306 qui-corpus
1308 5248 1497 5289 sanare
1521 5234 1686 5303 cupit,
1719 5241 1862 5287 tanta
1891 5248 2023 5303 Opus
2050 5231 2206 5287 habet

622 5327 784 5380 animi
813 5327 1214 5396 tranquillitate,
1242 5325 1538 5380 animarum
1567 5325 1779 5380 medico
1821 5323 1968 5394 quid,
1998 5339 2200 5393 quazso,

625 5414 922 5469 faciendum
950 5415 1262 5482 statuemus,
1291 5427 1346 5470 et
1371 5424 1621 5484 quantam
1650 5416 1702 5468 in
1730 5429 1796 5469 eo
1817 5412 2203 5485 philosophiam

623 5505 996 5577 requiremus?
1024 5505 1203 5576 Longe
1227 5505 1483 5576 majorem
1505 5505 1723 5568 scilicet,
1744 5513 1797 5558 et
1820 5513 2017 5558 tantam
2039 5518 2204 5573 quan-

625 5602 736 5650 tam
781 5594 871 5650 ille
912 5604 1113 5666 martyr
1147 5595 1403 5650 exhibuit.
1450 5593 1610 5649 Nobis
1636 5595 1775 5648 enim
1821 5593 2075 5664 quosdam
2106 5605 2203 5650 'ceu

618 5686 872 5740 terminos
901 5696 954 5739 et
974 5687 1181 5757 regulas
1209 5701 1431 5758 ponens,
1449 5695 1504 5740 ut
1533 5685 1653 5739 inde
1678 5683 1892 5738 modum
1921 5683 2109 5754 agendi
2138 5685 2194 5739 in

619 5775 826 5831 exteris
855 5776 1196 5847 proportione
1233 5776 1457 5848 quadam
1485 5785 1811 5846 mutuemur,
1839 5774 1915 5830 sic
1943 5775 2195 5830 miserum

1423 378 1481 436 S.
1522 375 1802 436 JOANNIS
1837 377 2323 434 CilR‘bOSTOMl
2362 378 2679 446 ARCHHZP,
2721 384 3255 446 CONSTANTINOP.

3869 396 3960 454 5M

2377 510 2524 566 illum
2549 525 2581 567 a
2602 527 2756 569 sacro
2783 516 2965 574 limine
2988 519 3201 589 repulit.
3232 520 3556 592 Videturque
3577 538 3745 578 unum
3766 534 3961 582 tantum

2371 609 2498 655 tunc
2524 603 2691 673 probe
2716 617 2923 675 gestum
2949 623 3084 679 opus
3111 609 3317 675 fuisse;
3343 610 3439 666 sed
3463 613 3508 666 si
3535 613 3655 682 quis
3681 614 3813 669 illud
3839 631 3962 671 exao

2369 692 2532 746 minet
2561 703 2613 748 et
2640 697 2870 766 undique
2887 710 3131 756 accurate
3155 701 3467 771 perpendat,
3489 713 3543 758 et
3567 705 3890 770 secundum,
3913 718 3960 762 et

2368 783 2580 837 tertium
2617 784 2740 840 huic
2783 786 3020 854 insitum,
3052 805 3411 861 magnumque
3453 793 3698 850 utilitatis
3744 795 3961 850 thesau-

2364 888 2485 926 rum
2534 876 2783 944 reperiet.
2810 876 2942 932 Nam
2987 879 3074 949 qui
3107 887 3232 934 tunc
3269 881 3628 950 rejieicbatur,
3662 899 3808 939 unus
3853 896 3960 942 tan-

2365 969 2478 1016 tum
2507 973 2663 1030 erat;
2713 967 2803 1035 qui
2855 967 3058 1022 lucrum
3109 967 3233 1024 inde
3286 981 3646 1042 reportaruut,
3704 976 3953 1046 plurimi:

2361 1052 2628 1121 siquidem
2659 1055 2710 1108 in
2738 1056 2964 1126 imperio
2989 1063 3123 1128 ejus,
3153 1059 3293 1130 quod
3330 1062 3614 1117 maximam
3644 1065 3800 1120 orbis
3842 1081 3958 1136 par-

2359 1148 2463 1194 tem
2493 1145 2975 1212 complectebatur,
3007 1157 3263 1217 quotquot
3287 1150 3543 1206 increduli
3569 1162 3748 1220 erant,
3774 1156 3982 1219 obstua

2357 1230 2552 1298 pefacti
2578 1234 2857 1305 miratique
2880 1246 3023 1304 sunt,
3052 1237 3142 1291 ubi
3175 1238 3474 1294 didicerunt
3499 1253 3754 1312 quantam
3784 1247 3956 1302 servis

2353 1323 2468 1378 suis
2493 1322 2734 1381 Christus
2760 1327 3006 1397 loquendi
3035 1329 3278 1384 fiduciam
3304 1331 3599 1402 indidisset,
3623 1348 3781 1390 suam
3813 1338 3957 1407 ipso-

2352 1428 2470 1467 rum
2501 1414 2811 1470 illiberalem
2855 1427 2911 1472 et
2957 1419 3216 1489 abjeetam
3246 1423 3553 1489 servitutem
3603 1425 3948 1497 deriserunt,

2353 1504 2602 1559 viderunt
2627 1513 2880 1576 quantum
2911 1508 3050 1564 inter
3078 1510 3497 1577 Christianorum
3530 1516 3873 1573 nobilitatem
3902 1533 3948 1574 et

2349 1594 2627 1662 gentilium
2671 1597 3050 1665 turpitudinem
3092 1600 3413 1658 discriminis
3458 1615 3619 1659 esset.
3666 1605 3888 1663 Etenim
3916 1611 3945 1664 ii

2358 1683 2498 1751 apud
2527 1685 2665 1752 illos,
2694 1687 2887 1756 quibus
2911 1703 3180 1744 sacrorum
3207 1706 3335 1745 cura
3359 1695 3666 1749 concredita
3692 1708 3802 1764 est,
3832 1699 3947 1768 plus

2346 1786 2515 1841 quam
2557 1774 2821 1843 dominos,
2873 1779 2992 1847 plus
3041 1795 3197 1850 quam
3249 1781 3389 1835 idola
3438 1799 3534 1838 sua
3583 1785 3947 1857 Imperatores

2347 1865 2551 1930 colunt,
2585 1866 2901 1939 illorumque
2926 1879 3072 1925 metu
3106 1872 3402 1930 simulacris
3429 1876 3540 1931 suis
3578 1879 3848 1948 assident,
3875 1884 3944 1938 ita

2345 1962 2403 2007 ut
2428 1955 2642 2025 maligni
2662 1958 2936 2012 daemones
2955 1960 3367 2029 lmperatorihus
3390 1964 3489 2018 sibi
3517 1967 3699 2021 collati
3723 1969 3944 2027 honoris

2342 2045 2569 2112 gratiam
2602 2045 2850 2101 habeant.
2898 2048 3080 2118 itaque
3105 2051 3191 2105 ubi
3217 2054 3475 2124 contingit
3499 2059 3809 2128 quempiam
3839 2060 3941 2116 lm-

2343 2145 2639 2201 peratorem
2669 2137 2856 2201 creari,
2887 2140 2977 2206 qui
3007 2154 3125 2194 cum
3155 2141 3260 2196 illis
3286 2143 3545 2213 religione
3572 2163 3681 2200 non
3711 2164 3942 2204 consen-

2347 2225 2462 2288 tiat,
2495 2225 2538 2279 si
2568 2226 2690 2296 quis
2731 2228 2994 2284 idolorum
3041 2233 3233 2302 templa
3279 2233 3639 2304 ingrediatur,
3671 2239 3727 2293 in
3774 2244 3940 2298 muris

2337 2319 2536 2384 passim
2581 2318 2778 2375 videbit
2823 2331 3073 2379 extensas
3120 2340 3432 2381 aranearum
3479 2331 3634 2397 telas,
3684 2341 3939 2403 tantoque

2337 2409 2554 2477 pulvere
2579 2426 2921 2480 conspersum
2953 2425 3200 2482 statuam,
3248 2425 3304 2470 υἱ
3344 2433 3516 2488 neque
3545 2436 3735 2487 nasus,
3763 2439 3938 2494 neque

2343 2503 2550 2570 oculus,
2578 2519 2747 2573 neque
2776 2505 2876 2559 alia
2907 2508 3106 2577 qumvis
3133 2524 3256 2577 pars
3285 2511 3461 2565 vultus
3490 2524 3774 2581 appareat,
3801 2517 3933 2569 alta-

2337 2596 2476 2649 rium
2503 2612 2633 2651 vero
2659 2596 2895 2666 reliquis:
2925 2599 3118 2666 solum,
3162 2601 3350 2671 majori
3377 2601 3600 2672 abrupta
3633 2616 3810 2674 parte,
3841 2622 3933 2661 su-

2333 2696 2574 2754 persunt,
2614 2697 2667 2742 et
2692 2689 2888 2758 alioqui
2920 2699 3022 2744 tam
3049 2691 3212 2746 densa
3246 2694 3476 2762 undique
3503 2695 3668 2751 herba
3696 2700 3930 2753 cireum-

2332 2777 2454 2832 data
2487 2789 2629 2845 sunt,
2663 2789 2720 2835 ut
2749 2782 2838 2851 qui
2883 2784 3070 2837 altaria
3101 2799 3218 2838 esse
3250 2785 3474 2854 ignoret,
3507 2803 3764 2844 acervum
3790 2799 3928 2846 ster-

2329 2870 2537 2937 quilinii
2580 2886 2703 2925 esse
2752 2881 2916 2940 putet.
2970 2875 3137 2943 Hujus
3177 2877 3252 2929 rei
3282 2886 3437 2930 causa
3467 2889 3569 2944 est,
3614 2883 3761 2948 quod
3800 2883 3925 2937 olim

2327 2959 2432 3012 illis
2461 2959 2649 3014 liceret
2679 2975 3027 3031 quaecumque
3057 2964 3252 3018 vellent
3294 2965 3548 3021 suffurari.
3586 2978 3644 3022 et
3688 2986 3788 3038 per
3815 2981 3925 3025 sta-

2326 3057 2534 3104 tuarum
2565 3051 2765 3105 cultum
2795 3054 2966 3107 ventri
3010 3054 3285 3125 indulgere
3313 3075 3325 3110 :
3357 3072 3498 3111 nunc
3541 3067 3725 3113 autem
3765 3076 3924 3130 quam

2324 3140 2393 3195 ob
2416 3155 2626 3194 causam
2653 3157 2771 3197 sese
2791 3143 3182 3199 cruciaverint?
3208 3147 3515 3202 Assideutes
3536 3150 3681 3203 enim
3706 3165 3771 3204 ac
3797 3165 3919 3207 sese

2325 3229 2666 3286 conﬁcientes
2705 3233 2771 3286 ab
2802 3233 2904 3286 illis
2929 3249 2996 3288 ne
3035 3236 3313 3290 minimum
3339 3236 3549 3306 quidem
3582 3240 3796 3308 przcmii
3826 3256 3923 3295 ex-

2323 3331 2564 3391 spectant
2595 3341 2607 3377 :
2638 3332 2760 3377 sunt
2802 3326 2947 3379 enim
2989 3327 3131 3396 ligna
3181 3339 3234 3382 et
3277 3328 3478 3397 lapides
3509 3349 3522 3382 :
3553 3333 3697 3400 quod
3742 3342 3920 3387 autem

2322 3413 2442 3467 illos
2468 3413 2535 3467 ad
2564 3415 2915 3470 simulandum
2956 3419 3153 3473 cultum
3195 3421 3414 3489 inducit,
3443 3431 3524 3477 est
3555 3423 3732 3479 honor
3761 3441 3919 3494 quem

2321 3504 2424 3559 illis
2467 3505 2720 3561 exhibent
2769 3507 3164 3576 Imperatores;
3208 3526 3395 3566 verum
3436 3522 3490 3567 et
3536 3513 3628 3567 ille
3674 3515 3920 3570 sublatus

2319 3602 2402 3649 est
2421 3635 2436 3660 ,
2466 3595 2677 3664 quando
2704 3597 3055 3667 Imperatores
3084 3600 3329 3671 sapiunt,
3373 3610 3426 3656 et
3453 3602 3544 3657 Dei
3589 3603 3791 3658 Filium
3818 3606 3920 3659 ad-

2319 3693 2495 3738 orant.

2389 3775 2443 3830 8.
2473 3774 2575 3830 Res
2601 3777 3002 3834 Christianorum
3027 3781 3078 3834 in
3105 3783 3488 3852 persequutione
3511 3785 3698 3852 ﬂorent
3729 3789 3918 3857 magis.

2314 3896 2387 3907 —
2407 3869 2474 3920 At
2500 3877 2682 3922 nostra
2711 3884 2815 3923 non
2845 3870 2945 3925 hoc
2969 3886 3026 3926 se
3061 3872 3261 3927 habent
3281 3873 3461 3937 modo,
3485 3873 3578 3928 sed
3604 3876 3767 3944 plane
3787 3893 3922 3932 ceu-

2316 3960 2499 4013 trario.
2518 3957 2649 4013 Cum
2677 3962 2816 4015 enim
2844 3963 2962 4032 quis
2987 3965 3242 4033 religione
3267 3965 3544 4019 nobiscum
3565 3970 3919 4025 consentiens

2315 4048 2714 4116 imperatorium
2762 4051 2874 4106 adit
2918 4052 3188 4119 thronum,
3219 4053 3642 4109 Christianorum
3691 4073 3785 4112 res
3829 4075 3920 4114 se-

2315 4139 2528 4206 gniores
2555 4139 2791 4194 evadunt
2825 4158 2838 4194 :
2871 4149 3074 4196 tantum
3097 4142 3248 4197 abest
3267 4151 3325 4196 ut
3345 4142 3591 4198 humanis
3615 4145 3918 4204 honoribus

2317 4228 2623 4297 erigantur;
2655 4243 2775 4284 eum
2820 4239 2996 4286 autem
3027 4233 3146 4302 quis
3178 4234 3373 4303 impius
3402 4235 3555 4289 nobis
3591 4236 3753 4306 plane
3781 4241 3918 4296 infe-

2315 4330 2430 4373 stus
2456 4321 2851 4391 innunterisque
2877 4337 2975 4377 nos
2995 4324 3147 4378 malis
3167 4324 3403 4380 afficiens
3431 4325 3713 4395 imperium
3740 4339 3911 4396 tenet,

2316 4420 2440 4466 tunc
2483 4413 2675 4467 florent
2702 4422 2880 4468 nostra
2920 4429 2982 4469 ac
3019 4415 3377 4485 splendidiora
3415 4418 3750 4487 efficiuntur,
3786 4432 3912 4478 tunc

2315 4503 2655 4571 prtemiorum
2681 4512 2734 4558 et
2756 4513 3075 4573 tropmorum
3120 4515 3350 4579 tempus,
3381 4517 3503 4562 tunc
3539 4524 3868 4568 coronarum
3891 4555 3909 4580 ,

2313 4595 2722 4663 praeconiorum,
2743 4611 2804 4649 ac
2821 4596 3144 4652 fortitudinis
3163 4599 3473 4654 exhibendae
3492 4605 3729 4657 occasio.
3753 4604 3910 4671 Quod

2311 4689 2354 4741 si
2383 4687 2502 4756 quis
2533 4686 2675 4742 dicat
2717 4689 2875 4742 etiam
2909 4704 3048 4743 nunc
3092 4705 3373 4759 superesse
3414 4691 3573 4746 urbes
3609 4710 3733 4763 qua:
3765 4697 3909 4752 circa

2310 4777 2574 4831 idolorum
2619 4777 2877 4832 insaniam
2921 4785 3102 4847 parem
3150 4780 3399 4835 exhibent
3439 4782 3681 4850 cultum,
3732 4788 3909 4854 primo

2312 4867 2525 4933 quidem
2568 4883 2763 4936 paucas
2792 4870 3109 4933 numerabit,
3143 4879 3507 4925 verumtamen
3546 4889 3612 4927 ue
3654 4873 3758 4930 hac
3784 4879 3907 4948 qui-

2311 4957 2430 5013 dem
2463 4963 2670 5014 ratione
2696 4959 2873 5013 verbis
2901 4961 3034 5014 meis
3060 4962 3260 5016 ofliciet
3293 4981 3305 5015 :
3337 4972 3516 5017 manet
3539 4965 3685 5019 enim
3709 4969 3904 5025 eadem

2311 5049 2640 5119 hypothcsis,
2671 5065 2734 5104 ac
2759 5064 2856 5119 pro
2880 5049 3203 5120 lmperatore
3242 5054 3384 5108 cives
3413 5054 3631 5120 habent,
3665 5058 3757 5125 qui
3808 5075 3906 5129 pa-

2310 5157 2425 5197 rem
2452 5143 2555 5197 illis
2578 5151 2828 5211 prtestent
2855 5142 3132 5198 honorem.
3155 5145 3329 5214 Atque
3347 5145 3501 5212 hujus
3523 5146 3703 5200 cultus
3723 5164 3903 5205 causa:

2311 5241 2436 5287 sunt
2461 5235 2690 5302 crapula:
2736 5242 2791 5288 et
2829 5234 3243 5290 comessationes
3288 5246 3397 5289 tum
3426 5235 3628 5290 diurnae
3657 5244 3770 5291 tum
3804 5255 3905 5292 no-

2311 5333 2533 5388 cturnze,
2582 5325 2741 5389 tibiae,
2775 5334 3046 5395 tympana,
3076 5326 3291 5379 libertas
3333 5327 3794 5395 impudentissime
3827 5330 3904 5383 lo-

2309 5414 2503 5483 quendi
2532 5415 2724 5484 turpia,
2753 5414 2946 5483 agendi
2974 5417 3227 5484 turpiora,
3251 5431 3367 5469 sese
3382 5416 3516 5469 cibis
3537 5415 3904 5486 ingurgitandi

2309 5505 2480 5560 donec
2526 5506 2896 5575 dirumpantur
2945 5521 3052 5574 prze
3095 5508 3370 5572 ebrietate,
3414 5505 3803 5570 debacchandi,
3845 5521 3903 5563 et

2310 5595 2362 5649 in
2410 5595 2760 5649 foedissimam
2804 5595 3059 5649 insaniam
3113 5596 3392 5652 delabendi
3443 5615 3457 5651 :
3499 5596 3550 5651 hi
3600 5598 3901 5666 turpissimi

2303 5693 2547 5754 sumptus
2587 5686 2694 5754 jam
2733 5685 2994 5739 labentem
3040 5702 3274 5741 errorem
3325 5687 3564 5743 detinent
3601 5697 3657 5742 et
3683 5688 3898 5756 fovent.

2308 5774 2686 5846 Opulentiorcs
2728 5775 2869 5830 enim
2915 5790 3009 5831 eos
3051 5778 3139 5848 qui
3187 5778 3253 5833 ob
3301 5777 3561 5852 ignaviam
3583 5775 3731 5834 fame
3756 5797 3893 5853 per:
