4082 6424
172 345 283 406 513

231 462 294 525 ζ’.
316 466 548 538 Τοιαύτη
571 460 844 536 γάρήτυῦ
881 459 1120 533 Χριστοῦ
1170 463 1362 534 σοφία,
1415 467 1554 538 μήτε
1601 465 1836 531 ἐλλιπῶς

165 552 312 622 μήτε
341 551 613 622 περιττῶς
657 547 1021 619 ἀγωνίζεσθαι
1073 553 1463 624 συγχωροῦσα,
1510 554 1647 608 ἀλλά
1697 571 1837 608 παν-

159 636 331 708 ταχοῦ
365 640 462 709 την
500 635 841 708 συμμετρίαν
871 633 1234 706 φυλάττουσα.
1270 640 1461 694 Καίτοι
1499 659 1562 710 γε
1588 641 1720 712 ἐνῆν
1761 640 1839 695 εἰ·

156 738 271 796 περ
303 725 550 798 ἐϐούλετο
581 725 675 777 καὶ
705 725 1012 796 περαιτέρω
1041 723 1344 796 προελθεῖν.
1376 725 1466 796 Τῷ
1499 727 1608 798 γάρ
1628 729 1835 794 ἀπαγο-

152 797 417 883 ρεύσαντι
454 813 515 864 τὸ
568 810 669 883 ζῇν
695 825 721 851 ⁸
770 811 903 881 (οὐδ’
941 811 1011 864 ἂν
1051 813 1153 882 τὴν
1196 811 1372 883 ἀρχὴν
1423 797 1746 884 προσῆλθεν,
1771 815 1834 865 "ei

152 899 237 971 μή
281 897 542 961 τοιούτοις
588 898 753 952 αὐτὸν
807 899 1014 954 ὥπλισε
1066 899 1369 971 λογισμοῖς)
1425 902 1543 970 μετ’
1586 899 1835 966 ἐξουσίας

148 988 376 1041 ᾶπαντα
407 986 665 1059 πράττειν
693 986 842 1054 ἐξῆν,
870 987 965 1041 καὶ
995 985 1196 1057 ὕϐρεσι·
1231 985 1425 1039 πλῦναι
1452 987 1544 1041 τὸν
1574 986 1829 1056 βασιλέα,

145 1076 250 1129 καὶ
277 1075 340 1126 τὸ
366 1073 604 1142 διάδημα
650 1072 896 1126 καθελεῖν
936 1073 1037 1144 τῆς
1072 1072 1331 1143 κεφαλῆς,
1361 1072 1458 1125 καὶ
1505 1072 1721 1142 πληγὰς
1754 1075 1834 1136 εἰς

141 1163 213 1215 τὸ
257 1162 548 1232 πρόσωπον
594 1163 861 1226 ἐντεῖναι,
905 1161 995 1214 ὅτε
1029 1160 1126 1231 τὴν
1176 1160 1357 1227 δεξιὰν
1405 1163 1485 1223 εἰς
1530 1160 1590 1213 τὸ
1639 1160 1831 1231 στῆθος

141 1250 478 1322 ἀπήρεισεν.
519 1249 657 1300 Ἀλλ’
695 1247 847 1300 οὐδὲν
876 1247 1080 1302 τούτων
1127 1249 1351 1320 ἐποίησε
1373 1265 1385 1277 ·
1423 1246 1503 1317 τῷ
1535 1247 1644 1318 γὰρ
1674 1248 1831 1302 ἅλατι

139 1335 231 1405 τῷ
267 1333 622 1406 πνευματικῷ
650 1335 748 1405 τὴν
775 1333 951 1406 ψυχὴν
994 1333 1298 1404 ἠρτυμένος
1329 1329 1397 1405 ἦν
1469 1334 1536 1390 διῖ
1568 1335 1829 1405 ὅπερόὑο

137 1422 238 1474 δὲν
271 1423 541 1493 ἔπραττεν
578 1421 702 1492 εἰκῆ
734 1423 828 1475 καὶ
865 1421 1062 1492 μάτην,
1105 1420 1245 1473 ἀλλὰ
1288 1421 1466 1475 πάντα
1510 1420 1690 1492 κρίσει
1738 1421 1828 1474 λο-

138 1511 367 1580 γισμῶν
410 1508 565 1580 ὀρθῇ,
596 1509 691 1562 καὶ
727 1511 866 1580 μετὰ
899 1507 1289 1572 καταστάσεως
1317 1507 1531 1576 ὑγιοῦς·
1561 1509 1621 1561 οὐ
1649 1507 1828 1562 καθά-

135 1611 258 1670 περ
301 1600 348 1650 οἱ
398 1596 527 1668 παρ’
559 1595 785 1666 Ἕλλησι
834 1596 1010 1664 σοφοὶ,
1051 1593 1101 1648 οῖ
1154 1596 1481 1665 συμμέτρως
1537 1595 1637 1665 μὲν
1681 1595 1830 1648 οὐδέ-

137 1701 303 1746 ποτε,
347 1682 624 1753 πανταχοῦ
656 1683 731 1746 δὲ,
783 1682 858 1745 ὼς
891 1681 1151 1750 εἰπεῖν,ἢ
1197 1681 1359 1734 πλέον
1407 1682 1439 1750 ἢ
1482 1680 1702 1734 ἔλαττον
1734 1681 1828 1734 τοῦ

133 1770 411 1831 δέοντοςδ
448 1768 940 1840 παρρησιάζονταί,
983 1768 1073 1820 ἴνα
1123 1767 1376 1838 ἀνδρείας
1429 1767 1526 1838 μέν
1563 1766 1825 1838 οὐδαμοῦ,

139 1858 347 1911 παθῶν
385 1858 442 1911 δέ
475 1857 777 1926 ἀλογίστων
826 1855 984 1922 δόξαν
1035 1855 1246 1909 λάϐωσι
1293 1853 1594 1925 πανταχοῦ,
1645 1855 1703 1909 ἐν
1743 1850 1826 1920 οἷς

140 1948 249 2017 μὲν
281 1947 614 2016 ὑστέρησαν,
648 1944 869 2008 δειλίας,
912 1947 972 1996 ἐν
1008 1937 1091 2008 οἷς
1123 1943 1182 1996 δὲ
1233 1943 1603 2012 ὑπερέϐησαν,
1637 1942 1825 2008 ἀλαζο-

136 2034 294 2098 νείας
319 2036 411 2087 καὶ
431 2033 738 2102 φιλοδοξίας
752 2030 903 2104 [547]
925 2031 1077 2102 παρὰ
1100 2033 1268 2084 πᾶσιν
1285 2031 1650 2099 ἁλισκόμενοι.
1686 2031 1827 2084 Ἀλλ’

129 2122 240 2191 οὐχ
283 2124 313 2174 ό
364 2120 636 2192 μακάριος
689 2120 932 2182 ἐκεῖνος’
980 2119 1042 2170 οὐ
1097 2117 1206 2190 γάρ
1257 2117 1445 2180 ἁπλῶς
1497 2117 1560 2169 τὺ
1602 2118 1828 2173 ἐπελθὸν

133 2209 437 2279 ἔπραττεν,
482 2204 622 2259 ἀλλά
671 2205 852 2258 πάντα
899 2203 1211 2274 βασανίζων
1243 2203 1510 2276 ἀκριϐῶς,
1568 2204 1656 2270 καὶ
1693 2205 1828 2276 πρὸς

133 2296 271 2358 τοὺς
301 2293 478 2357 θείους
518 2294 720 2364 νόμους
753 2294 878 2355 τοὺς
912 2292 1210 2361 λογισμοὺς
1253 2290 1513 2364 ἁρμόζων
1543 2293 1669 2356 τοὺς
1704 2293 1829 2344 ἐαυ-

131 2383 261 2446 τοῦ,
288 2379 462 2444 οὕτως
493 2379 671 2433 ἐπί”τδ
701 2379 966 2450 πράττειν
996 2379 1266 2450 ἐξήγαγεν
1297 2377 1517 2442 αὐτούς.
1544 2381 1640 2432 Διὰ
1669 2379 1828 2434 τοῦτο

132 2473 235 2525 καὶ
274 2470 374 2540 τὴν
403 2468 576 2540 τομὴν
600 2466 724 2522 οὗτε
754 2469 1076 2521 ἐπιπόλαιον
1111 2467 1335 2531 ἔδωκεν,
1365 2466 1507 2521 ὥστε
1544 2467 1620 2538 μὴ
1658 2466 1821 2520 πλέον

128 2555 232 2609 τοῦ
279 2555 633 2627 νενοσηκότος
679 2556 1030 2625 ἐναπομεῖναι
1080 2556 1279 2626 μέρος,
1321 2552 1446 2607 οὐτε
1521 2553 1825 2626 βαθυτέραν

129 2640 230 2694 τοῦ
269 2641 501 2704 δέοντος,
547 2640 801 2711 ὥστειμὴ
841 2640 919 2711 τῷ
953 2639 1198 2712 περιττῷ
1228 2641 1328 2710 τῆς
1373 2639 1590 2709 πληγῆς
1639 2638 1820 2710 λυμή-

130 2726 336 2780 νασθαι
372 2727 716 2798 τὴνὺγίειαν
755 2726 936 2794 πάλιν,
986 2725 1125 2780 ἀλλά
1164 2726 1561 2797 συμμετρήσας
1593 2722 1688 2796 .τῷ
1738 2741 1823 2777 νο-

96 2817 346 2887 ’σήματι
380 2815 480 2884 τὴν
529 2813 760 2884 πληγὴν,
793 2812 938 2865 οῦτω
981 2813 1080 2883 τήν
1115 2811 1348 2882 ἀρίστην
1401 2810 1646 2880 ἰατρείαν
1703 2813 1820 2882 εἰρ-

127 2904 366 2971 γάσατο.
406 2898 686 2954 Ἐντεῦθεν
721 2901 886 2953 αὐτὸν
924 2900 1020 2952 καὶ
1067 2897 1266 2968 θυμοῦ,
1317 2898 1415 2951 καὶ
1461 2897 1688 2964 δειλίας,
1720 2899 1818 2952 κάὶ

131 2989 485 3056 ἀλαζονείας,
520 2988 615 3042 καὶ
658 2986 1018 3059 δοξομανίας,
1060 2986 1155 3040 καὶ
1198 2985 1531 3056 ἀπεχθείας,
1580 2987 1675 3040 καὶ
1723 2986 1818 3054 φό-

131 3078 269 3144 ϐων,
323 3077 420 3130 καὶ
475 3075 764 3138 κολακείας
837 3071 1187 3144 θαρρούντως
1247 3071 1620 3145 ἀπεφηνάμην
1674 3067 1814 3126 εἶναι

131 3167 402 3238 καθαρόν.

201 3255 270 3309 Εἰ
311 3255 369 3308 δέ
410 3253 490 3307 δεῖ
515 3269 570 3306 τι
612 3251 708 3305 καὶ
755 3246 1061 3323 παράδοξον
1106 3251 1303 3315 εἰπεῖν,
1354 3250 1454 3320 οὐχ
1502 3248 1645 3314 οῦτω
1675 3249 1812 3304 θαυ-

133 3341 300 3414 μάξω
341 3340 436 3394 τοῦ
489 3339 762 3410 μακαρίου
809 3338 871 3391 τὸ
912 3336 1327 3408 κατατολμῆσαι
1374 3336 1476 3406 τῆς
1524 3336 1620 3390 τοῦ
1673 3353 1813 3408 κρα-

125 3430 355 3491 τοῦντος
390 3428 608 3498 μανίας,
632 3425 708 3490 ώς
736 3425 799 3478 τὸ
832 3425 1064 3477 συνιδεῖν
1090 3424 1251 3495 μέχρι
1281 3422 1424 3486 τίνος
1456 3422 1616 3477 τοῦτο
1657 3425 1814 3496 ποιῆ-

133 3534 226 3570 σαι
259 3515 451 3587 ἐχρῆν,
501 3515 596 3567 καὶ
640 3513 808 3584 μηδὲν
860 3511 1173 3582 περαιτέρω
1214 3512 1350 3583 μήτε
1399 3509 1634 3582 πρᾶξαι,
1675 3515 1812 3584 μήτε

131 3605 331 3657 εἰπεῖν.
375 3603 485 3656 Καὶ
513 3601 597 3655 δτι
627 3600 788 3654 τοῦτο
830 3599 1038 3653 ἐκείνου
1070 3598 1532 3670 θαυμαστότερον,
1579 3599 1808 3664 πολλοὺς

133 3692 206 3746 ἀν
237 3689 392 3760 εὕροι
419 3706 504 3752 τις
529 3687 724 3742 τούτου
761 3688 859 3758 μὲν
901 3690 1344 3757 περιγεγονότας,
1387 3688 1481 3740 ὑπ’
1507 3688 1720 3742 ἐκείνου
1754 3689 1812 3742 δέ

131 3778 501 3851 ἡττηθέντας·
544 3776 604 3836 τὸ
640 3775 737 3846 μὶν
773 3775 883 3845 γάρ
922 3774 1110 3840 ἁπλῶς
1163 3776 1684 3847 παρρησιάσασθαι,
1719 3777 1814 3831 καὶ

129 3867 241 3921 τῶν
281 3864 553 3937 τυχόντων
587 3861 846 3948 πολλάκις
891 3862 1030 3923 ἐστὶ,
1057 3861 1120 3915 τὸ
1152 3861 1317 3948 δένείς
1364 3861 1481 3916 δέον
1513 3863 1607 3918 καί
1636 3863 1815 3935 καιρῷ

130 3955 212 4027 τῷ
244 3955 595 4026 προσήκοντι,
628 3949 722 4004 καὶ
770 3949 910 4020 μετά
936 3949 1035 4017 τῆς
1065 3947 1416 4021 ἁρμοζούσης
1474 3952 1815 4022 συμμετρίας

131 4045 230 4097 καὶ
275 4043 541 4104 συνέσεως
588 4039 668 4110 τῷ
716 4041 1004 4110 πράγματι
1051 4038 1381 4109 χρήσασθαι,
1420 4039 1664 4111 μεγάλης
1692 4041 1814 4096 λίαν

132 4133 227 4186 καὶ
259 4130 581 4201 θαυμαστῆς
625 4128 796 4181 δεῖται
845 4128 1056 4198 ψυχῆς·
1104 4128 1228 4180 ἐπεὶ
1271 4127 1366 4182 καὶ
1406 4128 1496 4182 τὸν
1547 4130 1814 4201 μακάριον

131 4217 322 4277 Δαυῖδ.
357 4215 496 4288 μετά
525 4213 730 4283 πολλῆς
776 4213 873 4284 τῆς
906 4213 1153 4278 ἐξουσίας
1183 4213 1405 4285 ὐϐρισεν
1432 4216 1460 4268 ὀ
1499 4214 1683 4286 Σεμεῖ,
1717 4218 1815 4271 καὶ

130 4306 306 4377 ἄνδρα
339 4304 586 4376 αἱμάτων
631 4301 926 4355 ἐκάλεσεν·
976 4301 1090 4354 ἀλλ’
1121 4301 1220 4355 οὐκ
1269 4301 1338 4355 ἂν
1388 4301 1600 4374 εἴποιμι
1655 4303 1814 4359 τοῦτο

129 4393 450 4467 παρρησίαν
493 4389 625 4460 ἐγὼ,
677 4389 814 4444 ἀλλὰ
852 4387 1100 4460 γλώττης
1147 4388 1442 4443 ἀκολασίαν
1481 4392 1574 4444 καὶ
1606 4392 1810 4463 θρασύ-

128 4497 275 4552 τητα
296 4479 556 4544 διανοίας,
587 4479 681 4532 καὶ
708 4477 1043 4546 ἀναγωγίαν,
1074 4476 1170 4531 καὶ
1197 4477 1479 4543 ἀπόνοιαν,
1509 4478 1604 4532 καὶ
1635 4480 1816 4535 πάντα

131 4567 338 4639 μᾶλλον
374 4567 409 4637 ἢ
450 4564 782 4638 παρρησίαν.
810 4567 905 4618 Δεῖ
932 4563 1063 4636 γὰρ,
1106 4560 1281 4634 οἴμαι,
1312 4564 1404 4618 τὸν
1450 4565 1710 4636 μέλλοντα
1738 4563 1815 4620 εἷ-

129 4673 222 4710 ναι
267 4654 607 4723 ἐλεγκτικὸν,
652 4652 991 4724 θρασύτητος
1036 4651 1272 4724 μάλιστα
1307 4653 1404 4707 καὶ
1439 4655 1694 4718 ἀπονοίας
1738 4655 1814 4721 ὡς

131 4740 476 4815 πορρωτάτω
518 4739 617 4810 τὴν
649 4738 846 4793 ἐαυτοῦ
876 4738 1054 4810 ψυχὴν
1094 4739 1424 4808 ἀπαγαγεῖν,
1467 4741 1560 4793 καὶ
1591 4740 1652 4794 τὺ
1688 4741 1817 4812 δρα-

130 4831 355 4902 στήριον
397 4831 454 4883 ἐν
485 4831 554 4899 τῇ
594 4827 754 4896 φύσει
778 4825 888 4880 τῶν
914 4818 1175 4898 ῥημάτων
1211 4827 1304 4878 καὶ
1335 4826 1442 4879 τῶν
1475 4829 1815 4900 πραγμάτων

130 4915 536 4970 ἐπιδείκνυσθαι
605 4915 786 4986 μόνον.
836 4914 948 4967 Καὶ
996 4911 1106 4984 γὰρ
1157 4911 1360 4984 ἰατρῶν
1409 4915 1632 4983 παῖδες,
1687 4917 1814 4973 ὅταν

128 5005 349 5076 τέμνειν
396 5002 466 5056 τά
510 5002 786 5074 σεσηπότα
831 5000 928 5074 δέῃ
970 5001 1078 5054 τῶν
1114 4998 1311 5071 μελῶν,
1354 5000 1388 5072 ἢ
1427 5001 1495 5056 τά
1541 5001 1812 5074 φλεγμαί-

128 5109 291 5146 νοντα
328 5088 756 5155 καταστέλλειν,
804 5090 906 5142 οὐκ
955 5090 1124 5160 ὀργῆς
1181 5088 1444 5160 πρότερον
1489 5090 1815 5160 γεμίσαντες

128 5180 380 5242 ἑαυτοὺς,
422 5176 596 5241 οὕτως
647 5177 741 5231 ἐπὶ
775 5175 874 5248 τὴν
917 5175 1159 5247 ἰατρείαν
1198 5175 1475 5246 ἔρχονται,
1526 5177 1661 5231 ἁλλά
1693 5178 1812 5232 τότε

134 5262 372 5336 μάλιστα
421 5263 478 5315 ἐν
530 5259 866 5315 καταστάσει
915 5262 985 5331 τῇ
1039 5258 1394 5332 προσηκούσῃ
1448 5261 1811 5325 σπουδάζουσι

128 5347 422 5418 φυλάττειν
463 5346 551 5399 τὸν
596 5345 877 5416 λογισμὸν,
909 5341 1050 5397 ὥστε
1085 5343 1159 5414 μὴ
1186 5346 1253 5414 τῇ
1279 5343 1444 5414 τέχνῃ
1469 5342 1810 5416 λυμήνασθαι

130 5427 229 5499 τὴν
261 5426 474 5482 ἐκείνου
503 5431 773 5499 ταραχήν.
804 5427 953 5481 Εἰδέ
1001 5425 1162 5497 σῶμά
1200 5443 1282 5489 τις
1323 5425 1645 5496 θεραπεύειν
1684 5427 1810 5498 μέλ-

1501 5529 1626 5583 tiam
1645 5534 1808 5583 ποοελ·

195 5547 222 5562 ·
258 5547 432 5582 lnorel.
460 5547 616 5581 καιτοι
635 5550 688 5596 γε
707 5547 831 5592 ενῆν,
850 5547 981 5594 ειπερ
1005 5547 1241 5590 εδουνετο,
1264 5548 1344 5578 και
1364 5547 1626 5639 πιὲῗιτερω
1645 5547 1808 5596 προελ-

131 5592 242 5646 θε”ίν⁸
267 5596 337 5656 τῷ
364 5597 454 5658 γὰρ
481 5596 936 5658 ἀπαγορεύσαντε-τὸ
964 5599 1066 5658 ζῇν.
1098 5594 1217 5653 Reg.
1248 5604 1388 5658 unus_
1401 5591 1424 5639 έ
1459 5595 1621 5658 __0)1;}'o
1641 5609 1808 5658 περαι-

130 5651 528 5722 τέριιιπροελθεῖνΪ
691 5657 796 5722 γάρ.
841 5656 948 5722 Μρι
979 5651 1100 5722 ιὶςθε.
1127 5651 1252 5722 ιιιὶυε
1283 5661 1334 5722 ει
1358 5651 1620 5722 δαήμτῂν
1659 5651 1806 5722 ἀρχὴν

130 5715 370 5780 προελθεῖν
392 5719 605 5775 ἐπῆλθεν,
619 5719 659 5767 εἰ
683 5715 999 5780 μὴ’τοιούτοις
1021 5716 1184 5780 ἑαυτὸν
1207 5716 1392 5780 ὥπλισε
1411 5717 1517 5780 λογε
1542 5715 1808 5780 Βρεηαίἱυε

130 5735 370 5780 προελοειν
392 5735 605 5775 επηλοεν,
619 5735 659 5767 ει
716 5735 747 5775 η
769 5735 999 5772 τοιούτοις
1021 5735 1184 5763 εαυτον
1207 5735 1392 5763 mmor;
1413 5735 1516 5773 A07.
1542 5735 1656 5776 [ητις.
1683 5735 1800 5763 anu:

129 5781 214 5837 τὴν
238 5781 388 5842 ἀρχὴν
409 5780 648 5842 προελθεῖν
672 5735 748 5840 £1,
784 5779 882 5827 οὐδ’
905 5780 943 5825 εἰ
969 5779 1032 5840 μή
1043 5777 1276 5831 τοιούτοις
1295 5777 1477 5823 ἑαυτόν.
1502 5775 1628 5826 Infra
1653 5777 1800 5826 Suvil.

133 5845 185 5890 et
201 5841 328 5890 umis
361 5841 466 5890 cod'.
486 5841 700 5889 καθελεῖν
733 5841 786 5888 ἐκ
808 5847 891 5896 τῆς
920 5857 1024 5900 κεφ.

191 5901 241 5972 δ’
258 5901 396 5972 υηοε
420 5901 510 5972 τοῦ
536 5903 729 5972 εἰκότος.
759 5902 912 5951 Paulo
932 5898 1042 5962 pdst
1065 5899 1214 5949 Savil.
1249 5905 1299 5949 et
1338 5911 1465 5948 unus
1486 5898 1671 5964 Regius
1692 5901 1780 5949 ἁὶυ

134 5963 308 6028 τεο-ἔων
330 5963 618 6027 (ἀλόγιστον)
639 5963 792 6018 δόξαν.
832 6013 834 6015 ,

502 6054 778 6112 ΡΑτιιοι..
812 6049 931 6111 Gn.
981 6050 1050 6113 L.

195 5534 222 5596 ξ
258 5533 432 5582 Morel.
460 5534 616 5581 καίτοι
635 5550 688 5596 γε
707 5535 831 5592 ἐνῆν,
850 5535 981 5594 εἴπερ
1005 5532 1241 5596 ἐϐούλετο,
1264 5531 1344 5578 καὶ

403 5597 413 5608 \

996 352 1085 412 DE
1123 357 1182 411 S.
1223 351 1519 419 BABYLA.
1548 350 1827 423 CONTRA
1857 349 2204 412 IULIANUM
2241 351 2330 411 ET
2385 356 2748 416 GENTlLES.

3528 365 3630 422 ειε

1950 466 2060 522 λων
2098 468 2372 540 τοσαύτης
2412 470 2584 525 δεῖται
2634 470 2912 543 γαλήνης.
2953 470 3046 526 τὸν
3093 470 3275 544 ψυχὰς
3313 472 3630 546 ἰατρεύοντα

1949 549 2055 604 ποῦ
2087 551 2345 620 τάξομεν,
2378 552 2500 606 είπέ
2543 569 2656 623 μοι,
2714 553 2809 605 καὶ
2856 553 3032 624 πόσην
3059 556 3440 627 ἀπαιτήσομεν
3477 558 3629 627 φιλο-

1947 634 2172 702 σοφίαν;
2217 634 2407 705 Πολλῷ
2442 635 2666 706 μείζονα
2710 635 2869 707 δῆλον
2901 638 3004 703 ὅτι,
3045 639 3141 692 καὶ
3173 641 3464 712 τοσαύτην,
3493 643 3631 714 ὅσην

1944 717 1972 768 ό
2002 717 2206 786 ἀγαθὸς
2235 720 2444 782 ἐκεῖνος
2473 718 2787 786 ἐπεδείξατο
2819 721 3050 794 μάρτυς.
3082 723 3352 796 Καθάπερ
3395 725 3507 798 γάρ
3545 743 3632 778 τι-

1944 818 2040 864 νας
2079 800 2240 871 ὄρους
2281 801 2374 855 καὶ
2415 802 2649 866 κανόνας
2696 805 2830 875 ἡμῖν
2875 806 3066 869 τιθεὶς,
3108 805 3176 859 ἶν’
3204 806 3266 871 ἐξ
3297 807 3525 862 ἐκείνων
3553 807 3643 862 1&‘

1945 884 2140 955 μέτρα,
2176 886 2270 938 καὶ
2299 887 2392 939 ἐπὶ⁵
2419 885 2530 940 τῶν
2558 886 2763 939 λοιπῶν
2795 886 2939 939 κατά
2974 889 3073 958 τὴν
3102 887 3393 957 ἀναλογίαν
3420 889 3632 960 λαμϐά-

1943 983 2144 1036 νωμεν,
2178 966 2322 1022 οὕτω
2353 968 2446 1022 τὸν
2473 967 2709 1022 δείλαιον
2737 969 2949 1022 ἐκεῖνον
2977 969 3087 1023 ἀπὸ
3127 969 3238 1024 τῶν
3272 971 3439 1042 ἰερῶν
3470 988 3630 1044 περι-

1941 1047 2114 1103 ϐόλων
2140 1049 2418 1104 ἀπώσατο.
2455 1051 2564 1106 Καὶ
2600 1051 2751 1104 δοκεῖ
2777 1054 2878 1122 μὲν
2913 1052 2972 1105 ἓν
3008 1054 3345 1126 κατόρθωμα.
3378 1051 3518 1118 εἶναι
3562 1055 3626 1108 τὸ

1939 1132 2194 1200 γεγονὸς,
2241 1135 2289 1186 εἰ
2334 1134 2392 1187 δέ
2435 1151 2519 1198 τις
2585 1134 2717 1188 αὐτὸ
2769 1136 3122 1207 διασκέψαιτο
3170 1138 3264 1192 καὶ
3312 1127 3629 1202 ἀναπτύξας

1939 1214 2204 1268 πάντοθεν
2256 1217 2678 1270 κατοπτεύσειεν
2724 1219 3010 1289 ἀκριϐῶς,
3061 1223 3156 1274 καὶ
3203 1220 3480 1292 δεύτερον,
3531 1221 3628 1275 καὶ

1937 1297 2119 1368 τρίτον
2146 1302 2503 1370 συμπεφυκὸς
2527 1302 2752 1377 εὑρήσει
2781 1303 2968 1367 καλὸν,
3010 1305 3105 1357 καὶ
3140 1305 3309 1358 πολὺν
3348 1307 3449 1376 τῆς
3480 1303 3628 1374 ὠφε-

1937 1379 2088 1445 λείας
2111 1380 2202 1436 τδν
2231 1382 2525 1458 θησαυρόν.
2559 1385 2617 1438 '0
2649 1386 2748 1455 μὲν
2776 1386 2886 1458 7&9
2919 1388 3357 1459 ἀπελαυνόμενος
3391 1387 3514 1441 τότε
3543 1382 3628 1449 εἷς

1941 1464 2102 1533 μόνος
2146 1461 2236 1537 ἦν,
2271 1467 2325 1519 οἰ
2373 1467 2429 1520 δὲ
2467 1467 2533 1520 δι’
2581 1469 2794 1521 ἐκείνου
2845 1469 3224 1540 κερδαίνοντες
3274 1468 3476 1523 πολλοί.
3512 1471 3626 1540 Τῆς

1937 1546 2046 1624 7&9
2073 1549 2249 1619 ἀρχῆς
2293 1550 2393 1622 τῆς
2424 1548 2528 1602 ὑπὸ
2557 1549 2638 1620 τῷ
2671 1552 2921 1622 τυράννῳ
2957 1552 3219 1623 κειμένης
3272 1551 3437 1624 (αῦτη
3466 1551 3524 1607 δέ
3555 1548 3624 1623 ἦν

1935 1621 2008 1684 ἰδ’
2048 1630 2298 1684 πλεῖστον
2328 1621 2429 1701 τῆς
2461 1634 2789 1704 οἰκουμένης
2845 1621 3072 1706 μέρος),
3111 1621 3338 1706 ὅσοιπερ
3364 1621 3436 1690 ἂν
3481 1621 3623 1706 ἦσαν

1937 1710 2174 1777 ἄπιστοι,
2203 1713 2654 1784 κατεπλάγησαν,
2699 1716 2794 1768 καὶ
2836 1715 3161 1786 ἐθαύμασαν
3191 1716 3464 1786 μαθόντες
3489 1716 3625 1786 ὅσης

1935 1795 2049 1856 τοῖς
2077 1794 2272 1848 ἑαυτοῦ
2299 1794 2507 1858 δούλοις
2528 1798 2557 1849 ὀ
2588 1798 2825 1868 Χριστὸς
2848 1798 2948 1869 τῆς
2983 1799 3296 1870 παρρησίας
3322 1799 3620 1869 μετέδωκε,

1936 1875 2311 1944 κατεγέλασαν
2339 1875 2436 1946 τῆς
2476 1878 2603 1948 παρ’
2649 1880 2837 1942 αὐτοῖς
2881 1870 3333 1948 δοῦλοπρεπείας,
3387 1880 3481 1936 καὶ
3531 1879 3624 1932 ἀν-

1938 1957 2272 2028 ελευθερίας,
2303 1957 2456 2030 [548]
2488 1960 3016 2031 καῖ’ταπεινότητος,
3044 1956 3186 2014 εἶδον
3214 1963 3338 2014 ὅσον
3363 1964 3462 2032 τῆς
3490 1962 3625 2032 Χρι-

1937 2038 2172 2090 στιανῶν
2205 2037 2485 2105 εὐγενείας
2514 2040 2650 2109 πρὸς
2687 2039 2786 2109 τὴν
2821 2038 3093 2111 Ἑλλήνων
3129 2039 3391 2109 αἰσχύνην
3426 2039 3488 2092 τδ
3529 2040 3626 2108 μέ-

1939 2137 2050 2173 σον.
2078 2122 2140 2175 Οἰ
2173 2121 2272 2190 μὲν
2307 2113 2418 2192 7&9
2447 2123 2579 2192 παρ’
2605 2124 2794 2200 αὐτοῖς
2823 2122 2922 2193 τὴν
2956 2121 3066 2176 τῶν
3099 2122 3263 2192 ἰερῶν
3300 2123 3624 2192 ἐπιμέλειαν

1937 2202 2441 2273 ἐγκεχειρισμένα,
2484 2203 2686 2273 μᾶλλον
2733 2204 3046 2270 δεσποτῶν,
3097 2205 3192 2259 καὶ
3227 2204 3336 2258 τῶν
3386 2204 3622 2260 εἰδώλων

1935 2280 1994 2333 δέ
2022 2281 2203 2334 αὐτῶν
2239 2282 2367 2344 τοὺς
2397 2281 2638 2352 βασιλεῖς
2668 2282 3056 2354 θεραπεύουσι,
3093 2284 3189 2337 καὶ
3227 2283 3318 2337 διά
3358 2283 3450 2336 τὸν
3478 2284 3623 2336 ἐκεί-

1935 2376 2042 2413 νων
2070 2359 2258 2428 φόϐον,
2287 2362 2383 2414 καὶ
2411 2364 2525 2424 τοῖς
2574 2359 2784 2425 ξοάνοις
2826 2363 3014 2424 αὐτοῖς
3060 2361 3515 2435 παρεδρεύουσιν,
3545 2364 3623 2426 ὡς

1935 2441 2062 2499 τοὺς
2099 2442 2372 2514 πονηροὺς
2401 2440 2662 2513 δαίμονας
2695 2444 2808 2504 τοῖς
2841 2439 3123 2510 βασιλεῦσι
3158 2442 3317 2512 χάριν
3346 2441 3492 2514 ἔχειν
3521 2443 3623 2513 τῆς

1935 2519 2014 2582 εἰς
2050 2519 2248 2582 αὐτοὺς
2281 2521 2469 2590 τιμῆς.
2511 2521 2721 2574 Αὐτίκα
2749 2521 2883 2588 γοῦν
2912 2521 3040 2573 ὅταν
3071 2521 3195 2575 τινὰ
3231 2521 3410 2592 συμϐῇ
3449 2522 3524 2592 μὴ
3550 2523 3624 2576 τά

1933 2597 2158 2651 ἐκείνων
2200 2597 2504 2670 φρονοῦντα
2540 2600 2636 2653 ἐπὶ
2667 2599 2870 2671 ταύτην
2912 2599 3087 2655 ἐλθεῖν
3129 2602 3227 2670 τὴν
3264 2603 3461 2673 ἀρχὴν,
3505 2604 3621 2655 εἰσ-

1935 2676 2031 2732 ιών
2072 2695 2156 2743 τις
2203 2680 2284 2743 είς
2335 2680 2462 2742 τοὺς
2507 2679 2618 2732 τῶν
2666 2678 2902 2734 εἰδώλων
2952 2682 3148 2748 ναοὺς,
3192 2681 3466 2752 πανταχοῦ
3511 2681 3621 2736 τῶν

1930 2756 2124 2828 τοίχων
2148 2757 2338 2828 ὄψεται
2366 2758 2728 2829 διατεταμένα
2754 2759 2824 2812 τά
2851 2759 2963 2812 τῶν
2991 2759 3270 2830 ἀραχνίων
3300 2761 3618 2832 ὑφάσματα,

1929 2837 2022 2888 καὶ
2078 2837 2348 2908 τοσαύτην
2401 2839 2757 2908 ἐπικειμένην
2806 2838 2885 2909 τῷ
2939 2835 3112 2909 ξοάνῳ
3163 2838 3262 2911 τήν
3318 2840 3495 2907 κόνιν,
3544 2841 3618 2903 ώς

1925 2916 2067 2984 μήτε
2123 2918 2267 2986 ρῖνα,
2318 2916 2457 2986 μήτε
2496 2916 2802 2988 ὀφθαλμὸν,
2853 2919 2996 2987 μήτε
3049 2917 3178 2971 ἀλλο
3209 2935 3263 2972 τι
3313 2918 3408 2972 τοῦ
3446 2935 3621 2990 προσ-

1924 2994 2109 3060 ώπου,
2155 2995 2443 3065 φαίνεσθαι
2486 2997 2684 3068 μέρος·
2735 2995 2843 3050 τῶν
2888 2995 2946 3049 δὲ
2999 2995 3200 3067 βωμῶν
3244 2996 3354 3050 τῶν
3401 2997 3502 3069 μὲν
3548 2999 3620 3053 τὰ

1923 3073 2152 3145 λείψανα
2205 3075 2368 3146 μόνον
2417 3076 2650 3147 ἕστηκε,
2695 3077 2792 3129 τοῦ
2845 3075 3093 3140 πλείονος
3144 3076 3619 3148 ἀποθραυσθέντος

1925 3154 2149 3225 μέρους,
2176 3155 2303 3219 τοὺς
2333 3155 2389 3208 δέ
2421 3153 2566 3210 οὑτω
2597 3153 2792 3225 βαθεῖα
2823 3153 3093 3209 πάντοθεν
3131 3155 3452 3226 περιϐάλλει
3487 3156 3612 3220 πόα,

1921 3233 1996 3297 ὡς
2026 3233 2117 3287 τὸν
2150 3232 2458 3303 ἀγνοοῦντα
2502 3232 2743 3302 κοπρίας
2788 3233 2937 3296 τινὸς
2987 3233 3227 3305 σωρείαν
3267 3230 3407 3288 εἶναι
3455 3237 3616 3306 νομί-

1922 3313 2036 3378 ζειν
2064 3314 2125 3367 τὸ
2154 3312 2500 3383 φαινόμενον.
2546 3311 2620 3364 Τὸ
2647 3313 2704 3364 δέ
2734 3312 2927 3378 αῐτιον,
2957 3313 3040 3366 ὄτι
3085 3313 3261 3368 πάλαι
3298 3314 3397 3386 μὲν
3429 3314 3622 3379 αὐτοῖς

1922 3391 2180 3445 κλέπτειν
2209 3391 2339 3462 ἐξῆν
2369 3392 2472 3445 ὅσα
2491 3389 2800 3452 ἐϐούλοντο.
2832 3393 2926 3447 καὶ
2960 3392 3361 3464 γαστρίζεσθαι
3391 3393 3483 3450 διὰ
3515 3399 3618 3465 τῆς

1922 3471 2030 3525 τῶν
2066 3471 2271 3538 ξοάνων
2299 3471 2620 3542 θεραπείας,
2659 3471 2756 3524 νῦν
2801 3470 2860 3524 δέ
2892 3473 3033 3543 ὑπὲρ
3077 3473 3222 3536 τίνος
3255 3474 3485 3538 ἑαυτοὺς
3522 3474 3616 3530 κό-

1922 3551 2122 3621 ψουσι;
2179 3552 2644 3624 Προσεδρεύοντες
2697 3551 2810 3622 γὰρ
2862 3553 2960 3606 καὶ⁸
3009 3552 3429 3623 δαπανώμενοι,
3481 3554 3611 3625 παρ’

1924 3631 2148 3685 ἐκείνων
2180 3631 2280 3702 μὲν
2308 3632 2564 3701 οὐδεμίαν
2607 3630 2981 3703 προσδοκῶσιν
3031 3631 3308 3702 ἀμοιϐήνο
3359 3632 3453 3685 καὶ
3505 3633 3613 3705 γάρ

1924 3715 2031 3769 εἰσι
2074 3714 2208 3779 ξύλα
2240 3715 2336 3768 καὶ
2365 3712 2540 3769 λίθοι·
2571 3713 2632 3769 τδ
2659 3714 2716 3768 δὲ
2747 3714 2937 3768 πεῖθον
2973 3715 3174 3778 αὐτοὺς
3210 3714 3612 3787 ὑποκρίνεσθαι

1923 3794 2022 3864 τὴν
2052 3793 2370 3865 θεραπείαν,
2399 3796 2433 3862 ἡ
2464 3792 2616 3865 παρὰ
2640 3794 2751 3847 τῶν
2779 3793 3134 3866 κρατούντων
3158 3794 3315 3866 τιμὴ,
3347 3795 3444 3848 καὶ
3472 3795 3610 3867 αῦτη

1923 3873 2216 3946 ἀνῄρηται,
2263 3874 2375 3928 τῶν
2412 3873 2806 3944 βασιλευόντων
2855 3873 3167 3945 γενομένων
3213 3874 3474 3942 συνετῶν,
3515 3877 3613 3931 καὶ

1923 3953 2016 4007 τὸν
2052 3953 2148 4006 τοῦ
2181 3953 2317 4006 Θεοῦ
2348 3951 2803 4022 προσκυνούντων
2835 3952 2984 4007 Υίόν.

1993 4031 2065 4105 η’.
2104 4032 2243 4085 Ἀλλ’
2265 4032 2325 4085 οὐ
2347 4033 2418 4086 τά
2443 4049 2506 4101 γε
2539 4031 2785 4104 ἡμέτερα
2810 4029 3059 4096 τοιαῦτα,
3092 4029 3229 4083 ἀλλά
3248 4033 3356 4085 πᾶν
3389 4033 3612 4088 τούναν-

1921 4113 2058 4168 τίον.
2097 4113 2268 4165 Ὅταν
2327 4112 2425 4182 μὲν
2470 4112 2581 4182 γάρ
2631 4129 2715 4174 τις
2759 4110 3042 4181 ὁμολογῶν
3094 4112 3226 4180 ἡμῖν
3261 4111 3321 4165 ἐν
3367 4115 3433 4183 τῇ
3481 4116 3611 4185 περὶ

1921 4192 2016 4246 τοῦ
2077 4191 2234 4244 Θείου
2304 4191 2433 4262 δόξῃ
2492 4191 2587 4242 ἐπὶ
2647 4190 2738 4243 τὸν
2799 4188 3076 4260 βασιλικὸν
3115 4189 3288 4261 ἀναϐῇ
3330 4190 3518 4263 θρόνον
3557 4205 3607 4261 ε,

1925 4270 2280 4342 ῥαθυμότερα
2333 4263 2544 4339 γίνεται
2597 4267 2666 4322 τὰ
2726 4267 3113 4340 Χριστιανῶνο
3171 4267 3429 4324 τοσοῦτον
3496 4271 3608 4325 ἀπ-

1922 4351 2036 4420 έχει
2072 4353 2194 4413 ταῖς
2237 4347 2608 4420 ἀνθρωπίναις
2649 4347 2942 4417 ὀρθοῦσθαι
2981 4349 3172 4418 τιμαῖς
3197 4366 3212 4380 ·
3261 4349 3389 4402 ὅταν
3423 4349 3481 4404 δέ
3523 4369 3610 4416 τις

1923 4432 2172 4504 κρατήσῃ
2223 4428 2492 4499 δυσσεϐὴς
2541 4430 2635 4482 καί⁵
2689 4427 2958 4482 πάντοθεν
3005 4429 3159 4498 ἡμᾶς
3205 4428 3467 4495 ἐλαύνων,
3516 4434 3609 4487 καὶ

1921 4511 2143 4582 μυρίοις
2179 4507 2519 4580 περιϐάλλων
2548 4510 2770 4571 κακοῖς,
2818 4507 2938 4560 τότε
2992 4507 3272 4578 εὐδοκιμεῖ
3321 4510 3418 4562 καὶ
3463 4509 3606 4583 λαμ-

1921 4591 2168 4662 πρότερα
2213 4587 2425 4656 γίνεται
2481 4587 2551 4640 τά
2583 4586 2706 4640 καθ’
2753 4587 2940 4656 ἡμᾶς,
2989 4587 3112 4639 τότε
3157 4588 3452 4659 ἀριστείων
3511 4594 3607 4646 καὶ

1921 4669 2200 4740 τροπαίων
2256 4666 2482 4736 καιρὸς,
2543 4665 2666 4718 τότε
2740 4666 3024 4736 στεφάνων
3091 4667 3185 4719 καὶ
3251 4668 3606 4739 ἀναρρήσεων

1921 4749 2018 4804 καὶ
2056 4748 2238 4815 πάσης
2283 4743 2648 4814 ἀνδραγαθίας
2697 4744 2946 4815 ἀφορμή.
2995 4745 3059 4798 Εἰ
3102 4743 3158 4797 δὲ
3198 4746 3350 4814 λέγοι
3397 4763 3485 4810 τις
3516 4749 3605 4802 ὅτι

1924 4830 2019 4883 καὶ
2044 4826 2139 4880 νῦν
2180 4824 2290 4878 εἰσὶ
2325 4823 2507 4888 πόλεις
2538 4822 2638 4893 τὴν
2667 4822 2794 4894 ίσην
2834 4824 3260 4894 δεισιδαιμονίαν
3289 4826 3603 4882 ἐπιδεικνύ-

1927 4923 2082 4979 μεναι
2129 4903 2257 4975 περί
2289 4902 2388 4972 τὴν
2417 4901 2526 4953 τῶν
2550 4900 2796 4955 εἰδώλων
2836 4903 3060 4971 μανίαν,
3096 4903 3317 4974 πρῶτον
3362 4905 3463 4976 μὲν
3507 4907 3602 4959 εί.-

1921 4985 2259 5058 αριθμήτους
2302 4981 2396 5033 καὶ
2433 4979 2619 5047 ὀλίγας
2656 4981 2792 5050 ἐρεῖ,
2831 4980 2970 5051 πλὴν
3014 4980 3130 5034 ἀλλ’
3159 4981 3283 5038 οὐδὲ
3320 4983 3465 5038 οὕτω
3512 4986 3603 5039 τὸν

1920 5057 2190 5138 ἡμέτερον
2221 5058 2414 5138 βλάψει
2459 5058 2639 5127 λόγον.
2676 5059 2743 5111 Ἦ
2774 5057 2885 5130 7&9
2927 5060 3186 5123 ὑπόθεσις
3217 5065 3250 5134 ἠ
3292 5063 3458 5135 αὐτὴ,
3504 5068 3603 5118 καὶ

1914 5145 2043 5200 ἀντὶ
2072 5142 2167 5197 τοῦ
2196 5137 2547 5211 κρατοῦντος,
2596 5140 2723 5202 τοὺς
2769 5141 2870 5210 τὴν
2902 5140 3059 5194 πόλιν
3089 5142 3374 5207 οἰκοῦντας
3410 5144 3597 5215 έχουσι

1918 5226 2016 5297 τὴν
2046 5223 2170 5295 ῖσην
2207 5222 2392 5302 αὐτοῖς
2426 5219 2837 5302 παρεχομένους
2865 5219 3067 5302 τιμήνξ
3103 5221 3212 5302 καίὶ
3236 5222 3395 5277 τοῦτο
3423 5225 3598 5282 αττιον

1916 5309 2019 5376 τῆς
2048 5300 2376 5373 θεραπείας,
2419 5301 2477 5352 αί
2508 5297 2843 5371 κραιπάλαι,
2889 5299 2984 5352 καὶ
3022 5300 3072 5352 οί
3121 5297 3334 5372 κῶμοι,
3387 5304 3438 5357 οι
3477 5307 3601 5375 μεθ’

1920 5384 2155 5456 ήμέραν,
2187 5382 2235 5433 οἰ
2263 5379 2353 5434 διά
2383 5379 2561 5449 πάσης
2593 5377 2809 5441 νυκτὸς,
2840 5379 2888 5430 οἱ
2919 5377 3071 5431 αὐλοὶ
3098 5379 3191 5432 καὶ
3220 5380 3287 5434 τὰ
3311 5380 3599 5453 τύμπανα,

1915 5465 1977 5518 τὸ
2013 5459 2155 5532 μετά
2187 5460 2368 5529 πάσης
2406 5457 2794 5526 ἀναισχυντίας
2837 5457 3039 5528 αἰσχρὰ
3075 5459 3172 5527 μὲν
3224 5463 3418 5530 εἰπεῖν,
3457 5467 3602 5534 πρᾶ-

1919 5544 2006 5610 ξαι
2047 5541 2103 5595 δὲ
2131 5539 2489 5609 αἰσχρότερα’
2523 5536 2586 5588 τὸ
2625 5536 2989 5607 διαρραγῆναι
3037 5537 3137 5607 μὲν
3177 5539 3283 5592 ὑπὸ
3319 5541 3418 5610 τῆς
3468 5545 3600 5614 ἀδη-

1919 5621 2142 5693 φαγίας,
2187 5615 2624 5687 ἐκϐακχευθῆναι
2655 5616 2711 5668 δὲ
2743 5616 2978 5693 ὑπὸῌτῆς
3016 5618 3208 5688 μέθης,
3247 5620 3342 5680 καὶ
3375 5623 3462 5685 είς
3499 5623 3600 5692 τὴν

1919 5690 2205 5771 αἰσχίστην
2251 5697 2449 5767 μανίαν
2479 5698 2736 5749 ἐκπεσεῖν
2757 5712 2772 5728 ο
2804 5690 2963 5750 αὗται
2999 5699 3054 5750 αἱ
3089 5699 3400 5768 ἀσχήμονες
3427 5690 3601 5754 δαπά-

1915 5799 2004 5834 ναι
2052 5775 2476 5847 συνέχουσιν-ἐτι
2521 5777 2615 5829 καὶ
2654 5775 3007 5847 διακρατοῦσι
3053 5776 3450 5832 διαπίπτουσαν
3498 5778 3599 5850 τὴν

1917 5861 2148 5931 πλάνην.
2193 5859 2257 5910 Οἱ
2293 5857 2400 5928 γὰρ
2428 5855 2796 5928 εὐπορώτεροι
2835 5857 2963 5920 τοὺς
3007 5857 3095 5911 διά
3121 5857 3221 5929 τήν
3255 5859 3458 5932 ἀργίαν
3491 5862 3597 5917 ὑπὸ

1979 5968 2002 5996 ε
2026 5963 2178 6013 Savil.
2199 5968 2252 6011 et
2273 5975 2400 6012 unus
2417 5962 2524 6013 cod.
2549 5963 2777 6021 ἀναϐῆναι
2799 5960 2960 6027 θρόνον
2979 5961 3134 6026 τύχοι.

3119 6047 3158 6106 9
