4082 6428
238 336 346 393 5.ὶῦ

241 456 404 509 eunt.
436 445 490 501 in
565 443 807 504 ordinem
856 445 1211 515 parasitorum
1260 440 1515 506 adscitos,
1542 449 1836 508 tamquam

1023 327 1122 383 DE
1151 319 1212 382 Β.
1255 320 1550 391 BABTLA,
1592 317 1867 376 CONTRA
1896 315 2244 377 JULIANL’M
2279 318 2372 379 ΒΤ
2409 318 2780 383 εεΝτιω-ῑε.

3425 325 3533 388 518

1947 437 2328 493 conservavit!
2371 436 2550 494 Indica
2595 438 2737 508 quod
2779 454 2846 495 ex
2892 438 3149 513 loquendi
3176 441 3421 500 libertate
3448 446 3536 500 lu-

236 553 403 593 c‘mes
424 539 581 594 circa
629 552 842 594 mensas
893 538 1189 592 victitantes
1231 536 1523 598 enutriunt,
1553 531 1840 603 impudens.
1942 540 2092 582 crum
2122 543 2138 582 :
2167 541 2289 581 nam
2317 526 2524 583 lucrum
2545 528 2763 584 alibera
2797 531 3050 602 martyris
3072 546 3204 588 voce
3231 542 3414 591 natum
3435 550 3537 592 nos

239 639 325 686 tes
355 640 567 684 ventres
592 631 891 701 iniquarum
923 632 1199 700 epularum
1228 631 1468 702 reliquiis
1502 629 1834 694 distendunt,

237 733 298 778 et
336 737 438 793 pro
486 723 655 778 lubito
703 725 770 778 iis
813 733 1053 778 utuntur.
1112 723 1222 778 Nos
1267 737 1395 778 vero
1439 724 1530 794 qul
1576 723 1836 791 insipien-

236 798 371 870 tiam
431 815 868 885 iniquitatemque
926 825 1157 870 vestram
1204 830 1551 883 «versamur,
1601 830 1696 870 eos
1744 817 1836 888 qui

238 919 355 975 pra!
400 905 605 974 ignavia
638 905 778 960 fame
825 905 1090 972 laborant,
1135 921 1239 961 non
1283 907 1510 973 alimus,
1559 908 1654 963 sed
1706 909 1837 978 ipsis

234 992 551 1059 suademus,
578 1003 634 1048 ut
657 994 962 1049 laborantes
983 1006 1036 1050 et
1061 996 1160 1050 sibi
1182 1008 1234 1050 et
1259 997 1380 1051 aliis
1398 999 1596 1052 victum
1626 1009 1833 1069 parent;

233 1099 334 1139 eos
359 1095 559 1153 autem,
591 1088 680 1156 qui
723 1088 910 1143 mutilo
935 1097 1059 1143 sunt
1087 1105 1311 1158 corpore
1331 1132 1343 1154 ,
1372 1090 1442 1145 ab
1486 1092 1550 1146 iis
1574 1093 1662 1162 qni
1707 1095 1837 1150 suh-

234 1161 547 1232 ministrare
565 1188 804 1246 possnnt,
831 1181 1182 1235 necessariam
1201 1177 1372 1237 solum
1395 1197 1569 1238 escam
1592 1186 1836 1254 accipere

233 1269 586 1325 concedimus
621 1288 634 1324 :
662 1273 1076 1328 comessationes
1101 1315 1115 1339 ,
1148 1275 1434 1330 ebrietates
1459 1318 1474 1344 ,
1529 1292 1592 1332 ac
1631 1280 1834 1350 reliqua

233 1362 419 1415 omnis
447 1360 650 1414 insania
675 1371 729 1416 et
759 1364 1028 1431 turpitudo
1055 1380 1082 1416 a
1115 1365 1269 1420 nobis
1294 1367 1564 1422 eliminata
1593 1380 1695 1435 est,
1742 1386 1839 1426 eo-

235 1465 466 1520 rumque
505 1450 624 1505 loco
668 1451 877 1507 inducta
909 1463 1035 1508 sunt
1060 1470 1409 1526 quaecumque
1445 1459 1662 1528 gravia,
1691 1476 1838 1530 qure-

233 1553 468 1610 cumque
493 1551 660 1609 casta,
693 1557 1040 1615 qua:cumque
1083 1546 1248 1616 justa,
1276 1564 1627 1621 qumcumque
1655 1551 1839 1608 lauda-

233 1630 390 1696 bilia,
418 1632 461 1685 si
488 1647 592 1702 qua
623 1633 811 1699 virtus,
845 1635 887 1688 si
936 1652 1037 1704 qua
1087 1637 1220 1692 laus.
1245 1623 1446 1694 Caitera
1487 1657 1668 1712 porro,
1715 1658 1837 1713 qum

235 1723 312 1779 de
359 1724 689 1795 philosophis
718 1727 830 1779 suis
868 1726 1179 1794 jactahundi
1217 1728 1480 1794 dictitant,
1515 1747 1704 1787 vanam
1729 1736 1839 1803 glo-

236 1817 399 1882 riam,
442 1816 715 1878 audaciam
743 1826 796 1871 ct
822 1818 1042 1887 puerilis
1061 1820 1232 1873 animi
1254 1834 1418 1891 opera
1443 1822 1832 1878 demonstrant.

233 1906 359 1964 Non
392 1908 497 1963 illic
527 1907 706 1980 (apud
734 1904 1100 1981 Christianos)
1129 1903 1276 1966 dolio
1300 1913 1419 1984 quis
1449 1924 1669 1985 accepto
1709 1931 1837 1972 sese

235 2000 456 2055 inclusit
486 2003 584 2072 (a),
611 2019 718 2056 non
747 2003 938 2058 laceris
983 2001 1174 2074 pannis
1201 2006 1426 2062 vestitus
1453 2006 1625 2062 forum
1663 2009 1840 2065 circu-

236 2091 356 2145 ivit.
411 2093 533 2146 ΙΙωο
560 2093 752 2163 quippe
781 2094 902 2168 licet
927 2095 1186 2150 mirabilia
1217 2112 1336 2153 esse
1376 2097 1672 2167 videantur,
1701 2102 1839 2156 mul-

237 2191 460 2251 tumque
487 2183 690 2238 laboris
719 2191 773 2238 et
801 2201 1054 2240 utrumme
1105 2187 1358 2256 habeant,
1418 2190 1636 2261 indigna
1681 2192 1838 2249 laude

234 2283 390 2326 sunt.
419 2273 515 2351 Est
542 2283 716 2329 autem
775 2275 972 2330 diaboli
1017 2278 1228 2334 astutia:
1275 2294 1405 2348 eos,
1451 2282 1540 2351 qui
1592 2283 1692 2337 sibi
1723 2298 1840 2339 ser-

233 2363 412 2428 viunt,
451 2344 721 2419 laboribus
759 2365 1066 2435 hujusmodi
1095 2367 1366 2438 addicere,
1388 2344 1500 2442 'qtii
1527 2381 1583 2428 et
1603 2389 1633 2428 a
1661 2389 1720 2430 se
1745 2375 1842 2431 de-

232 2455 830 2528 eeptos_discruciept,
894 2469 950 2513 et
1009 2461 1242 2516 maxime
1287 2462 1528 2517 omnium
1586 2464 1840 2524 ridiculos

233 2545 550 2618 exhibeant.
580 2548 754 2603 Labor
782 2552 923 2605 enim
950 2552 1014 2616 is,
1041 2568 1107 2607 ex
1131 2569 1238 2623 quo
1265 2554 1471 2611 nullum
1493 2556 1699 2613 lucrum
1727 2575 1841 2615 ma-

234 2643 358 2701 nat,
385 2638 530 2691 omui
561 2653 781 2707 prorsus
827 2641 984 2698 laude
1003 2651 1234 2705 carem:

315 2729 685 2784 Circutatorum
717 2733 1056 2802 quarumdam
1093 2745 1345 2806 gesta.-—
1371 2738 1644 2810 Siquidem
1674 2743 1838 2798 etiam

235 2831 394 2876 nunc
411 2830 536 2875 sunt
566 2823 811 2878 homines
843 2825 1054 2892 perditi,
1092 2828 1390 2885 innumeris
1423 2832 1564 2901 pleni
1604 2832 1837 2905 ﬂagitiis,

235 2912 333 2979 qui
358 2910 530 2980 plura,
549 2927 706 2982 quam
733 2913 1078 2984 philosophus
1105 2918 1216 2983 ille,
1233 2921 1553 2989 exhibuere;
1585 2925 1673 2979 alii
1696 2927 1839 2980 enim

237 3002 428 3056 clavos
449 3005 787 3060 acutissimos
815 2989 1148 3078 deglutiunt,
1197 3013 1284 3066 alii
1330 3014 1539 3071 calceos
1583 3017 1841 3074 mandunt

237 3103 302 3150 et
323 3094 582 3150 devorant
597 3101 623 3163 ,‘
638 3097 728 3152 alii
747 3099 814 3152 ad
844 3100 946 3155 alia
979 3102 1321 3158 sceleratiora
1353 3107 1490 3160 male
1527 3109 1754 3164 consulti
1782 3125 1842 3166 se

237 3184 558 3240 conferunt:
584 3190 730 3258 atqui
773 3189 888 3244 hinc
927 3192 1084 3263 longe
1136 3205 1262 3249 sunt
1299 3197 1647 3266 mirabiliora,
1679 3217 1838 3271 quam

238 3275 446 3332 dolium
471 3286 527 3333 et
554 3281 712 3348 panni
739 3298 755 3336 :
787 3297 971 3337 verum
1018 3300 1193 3356 neque
1224 3287 1339 3342 base
1376 3305 1551 3359 neque
1598 3292 1688 3346 illa
1715 3307 1844 3362 pro-

239 3365 456 3434 bamus,
487 3370 580 3424 sed
607 3371 826 3440 perinde
848 3373 1246 3445 philosophum,
1273 3387 1432 3448 atque
1461 3379 1558 3435 hos
1579 3391 1634 3436 et
1653 3398 1841 3441 omnes

242 3470 510 3530 quotquot
561 3473 870 3537 portentosa
921 3465 1224 3536 hujusmodi
1278 3469 1569 3538 exhibent,
1616 3475 1842 3532 miseros

239 3550 598 3620 praedicunus
638 3563 692 3607 et
721 3554 1082 3624 deploramus.
1129 3558 1235 3614 Sed
1281 3562 1470 3628 multa,
1515 3562 1683 3631 dices,
1714 3582 1843 3623 usus

239 3649 329 3695 est
356 3642 497 3712 apud
529 3659 708 3714 regem
739 3646 986 3716 loquendi
1031 3650 1297 3708 libertate.
1330 3653 1622 3712 Videamus
1663 3658 1844 3731 itaque

239 3737 511 3806 egregiam
555 3731 803 3806 loquendi
854 3740 1173 3810 libertalem,
1230 3762 1360 3801 num
1389 3756 1444 3802 et
1487 3749 1602 3819 ipsa
1647 3752 1718 3806 sit
1758 3754 1844 3809 vel

241 3834 560 3897 portentosa
585 3822 731 3884 dolio
761 3831 1005 3899 ineptior.
1031 3835 1283 3902 Quaenam
1307 3839 1394 3893 illa
1421 3839 1683 3896 libertas?
1706 3842 1842 3898 Cum

241 3913 313 3971 ad
339 3916 531 3972 Persas
556 3931 797 3987 moveret
823 3921 1062 3990 Macedo,
1093 3924 1222 3979 dum
1253 3927 1350 3998 ipsi
1380 3929 1636 3998 adstaret,
1688 3948 1843 4004 roga-

241 4018 437 4078 retque
461 4025 529 4064 an
557 4013 806 4081 quapiam
851 4029 909 4068 re
934 4030 1067 4085 opus
1095 4017 1348 4085 haberet,
1398 4021 1572 4089 Nulla,
1627 4025 1840 4094 inquit:

242 4102 424 4158 solum
448 4119 516 4158 ne
541 4103 668 4158 mihi
712 4120 808 4160 rex
837 4107 1076 4161 umbram
1103 4102 1260 4165 faciat
1293 4130 1305 4164 :
1336 4122 1459 4168 tunc
1485 4116 1627 4170 enim
1669 4119 1846 4187 philo-

244 4193 450 4263 s0phus
503 4193 861 4266 apricabatur.
915 4199 1108 4253 Annon
1166 4201 1372 4270 pudore
1421 4204 1844 4264 suﬂundemini?

247 4298 426 4338 annon
465 4300 562 4340 vos
608 4285 913 4356 obtegetis?
940 4303 1121 4346 annon
1163 4291 1287 4346 hinc
1333 4292 1656 4350 facessentes
1701 4305 1842 4354 terra

249 4387 348 4427 vos
370 4373 626 4440 obruetis,
656 4375 730 4431 de‘
770 4376 836 4430 iis
864 4378 1028 4432 altum
1073 4381 1362 4450 sapientes,
1410 4383 1480 4438 de
1506 4387 1698 4454 quibus
1742 4403 1844 4458 pu-

246 4462 382 4518 dore
401 4463 538 4518 affici
565 4476 838 4534 oporteret
858 4467 882 4520 ?
907 4468 1117 4534 Quanto
1137 4472 1278 4525 enim
1301 4474 1468 4528 satius
1494 4474 1680 4531 fuisset
1697 4488 1846 4533 veste

247 4555 492 4610 indutum
519 4559 895 4623 crassiuscula,
928 4562 1080 4632 operi
1121 4575 1422 4631 vacantem,
1452 4566 1672 4636 aliquid,
1701 4571 1844 4638 quod

247 4643 368 4702 usui
395 4644 554 4713 foret,
581 4663 612 4703 a
639 4663 767 4718 rege
794 4651 1030 4719 petiisse,
1071 4667 1231 4722 quam
1261 4653 1439 4710 lacero
1479 4657 1638 4725 pallio
1681 4659 1844 4715 vesti-

247 4749 362 4793 tum
391 4739 602 4794 sedisse“
623 4741 972 4811 apricantem,
1005 4742 1172 4796 instar
1195 4743 1506 4800 laetantium
1535 4761 1843 4817 puerorum,

244 4842 386 4900 quos
427 4831 566 4886 lotos
591 4839 645 4885 et
675 4822 863 4885 unc'tos
891 4833 1123 4888 nutrices
1152 4833 1278 4889 inibi
1301 4835 1366 4890 ad
1396 4853 1516 4892 eam
1548 4853 1659 4894 rem
1680 4841 1847 4896 collo-

245 4927 396 4989 cant,
424 4923 496 4976 ob
525 4938 686 4992 quam
715 4933 841 4980 tunc
863 4923 1215 4996 philosophus
1241 4928 1465 4984 sedebat
1489 4931 1712 4987 infelicis
1731 4934 1845 4988 ani-

197 5030 202 5031 ί
243 5011 385 5067 culze
412 5013 636 5082 gratiam
678 5014 960 5084 ﬂagitans?
990 5014 1096 5070 Sed
1141 5016 1452 5073 admiranda
1496 5019 1722 5077 fortasse
1761 5033 1846 5080 est

245 5104 338 5159 illa
385 5103 634 5173 loquendi
683 5105 946 5161 libertas?
977 5107 1091 5162 lmo
1118 5123 1245 5164 vero
1281 5109 1414 5165 nihil
1462 5112 1548 5166 illa
1577 5115 1845 5186 prodigio-

247 5194 383 5249 sius.
438 5195 643 5249 Bonum
691 5195 835 5251 enim
867 5198 1038 5252 virum
1084 5209 1296 5269 oportet
1347 5200 1484 5257 facta
1524 5220 1617 5259 sua
1666 5208 1842 5262 omnia

249 5277 459 5355 publica
488 5286 718 5342 utilitate
745 5288 944 5350 metiri.
973 5289 1307 5362 aliorumque
1328 5292 1489 5348 vitam
1517 5296 1840 5364 emendare;

246 5375 522 5449 postulare
548 5388 726 5436 autem
759 5394 826 5436 ne
865 5373 967 5436 sibi
998 5383 1241 5438 umbram
1287 5385 1503 5452 faceret,
1547 5403 1708 5460 quam
1747 5405 1840 5445 ur-

249 5471 395 5540 bem,
438 5486 598 5544 quam
626 5472 869 5539 domum,
902 5489 1059 5545 quem
1101 5477 1298 5544 virum,
1349 5493 1508 5549 quam
1560 5481 1840 5539 mulierem

307 5751 382 5816 (at)
417 5747 480 5803 ad
503 5759 772 5816 Diogenem
792 5753 1015 5822 cynicum
1038 5749 1225 5805 alludit.

1944 619 2278 676 ostendimus
2301 659 2316 688 ,
2373 631 2429 677 et
2482 623 2704 678 ulterius
2770 624 3039 696 progressi
3088 627 3283 684 clarius
3325 630 3538 700 aperias

2015 802 2068 856 9.
2112 800 2325 856 interim
2368 803 2458 858 ille
2504 804 2753 882 injurium
2798 806 2944 862 illum
2992 808 3237 877 punivit,
3271 818 3536 882 quatemts

1943 891 2208 945 sacerdoti
2239 891 2320 946 fas
2345 903 2461 948 erat
2480 877 2828 965 ,‘principum
2859 898 3002 953 altos
3029 900 3250 968 spiritus
3275 877 3534 971 coercuit,

1946 982 2153 1037 violatis
2183 983 2275 1040 Dei
2306 973 2512 1056 legibus
2536 1001 2692 1056 opem
2721 988 2876 1056 tulit,
2905 991 3238 1061 supplicium
3269 1006 3370 1063 pro
3394 1004 3542 1052 caeso

1938 1075 2136 1146 juvene
2174 1080 2392 1148 exegit,
2421 1081 2660 1134 omnium
2704 1070 3090 1152 suppliciorum
3119 1086 3493 1155 gravissimum
3518 1122 3536 1154 ,

1944 1168 2008 1222 iis
2033 1177 2180 1224 certe
2203 1171 2290 1239 qui
2324 1180 2503 1227 mente
2528 1173 2726 1227 valent.
2751 1173 3066 1230 Meministis
3091 1177 3249 1245 plane
3269 1218 3284 1243 ,
3315 1192 3436 1232 cum
3469 1178 3541 1235 de

1944 1260 2091 1315 cmde
2117 1262 2276 1316 verba
2320 1262 2655 1340 faceremus,
2685 1267 2956 1336 quomodo
2998 1269 3193 1338 singuli
3231 1271 3538 1328 auditorum

1944 1349 2429 1419 inﬂammarentur,
2461 1365 2514 1411 et
2543 1357 2837 1426 principem
2865 1360 3113 1415 manibus
3150 1371 3333 1416 tenere
3369 1378 3538 1433 cuped-

1943 1450 2100 1506 rent,
2136 1453 2299 1512 atque
2339 1445 2568 1500 ultorem
2611 1449 2857 1504 alicunde
2900 1451 3063 1506 czedis
3103 1467 3384 1522 apparere.
3426 1454 3539 1511 lloe

1942 1528 2121 1600 itaque
2149 1529 2335 1586 beatus
2361 1533 2452 1589 ille
2485 1535 2566 1590 vir
2591 1535 2733 1604 fecit,
2761 1551 3085 1611 poenamque
3104 1541 3204 1611 ipsi
3232 1557 3537 1614 congrueno

1944 1628 2048 1674 tem
2077 1623 2328 1691 imposuit
2352 1665 2367 1689 ,
2395 1641 2514 1695 qua:
2543 1637 2724 1697 posset
2748 1630 2894 1684 illum
2923 1641 3239 1688 convertere
3261 1668 3277 1698 ,
3303 1634 3348 1688 si
3376 1633 3539 1690 modo

1942 1712 2186 1781 stupidus
2222 1714 2510 1772 admodum
2556 1735 2662 1797 non
2698 1720 2924 1788 fuisset,
2955 1737 3062 1778 non
3103 1725 3172 1780 ab
3211 1725 3540 1797 lmpcratore

1943 1807 2218 1875 postulans
2260 1818 2319 1864 ut
2355 1825 2385 1864 a
2427 1796 2561 1868 sole.
2585 1828 2644 1869 se
2682 1814 3029 1873 calefaciente
3067 1796 3412 1890 deflecteret,
3443 1820 3540 1877 sed

1943 1898 2282 1968 impudenter
2337 1902 2393 1956 in
2445 1918 2596 1959 sacra
2657 1915 2810 1976 septa
2869 1907 3192 1966 insilientem
3251 1913 3538 1986 onniiaque

1943 1990 2400 2060 confundentem,
2452 2009 2552 2050 ceu
2610 2011 2797 2052 canem
2853 2008 2946 2054 aut
3002 1999 3309 2070 improbum
3368 2004 3540 2061 famuo

1945 2088 2054 2134 tum
2083 2097 2113 2136 a
2143 2083 2425 2140 dominicis
2457 2085 2610 2141 atriis
2631 2129 2646 2152 ,
2678 2087 2973 2158 depellens.
3005 2091 3164 2148 Vides
3203 2108 3292 2148 me
3320 2109 3426 2151 non
3451 2096 3540 2167 ja‘

1943 2173 2474 2243 etabundedixisse,
2508 2179 2729 2247 puerilis
2772 2180 2965 2236 animae
3006 2192 3158 2254 gesta
3187 2199 3308 2241 esse
3330 2198 3542 2243 vestro-

1945 2280 2063 2319 rum
2085 2267 2527 2339 philosophorum
2554 2270 2808 2327 miracula
2843 2289 2873 2328 a
2910 2274 3109 2348 Babyla
3145 2277 3542 2338 demonstrari?

1942 2355 2014 2410 At
2042 2360 2346 2425 temperans
2387 2358 2516 2427 fuit,
2556 2364 3025 2436 continentemque
3051 2367 3213 2425 vitam
3242 2372 3350 2443 egit
3385 2374 3543 2429 Sino-

1945 2447 2126 2517 pensis
2152 2448 2256 2515 ille,
2293 2450 2471 2520 quine
2494 2452 2762 2523 legitimas
2781 2454 2997 2526 quidem
3024 2461 3237 2531 nuptias
3255 2473 3543 2521 contraxit-'-

1945 2536 2034 2590 ritt
2063 2536 2170 2594 Sed
2194 2537 2334 2595 adde
2356 2543 2628 2612 quomodo
2661 2539 2715 2598 et
2753 2560 2857 2616 qua
2896 2549 3124 2605 ratione.
3168 2551 3248 2607 Tu
3278 2569 3406 2610 vero
3434 2572 3554 2613 non.

1944 2628 2132 2698 addes,
2155 2632 2282 2700 quin
2311 2632 2563 2690 libentius
2583 2651 2705 2691 eum
2733 2638 3080 2696 continentiae
3098 2641 3342 2701 laudibus
3368 2649 3548 2718 priva-

1945 2720 2049 2798 bjs,
2066 2737 2223 2790 quam
2253 2724 2622 2794 temperantia
2646 2729 2864 2786 modum
2884 2731 3100 2798 eil'eras,
3120 2734 3192 2790 ita
3213 2751 3407 2807 nempe
3428 2748 3544 2796 tur-

1946 2813 2030 2882 pis
2049 2827 2112 2868 ac
2137 2814 2404 2872 dedecore
2424 2819 2614 2888 plenus
2629 2830 2730 2876 est.
2760 2823 2844 2878 Ad
2861 2824 3088 2881 aliorum
3110 2844 3324 2901 quoque
3344 2847 3542 2904 nugas,

1946 2916 2141 2960 van‘um
2179 2909 2413 2964 studium
2459 2921 2514 2967 et
2559 2915 2941 2984 turpitudinem
2963 2919 3195 2978 libenter
3214 2926 3542 2983 transirem:

1946 3009 2070 3049 nam
2099 2997 2208 3064 ubi,
2236 3014 2419 3069 qumso
2439 3043 2452 3067 ,
2478 3004 2606 3059 utile
2635 3015 2718 3060 est
2764 3005 3055 3064 humanum
3089 3026 3275 3069 semen
3301 3027 3538 3087 gustare.

1947 3096 2004 3141 ut
2033 3087 2261 3162 faciebat
2304 3091 2584 3163 Stagirites
2610 3095 2734 3168 (a)?
2763 3113 2883 3169 qute
2910 3101 3110 3157 utilitas
3133 3119 3254 3159 cum
3285 3109 3546 3166 matribus

1946 3189 2003 3234 et
2026 3182 2301 3238 sororibus
2328 3187 2562 3254 misceri,
2590 3196 2649 3243 ut
2669 3190 2834 3257 Stoae,
2851 3193 2966 3248 sive
2988 3197 3243 3264 porticus,
3262 3200 3547 3280 pra-fectus

1950 3268 2301 3342 philosophus
2325 3275 2440 3344 lege
2471 3278 2646 3333 sanxit
2679 3280 2794 3351 (b)?
2820 3281 3122 3344 Academiae
3149 3268 3363 3361 quoque
3394 3293 3545 3361 prin-

1947 3361 2144 3432 cipem,
2177 3365 2398 3435 ejuSque
2427 3370 2759 3440 magistrum,
2795 3373 3029 3446 itemque
3052 3378 3210 3447 alios,
3241 3383 3329 3450 qui
3355 3385 3546 3455 majori

1947 3454 2287 3512 admirationi
2317 3457 2613 3528 habentur,
2647 3462 2733 3519 his
2771 3466 3136 3527 obscteniores
3170 3473 3334 3531 fuisse
3357 3454 3543 3532 esten.

1947 3545 2151 3614 derem,
2181 3548 2543 3622 infamemque
2576 3569 2867 3624 puerorum
2906 3576 3162 3629 amorem,
3190 3581 3349 3636 quem
3378 3567 3550 3626 hone-

1948 3646 2089 3691 stum
2118 3651 2171 3694 et
2208 3651 2411 3709 partem
2440 3643 2796 3715 philosophis
2824 3665 2946 3707 esse
2985 3663 3260 3725 statuunt,
3285 3661 3431 3716 omni
3455 3675 3544 3717 re-

1948 3733 2087 3783 tecta
2113 3728 2366 3801 allegoria
2395 3734 2725 3794 denudarem
2752 3779 2766 3803 ,
2796 3741 2900 3796 nisi
2945 3745 3099 3801 nobis
3124 3747 3191 3801 ad
3220 3749 3320 3805 alia
3351 3768 3548 3824 prope«

1949 3821 2193 3876 rantibus
2221 3825 2392 3894 oratio
2422 3825 2632 3896 longius
2661 3831 3089 3903 protraherelur,
3119 3852 3183 3893 ac
3211 3839 3312 3894 nisi
3343 3821 3408 3897 ex
3439 3821 3548 3901 uno

1949 3927 2107 3983 quam
2137 3915 2350 3971 ridiculi
2380 3921 2564 3975 ceteri
2594 3921 2703 3977 sint
2731 3925 2863 3979 satis
2890 3940 3220 3997 argueretur.

2021 4003 2209 4059 Contra
2245 4004 2538 4063 Platonem.
2573 4040 2646 4052 —
2685 4012 2910 4080 Quando
2953 4019 3095 4074 enim
3128 4023 3427 4094 praecipuus
3453 4029 3543 4097 qui

1950 4097 2277 4152 severiorem
2308 4099 2660 4172 philosophia:
2692 4103 2896 4174 partem
2923 4111 3071 4179 sequi
3101 4112 3402 4182 videbatur,
3435 4128 3545 4174 tum

1949 4201 2014 4241 ex
2046 4187 2298 4258 loquendi
2327 4190 2538 4260 ﬁducia,
2572 4202 2682 4249 tum
2705 4211 2769 4254 ex
2800 4204 3169 4269 temperantia,
3194 4204 3328 4261 adeo
3351 4211 3544 4280 turpis,

1951 4281 2085 4336 adeo
2105 4283 2371 4340 absurdus
2393 4295 2448 4341 et
2467 4287 2678 4357 ineptus
2705 4303 2822 4346 esse
2841 4291 3210 4361 deprehensus
3226 4309 3329 4367 est,
3351 4303 3550 4373 quippe

1951 4373 2040 4442 qui
2088 4373 2336 4429 humanis
2360 4377 2504 4432 vesci
2542 4380 2791 4435 carnibus
2831 4382 3139 4441 indifferens
3173 4403 3291 4444 esse
3315 4390 3546 4461 dixerit,

1951 4479 2208 4534 quorsum
2234 4468 2426 4524 attinet
2445 4479 2634 4545 contra
2656 4481 2884 4530 eaateros
2905 4476 3064 4532 verba
3093 4477 3289 4548 facere,
3313 4497 3434 4538 cum
3459 4486 3549 4542 ille

1950 4557 2041 4625 qui
2070 4557 2135 4611 ad
2178 4557 2442 4630 fastigium
2481 4563 2710 4619 instituti
2755 4567 2960 4635 positus
2989 4584 3102 4639 prae
3129 4572 3248 4627 aliis
3275 4573 3546 4646 fulgebat,

1952 4658 2058 4704 tam
2080 4650 2359 4720 ridiculus,
2384 4656 2602 4725 puerilis
2627 4666 2682 4713 et
2711 4660 2908 4715 stultus
2933 4647 3239 4732 apparuerit
3260 4668 3547 4725 omnibus?

1951 4741 2310 4810 Quamobrem
2339 4762 2406 4802 eo
2434 4748 2718 4806 redeamus
2740 4790 2756 4817 ,
2799 4753 2940 4809 unde
2963 4754 3029 4809 ad
3057 4755 3172 4812 haec
3207 4757 3433 4816 dicenda
3459 4761 3550 4818 di-

1949 4836 2120 4904 gressi
2160 4851 2390 4893 sumus.
2411 4839 2723 4896 lncredulos
2764 4843 2942 4914 itaque
2971 4845 3160 4902 beatus
3189 4848 3276 4905 ille
3303 4849 3371 4904 ita
3399 4864 3552 4908 eom-

1950 4927 2180 4996 pescuit,
2206 4925 2393 4984 ﬁdeles
2413 4940 2590 4986 autem
2615 4933 2978 5003 religiosiores
3004 4936 3275 4993 reddidit:
3302 4956 3407 4995 non
3434 4942 3548 5027 pri-

1952 5026 2105 5072 vates
2133 5018 2316 5081 modo.
2347 5022 2444 5077 sed
2468 5023 2629 5078 etiam
2657 5025 2857 5081 milites
2878 5063 2896 5095 ,
2927 5029 3193 5097 tribunos,
3225 5018 3511 5105 prmfectos
3529 5078 3544 5102 .

1951 5109 2241 5167 ostendens
2266 5111 2646 5184 Imperatorem
2675 5125 2730 5172 et
2753 5120 2990 5175 omnium
3031 5125 3378 5182 novissimum
3406 5129 3548 5200 apud

1952 5199 2222 5257 Christum
2250 5218 2396 5259 mera
2427 5205 2643 5263 nomina
2668 5223 2806 5274 esse,
2836 5219 2893 5266 et
2910 5210 3216 5272 diademate
3238 5199 3547 5276 redimitum

1951 5305 2060 5346 non
2084 5293 2274 5362 potiori
2297 5308 2420 5351 esse
2446 5295 2585 5364 loco,
2607 5298 2822 5369 quando
2848 5302 3119 5371 punitione
3138 5314 3195 5362 et
3213 5309 3552 5366 correctione

1952 5383 2210 5440 utendum
2241 5395 2345 5443 est.
2384 5388 2465 5444 Ad
2494 5387 2612 5446 haec
2636 5407 2766 5448 vero
2796 5393 3138 5465 impudentes
3167 5398 3286 5455 illos
3305 5442 3319 5465 ,
3352 5403 3441 5474 qui
3469 5403 3545 5459 di-

1950 5485 2137 5533 cerent
2169 5487 2351 5533 nostra
2381 5495 2490 5537 non
2514 5480 2660 5539 aliud
2690 5497 2812 5541 esse
2837 5501 2994 5557 quam
3026 5485 3207 5568 fucum
3242 5499 3298 5549 et
3319 5490 3548 5564 agmen.

2495 5715 2680 5757 uxores
2710 5717 2997 5757 eamnunes
3042 5720 3156 5759 ese
3197 5709 3381 5765 statuit.
3434 5709 3562 5762 Vide
