4082 6434
580 316 682 374 547

580 439 712 493 tum,
736 423 1047 490 refrenavit,
1072 422 1433 493 apostolorum
1463 421 1706 478 fiduciam
1729 423 2145 492 operibus-corn-

579 518 838 586 probans,
867 508 1168 583 ducensque
1207 512 1400 567 talibus
1434 511 1564 568 olim
1596 506 1729 568 'viris
1767 522 1904 582 opus
1946 512 2106 568 fuisse
2129 553 2145 576 .

577 607 793 680 quando
831 607 1101 676 signorum
1143 602 1380 658 ostensio
1421 602 1677 673 majorem
1711 602 1838 672 ipsis
1877 601 2149 672 prmbebat

577 707 911 770 potestatem.
941 694 1178 750 Tertium
1215 707 1423 763 quoque
1462 693 1770 763 prmelarum
1807 692 2013 747 facinus
2043 705 2150 748 non

579 795 697 849 leve
720 789 1149 861 deprehenditur,
1181 787 1478 842 futurorum
1519 788 1711 858 quippe
1730 787 2068 842 sacerdotum
2096 795 2151 843 et

575 897 759 953 regum
785 880 1008 943 animos,
1035 878 1222 932 horum
1243 875 1456 946 quidem
1482 876 1761 946 depressit,
1787 876 1999 930 illorum
2023 890 2150 930 vero

576 972 799 1036 extulit,
826 969 1103 1025 declarans
1126 967 1458 1023 sacerdotem
1486 980 1605 1020 eum
1639 975 1793 1020 terra:
1826 975 1934 1019 tum
1964 979 2147 1020 eorum

575 1078 694 1133 qua:
720 1063 770 1115 in
801 1069 942 1115 terra
966 1067 1252 1130 geruntur,
1281 1058 1457 1113 verius
1486 1057 1791 1125 praifectum
1818 1071 1956 1119 esse,
1989 1071 2148 1126 quam

575 1167 695 1208 eum
733 1150 822 1220 qui
865 1164 1092 1219 purpura
1141 1148 1406 1212 induitur,
1433 1156 1793 1218 oportereque
1835 1157 2150 1217 potestatem

576 1245 717 1300 illam
749 1258 851 1297 non
882 1243 1142 1307 minuere,
1171 1239 1260 1296 sed
1289 1239 1518 1292 animam
1547 1238 1721 1308 potius
1749 1250 1966 1304 exuere,
1991 1253 2148 1306 quam

576 1346 890 1408 potestatem
915 1375 932 1402 ,
964 1348 1121 1405 quam
1153 1332 1292 1387 Deus
1317 1329 1546 1402 superne
1585 1330 1682 1401 ipsi
1721 1332 1984 1432 attribuit:
2017 1331 2148 1385 Nam

576 1411 642 1492 is,
669 1427 757 1496 qui
801 1425 877 1480 sic
915 1425 1202 1487 moriatur,
1241 1422 1398 1477 etiam
1429 1431 1547 1491 post
1587 1430 1809 1477 murtam
1845 1423 2011 1492 possit
2037 1438 2153 1478 om-

577 1515 918 1585 nesjuvare;
949 1512 1038 1583 qui
1072 1527 1198 1568 vero
1237 1511 1376 1566 hunc
1416 1512 1652 1566 ordinem
1690 1512 2002 1583 dereliquit,
2043 1529 2148 1567 non

577 1609 734 1665 modo
779 1616 899 1676 post
940 1616 1168 1661 mortem
1211 1605 1407 1659 nemini
1446 1604 1677 1673 profuit,
1722 1605 1815 1660 sed
1871 1606 2028 1660 etiam
2070 1606 2150 1658 vi-

575 1716 704 1756 vens
746 1700 938 1754 multos
984 1714 1049 1753 ex
1087 1698 1312 1751 subditis
1355 1697 1626 1751 molliores
1669 1695 1875 1762 effecit,
1919 1706 1972 1751 et
2011 1693 2148 1765 apud

573 1802 784 1847 exteros
847 1789 1212 1858 vituperabilis
1256 1787 1612 1856 ridiculusque
1652 1796 1776 1841 est:
1829 1787 2148 1856 insuperque

574 1883 699 1937 hinc
735 1879 1028 1936 abscedens
1065 1877 1231 1932 multo
1271 1892 1393 1932 cum
1441 1875 1701 1930 dedecore
1724 1889 2044 1937 aemterore
2081 1875 2146 1929 ad

571 1972 765 2029 Christi
818 1969 1045 2024 tribunal
1091 1969 1336 2033 sistetur,
1370 1967 1507 2020 unde
1557 1966 1728 2035 ipsum
1784 1967 1836 2021 in
1881 1967 2148 2020 fornacem

572 2064 834 2118 abducant
863 2070 1150 2130 potestates
1177 2059 1242 2113 ad
1275 2059 1324 2112 id
1352 2059 1640 2127 deputatze.
1672 2057 2028 2125 Quamobrem
2059 2073 2149 2112 sa-

573 2156 726 2226 piens
753 2153 966 2224 quidam
1001 2159 1215 2217 monet,
1245 2149 1328 2204 Ne
1353 2151 1573 2219 accipias
1600 2151 1780 2220 faciem
1803 2160 1979 2204 contra
2007 2162 2148 2206 tuam

570 2250 789 2303 animum
823 2243 1018 2320 (Eccli.
1049 2246 1103 2300 4.
1145 2245 1216 2300 26
1238 2245 1280 2315 ).
1321 2245 1472 2311 Quod
1504 2247 1548 2299 si
1577 2246 1689 2300 viro
1731 2246 1920 2316 injuria
1957 2245 2148 2302 affecto

572 2356 678 2394 non
709 2348 876 2394 tntum
910 2347 993 2393 est
1014 2337 1385 2400 dissimulare,
1417 2335 1527 2405 qui,
1556 2336 1764 2390 violatis
1802 2337 1890 2390 Dei
1923 2336 2144 2405 legibus,

570 2440 709 2486 tacet
732 2445 794 2485 ac
824 2429 1058 2500 negligit,
1077 2443 1184 2498 quo
1209 2428 1467 2497 supplicio
1495 2426 1686 2496 dignus
1715 2427 1822 2482 non
1851 2428 1986 2482 erit?
2012 2426 2146 2482 Cum

571 2522 654 2577 his
680 2521 838 2578 etiam
869 2519 1008 2574 aliud
1032 2559 1047 2583 ,
1074 2519 1161 2573 his
1201 2534 1305 2572 non
1345 2518 1520 2572 minus
1550 2517 1745 2572 bonum
1769 2559 1784 2583 ,
1813 2533 1910 2572 nos
1935 2517 2111 2573 docuit
2128 2558 2145 2586 ,

567 2622 813 2683 oportere
845 2611 1046 2666 scilicet
1088 2623 1352 2680 quemque
1395 2623 1492 2663 suo
1530 2608 1674 2678 fungi
1715 2609 1911 2673 officio,
1941 2610 2146 2664 etiamsi

566 2706 770 2760 nullam
794 2704 915 2758 inde
937 2703 1141 2756 lucrum
1170 2700 1234 2754 ad
1263 2700 1394 2754 alios
1413 2709 1628 2754 emanet
1660 2717 1672 2754 :
1703 2715 1873 2768 neque
1893 2702 2034 2755 enim
2059 2701 2147 2757 ille

565 2795 833 2864 quidpiam
854 2808 920 2848 ex
948 2791 1198 2861 loquendi
1220 2790 1469 2845 libertate
1496 2790 1561 2843 ad
1593 2788 1930 2859 Imperatoris
1952 2792 2146 2844 utilita-

567 2898 670 2947 tem
697 2888 930 2943 lucratus
952 2893 1077 2948 est;
1105 2891 1335 2938 attamen
1365 2882 1508 2953 quod
1548 2896 1710 2953 penes
1738 2897 1796 2938 se
1820 2892 1938 2937 erat
1977 2892 2144 2937 totum

565 2976 821 3048 implevit,
846 2991 907 3030 ac
929 2974 1059 3029 nihil
1083 2975 1348 3044 reliquum
1373 2973 1518 3028 fecit.

634 3067 940 3138 Martyrium
963 3067 1123 3121 meti
1148 3064 1376 3136 Babgla.
1409 3095 1482 3106 --
1515 3066 1614 3132 Qui
1641 3075 1816 3119 autem
1853 3063 2039 3119 morbo
2069 3063 2146 3118 la-

563 3159 804 3224 borabat,
829 3158 1126 3228 arrogantia
1143 3171 1236 3210 sua
1259 3156 1474 3211 artificis
1500 3156 1738 3224 peritiam
1761 3155 1998 3210 inutilem
2024 3157 2147 3210 red-

562 3251 695 3305 didit
717 3289 732 3313 ,
761 3231 956 3318 ingenti
993 3259 1113 3301 cum
1161 3246 1339 3300 furore
1381 3245 1826 3300 medicamentum
1865 3259 1896 3299 e
1925 3245 2145 3301 vulnere

563 3353 864 3399 removens.
894 3341 968 3394 Ac
989 3340 1033 3393 si
1052 3338 1199 3393 enim
1224 3337 1480 3391 nonsatis
1505 3344 1645 3391 esset
1671 3351 1857 3391 necem
1883 3345 2141 3406 patrasse,

562 3441 616 3488 et
640 3434 694 3486 in
722 3430 974 3499 templum
1005 3429 1096 3483 Dei
1123 3427 1459 3497 impudenter
1485 3427 1753 3494 insiliisse,
1780 3426 1917 3482 caedi
1941 3428 2143 3483 caedem

561 3522 782 3576 alteram
824 3519 1050 3589 adjecit,
1083 3526 1137 3572 et
1178 3531 1240 3571 ac
1282 3517 1325 3570 si
1362 3517 1715 3572 contenderet
1755 3518 2142 3588 posterioribus

561 3613 739 3682 priora
764 3621 1015 3678 superare
1038 3649 1052 3670 ,
1082 3623 1144 3663 ac
1182 3607 1546 3676 praecedentes
1572 3608 1789 3662 morbos
1813 3608 2142 3678 subsequen-

560 3706 692 3762 tium
728 3701 1086 3773 magnitudine
1112 3701 1398 3755 obscurare
1424 3700 1441 3768 (
1465 3699 1586 3754 talis
1608 3700 1806 3770 quippe
1827 3710 1910 3755 est
1945 3701 2139 3756 diaboii

560 3795 786 3859 insania,
812 3803 870 3848 ut
902 3792 1170 3847 contraria
1200 3791 1356 3845 simul
1399 3791 1585 3860 paret)
1618 3791 1742 3846 :rsie
1768 3793 1982 3863 utrique
2004 3794 2135 3848 credi

562 3885 614 3941 id
637 3884 888 3940 eximium
918 3881 1099 3945 dedit,
1130 3889 1188 3935 ut
1223 3881 1625 3950 congruentiam
1646 3881 1932 3951 quamdam
1957 3894 2140 3937 mutuo

561 3957 839 4032 haberent.
870 3974 936 4028 Et
969 3981 1087 4028 erat
1111 3973 1325 4042 quidem
1357 3971 1502 4040 prior
1529 3973 1678 4041 pueri
1703 3971 1878 4027 caedes
1915 3975 2138 4029 misera-

561 4068 719 4124 bilior
737 4064 992 4128 secunda,
1013 4064 1250 4120 secunda
1273 4078 1400 4141 vero.
1415 4063 1720 4119 sceleratior
1737 4064 1930 4133 priore,
1952 4078 2142 4134 nempe

560 4158 729 4215 sancti
760 4155 995 4227 Babyiae.
1034 4154 1222 4209 Anima
1262 4153 1461 4223 quippe
1497 4169 1618 4224 quae
1657 4157 1827 4208 semel
1865 4165 2139 4226 peccatum

559 4248 855 4320 degustavit
923 4260 990 4301 ac
1011 4259 1169 4300 sensu
1198 4252 1366 4310 caret,
1394 4245 1616 4300 multum
1640 4245 1820 4315 adjicit
1847 4247 2034 4302 morbo
2062 4248 2143 4302 in-

560 4347 910 4394 crementum.
935 4335 1003 4390 Et
1030 4334 1478 4406 quemadmodum
1501 4337 1728 4392 scintilla
1751 4338 1804 4392 in
1824 4339 2138 4394 immensam

559 4430 840 4485 materiam
872 4428 1112 4484 incidens
1141 4427 1280 4497 quod
1303 4430 1537 4484 occurrit
1557 4430 1734 4484 statim
1762 4430 2012 4496 incendit,
2043 4446 2140 4488 ne-

559 4536 664 4591 que
683 4521 770 4575 hie
791 4530 969 4576 tamen
990 4519 1256 4586 consistit,
1280 4519 1372 4574 sed
1402 4519 1543 4591 quod
1569 4520 1832 4591 reliquum
1855 4532 1933 4578 est
1957 4524 2136 4579 statim

559 4613 861 4680 consumit,
898 4620 955 4666 et
998 4619 1198 4681 quanto
1235 4611 1385 4680 plura
1430 4613 1640 4668 amma
1684 4614 2134 4684 apprehenderit,

560 4712 710 4757 tanto
733 4701 990 4771 majorem
1022 4702 1127 4757 vim
1163 4702 1355 4773 accipit
1378 4702 1445 4758 ad
1471 4704 1795 4774 reliquorum
1823 4706 2134 4776 perniciem,

558 4792 1115 4862 deprchensorumque
1156 4791 1417 4863 lignorum
1455 4793 1608 4863 capia
1649 4794 1714 4850 iis
1756 4810 1874 4866 quae.
1903 4811 2026 4852 mox
2056 4797 2136 4852 in-

559 4883 878 4939 ammanda
902 4893 1027 4938 sunt
1056 4884 1308 4940 insidiosa
1327 4884 1524 4953 evadit,
1555 4885 1769 4941 amma
1794 4887 1862 4942 iis
1884 4897 2003 4957 quae
2023 4889 2133 4959 jam

556 4983 802 5046 (30!?er
830 4983 954 5030 sunt
976 4989 1189 5046 semper
1212 4991 1270 5030 se
1285 4986 1523 5031 armante
1552 4987 1736 5032 contra
1765 4992 1829 5033 ea
1863 4993 1983 5049 qua:
2011 4995 2135 5035 mox

555 5066 911 5135 corripientur
932 5083 946 5117 :
969 5067 1047 5121 sic
1067 5081 1127 5121 se
1148 5065 1306 5122 habet
1324 5075 1378 5122 et
1399 5068 1600 5137 peccati
1623 5079 1832 5133 natura,
1849 5069 1938 5124 ubi
1959 5086 2134 5140 quam-

554 5158 676 5211 dam
707 5157 897 5211 nimze
927 5159 1300 5228 cogitationem
1331 5160 1706 5228 occupaverit,
1733 5175 1830 5215 nec
1855 5167 2132 5232 quisquam

554 5253 638 5301 est
660 5248 756 5318 qui
783 5247 983 5305 malum
1011 5250 1344 5319 exstinguat,
1375 5249 1596 5304 ulterius
1623 5266 1898 5320 progressa
1923 5256 2134 5322 gravior

554 5346 607 5391 et
638 5338 806 5406 magis
838 5337 1100 5394 indomita
1143 5338 1370 5393 efcitur
1400 5356 1412 5392 :
1443 5339 1668 5408 ideoque
1697 5341 1985 5409 posteriora
2017 5345 2130 5412 ple-

555 5442 778 5497 rumque
797 5437 1015 5497 peccata
1039 5428 1293 5484 validiora
1315 5429 1462 5485 fuere
1483 5429 1771 5500 prioribus,
1791 5432 1962 5486 anima
1985 5442 2129 5488 Sem-

558 5535 654 5589 per
675 5521 1026 5587 posteriorum
1057 5523 1359 5578 accessione
1385 5523 1450 5578 ad
1489 5523 1746 5595 majorem
1775 5527 2128 5595 arrogantiam

673 5630 944 5700 consueui.
973 5641 1024 5684 et
1036 5633 1182 5697 ,Savil.
1202 5635 1250 5684 in
1286 5647 1460 5698 marg,
1485 5636 1646 5686 anima
1663 5634 1839 5700 quippe
1862 5637 1926 5686 ad
1944 5638 2126 5689 malum

549 5691 699 5742 semel
719 5690 963 5741 inclinata.

1315 311 1369 366 S.
1407 309 1685 368 JOANNIS

2248 313 2535 370 iRCJIIEP.
2576 315 3118 382 CONSTANTINOP.
3732 338 3804 394 53

2255 434 2310 480 et
2337 437 2700 500 contemptum
2740 434 2875 489 elata
2898 475 2914 500 ,
2943 451 3007 492 ac
3048 453 3143 508 per
3171 438 3286 496 iniec
3313 443 3419 498 vim
3459 460 3612 502 suam
3637 451 3843 513 dissol~

2254 525 2412 572 vente
2436 560 2450 584 ,
2481 523 2683 590 peccati
2709 538 2836 580 vero
2861 527 3025 582 robur
3047 530 3245 587 alente.
3276 534 3364 588 Sic
3391 537 3572 607 itaque
3598 541 3757 596 multi
3790 544 3844 598 in

2254 624 2414 666 omne
2462 623 2797 682 peccatorum
2846 633 3013 688 genus
3063 639 3170 678 non
3213 626 3554 684 advertentes
3601 633 3844 705 prolapsi

2255 711 2400 769 sunt,
2423 706 2544 774 quia
2570 707 2839 765 flammam
2859 712 3009 768 initio
3033 731 3138 770 non
3162 722 3556 777 restinxerunt;
3578 726 3651 780 ita
3679 729 3848 784 miser

2256 791 2348 847 ille
2371 796 2612 862 graviora
2638 800 2906 868 prioribus
2932 807 3225 874 posteriora
3253 811 3514 880 adjunxit.
3543 816 3845 889 Postquam

2254 884 2395 938 enim
2418 886 2668 955 juvenem
2699 891 2844 946 illum
2883 908 3217 966 peremerat,
3250 915 3279 952 a
3309 903 3456 958 caede
3496 906 3564 960 ad
3591 907 3847 966 inferen-

2254 973 2375 1028 dam
2404 979 2600 1047 templo
2629 979 2874 1050 injuriam
2915 1001 3227 1057 progressus
3266 1002 3384 1058 est,
3415 1009 3479 1049 ac
3517 1012 3707 1055 rursus
3742 1001 3849 1058 hac

2256 1064 2337 1118 via
2379 1069 2706 1134 procedens,
2751 1073 2817 1126 ad
2850 1081 3210 1146 armgantiam
3250 1093 3436 1138 contra
3474 1088 3848 1148 sacerdotium

2254 1344 2499 1401 repetens
2521 1379 2538 1403 ,
2566 1354 2796 1412 eumque
2832 1361 2952 1400 eum
3001 1350 3124 1406 ideo
3161 1353 3412 1410 admirari
3434 1344 3750 1423 ,-coronare
3789 1377 3848 1420 et

2256 1422 2372 1488 plus
2393 1466 2408 1491 ,
2435 1441 2592 1494 quam
2639 1444 2913 1501 parentes,
2955 1437 3219 1506 honorare
3237 1457 3527 1515 oporteret,
3562 1455 3848 1510 malefico-

2253 1528 2370 1567 rum
2406 1533 2542 1595 eum
2601 1523 2784 1580 subire
2836 1528 3040 1586 vincula
3097 1535 3535 1611 vinculorumque
3590 1545 3847 1604 miserias

2251 1608 2442 1675 coegit.

2327 1700 2413 1755 10.
2447 1705 2534 1759 Sic
2557 1747 2572 1766 ,
2613 1712 3059 1777 quemadmodum
3087 1719 3363 1790 dicebam,
3391 1727 3670 1786 subortum
3704 1748 3841 1803 pec-

2253 1805 2462 1862 catum,
2497 1801 2707 1856 nemine
2732 1804 3045 1871 prohibente
3077 1825 3143 1865 ne
3170 1815 3236 1867 ad
3265 1817 3510 1876 ulteriora
3541 1801 3843 1893 progrede-

2254 1894 2419 1951 retur,
2441 1888 2677 1946 cohiberi
2720 1905 2901 1962 postea
2926 1905 3292 1975 continerique
3321 1925 3426 1965 non
3455 1888 3676 1982 potest:
3710 1930 3843 1986 per-

2255 1974 2378 2031 inde
2412 1987 2570 2048 atque
2612 1985 2731 2054 equi
2764 1985 3036 2056 furentes,
3070 1974 3283 2063 rejectis
3317 2015 3350 2053 e
3377 1974 3603 2071 corpore
3631 2006 3804 2066 frenis
3824 2051 3840 2077 ,

2253 2067 2596 2138 excussisque
2622 2077 2923 2136 sessorjbus
2952 2096 3014 2136 ac
3038 2087 3246 2153 supinis
3281 2090 3425 2145 humi
3465 2095 3666 2151 relictis
3686 2139 3703 2164 ,
3740 2115 3844 2156 oc-

2251 2163 2584 2216 currentibus
2608 2167 2894 2224 admodum
2921 2175 3126 2230 molesti
3157 2189 3313 2244 sunt,
3339 2186 3662 2257 nemineque
3689 2163 3843 2245 cohi-

2253 2245 2413 2305 bente
2431 2292 2446 2316 ,
2482 2253 2678 2324 impetu
2704 2264 2894 2316 sesein
2921 2268 3210 2337 pmcipitia
3233 2275 3540 2342 conjiciunt,
3571 2245 3701 2336 ideo
3721 2287 3843 2338 ani-

2251 2355 2368 2396 mas
2404 2342 2706 2414 hujusmodi
2733 2354 2922 2410 salutis
2948 2368 3145 2416 nostrae
3183 2363 3430 2423 inimicus
3472 2371 3526 2433 in
3570 2371 3840 2433 insaniam

2251 2432 2484 2505 conjicit.
2514 2453 2571 2495 ut
2587 2455 2685 2496 eas
2713 2443 2954 2504 desertas
2973 2493 2987 2514 ,
3016 2455 3228 2511 nemine
3252 2472 3471 2517 curante
3491 2503 3509 2529 ,
3537 2469 3844 2538 corripiens

2250 2522 2554 2594 disperdat,
2579 2542 2634 2587 et
2658 2534 2953 2594 innumeris
2971 2543 3270 2603 circumdet
3297 2552 3466 2606 malis.
3500 2522 3715 2614 Etenim
3744 2565 3841 2632 qui

2250 2628 2475 2684 corpore
2501 2621 2775 2693 laborant,
2807 2631 2975 2686 donec
3005 2636 3241 2693 medicus
3270 2655 3330 2696 se
3356 2644 3504 2701 adire
3527 2621 3838 2721 patiuntrir,

2250 2719 2492 2777 magnam
2519 2714 2705 2772 salutis
2727 2733 2873 2788 spem
2901 2722 3131 2792 habent;
3165 2745 3285 2786 cum
3319 2751 3444 2789 vero
3471 2714 3842 2809 inplirenesin

2252 2796 2386 2866 lapsi
2427 2802 2663 2859 calcibus
2702 2808 2963 2878 impetuut
3003 2819 3360 2891 mordentque
3397 2843 3491 2882 eos
3519 2796 3840 2902 {qui

2249 2887 2436 2943 morbo
2475 2905 2664 2949 eruere
2690 2900 2899 2966 volunt,
2939 2912 3050 2960 tum
3096 2923 3225 2966 sane
3265 2887 3628 2978 incara'biliter
3661 2942 3840 2996 aegro

2249 2983 2361 3031 tant
2379 2987 2529 3045 ,non
2554 2991 2659 3040 tam
2687 2988 2759 3043 ob
2785 2996 2956 3048 morbi
2984 3009 3230 3056 naturam
3256 3046 3271 3070 ,
3299 3021 3456 3076 quam
3482 3014 3605 3081 quia
3633 2983 3841 3076 deserti

2250 3063 2465 3170 fuerunt
2485 3071 2554 3126 ab
2582 3074 2647 3129 iis
2666 3117 2681 3138 ,
2710 3079 2798 3146 qui
2829 3080 2973 3148 ipsos
2997 3101 3026 3138 a
3051 3087 3231 3147 furore
3258 3063 3838 3170 liberarejpoiuisvsmii:

2248 3154 2305 3209 In
2346 3173 2504 3227 quem
2546 3162 2783 3222 furorem
2823 3169 2944 3240 hic,
2986 3177 3053 3231 de
3076 3194 3182 3249 quo
3221 3154 3526 3255 loquimur:

2247 3247 2319 3301 cit
2344 3267 2357 3303 :
2381 3257 2766 3322 comprehenso
2786 3277 3015 3336 namque
3034 3247 3242 3328 medico
3256 3317 3272 3342 ,
3299 3277 3425 3333 dum
3447 3284 3641 3340 vulnus
3661 3247 3840 3348 adliuc

2249 3354 2491 3422 secaret,
2520 3371 2643 3412 eum
2671 3363 2850 3418 statim
2888 3369 3130 3437 expulit,
3161 3383 3216 3429 et
3241 3389 3269 3429 a
3299 3378 3458 3434 domo
3477 3397 3635 3453 quam
3665 3393 3840 3457 potuit

2248 3443 2556 3518 largissime
2583 3458 2779 3526 exegit.
2809 3457 3130 3535 Licebatque
3150 3467 3238 3524 hic
3265 3443 3703 3535 Herodis-drama
3729 3443 3839 3540 non

2244 3542 2449 3592 tantum
2477 3543 2694 3599 auribus
2721 3549 3016 3618 percipere,
3048 3556 3141 3610 sed
3162 3573 3344 3617 coram
3373 3565 3558 3634 majori
3586 3584 3710 3624 cum
3737 3588 3836 3642 pe-

2248 3627 2467 3683 tulantia
2519 3644 2729 3701 gestum
2779 3651 3023 3708 spectare
3056 3663 3070 3700 :
3103 3649 3224 3717 quia
3280 3651 3411 3707 illud
3455 3627 3656 3725 vniajori
3709 3627 3838 3718 cum

2245 3723 2604 3780 ostentatione
2632 3739 2687 3782 et
2712 3744 2967 3799 apparatu
2994 3736 3238 3794 diabolus
3269 3743 3320 3796 in
3346 3745 3528 3801 mundi
3552 3723 3835 3810 theatrum

2246 3813 2434 3868 iterum
2466 3816 2707 3885 induxit,
2735 3837 2833 3891 pro
2859 3829 3126 3883 tetrarcba
3153 3846 3434 3898 personam
3476 3837 3828 3908 Imperatoris

2243 3906 2595 3975 constituens,
2618 3921 2674 3965 et
2697 3927 2794 3981 pro
2816 3930 2917 3969 una
2939 3932 3098 3974 causa
3116 3921 3310 3991 duplex
3336 3927 3413 3981 rei
3431 3906 3832 4005 argumentum,

2245 3993 2337 4049 illo
2363 3995 2518 4067 longe
2549 4002 2752 4069 turpius
2775 4045 2790 4067 ,
2820 4007 3094 4077 prmbens;
3130 4012 3202 4064 ita
3232 4024 3289 4069 ut
3312 4030 3416 4072 non
3448 3993 3675 4080 numero
3703 3993 3833 4082 tan:

2247 4093 2356 4138 tum
2381 4127 2399 4150 ,
2429 4089 2525 4143 sed
2552 4089 2664 4158 ipsa
2691 4106 2907 4165 quoque
2931 4112 3110 4154 rerum
3142 4114 3329 4160 natura
3362 4111 3617 4180 tragmdia
3660 4117 3835 4174 multo

2245 4176 2501 4248 insigniur
2528 4193 2693 4237 esset.
2712 4183 2828 4240 Non
2855 4189 2997 4243 enim
3028 4189 3113 4245 hic
3130 4195 3270 4250 sicut
3294 4196 3404 4252 illic
3432 4176 3630 4270 nuptiae
3656 4205 3835 4262 viola-

2243 4267 2438 4324 bantur
2455 4313 2472 4335 ,
2502 4287 2671 4343 neque
2695 4292 2760 4330 ex
2787 4276 3062 4350 illegitimo
3082 4283 3225 4338 coitu
3249 4326 3265 4350 ,
3295 4287 3390 4343 sed
3427 4267 3832 4358 exscelestiori

2245 4363 2461 4430 puerilis
2493 4365 2655 4419 cmdis
2684 4366 3088 4436 inquinamento
3111 4413 3126 4436 ,
3154 4388 3220 4430 ex
3252 4379 3530 4448 tyrannide
3559 4385 3830 4443 crudelis-

2244 4453 2400 4518 sima,
2429 4463 2484 4508 et
2511 4470 2582 4519 ex.
2612 4458 2913 4529 iniquitate,
2946 4477 3053 4517 non
3091 4464 3145 4518 in
3174 4477 3422 4536 uxorem,
3451 4470 3547 4526 sed
3577 4473 3631 4528 in
3655 4475 3829 4546 ipsam

2242 4545 2643 4603 sanctimoniam
2675 4551 2936 4619 exhibita,
2963 4552 3101 4610 hanc
3127 4555 3405 4614 historiam
3442 4545 3712 4634 malignus
3736 4567 3831 4626 ille

2244 4635 2438 4688 texuit.
2466 4635 2755 4706 Conjectus
2780 4643 2986 4711 ergoin
3015 4658 3289 4702 carcerem
3317 4647 3509 4706 beatus
3538 4653 3627 4709 ille
3650 4695 3666 4720 ,
3697 4673 3829 4727 gau-

2240 4725 2400 4781 debat
2426 4728 2638 4798 quidem
2663 4731 2730 4786 de
2764 4733 3008 4800 vinculis,
3041 4736 3371 4796 sed-dolebat
3393 4742 3462 4798 de
3492 4725 3827 4806 vinculorum

2240 4821 2473 4876 auctoris
2519 4823 2756 4892 pernicie
2785 4843 2799 4878 :
2843 4841 3015 4896 neque
3047 4829 3190 4883 enim
3229 4841 3408 4900 pater,
3439 4850 3613 4905 neque
3638 4840 3824 4909 paedo-

2242 4910 2400 4978 triba,
2421 4926 2544 4968 cum
2572 4914 2661 4969 ille
2680 4914 2746 4970 de
2773 4914 2863 4970 lilii
2883 4957 2898 4984 ,
2928 4916 3016 4973 hic
3043 4918 3111 4975 de
3137 4914 3380 4992 discipuli
3403 4922 3603 4996 agitio
3624 4929 3710 4985 vel
3733 4945 3828 4987 ca-

2241 5002 2476 5058 lamitate
2499 5004 2755 5060 clariores
2785 5007 3036 5075 evadunt,
3069 5024 3301 5069 nitet-ore
3325 5029 3546 5072 vacuam
3576 5021 3826 5090 volupta-

2241 5103 2346 5146 tem
2372 5108 2437 5148 ex
2462 5094 2547 5147 illa
2568 5095 2807 5151 claritate
2826 5098 3060 5168 capiunt.
3084 5101 3440 5168 Quamobrem
3467 5107 3656 5165 beatus
3683 5111 3823 5166 Pau-

2242 5181 2322 5235 lus
2359 5182 2646 5239 Corinthiis
2686 5187 2899 5243 dicebat
2928 5206 2941 5243 :
2971 5188 3191 5247 Oramus
3235 5206 3404 5251 autem
3435 5209 3494 5251 ut
3535 5201 3666 5256 nihil
3698 5206 3822 5258 ntali

2240 5273 2458 5345 faciatis,
2505 5293 2603 5331 non
2631 5287 2686 5332 ut
2727 5296 2818 5335 nos
2859 5285 3056 5351 probati
3095 5302 3430 5359 appareamns
3451 5331 3466 5357 ,
3511 5294 3601 5347 sed
3641 5305 3699 5348 ut
3734 5313 3821 5351 vos

2238 5365 2371 5432 quod
2401 5366 2591 5421 bonum
2619 5380 2691 5423 est
2721 5371 2919 5439 faciatis
2949 5388 2967 5426 :
2996 5390 3087 5428 nos
3129 5388 3299 5431 autem
3323 5389 3378 5432 ut
3416 5383 3613 5450 reprobi
3654 5386 3820 5443 simus

2239 5459 2313 5531 (2.
2341 5458 2466 5516 Cor.
2488 5461 2572 5516 15.
2603 5461 2680 5532 7).
2705 5463 2792 5519 Sic
2813 5464 2991 5536 itaque
3009 5467 3323 5524 admirando
3353 5471 3428 5526 illi
3452 5475 3564 5529 viro
3584 5480 3819 5546 optatior

2352 5637 2608 5715 lJnttS'OOd.
2646 5647 2770 5715 post,
2811 5642 3040 5705 necauit,
3066 5645 3222 5706 addit,
3268 5659 3418 5711 neque
3448 5662 3504 5700 eo
3529 5652 3685 5715 stetit,
3724 5662 3811 5708 sed

2235 5706 2450 5750 tantum
2470 5699 2625 5766 ferro,
2643 5699 2737 5750 etc.
