4082 6446
195 433 316 493 543

201 552 328 600 erat
354 536 598 610 discipuli
628 539 799 606 salus,
835 548 994 607 quam
1024 531 1257 589 carceris
1294 541 1537 591 merces;
1567 525 1798 596 optatius

201 637 359 696 item,
391 641 446 688 ut
475 631 770 700 discipulus
799 629 1120 698 resipiscens
1146 623 1230 677 his
1264 637 1386 676 eum
1421 618 1666 673 laudibus
1694 615 1804 686 pri-

199 733 421 788 vasset;
450 725 557 776 imo
585 723 783 790 potius,
814 730 873 774 ut
902 731 1122 787 prorsus
1149 715 1203 768 in
1233 715 1370 766 hanc
1397 706 1801 778 perversitatem

204 817 392 884 lapsus
442 829 548 868 non
597 819 759 866 esset.
803 809 998 865 Nolunt
1036 806 1179 860 enim
1223 803 1392 857 sancti
1432 812 1659 854 coronas
1700 798 1802 852 sibi

203 908 352 962 uec-ti
373 922 438 960 ex
466 905 655 958 alienis
681 900 1073 957 calamitatibus
1106 916 1120 952 :
1153 895 1293 968 quod
1321 894 1366 948 si
1392 893 1459 947 ab
1485 891 1674 946 alienis
1700 905 1802 944 no-

200 996 326 1054 lint.
354 994 525 1048 multo
549 1008 679 1048 sane
701 992 874 1046 minus
895 1006 923 1044 a
946 986 1366 1044 domesticorum
1392 983 1662 1037 aerumnis.
1691 980 1806 1048 Qua

203 1087 277 1140 de
300 1101 463 1140 causa
487 1086 675 1141 beatus
705 1083 868 1137 David
897 1091 1015 1152 post
1043 1091 1241 1147 tr0paea
1274 1086 1330 1131 et
1360 1075 1634 1130 victoriam
1667 1074 1808 1143 Iuge-

204 1177 301 1232 bat
323 1186 377 1231 et
396 1177 810 1246 lacrymabatur,
833 1173 974 1245 quod
999 1188 1060 1228 ca
1082 1187 1203 1226 cum
1228 1169 1319 1224 filii
1347 1167 1651 1224 calamitate
1675 1182 1806 1221 cou-

199 1271 395 1340 juncta
433 1277 577 1325 esset
609 1287 623 1324 :
655 1269 781 1338 quin
810 1278 866 1323 et
893 1267 1210 1322 exeuntibus
1248 1263 1472 1317 ducibus
1513 1261 1676 1316 multa
1713 1277 1807 1330 pro

208 1363 426 1434 tyranni
450 1361 617 1415 salute
646 1360 1007 1430 prmcipiebat,
1029 1367 1084 1413 et
1111 1373 1225 1423 eos,
1249 1357 1336 1424 qui
1362 1357 1534 1422 ipsum
1562 1354 1808 1409 occidere

208 1454 537 1522 cupiebant,
569 1453 650 1506 his
679 1452 856 1506 verbis
881 1450 1163 1506 cohibebat
1197 1467 1210 1501 :
1243 1448 1449 1503 Parcite
1478 1463 1632 1516 puero
1655 1446 1809 1500 Abes-

208 1543 378 1598 safom
426 1541 498 1615 (2.
535 1543 662 1613 Reg.
697 1542 782 1596 I8.
811 1529 866 1613 5)
899 1558 912 1595 :
941 1550 994 1596 et
1019 1549 1340 1609 prostratum
1367 1539 1598 1609 lugebat,
1627 1537 1807 1592 inimi-

210 1646 446 1701 cumque
483 1647 603 1686 cum
645 1631 930 1703 gemitibus
968 1641 1021 1684 et
1048 1630 1245 1684 amaris
1282 1629 1534 1699 Iacrymis
1565 1628 1807 1698 compel-

211 1721 380 1776 labat.

259 1811 420 1866 Pater
430 1813 707 1882 spiritualis
720 1812 973 1865 amantior
989 1810 1321 1879 prolis,quam
1341 1808 1808 1876 carnalis—Quod

211 1902 258 1955 si
287 1902 545 1955 naturalis
573 1912 728 1980 pater
753 1901 824 1955 ita
864 1902 1032 1972 prolis
1058 1915 1244 1953 amans
1276 1911 1356 1954 est
1383 1941 1398 1964 ,
1443 1900 1612 1953 multo
1642 1899 1810 1968 magis

211 1994 506 2062 spiritualis
539 2011 550 2046 :
581 1992 723 2062 quod
765 1993 907 2046 enim
949 1992 1244 2046 secundum
1274 1991 1522 2061 spiritum
1560 2000 1808 2059 parentes

211 2085 420 2155 prolem
444 2085 610 2158 magis
637 2092 843 2148 curent,
871 2099 1028 2153 quam
1057 2083 1090 2136 ii
1116 2083 1204 2151 qui
1227 2081 1522 2136 secundum
1553 2095 1800 2145 carnem,

211 2177 339 2231 audi
362 2177 579 2231 Paulum
605 2175 892 2240 dicentem,
927 2175 1051 2239 Quis
1076 2175 1386 2242 inﬁrmatur,
1415 2183 1460 2225 et
1488 2189 1577 2242 ego
1607 2189 1707 2225 non
1729 2172 1810 2224 in-

212 2267 431 2337 ﬁrmor?
449 2269 560 2337 quis
589 2267 987 2332 scandalizatur,
1020 2275 1067 2318 et
1093 2282 1183 2336 ego
1213 2282 1313 2318 non
1343 2281 1464 2317 uror
1490 2262 1566 2333 (9..
1592 2264 1803 2317 Cor.il.

211 2359 480 2431 Q9)?Sed
525 2359 628 2414 hoc
667 2359 878 2429 quidem
922 2359 1279 2429 aequalitatem
1317 2358 1472 2410 nobis
1511 2371 1810 2424 repraesen-

212 2460 290 2504 tat
319 2467 332 2503 :
366 2451 510 2520 atqui
545 2451 628 2504 vix
658 2459 836 2519 patres
865 2448 1001 2504 hanc
1029 2464 1214 2503 vocem
1251 2448 1527 2510 emittant,
1562 2447 1656 2502 sed
1683 2462 1810 2501 con-

211 2543 434 2598 cedatur
479 2551 658 2596 tamen
713 2556 950 2611 eousque
995 2541 1114 2595 illos
1164 2540 1421 2594 accedere
1466 2557 1477 2591 :
1517 2538 1626 2608 jam
1667 2538 1807 2608 quod

214 2635 388 2702 majus
415 2643 496 2688 est
519 2633 775 2688 exhibere
796 2643 878 2687 est
904 2648 1058 2701 Opus.
1088 2631 1368 2709 Undenam
1401 2629 1809 2684 exhibebimus?

214 2724 295 2781 Ex
326 2726 453 2794 ipsis
484 2726 679 2780 iterum
707 2725 1022 2789 visceribus,
1057 2731 1217 2792 atque
1244 2739 1307 2778 cx
1338 2723 1657 2792 legislatoris
1686 2738 1808 2776 ver-

215 2817 319 2872 bis.
345 2819 435 2873 IlIe
455 2834 583 2872 vero
613 2817 737 2887 quid
762 2817 938 2872 dicit?
965 2816 1026 2870 Si
1055 2816 1282 2869 remittas
1312 2816 1385 2869 eis
1415 2823 1695 2880 peccatum.
1725 2831 1808 2867 re-

213 2912 394 2974 mitte;
437 2913 516 2964 sin
571 2912 759 2974 minus,
811 2909 922 2963 dele
951 2927 1048 2962 -me
1092 2909 1155 2963 de
1195 2909 1322 2963 libro
1371 2927 1517 2980 quem
1564 2895 1810 2970 scripsisti

215 3002 414 3072 (Exod.
447 3002 534 3057 '52.
557 3004 645 3056 51.
674 3003 788 3072 52).
820 3001 1008 3056 Nullus
1041 3017 1167 3057 vero
1202 3012 1370 3069 pater,
1403 3004 1486 3056 cui
1515 3002 1810 3056 innumeris

216 3093 319 3147 frui
349 3094 502 3146 bonis
532 3094 762 3148 liberum
791 3093 894 3157 sit,
927 3107 1046 3146 cum
1076 3093 1257 3146 liberis
1287 3078 1811 3161 supplicium-subire

215 3184 448 3238 voluerit
471 3203 484 3239 :
505 3184 794 3254 Apostolus
821 3200 951 3238 vero
971 3227 985 3248 ,
1014 3192 1199 3254 utpote
1241 3185 1292 3238 in
1323 3185 1495 3254 gratia
1527 3195 1769 3239 versatus
1794 3227 1807 3248 ,

217 3284 496 3347 paternum
521 3277 825 3346 hujusmodi
849 3276 1118 3337 affectum,
1147 3286 1364 3346 propter
1385 3277 1675 3339 Christum,
1701 3294 1811 3332 ma.

216 3366 387 3436 iorem
409 3367 641 3421 exhibet.
672 3367 786 3421 Non
821 3368 962 3420 enim
991 3382 1108 3420 cum
1133 3369 1264 3436 ipsis
1292 3383 1477 3437 pinnas
1506 3369 1634 3423 dare
1667 3371 1812 3425 vole-

218 3459 312 3516 bat
333 3470 390 3514 ut
417 3460 534 3525 ille;
567 3460 659 3515 sed
690 3468 747 3514 ut
773 3460 861 3513 alii
886 3459 1111 3513 salutem
1144 3461 1398 3529 consequi
1430 3470 1668 3529 possent,
1701 3464 1813 3532 ipse

220 3554 324 3608 sibi
366 3553 659 3623 perniciem
688 3552 1006 3622 precabatur
1043 3553 1123 3605 his
1153 3553 1330 3606 verbis
1360 3571 1371 3604 :
1407 3553 1656 3622 Optabam
1683 3572 1813 3606 ana-

221 3650 392 3699 thema
419 3661 525 3699 esse
563 3662 594 3698 a
625 3644 824 3698 Christo
851 3660 940 3713 pro
965 3646 1208 3715 fratribus
1241 3646 1361 3696 meis
1384 3687 1397 3707 ,
1431 3647 1658 3715 cognatis
1694 3648 1814 3699 meis

221 3738 498 3792 secundum
540 3754 741 3791 carnem
772 3736 947 3809 (Rom.
992 3737 1042 3791 9.
1081 3735 1157 3806 5).
1204 3737 1370 3790 Tanta
1406 3739 1768 3791 misericordia
1796 3781 1810 3804 ,

221 3839 402 3884 tantus
443 3829 666 3884 affectus
706 3844 871 3899 penes
905 3839 1122 3883 sanctos
1158 3838 1258 3884 est.
1302 3829 1478 3896 Quare
1517 3841 1571 3884 et
1601 3831 1814 3902 Babylae

219 3923 424 3977 viscera
453 3924 620 3994 magis
644 3923 1120 3986 excruciabautur,
1153 3921 1294 3992 quod
1325 3923 1666 3992 Imperatoris
1698 3925 1811 3977 cxi-

223 4013 351 4068 tium
381 4014 515 4068 ultra
540 4029 753 4085 semper
777 4013 978 4068 intendi
1005 4023 1268 4068 cerneret.
1299 4012 1481 4081 Neque
1502 4015 1642 4067 enim
1678 4023 1814 4067 teni-

223 4105 294 4175 pli
320 4106 493 4165 solum
519 4120 677 4161 causa
704 4105 893 4159 dolens
923 4105 1037 4158 hinc
1063 4103 1282 4172 agebat;
1317 4103 1410 4158 sed
1441 4103 1596 4157 etiam
1623 4103 1814 4158 affectu

223 4215 346 4270 erga
385 4199 759 4268 Imperatorem
791 4197 1220 4253 induetus..Nam
1253 4196 1342 4267 qui
1381 4197 1616 4250 divinum
1665 4199 1818 4250 mini-

222 4293 444 4348 sterium
478 4291 795 4346 contumelia
820 4291 1002 4354 afficit,
1031 4292 1204 4360 ipsum
1235 4289 1451 4359 quidem
1483 4288 1613 4342 nihil
1638 4289 1779 4342 Izcdit
1799 4329 1814 4354 ,

223 4384 459 4452 seipsum
491 4399 619 4436 vero
647 4383 942 4436 innumeris
970 4383 1256 4449 complicat
1285 4381 1460 4434 malis.

297 4478 320 4530 1
340 4478 382 4531 l.
397 4473 616 4545 Babylas
633 4475 980 4538 obtruncatur;
997 4471 1140 4542 jubet
1152 4483 1352 4524 catenas
1374 4487 1486 4523 cum
1499 4486 1706 4540 corpore
1726 4487 1818 4523 suo

232 4566 469 4637 sepeliri:
505 4567 832 4635 reliquiarum
860 4568 1042 4618 cultus.
1075 4594 1147 4604 —
1171 4564 1510 4631 Quapropter
1554 4571 1702 4630 pater
1732 4563 1820 4616 ille

229 4661 396 4733 prolis
416 4675 620 4720 amans,
641 4657 1087 4713 contumeliosum
1113 4657 1258 4710 illum
1293 4657 1482 4709 iratum
1515 4670 1608 4719 per
1630 4656 1818 4723 prarci-

231 4755 354 4824 pitia
395 4753 518 4808 ferri
545 4767 790 4816 cernens,
825 4751 1037 4805 brutum
1083 4752 1338 4819 impetum
1381 4763 1633 4802 coercere
1675 4763 1822 4802 cura-

228 4845 338 4904 bat.
371 4859 471 4899 ceu
496 4842 780 4916 quemdam
813 4842 1065 4896 elfrenem
1089 4858 1282 4910 equum
1313 4856 1341 4893 a
1371 4856 1520 4908 tergo
1547 4840 1821 4894 deterrere

228 4938 596 5003 satagens.At
626 4949 730 5011 non
779 4934 1030 4987 sustinuit
1069 4933 1249 4987 infelix
1300 4933 1422 4995 ille,
1470 4933 1564 4986 sed
1610 4931 1821 4986 frenum

228 5029 518 5089 mordens,
561 5036 618 5082 ct
645 5026 947 5089 obsistens,
982 5041 1208 5094 seseque
1264 5027 1426 5080 furori
1475 5035 1529 5079 et
1567 5027 1820 5090 insaniae,

229 5121 396 5174 misso
419 5127 582 5172 recta:
614 5118 838 5171 rationis
861 5117 1062 5186 judicio
1083 5159 1097 5180 ,
1123 5116 1347 5179 deders,
1375 5117 1424 5168 in
1452 5116 1702 5170 barathra
1728 5132 1824 5169 ex.-

237 5227 424 5270 ircmze
455 5210 708 5281 perniciei
742 5226 860 5264 sese
891 5209 1140 5276 coniecit,
1175 5205 1586 5276 ετιῐιίτιυηιῳιοιο
1612 5223 1824 5262 carcere

230 5304 519 5364 uim-tum,
551 5301 614 5359 ad
645 5300 846 5354 caulem
898 5303 1131 5353 vinctum
1178 5298 1336 5367 jussit
1385 5298 1596 5351 abduci.
1656 5300 1825 5367 Atque

231 5395 316 5447 hic
347 5410 429 5456 ca,
462 5409 579 5463 qua:
607 5394 964 5448 cernebantur
992 5435 1006 5458 ,
1055 5393 1119 5445 iis
1165 5408 1284 5460 quzc
1328 5390 1523 5445 fiebant
1559 5393 1826 5447 contraria

232 5495 406 5542 erant.
439 5486 527 5540 Ille
558 5485 770 5556 quidem
799 5486 1008 5540 vinctus
1037 5485 1285 5539 omnibus
1312 5484 1466 5538 simul
1497 5485 1720 5538 vinculis
1743 5501 1829 5537 so-

233 5581 376 5634 lutus
404 5586 517 5632 erat
541 5619 556 5644 ,
600 5588 705 5632 tam
735 5578 944 5644 ferreis,
974 5592 1130 5647 quam
1168 5577 1286 5631 aliis
1335 5578 1693 5647 gravioribus,
1723 5577 1828 5631 sul-

234 5673 288 5727 1ἱ‹
306 5671 595 5728 itudinibus
621 5672 825 5725 scilicet
855 5682 1014 5740 atque
1041 5671 1313 5725 laboribus
1337 5712 1351 5736 ,
1395 5671 1620 5740 aliisque
1653 5671 1829 5724 omni-

235 5765 356 5827 bus,
380 5778 498 5832 qua:
530 5762 697 5816 nosin
729 5761 827 5814 hac
861 5762 1067 5815 mortali
1097 5761 1201 5815 vita
1233 5762 1668 5824 circumsistunt;
1703 5776 1832 5817 ροη-

239 5865 317 5909 tra
367 5855 454 5925 qui
497 5854 705 5910 solutus
755 5855 897 5910 ferro
947 5867 998 5910 ct
1050 5854 1330 5909 adamante
1361 5854 1638 5910 videbatur
1667 5893 1686 5921 ,
1713 5854 1832 5909 aliis

1031 418 1116 476 DE
1151 417 1211 476 S.
1243 413 1537 480 BABYLA,
1574 408 1852 468 CONTRA
1892 403 2231 465 JULIANUM
2272 405 2360 462 ΕΤ
2399 402 2756 464 οεΝτιιῑε.

3399 383 3504 438 550

1916 522 2075 592 longe
2116 521 2450 593 gravioribus
2493 519 2726 576 vinculis
2764 521 3089 575 constrictus"
3124 527 3276 587 erat,
3301 521 3506 576 catenis

1913 621 2254 682 peccatorum
2282 612 2509 673 vinctus.
2537 610 2682 666 ϐαιᾱί
2730 610 3000 680 proximus
3047 611 3128 664 vir
3173 611 3358 667 beatus
3383 626 3507 666 cum

1913 703 2057 757 ferro
2078 717 2274 770 corpus
2304 717 2458 769 suum
2489 701 2702 770 sepeliri
2730 700 3020 767 mandavit,
3049 702 3250 758 docens
3269 717 3355 769 ea,
3389 717 3509 772 quae

1916 780 2264 864 ignominiosa
2291 792 2570 857 videntur,
2601 807 2722 846 cum
2767 801 2986 862 propter
3025 790 3295 847 Christum
3341 792 3504 856 fiunt,

1918 882 2212 938 honorifica
2254 891 2310 937 et
2362 882 2638 952 splendida
2673 897 2793 938 esse
2816 923 2830 946 ,
2862 883 3260 953 patientcmque
3314 883 3509 937 nedum

1911 972 2193 1044 pudorem,
2221 972 2346 1027 hinc
2371 973 2596 1043 gloriam
2630 983 2945 1042 reportare:
2974 973 3073 1027 hac
3107 973 3233 1028 item
3273 973 3326 1027 in
3360 983 3510 1043 parte

1914 1065 2128 1118 beatum
2168 1063 2390 1118 Paulum
2427 1063 2686 1128 imitatus,
2710 1068 2802 1133 qui
2831 1063 2968 1118 ultro
2985 1063 3225 1135 citroque
3241 1065 3507 1134 stigmata,

1913 1154 2128 1208 vincula
2158 1195 2174 1220 ,
2221 1165 2468 1210 catenam
2501 1156 2786 1222 versabat,
2814 1155 3197 1225 gloriabundus
3241 1157 3510 1226 altumque

1913 1248 2126 1318 sapiens
2157 1250 2211 1302 in
2249 1249 2334 1314 iis,
2362 1264 2589 1319 quorum
2617 1250 2751 1303 alios
2783 1248 3023 1318 puderet.
3059 1249 3208 1318 Quod
3245 1260 3423 1306 autem
3452 1267 3514 1306 a-

1914 1342 2014 1397 Iios
2049 1343 2310 1412 puderet,
2368 1345 2541 1414 palam
2597 1343 2752 1398 nobis
2793 1343 2915 1398 fecit
2955 1359 3017 1397 ea
3046 1343 3380 1410 defensione,
3409 1355 3516 1415 qna‘

1913 1435 2052 1502 apud
2084 1436 2372 1506 Agrippam
2401 1451 2529 1491 usus
2571 1447 2672 1490 est.
2721 1435 2818 1489 Illo
2861 1452 3091 1507 namque
3138 1437 3390 1502 dicente,
3445 1437 3514 1492 In

1917 1529 2116 1582 modico
2166 1530 2349 1584 suades
2393 1547 2474 1584 me
2503 1529 2851 1587 Christianae:
2888 1531 3003 1598 ﬁeri
3031 1572 3047 1596 ,
3102 1531 3295 1587 Paulus
3337 1531 3511 1599 dixit,

1918 1618 2053 1690 Opto
2075 1621 2215 1694 apud
2236 1619 2400 1675 Deum
2426 1630 2472 1674 ct
2496 1623 2549 1676 in
2569 1623 2767 1678 modico
2792 1634 2838 1679 et
2864 1625 2918 1677 in
2947 1641 3154 1694 magno,
3192 1641 3290 1678 non
3316 1633 3512 1676 tantum

1915 1722 1982 1777 te,
2014 1713 2103 1766 sed
2150 1714 2298 1767 etiam
2336 1731 2419 1768 eos
2467 1716 2552 1784 qui
2585 1716 2772 1770 adsunt
2802 1733 2974 1770 omnes
3024 1717 3136 1786 ﬁeri
3177 1716 3510 1783 Christianos,

1913 1805 2134 1874 exceptis
2173 1805 2386 1860 vinculis
2408 1806 2486 1858 his
2510 1806 2661 1878 (Act.
2696 1807 2785 1862 26.
2817 1807 2908 1862 28.
2940 1807 3071 1878 29);
3113 1808 3253 1877 quod
3284 1824 3387 1862 non
3411 1807 3512 1863 ad-

1913 1894 2156 1965 jecissct,
2208 1896 2309 1950 nisi
2351 1897 2402 1951 id
2441 1898 2856 1968 ignominiosum
2899 1899 3082 1952 multis
3108 1898 3277 1954 visum
3307 1899 3511 1956 fuisset.

1927 1986 2116 2042 Sancti
2146 1988 2290 2042 enim
2323 1988 2606 2043 Dominum
2653 1999 2900 2044 amantes
2922 2031 2937 2055 ,
2970 2005 3235 2044 :crumnas
3277 2006 3375 2060 pro
3422 1991 3517 2046 illo

1916 2091 2108 2146 magna
2138 2092 2260 2131 cum
2288 2077 2564 2134 alacritate
2607 2079 2971 2149 suscipiebant
3005 2122 3020 2146 ,
3053 2075 3148 2148 per
3175 2096 3309 2150 quas
3352 2082 3514 2136 etiam

1915 2169 2148 2223 laetiores
2189 2170 2507 2224 evadebant.
2569 2171 2722 2226 Unde
2753 2172 2838 2225 hic
2884 2170 3098 2242 quidem
3160 2173 3268 2237 ait,
3301 2171 3513 2227 Gaudeo

1915 2260 1966 2312 in
2001 2261 2350 2331 aﬂiictionibus
2386 2263 2508 2316 meis
2539 2261 2556 2332 ί
2587 2262 2695 2316 Col.
2729 2263 2779 2316 l.
2809 2263 2880 2316 ‘24
2902 2263 2957 2332 );
2986 2263 3158 2318 Lucas
3182 2279 3312 2318 vero
3337 2263 3404 2319 de
3429 2280 3516 2320 re-

1914 2355 2059 2423 liquo
2141 2355 2503 2424 apostolorum
2581 2364 2722 2410 coetu
2789 2356 2976 2411 eadem
3041 2357 3152 2426 ipsa
3221 2357 3514 2427 loquitur:

1915 2462 2036 2500 nam
2066 2455 2184 2516 post
2211 2449 2374 2501 multa
2403 2448 2606 2518 flagella
2628 2448 2970 2516 recedebant,
2988 2449 3179 2517 inquit,
3201 2450 3514 2518 gaudentes,

1915 2541 2167 2609 quoniam
2198 2540 2343 2610 digni
2375 2541 2539 2594 habiti
2569 2549 2752 2594 essent
2779 2556 2874 2609 pro
2903 2540 3122 2594 nomine
3152 2540 3353 2595 Christi
3381 2556 3515 2596 con-

1917 2633 2187 2688 tumeliam
2219 2635 2324 2703 pati
2356 2635 2374 2703 (
2410 2635 2522 2687 Act.
2552 2633 2605 2688 5.
2637 2634 2700 2687 il
2737 2634 2781 2703 ).
2814 2632 2888 2686 Ne
2918 2634 3038 2702 quis
3075 2648 3205 2702 ergo
3231 2615 3511 2702 gentilium

1918 2736 2147 2794 putaret,
2173 2729 2467 2782 certamina
2499 2743 2595 2797 per
2616 2729 2721 2780 vim
2745 2743 2806 2781 ae
2832 2727 3204 2781 necessitatem
3227 2726 3511 2792 committi,

1916 2823 2030 2887 ipsa
2074 2821 2429 2874 certaminum
2483 2819 2724 2891 symbola
2763 2834 2882 2871 cum
2925 2833 3151 2888 corpore
3180 2832 3278 2872 suo
3301 2817 3515 2888 sepeliri

1913 2911 2093 2981 jussit,
2127 2911 2424 2967 ostendens
2449 2927 2510 2965 ea
2549 2912 2647 2965 sibi
2679 2909 2966 2966 admodum
3006 2919 3154 2981 grata
3187 2919 3240 2965 et
3267 2909 3514 2965 amabilia

1916 3016 2060 3066 esse,
2089 3003 2231 3072 quod
2282 3011 2427 3057 totus
2458 3001 2719 3072 penderet
2753 3016 2782 3055 a
2831 3002 3054 3056 caritate
3083 3000 3302 3056 Christi.
3338 3001 3406 3056 Et
3434 3001 3516 3071 ja-

1915 3104 2041 3150 ccnt
2087 3097 2249 3150 etiam
2293 3112 2432 3150 nunc
2456 3112 2577 3149 cum
2629 3096 2899 3150 cineribus
2937 3095 3265 3165 cciupcdes,
3316 3104 3372 3149 ut
3403 3111 3515 3149 mo-

1918 3197 2080 3242 neant
2108 3202 2297 3241 omnes
2350 3187 2714 3241 Ecelesiarum
2771 3185 3055 3257 priefectos
3084 3226 3099 3251 ,
3131 3187 3227 3240 etsi
3259 3185 3464 3239 vincula
3497 3228 3512 3250 ,

1917 3278 2119 3333 czndem
2149 3286 2204 3332 et
2241 3278 2498 3348 quzclibet
2526 3278 2626 3331 alia
2656 3277 2764 3347 pati
2791 3287 3036 3345 oporteat
3066 3318 3081 3342 ,
3114 3277 3292 3330 omnia
3323 3276 3516 3330 alacri-

1920 3379 2001 3423 ter
2025 3385 2088 3424 ac
2117 3385 2237 3423 cum
2271 3371 2543 3438 voluptate
2585 3370 2750 3423 multa
2800 3368 3108 3423 sustinenda
3149 3383 3268 3422 esse
3300 3410 3314 3430 ,
3359 3368 3430 3422 ita
3460 3378 3516 3422 ut

1920 3463 2286 3517 concreditum
2329 3464 2483 3517 nobis
2515 3463 2818 3516 libertatem
2866 3477 2933 3518 ne
2983 3462 3262 3516 minimum
3296 3462 3511 3531 quidem

1921 3554 2208 3622 prodamus
2234 3563 2323 3608 aut
2353 3553 2760 3609 dellecoremus.
2787 3553 2853 3607 Et
2877 3552 3089 3622 quidem
3116 3553 3203 3607 ille
3221 3553 3301 3606 vir
3329 3553 3518 3607 beatus

1921 3645 1989 3698 ita
2011 3644 2291 3713 splendide
2317 3646 2477 3698 vitam
2508 3644 2718 3698 clausit.
2757 3644 2912 3698 Putat
2960 3643 3095 3698 forte
3129 3644 3393 3714 quispiam
3419 3660 3518 3701 nos

1923 3737 2004 3788 his
2035 3736 2224 3791 orandi
2266 3738 2423 3790 linem
2471 3735 2704 3789 facturos
2735 3750 2877 3800 esse,
2906 3751 3025 3788 cum
3057 3746 3174 3805 post
3206 3736 3326 3789 vita:
3357 3736 3516 3791 finem

1923 3826 2060 3879 nulla
2089 3828 2158 3880 sit
2189 3826 2617 3896 reliqnawirtutis
2647 3840 2979 3895 operumque
3006 3827 3239 3891 occasio,
3259 3827 3516 3896 quemad-

1923 3917 2137 3970 modum
2169 3932 2266 3970 ncc
2294 3916 2511 3970 athletis
2554 3926 2744 3970 exacto
2773 3917 3126 3970 certaminum
3164 3926 3406 3987 tempore
3423 3935 3519 3973 co-

1922 4023 2083 4062 ronas
2113 4019 2326 4062 nectere
2358 4009 2497 4060 lieet.
2547 4007 2738 4060 Verum
2801 4008 2851 4060 id
2881 4007 3109 4076 gentiles
3155 4009 3369 4078 quidem
3410 4025 3519 4064 non

1923 4098 2020 4149 abs
2045 4113 2104 4150 re
2137 4097 2494 4160 arbitrantur,
2524 4096 2646 4166 quia
2693 4111 2843 4165 spem
2876 4110 3026 4150 suam
3078 4097 3149 4150 iIli
3199 4099 3336 4152 intra
3361 4098 3521 4168 hujus

1927 4190 2046 4241 vita:
2076 4190 2334 4242 terminos
2379 4190 2710 4244 incluserunt
2748 4209 2759 4242 :
2791 4204 2890 4244 nus
2923 4205 3056 4245 vero
3085 4233 3098 4253 ,
3127 4191 3322 4260 quibus
3345 4193 3522 4250 obitus

1924 4283 2147 4336 alterius
2196 4282 2609 4351 illustriorisque
2647 4283 2769 4335 vita:
2801 4281 3010 4336 initium
3039 4292 3144 4348 est,
3179 4283 3248 4338 ab
3276 4283 3377 4338 hac
3407 4287 3523 4357 opi-

1925 4375 2088 4428 nione
2116 4383 2275 4442 atque
2317 4376 2580 4429 sententia
2619 4377 2774 4446 longe
2817 4374 3119 4440 absumus;
3149 4378 3291 4445 quod
3339 4389 3520 4434 autem

1926 4468 1976 4521 id
2005 4469 2124 4537 jure
2166 4454 2228 4521 ac
2275 4471 2491 4531 merito,
2522 4469 2572 4522 in
2602 4469 2702 4521 alia
2740 4469 2983 4524 oratione
3034 4468 3348 4538 probabitur
3383 4488 3400 4526 :
3435 4473 3512 4526 in-

1928 4560 2079 4613 terim
2131 4573 2261 4612 vero
2310 4573 2370 4611 ea
2403 4600 2417 4623 ,
2469 4575 2588 4627 quae
2635 4568 2755 4626 post
2785 4568 3011 4614 mortem
3057 4575 3087 4613 a
3126 4573 3390 4630 generoso
3431 4562 3526 4615 illo

1927 4648 2126 4720 Babyla
2183 4642 2440 4719 praeclare
2472 4658 2622 4717 gesta
2673 4659 2834 4710 sunt,
2868 4666 3117 4720 magnam
3164 4651 3312 4706 verbi
3366 4652 3524 4706 fidem

1929 4751 2188 4809 pra-stare
2257 4750 2500 4808 possunt.
2555 4740 2687 4807 Quia
2751 4741 2893 4794 enim
2939 4757 3110 4811 usque
3167 4743 3233 4797 ad
3299 4755 3526 4799 mortem

1928 4849 2025 4903 pro
2057 4833 2280 4887 veritate
2323 4834 2593 4897 certavit,
2643 4843 2698 4886 et
2738 4849 2907 4902 usque
2955 4834 3020 4888 ad
3074 4837 3386 4905 sanguinem
3437 4854 3524 4890 re-

1928 4927 2062 4981 stitit
2111 4934 2296 4978 contra
2345 4935 2616 4992 peccatum
2667 4925 3013 4994 depugnans,
3052 4937 3106 4980 et
3157 4936 3212 4980 ut
3259 4927 3519 4993 ordinem,

1929 5036 2088 5089 quem
2108 5022 2203 5091 ipsi
2227 5020 2576 5074 constituerat
2598 5018 2704 5072 Rex
2727 5019 2815 5073 ille
2838 5035 3080 5088 magnus,
3107 5035 3210 5073 non
3229 5019 3522 5081 desereret.

1930 5113 2160 5167 animam
2186 5102 2360 5181 ipsam
2391 5111 2658 5181 deposuit,
2693 5113 2946 5181 omnique
2973 5112 3170 5165 athleta
3199 5113 3532 5183 splendidius

1931 5207 2221 5261 occubuit':
2255 5206 2399 5259 illum
2429 5205 2642 5273 quidem
2674 5203 2926 5274 deinceps
2947 5205 3135 5261 caelum
3166 5205 3368 5273 habuit,
3405 5221 3529 5260 cor-

1935 5316 2032 5370 pus
2085 5308 2287 5363 autem,
2321 5299 2461 5367 quod
2515 5298 2579 5352 ad
2612 5307 2887 5352 certamen
2940 5298 3360 5364 ministraverat,
3391 5308 3532 5354 terra

1933 5401 2179 5461 occupat,
2211 5393 2278 5444 ita
2304 5401 2361 5444 ut
2391 5402 2641 5444 creatura
2667 5390 2924 5444 athletam
2953 5390 3212 5446 diviserit.
3252 5393 3410 5463 Atqui
3440 5409 3533 5463 po.

1937 5495 2072 5541 terat
2098 5486 2186 5540 ille
2204 5495 2257 5539 et
2287 5483 2562 5538 transferri
2589 5493 2644 5537 ut
2674 5484 2880 5548 Enoch,
2914 5493 2966 5539 et
2987 5485 3100 5554 rapi
3129 5496 3184 5539 ut
3214 5485 3414 5550 Helias,
3442 5489 3531 5558 qui

1937 5578 2213 5646 utriusque
2239 5576 2519 5630 mmulator
2548 5575 2720 5630 fuerat
2746 5593 2757 5629 :
2789 5586 2842 5630 at
2876 5576 3015 5630 Deus
3042 5577 3130 5631 ille
3157 5578 3415 5642 clemens,
3446 5582 3533 5648 qui

1939 5669 2174 5723 infinitas
2195 5671 2348 5723 nobis
2367 5668 2553 5723 salutis
2569 5669 2883 5722 occasiones
2905 5669 3150 5733 contulit,
3177 5669 3533 5740 hancquuque

1940 5763 2093 5817 nobis
2120 5776 2238 5816 cum
2271 5761 2388 5814 aliis
2424 5761 2634 5830 aperuit
2667 5774 2832 5826 viam,
2881 5774 2999 5833 1u:e
3029 5776 3126 5814 nos
3152 5764 3320 5831 possit
3346 5762 3409 5815 ad
3435 5763 3528 5814 vir-

1943 5863 2110 5910 tutem
2142 5868 2386 5917 evocare,
2420 5862 2726 5907 sanctorum
2750 5848 3000 5924 reliquias
3022 5852 3164 5925 apud
3197 5869 3294 5908 nos
3319 5852 3535 5911 Interim
