4082 6446
561 399 657 454 831

563 513 894 584 relinquens.
921 505 1054 563 Nam
1098 509 1219 574 post
1247 496 1511 554 sermonis
1551 494 1800 584 virtutem
1851 484 2144 584 secundum

563 577 747 663 tenent
774 599 1016 658 ordinem
1041 604 1347 651 Sanctorum
1397 587 1666 658 sepulcra,
1716 582 1783 638 ad
1809 581 2015 636 animos
2063 577 2145 633 in-

504 703 509 707 ’
565 695 836 752 tuentium
862 688 1137 744 hominum
1168 683 1234 738 ad
1279 680 1625 736 imitationem
1653 670 2023 731 concitandos.
2068 668 2147 723 Ac

561 784 732 842 sicubi
750 781 868 853 quis
881 775 1148 850 ejusmodi
1175 787 1348 844 capere
1375 769 1570 834 adstet,
1603 765 1779 822 statim
1825 763 1940 832 ejus
1968 759 2148 853 efﬁca-

566 875 703 930 ciam
731 851 892 926 sensu
920 867 1164 940 percipit.
1197 862 1404 919 Etenim
1434 873 1606 929 capsa:
1633 862 1881 924 aspectus
1909 851 2145 906 animum

563 978 852 1034 occupans,
887 960 1064 1031 ipsum
1105 953 1346 1030 percellit
1368 963 1421 1008 et
1446 952 1664 1015 excitat,
1695 955 1854 1017 atque
1891 944 2040 1000 illum
2067 943 2147 998 sic

562 1056 746 1121 allicit,
771 1068 836 1110 ac
861 1053 907 1109 si
939 1053 1026 1108 ille
1053 1050 1143 1122 qui
1185 1049 1329 1114 jacet
1366 1043 1524 1100 simul
1558 1047 1884 1114 precaretur,
1910 1035 2142 1100 adesset,

562 1146 849 1203 videretur.
884 1143 1020 1205 ilinc
1047 1138 1321 1194 alacritate
1353 1135 1539 1205 plenus
1561 1132 1672 1196 ille,
1699 1131 1788 1200 qui
1819 1129 1898 1183 sic
1923 1125 2146 1181 affectus

561 1245 684 1308 est,
730 1238 784 1291 in
838 1235 1176 1301 alterumque
1221 1229 1395 1283 virum
1448 1233 1682 1280 mutatus
1709 1263 1726 1290 ,
1769 1222 1849 1276 ita
1898 1217 2142 1275 discedit.

563 1320 735 1387 Probe
761 1339 940 1384 autem
966 1325 1356 1383 animadvertet
1398 1321 1769 1378 defunctorum
1812 1315 2146 1387 phantasiam

563 1435 631 1478 ex
659 1420 791 1492 ipsis
835 1420 970 1476 locis
1012 1420 1065 1474 in
1095 1416 1386 1473 viventium
1433 1414 1626 1472 animis
1661 1409 1882 1467 excitari
1913 1451 1928 1475 ,
1957 1408 2003 1464 si
2028 1406 2146 1477 quis

567 1510 780 1582 cogitet,
804 1506 1075 1579 quomodo
1101 1508 1135 1562 ii
1176 1507 1265 1576 qui
1302 1503 1516 1575 iungendi
1549 1517 1708 1558 causa
1742 1501 2001 1566 veniunt,
2031 1506 2145 1552 sta-

569 1603 663 1657 tim
689 1609 848 1672 ntque
875 1594 942 1654 ad
987 1597 1229 1670 sepulcra
1273 1603 1609 1650 accesserunt
1630 1632 1647 1658 ,
1679 1607 1740 1647 ac
1769 1591 1816 1646 si
1856 1590 1972 1646 vice
2000 1604 2147 1644 urna:

565 1704 662 1745 eos
690 1689 779 1760 qui
813 1689 865 1742 in
895 1700 1025 1742 urna
1046 1691 1226 1756 jacent
1245 1693 1448 1740 stantes
1477 1682 1737 1747 viderent,
1771 1681 1848 1735 sic
1874 1680 1996 1734 illos
2027 1693 2056 1733 e
2086 1678 2149 1732 ii-

554 1782 708 1836 .ruine
734 1780 907 1836 statim
929 1777 1274 1849 compellent.
1302 1776 1446 1830 Multi
1464 1771 1939 1840 vero,intoierabiii
1970 1768 2147 1825 affeCti

560 1869 782 1938 dolore,
810 1887 976 1942 prape
997 1872 1239 1941 sepulcra
1291 1876 1620 1923 mortuorum
1673 1863 1999 1919 domicilium
2048 1860 2149 1916 sibi

562 1947 794 2033 perenne
814 1961 1205 2018 constituerunt
1229 2000 1246 2027 ,
1275 1959 1327 2014 id
1350 1957 1682 2029 nequaquam
1707 1954 1926 2020 facturi,
1955 1952 2058 2007 nisi
2084 1967 2149 2006 ex

564 2056 667 2111 ioci
709 2062 1000 2126 conspectu
1037 2044 1306 2125 quidpiam
1355 2049 1738 2106 consolationis
1765 2046 2148 2117 percepissent.

563 2145 774 2217 Ecquid
796 2146 863 2202 de
889 2147 1007 2202 loco
1031 2155 1086 2202 et
1114 2145 1363 2216 sepulcro
1390 2139 1620 2213 loquor?
1646 2156 1766 2197 cum
1795 2139 1962 2195 vestis
2008 2153 2152 2206 saepe

569 2238 681 2302 sola
725 2247 1055 2294 mortuorum
1080 2237 1215 2302 visa,
1248 2245 1339 2291 aut
1380 2234 1597 2290 verbum
1615 2248 1780 2288 unum
1809 2239 1987 2288 mente
2007 2245 2154 2300 repe-

552 2330 739 2393 titum,
768 2331 1003 2384 animum
1031 2328 1298 2396 excitarit,
1328 2337 1382 2383 et
1412 2327 1679 2382 labentem
1717 2322 2032 2380 memoriam
2062 2338 2151 2377 re-

564 2419 791 2476 duxerit.
817 2416 940 2475 ideo
990 2419 1240 2490 reliquias
1266 2425 1569 2474 sanctorum
1591 2417 1744 2471 nobis
1759 2415 1900 2471 Deus
1925 2413 2148 2469 dimisit.

637 2510 725 2564 12.
748 2510 854 2567 SS.
876 2510 1161 2583 Martyrum
1178 2507 1597 2564 miracula.—-Me
1611 2517 1788 2563 autem
1804 2522 1906 2561 non
1925 2505 2040 2561 haec
2053 2505 2154 2561 fru-

563 2608 671 2655 stra
693 2600 973 2671 iactitare,
1002 2600 1095 2654 sed
1115 2600 1181 2655 ad
1213 2601 1492 2654 utilitatem
1523 2608 1757 2654 nostram
1789 2597 1858 2652 ita
1881 2597 2149 2671 provisum

564 2707 684 2748 esse
698 2669 722 2758 ﬁ,
771 2689 926 2746 fidem
960 2691 1137 2746 facere
1169 2698 1392 2759 possunt
1420 2688 1674 2744 miracula
1701 2730 1716 2754 ,
1745 2703 1862 2758 quze
1888 2669 1925 2740 ιι
1955 2669 2152 2740 sanctis

563 2782 800 2855 quotidie
837 2782 1159 2854 martyribus
1201 2781 1432 2836 eduntur
1462 2821 1477 2847 ,
1507 2794 1716 2834 necnon
1757 2777 2040 2834 multitudo
2081 2778 2153 2831 ita

557 2874 996 2931 concurrentium
1027 2869 1284 2939 virorum,
1313 2887 1411 2927 nec
1436 2871 1609 2926 minus
1637 2913 1653 2936 ,
1677 2885 1834 2940 quam
1865 2869 1950 2923 illa
1971 2910 1987 2936 ,
2011 2868 2153 2924 beati

567 2964 725 3035 hujus
751 2962 850 3019 viri
880 2965 1041 3020 etiam
1087 2971 1207 3033 post
1243 2963 1445 3018 obitum
1497 2963 1750 3033 prmciara
1794 2970 1962 3032 gesta.
1995 2960 2151 3015 Post-

563 3070 722 3124 quam
752 3056 894 3110 enim
923 3056 989 3109 ita
1021 3063 1076 3109 ut
1115 3053 1457 3109 mandaverat
1488 3055 1727 3123 sepultus
1753 3061 1870 3116 est,
1906 3054 2154 3122 longum-

563 3163 668 3217 que
725 3159 933 3215 tempus
989 3154 1110 3216 post
1160 3147 1483 3216 sepulturam
1534 3145 1780 3209 efﬂuxit,
1815 3145 1884 3199 ita
1933 3155 1993 3199 ut
2031 3159 2153 3199 ossa

567 3249 770 3294 tantum
802 3249 851 3294 et
873 3240 1044 3310 pulvis
1066 3239 1118 3293 in
1141 3238 1344 3292 tumulo
1371 3246 1701 3304 remaneant,
1733 3239 1905 3291 visum
1935 3245 2019 3292 est
2044 3236 2156 3292 cui-

566 3330 687 3382 dam
716 3345 779 3383 ex
811 3329 873 3383 iis
894 3371 909 3394 ,
939 3331 1029 3398 qui
1061 3343 1244 3399 poStea
1275 3328 1666 3397 imperaverunt
1699 3369 1714 3391 ,
1752 3327 1801 3381 in
1831 3327 1933 3383 hoc
1957 3327 2154 3382 subur-

567 3416 710 3472 bium
742 3418 1000 3489 Daphnen
1025 3435 1239 3490 capsam
1266 3419 1492 3474 adduci:
1515 3419 1673 3489 idque
1698 3420 1871 3474 visum
1901 3427 2014 3484 est,
2042 3418 2153 3474 Deo

568 3507 905 3579 Imperatoris
932 3512 1164 3564 animum
1196 3511 1262 3565 ad
1293 3525 1408 3565 eam
1437 3526 1550 3566 rem
1574 3517 1845 3564 movente.
1866 3509 1996 3565 Cum
2011 3510 2151 3564 enim

567 3600 772 3656 videret
803 3603 977 3658 locum
1021 3602 1440 3657 adolescentium
1471 3603 1681 3657 lascivia
1713 3645 1728 3669 ,
1781 3618 1880 3658 ceu
1927 3602 2154 3673 quadam

571 3689 848 3762 tyrannide
874 3734 888 3757 ,
911 3692 1190 3746 obsessum
1222 3731 1238 3756 ,
1272 3691 1341 3746 ita
1366 3702 1422 3746 ut
1453 3691 1742 3761 periculum
1773 3701 1912 3747 esset
1939 3733 1953 3756 ,
1983 3708 2050 3747 ne
2085 3692 2156 3746 ab

569 3780 986 3844 Itonestioribns,
1016 3781 1184 3850 iisque
1205 3781 1290 3850 qui
1321 3780 1486 3850 probe
1512 3781 1694 3836 vivere
1722 3781 1918 3836 vellent
1949 3822 1964 3848 ,
1999 3796 2151 3851 pror-

569 3886 658 3925 sus
677 3871 1017 3926 desereretur
1043 3913 1056 3935 ,
1089 3872 1453 3927 misericordia
1475 3881 1650 3927 motus
1671 3887 1830 3942 super
1856 3873 2156 3943 bnjusmodi

567 3966 782 4027 damno,
818 3964 960 4018 misit
988 3965 1074 4033 qtti
1102 3966 1478 4019 contumeliam
1507 3965 1818 4032 vindicaret.
1846 3952 1986 4020 Deus
2014 3966 2154 4021 enim

569 4055 744 4108 locum
770 4055 915 4108 illum
939 4070 1204 4108 alumnum
1236 4064 1291 4109 et
1316 4055 1595 4109 amabilem
1621 4055 1888 4118 reddidit,
1915 4065 1968 4110 et
1990 4071 2156 4126 aqua-

570 4163 686 4201 rum
720 4148 870 4216 c0pia
899 4163 961 4202 ac
991 4148 1171 4216 specie
1196 4189 1209 4211 ,
1259 4157 1314 4202 et
1344 4157 1532 4201 natura
1560 4148 1657 4202 soli
1683 4157 1842 4218 atque
1870 4158 2157 4218 tempesta-

571 4245 681 4290 tum
711 4241 984 4307 temperie,
1007 4255 1108 4292 non
1141 4239 1310 4292 solum
1340 4238 1395 4292 ut
1418 4223 1539 4293 inde
1569 4254 1950 4303 recrearcmur,
1978 4240 2070 4294 sed
2105 4249 2160 4294 ιιι

570 4331 729 4385 etiam
760 4347 819 4386 ea
847 4332 915 4387 de
942 4350 999 4387 re
1029 4333 1282 4402 Optimum
1311 4331 1566 4401 Opiﬁcem
1611 4332 2028 4388 celebraremus.
2060 4333 2160 4388 Sa-

573 4422 698 4476 lutis
726 4438 885 4493 porro
918 4433 1117 4478 nostrae
1141 4425 1385 4477 inimicus
1407 4467 1420 4487 ,
1445 4425 1534 4493 qui
1564 4424 1656 4477 Dei
1682 4424 1835 4477 donis
1867 4439 2081 4493 semper
2108 4428 2158 4478 in

572 4517 897 4570 contrarium
957 4517 1197 4571 abutitur
1232 4559 1245 4579 ,
1301 4525 1672 4584 corruptorum
1699 4517 1953 4585 juvcnum
1992 4518 2161 4572 turba:

574 4607 983 4676 diemonumque
1027 4607 1310 4661 domiciliis
1339 4615 1654 4675 occupatum
1685 4607 1752 4660 ab
1777 4622 1834 4661 se
1864 4608 2036 4662 locum
2068 4608 2164 4662 ad-

575 4700 758 4753 dicens
787 4740 800 4764 ,
827 4700 963 4770 turpi
1023 4700 1194 4753 fabula
1241 4699 1435 4754 famam
1468 4700 1584 4769 cjns
1622 4699 2026 4763 delmncslavit,
2059 4715 2162 4770 qua

576 4791 751 4845 fabula
781 4792 1016 4846 suburbii
1045 4793 1212 4861 gratia
1243 4792 1468 4849 (ιπηιοηί
1501 4794 1929 4848 consecrabatur.
1964 4794 2162 4849 Fabula

571 4892 756 4937 autem
787 4883 1087 4952 hujusmodi
1119 4894 1220 4937 cst.

646 4970 892 5041 Daphnes
944 4974 1170 5027 ltiston'a.
1237 5005 1304 5014 -
1358 4975 1579 5044 Daphne
1626 4977 1806 5044 puclla.
1849 4985 2005 5039 erat,
2058 4977 2162 5030 lilia

577 5063 979 5123 Ladonisﬁuﬁi
1013 5083 1172 5121 :nam
1218 5069 1500 5122 crronihus
1541 5069 1643 5121 illis
1690 5085 1804 5122 mos
1829 5086 2038 5140 semper
2069 5069 2166 5124 fuit

577 5156 769 5210 [invios
791 5158 1081 5227 gignentes
1109 5157 1380 5223 inducere,
1412 5160 1613 5229 prolem
1640 5174 1823 5213 eorum
1848 5161 1896 5214 in
1927 5177 2012 5215 res
2039 5177 2166 5216 sen-

580 5270 641 5307 su
690 5261 939 5308 carentes
963 5262 1171 5307 mutare
1205 5294 1219 5318 ,
1252 5262 1306 5307 et
1335 5255 1498 5308 multa
1531 5253 1832 5322 hujusmodi
1863 5267 2164 5324 portentosa

581 5349 802 5417 ﬁngere.
858 5348 1004 5402 lianc
1051 5363 1210 5417 porro
1267 5349 1496 5416 puellam
1541 5348 1826 5403 admodum
1879 5347 2165 5404 formosam

588 5441 880 5508 Apollinem
911 5432 1178 5510 quondam
1209 5441 1403 5495 vidisse
1449 5449 1700 5505 narrant,
1734 5441 1954 5509 ejusque
1983 5457 2167 5496 amore

583 5543 794 5602 captum
819 5534 979 5589 fuisse
1005 5552 1018 5599 ;
1049 5534 1418 5602 insequentem
1446 5541 1504 5586 ut
1530 5540 1763 5601 caperet,
1791 5533 1987 5602 fugisse
2015 5536 2167 5604 puel-

583 5625 708 5687 lam,
737 5625 862 5679 etin
892 5624 994 5681 hoc
1015 5625 1270 5680 suburbio
1294 5625 1616 5681 substitisse.
1647 5623 1779 5676 Tum
1806 5635 2026 5680 matrem
2052 5627 2168 5695 ejus

585 5734 740 5788 opem
772 5719 956 5775 tulisse
978 5719 1119 5786 ﬁliae,
1150 5734 1219 5774 ne
1248 5719 1490 5788 iniuriam
1516 5726 1813 5787 pateretur,
1835 5726 1990 5787 atque
2012 5735 2169 5789 aper-

585 5819 638 5864 to
673 5811 850 5865 statim
904 5811 1106 5882 gremio
1136 5811 1392 5880 virginem
1421 5810 1694 5881 excepisse
1725 5851 1740 5878 ,
1769 5826 1828 5867 ac
1860 5827 1953 5882 pro
1987 5813 2159 5882 puclla

1278 381 1340 438 S.
1376 375 1653 437 JOANNIS
1679 364 2155 433 CHRYSOSTOIH
2193 363 2512 426 ARCHIEP.
2546 364 3082 426 CONSTANTINOP.

3735 361 3840 421 55!

2255 483 2488 554 plantam
2510 481 2748 553 ejusdem
2771 483 3001 538 nominis
3013 482 3281 548 edidisse;
3307 480 3676 548 lascivummte
3694 497 3844 539 sma-

2254 585 2422 631 torem
2447 561 2719 630 amoribus
2747 575 2856 629 suis
2884 571 3203 636 fraudatum,
3230 576 3476 628 arborem
3497 570 3841 642 complexum

2251 683 2370 725 esse
2391 709 2406 732 ,
2436 682 2501 723 ac
2527 677 2638 722 tum
2674 667 2907 736 plantam
2933 707 2949 730 ,
2983 673 3095 720 tum
3140 666 3313 720 locum
3361 667 3534 734 ipsum
3577 661 3679 718 sibi
3709 676 3842 732 pro-

2252 763 2425 831 prium
2455 760 2731 816 eti‘ecisse:
2764 759 2887 814 hinc
2913 758 3260 824 considerein
3287 760 3404 813 loco
3419 772 3653 829 semper,
3682 770 3844 810 eum-

2250 869 2353 924 que
2381 854 2608 917 caeteris,
2637 868 2756 923 qua:
2778 867 2872 922 per
2898 851 3082 920 orbem
3110 858 3270 916 sunt,
3301 848 3570 904 anteferre
3596 889 3610 913 ,
3636 860 3702 902 ac
3730 860 3844 915 pra

2251 945 2500 1001 omnibus
2525 944 2770 1014 diligere.
2822 945 2988 999 Aiunt
3032 943 3160 998 item
3190 957 3373 1012 regem
3403 942 3493 1011 qui
3521 949 3649 994 tunc
3675 941 3847 1009 impe-

2251 1039 2404 1094 rabat
2429 1079 2447 1106 ,
2493 1037 2751 1108 templum
2795 1046 2850 1091 et
2877 1052 3025 1091 aram
3072 1035 3437 1096 construxisse
3463 1069 3480 1099 ,
3521 1047 3632 1102 quo
3659 1039 3849 1101 poss:-t

2251 1130 2461 1195 dzrmon
2493 1115 2751 1185 insaniam
2773 1144 2927 1185 suam
2945 1143 3177 1199 peream
3201 1128 3375 1191 locum
3395 1125 3687 1183 consolari.
3718 1123 3852 1178 Haec

2251 1230 2334 1278 est
2358 1221 2557 1287 fabula,
2588 1221 2840 1279 damnum
2873 1234 3000 1276 vero
3029 1235 3098 1278 ex
3127 1218 3299 1273 fabula
3325 1221 3567 1272 exortum
3595 1230 3704 1270 non
3728 1216 3847 1285 jam

2251 1311 2428 1368 fabula
2478 1312 2596 1367 fuit.
2649 1312 2937 1386 Postquam
2965 1313 3108 1367 enim
3130 1311 3359 1381 juvenes
3386 1310 3566 1365 lascivi
3593 1307 3850 1363 suburbii

2254 1405 2698 1476 pulchritudinem
2726 1404 3180 1466 contaminarunt,
3201 1408 3258 1456 nt
3281 1404 3482 1496 dictum
3508 1412 3610 1468 est,
3639 1400 3850 1455 ibidem

2255 1499 2310 1551 in
2346 1496 2830 1551 co‘messationibus
2870 1504 2925 1550 et
2967 1494 3225 1549 ebrietate
3253 1489 3554 1547 victitantes
3585 1533 3601 1554 ,
3635 1500 3693 1544 ut
3739 1489 3850 1545 hoc

2251 1587 2451 1642 malum
2493 1589 2544 1641 in
2581 1587 2696 1642 dies
2737 1596 3118 1656 propagaretur
3147 1628 3164 1653 ,
3201 1585 3450 1642 diabolus
3494 1583 3730 1638 fabulam
3765 1581 3849 1637 cf-

2252 1676 2405 1733 ﬁnxit
2434 1720 2450 1740 ,
2479 1678 2882 1748 dtcmonemque
2932 1677 3002 1732 ibi
3043 1677 3314 1734 constituit
3343 1716 3359 1740 ,
3393 1685 3450 1730 ut
3479 1675 3592 1730 hinc
3620 1675 3850 1729 historia

2252 1766 2426 1838 majus
2465 1768 2570 1823 illis
2593 1768 2822 1823 lascivias
2851 1776 2904 1822 et
2926 1768 3212 1838 impietatis
3273 1765 3576 1821 incendium
3606 1773 3848 1835 pararet.

2251 1857 2334 1912 Ad
2363 1866 2506 1914 tanta
2562 1857 2721 1928 igitur
2773 1857 3004 1914 tollenda
3043 1859 3180 1912 mala
3209 1857 3354 1912 hunc
3383 1857 3848 1927 sapientissimum

2253 1947 2470 2003 modum
2521 1950 2841 2019 excogitavit
2890 1949 3179 2019 imperator
3209 1990 3227 2015 ,
3278 1955 3338 2002 ut
3396 1955 3639 2002 sanctum
3692 1947 3850 2000 illum

2255 2037 2606 2102 transferret,
2634 2048 2687 2094 et
2714 2040 2981 2095 medicum
3012 2038 3170 2110 aegris
3197 2041 3449 2094 mitteret.
3495 2038 3625 2092 Nam
3657 2038 3703 2091 si
3730 2039 3854 2105 jus-

2255 2130 2408 2187 sione
2433 2141 2484 2186 et
2512 2132 2828 2186 auctoritate
2876 2113 3218 2200 imperatoria
3248 2130 3458 2184 civibus
3491 2128 3592 2183 iter
3617 2127 3683 2181 ad
3713 2128 3852 2182 sub-

2255 2225 2467 2279 urbium
2499 2223 2885 2289 interdixisset,
2913 2223 2963 2278 id
2994 2225 3348 2295 tyrannicnm,
3382 2223 3490 2278 imo
3515 2222 3854 2277 crudelitatis

2255 2316 2584 2387 feritatisque
2611 2318 2824 2387 plenum
2873 2317 3047 2372 visum
3078 2326 3224 2372 esset
3251 2334 3266 2384 ;
3313 2318 3394 2373 sin
3431 2319 3624 2387 probos
3655 2317 3852 2371 mode-

2255 2417 2471 2480 stosque
2510 2409 2680 2467 solum
2719 2411 2867 2466 adire
2895 2412 3263 2483 permisisset,
3308 2411 3520 2467 lascivis
3562 2423 3744 2466 autem
3769 2413 3858 2466 in-

2254 2504 2784 2573 temperantibusque
2807 2503 3010 2558 aditum
3037 2504 3428 2560 interclusisset
3453 2543 3469 2569 ,
3513 2502 3855 2558 difficultatis

2257 2593 2472 2662 plenum
2495 2593 2680 2650 fuisset
2708 2593 2982 2650 decretum
3009 2636 3024 2659 ,
3058 2595 3197 2650 unde
3220 2594 3461 2666 quotidie
3496 2595 3617 2650 lites
3645 2595 3854 2651 aboriri

2256 2701 2480 2742 necesse
2503 2697 2636 2754 erat,
2661 2687 2786 2741 dum
2823 2689 3153 2758 singulorum
3182 2689 3288 2742 vita
3313 2687 3720 2758 disquireretur.
3754 2687 3858 2743 ita-

2256 2794 2361 2849 que
2389 2779 2558 2835 sancti
2585 2779 2685 2835 viri
2704 2781 3042 2848 praesentiam
3066 2779 3211 2836 hisce
3233 2781 3389 2835 malis
3428 2781 3690 2863 optimum
3732 2783 3856 2836 exi-

2257 2880 2368 2926 tum
2419 2873 2698 2927 aiiaturam
2744 2888 2865 2928 esse
2889 2875 3120 2943 putavit:
3155 2883 3441 2946 martyrem
3483 2876 3680 2945 quippe
3737 2878 3855 2932 solo

2256 2963 2444 3019 venda:
2468 2963 2727 3019 daemonis
2753 2966 3004 3034 potentia:
3029 2966 3853 3035 juvenumqueiuxniemendan-

2255 3056 2326 3112 do
2373 3073 2554 3127 parem
2601 3070 2724 3113 esse
2776 3059 3139 3128 intelligebat:
3192 3075 3363 3128 neque
3412 3077 3509 3130 spe
3539 3061 3718 3129 lapsus
3747 3072 3852 3115 est.

2258 3149 2448 3205 Statim
2475 3152 2615 3205 enim
2642 3159 2800 3220 atque
2819 3151 3076 3220 Daphnen
3101 3152 3219 3221 quis
3246 3153 3458 3207 advenit
3481 3195 3494 3218 ,
3523 3162 3575 3206 et
3601 3169 3630 3206 a
3657 3153 3857 3208 subur-

2256 3239 2330 3294 bii
2358 3241 2538 3294 limine
2558 3242 2868 3312 martyrium
2891 3243 3196 3312 conspicit»,
3227 3244 3304 3298 sic
3341 3245 3649 3313 reprimitur
3678 3287 3692 3311 ,
3723 3261 3786 3300 ac
3807 3247 3856 3300 si

2258 3333 2377 3403 quis
2401 3334 2612 3404 juvenis
2657 3336 2708 3389 in
2762 3335 3008 3391 convivio
3059 3338 3402 3406 paedagogum
3433 3337 3732 3392 adstantem
3765 3317 3862 3392 in-

2259 3431 2445 3491 tuens,
2474 3434 2631 3496 atque
2656 3427 2810 3480 oculo
2839 3427 3236 3496 prrccipientem
3266 3469 3280 3494 ,
3311 3436 3369 3482 ut
3395 3427 3591 3483 decore
3637 3441 3856 3485 servato

2258 3514 2427 3581 bibat,
2459 3517 2723 3582 comedat,
2755 3517 3004 3588 loquatur
3035 3561 3049 3586 ,
3091 3519 3261 3574 rideat
3293 3560 3306 3584 ,
3337 3531 3626 3589 caveatqtte
3654 3538 3722 3578 ne
3740 3538 3860 3576 mo-

2259 3609 2386 3665 dum
2463 3612 2728 3666 excedens
2782 3610 3229 3668 existimationem
3301 3629 3452 3667 suam
3501 3614 3854 3671 debonestct:

2260 3703 2585 3776 aspectuque
2624 3707 2712 3760 tali
2759 3707 3061 3778 religiosior
3100 3708 3266 3762 factus
3290 3751 3304 3775 ,
3338 3705 3658 3780 beatumque
3702 3709 3855 3765 ilium

2261 3795 2439 3850 animo
2461 3797 2560 3851 sibi
2587 3808 2978 3868 rcprzcsentans
3006 3840 3020 3863 ,
3046 3800 3113 3853 ad
3144 3815 3359 3870 capsam
3379 3802 3558 3855 statim
3579 3811 3852 3871 properat;

2261 3905 2367 3960 quo
2409 3906 2532 3946 cum
2587 3892 2890 3960 pervenerit
2919 3933 2933 3955 ,
2964 3891 3168 3961 majore
3223 3892 3456 3948 afiicitur
3497 3904 3680 3960 metu;
3730 3911 3857 3950 mox

2263 3980 2471 4051 ignavia
2497 3981 2683 4050 procul
2705 3981 2893 4035 abacta
2916 4021 2930 4046 ,
2979 3997 3078 4036 ceu
3107 3983 3337 4039 volatilis
3373 3984 3542 4038 factus
3561 3985 3601 4051 ί,
3648 3986 3718 4040 ita
3746 3985 3862 4041 dis-

2263 4072 2424 4126 cedit.
2448 4073 2622 4142 Atque
2653 4087 2766 4138 cos,
2794 4088 2929 4143 quos
2959 4091 3026 4129 ex
3055 4076 3185 4130 urbe
3207 4076 3556 4132 ascendentes
3581 4078 3631 4131 in
3662 4079 3742 4132 via
3773 4082 3857 4133 of-

2265 4163 2452 4231 fendit,
2480 4165 2590 4234 pari
2626 4180 2746 4218 cum
2777 4166 3126 4235 temperantia
3155 4166 3411 4236 Daphnen
3439 4178 3734 4222 recreatum
3768 4185 3857 4224 re-

2265 4257 2446 4321 mittit,
2482 4266 2684 4310 tantnm
2713 4273 2816 4310 non
2848 4272 3031 4311 vocem
3061 4259 3201 4311 illam
3227 4259 3541 4324 inclamans,
3587 4260 3858 4318 Exsultate

2269 4347 2484 4400 Domino
2512 4349 2564 4401 in
2590 4348 2986 4419 tremore(Psal.
3018 4349 3073 4401 2.
3101 4348 3209 4421 il),
3240 4350 3480 4420 illudque
3498 4354 3854 4419 apostolicum

2266 4439 2540 4508 adjiciens,
2563 4436 2682 4494 Sive
2711 4442 3025 4494 manducetis
3048 4483 3061 4505 ,
3090 4442 3191 4495 sive
3219 4441 3409 4506 bibitis,
3445 4443 3547 4496 sive
3570 4444 3714 4497 aliud
3736 4447 3860 4514 quid

2269 4530 2632 4600 facitis,omnia
2660 4530 2727 4583 ut!
2754 4532 2967 4599 gloriam
2991 4531 3085 4584 Dei
3112 4533 3358 4602 facile“.
3394 4532 3725 4605 Cor.10.5i).
3754 4535 3860 4590 Eos

2267 4632 2442 4676 autem
2471 4625 2800 4694 qui-sumpto
2822 4626 2944 4679 cibo
2983 4625 3033 4678 in
3068 4627 3252 4679 urbem
3289 4626 3641 4691 descendunt,
3663 4629 3705 4684 si
3729 4645 3857 4684 con-

2268 4715 2434 4785 tingat
2459 4732 2683 4771 excusso
2712 4717 2862 4772 freno
2884 4718 3099 4787 segnius
3114 4719 3304 4789 egisse,
3336 4721 3560 4790 atquein
3588 4723 3860 4792 crapulam

2269 4808 2632 4880 absurdasque
2651 4809 2870 4864 delicias
2887 4809 3136 4879 delapsos
3158 4803 3296 4875 ess’e,
3319 4827 3433 4877 cos,
3465 4815 3676 4882 inquam
3719 4817 3862 4868 ebri-

2269 4916 2332 4956 os
2353 4903 2402 4955 in
2422 4901 2716 4956 diversorio
2736 4917 2832 4956 suo
2845 4913 3094 4972 exceptos
3112 4918 3214 4956 non
3235 4905 3360 4956 sinit
3380 4904 3651 4958 ebrietatis
3666 4905 3864 4959 damno

2272 4994 2490 5050 affectos
2526 4995 2740 5050 domum
2773 4995 2938 5058 abire,
2962 4995 3054 5049 sed
3091 4995 3304 5050 incusso
3331 4997 3600 5050 timoread
3616 4998 3861 5052 eamdem

2275 5086 2684 5154 temperantiam
2717 5086 2964 5150 adducit,
2998 5103 3154 5156 quam
3185 5088 3771 5158 scrvabantantequatn
3809 5091 3860 5143 in

2274 5178 2583 5233 ebrietatem
2616 5177 3074 5249 demergerenlur.
3102 5179 3310 5233 Etenim
3342 5180 3490 5249 quasi
3522 5182 3696 5236 tenuis
3719 5199 3863 5250 quac-

2274 5270 2393 5325 dam
2423 5285 2548 5324 aura
2569 5270 2781 5339 eos,qui
2812 5273 2861 5323 in
2887 5265 3390 5342 martyriofuernnt,
3409 5272 3866 5341 undiqucperlint;

2286 5379 2434 5430 aura,
2471 5364 2684 5432 inquam
2709 5405 2722 5426 ,
2755 5379 2858 5416 non
2882 5364 3148 5418 sensibilis
3190 5407 3204 5431 ,
3260 5380 3358 5418 nec
3384 5365 3628 5433 augendo
3651 5370 3870 5434 corpori

2277 5466 2396 5525 apta
2434 5497 2446 5519 ,
2500 5455 2592 5509 sed
2647 5471 2764 5525 quat
2793 5457 2843 5509 in
2878 5456 3042 5526 ipsam
3062 5457 3292 5509 animam
3329 5466 3572 5524 penetret
3602 5499 3616 5522 ,
3641 5472 3870 5524 eamque

2279 5547 2512 5615 nudique
2540 5548 2792 5603 decenter
2808 5559 3125 5617 componat,
3147 5564 3359 5603 omnem
3386 5558 3652 5603 terrenam
3674 5551 3869 5604 molem

2279 5640 2598 5710 pnescindat
2625 5682 2640 5704 ,
2669 5656 2892 5708 eamque
2922 5651 3262 5711 aggravatam
3293 5650 3345 5696 ct
3369 5641 3637 5696 labentem
3663 5649 3872 5696 recreet

2278 5743 2338 5781 ac
2366 5728 2623 5781 leviorem
2655 5727 2864 5781 reddat.

2349 5818 2364 5847 ι
2404 5812 2551 5877 Aliqui
2576 5812 2634 5863 ad
2657 5825 2828 5876 marg,
2854 5811 3047 5864 humilis
3068 5815 3245 5876 factus.
