4082 6418
173 438 282 497 553

246 569 336 624 i3.
366 564 434 621 Et
459 564 673 636 quidem
705 559 957 632 Daphnes
997 553 1339 629 pulchritudo
1358 552 1444 608 vel
1488 548 1767 622 segniores

170 659 242 714 ad
287 673 347 714 se
385 657 539 713 illicit
567 658 583 710 :'
626 665 831 725 martyr
875 664 1004 705 vero
1050 664 1150 705 ceu
1189 648 1242 702 in
1290 645 1495 715 piscatu
1538 641 1768 710 quodam

173 750 391 810 sedens,
420 763 484 821 ac
519 743 940 816 ingredientibus
981 739 1200 796 insidias
1248 749 1463 807 parans,
1491 748 1587 788 eos
1629 732 1769 785 inte-

173 846 280 910 ritn
316 844 541 903 detinet,
569 840 688 893 illos
709 837 858 907 prius
883 835 1136 890 decenter
1159 831 1398 895 allectos,
1420 828 1497 882 sic
1526 822 1769 888 remittit,

176 947 236 991 ut
259 947 435 990 amata
453 947 557 986 non
589 929 996 989 contumeliose,
1021 924 1113 980 sed
1141 919 1566 991 temperanlcrin
1585 925 1772 987 poste-

175 1035 300 1085 rum
328 1035 562 1081 utantur.
591 1021 880 1089 Quiaenim
899 1035 964 1075 ex
987 1012 1290 1072 hominibus
1308 1013 1394 1067 alii
1413 1011 1656 1083 segnitie,
1684 1009 1774 1064 alii

177 1115 532 1172 saecularibus
574 1114 718 1168 curis
765 1110 1001 1174 abducti,
1045 1107 1237 1162 nolunt
1279 1115 1571 1175 martyrum
1593 1101 1775 1156 thecas

177 1210 354 1274 adire,
385 1208 504 1262 ideo
541 1205 767 1276 providit
815 1204 957 1257 Deus
983 1209 1041 1256 ut
1065 1201 1170 1255 hoc
1214 1198 1552 1260 irretirentur
1593 1192 1772 1258 modo,

177 1310 234 1357 et
263 1301 456 1354 anitnae
479 1298 753 1352 curatione
778 1293 1093 1363 medelaque
1118 1290 1443 1346 fruerentur.
1463 1288 1532 1342 Et
1558 1284 1779 1357 perinde

180 1391 380 1447 accidit
408 1406 471 1445 ac
494 1390 537 1443 si
567 1390 683 1459 quis
704 1401 905 1456 agrum
952 1381 1300 1455 congruentia
1318 1379 1554 1435 remedia
1582 1378 1777 1432 admit-

187 1495 305 1539 tere
335 1483 602 1537 nolentem
635 1521 651 1546 ,
682 1479 1030 1548 pharmacum
1061 1475 1201 1529 dulci
1228 1472 1570 1528 condimento
1614 1468 1784 1525 obdu-

189 1585 334 1631 ctum
361 1574 610 1637 oil‘erens,
644 1572 934 1642 deciperet.
963 1570 1054 1625 Sic
1079 1570 1236 1638 igitur
1261 1567 1512 1637 paulatim
1540 1563 1607 1619 ad
1637 1563 1782 1617 sani-

192 1676 356 1721 tatem
380 1665 604 1730 reducti,
638 1680 702 1718 eo
729 1664 1065 1733 perveniunt,
1097 1669 1153 1715 ut
1176 1675 1280 1715 non
1317 1659 1426 1730 jam
1457 1657 1666 1713 deliciae
1693 1671 1782 1709 so-

193 1760 326 1824 lum,
360 1758 452 1812 sed
480 1758 639 1813 etiam
664 1758 831 1811 sancti
861 1754 1181 1811 desiderium
1209 1752 1520 1814 suburbium
1555 1748 1786 1805 adeundi

191 1851 406 1907 occasio
433 1850 500 1902 sit
531 1849 740 1910 multis;
766 1849 873 1901 imo
896 1863 1021 1901 vero
1042 1846 1132 1916 qui
1157 1844 1506 1899 modestiores
1521 1853 1665 1906 sunt,
1688 1839 1791 1896 hac

194 1957 302 1997 una
322 1941 390 1996 de
410 1954 568 1995 causa
597 1939 690 1994 illo
715 1938 1004 2002 accedunt;
1034 1937 1122 2007 qui
1152 1938 1204 1990 in
1234 1935 1425 1989 minori
1446 1933 1636 2004 gradu,
1655 1932 1792 1986 utri-

194 2047 365 2101 usque
387 2031 461 2084 rei
483 2044 638 2084 causa
656 2047 669 2093 ;
688 2029 774 2099 qui
797 2043 925 2083 vero
940 2027 1190 2082 bisetiam
1213 2024 1631 2095 imperfectiores
1647 2030 1793 2092 sunt,

195 2125 266 2178 ob
293 2121 511 2177 delicias
549 2129 753 2174 tantum
779 2135 845 2173 eo
873 2119 1168 2174 ascendunt
1200 2134 1212 2169 :
1246 2131 1366 2170 cum
1402 2125 1580 2170 autem
1609 2130 1675 2170 co
1702 2114 1796 2167 ad-

196 2216 464 2278 vencrint,
491 2213 691 2267 accitos
729 2220 931 2281 martyr
974 2225 1095 2264 cum
1137 2210 1249 2262 suis
1287 2207 1458 2277 epulis
1499 2207 1794 2276 exceperit,

196 2306 398 2375 optima
427 2305 662 2358 munitos
709 2312 1002 2368 armatura,
1028 2317 1132 2356 non
1183 2302 1307 2354 sinit
1346 2299 1618 2370 quidpiam
1670 2297 1796 2352 mali

200 2398 308 2465 pati
341 2396 708 2466 :perindeque
752 2397 947 2449 mirum
1002 2403 1118 2459 est,
1164 2395 1378 2448 mollem
1423 2402 1476 2447 et
1513 2389 1798 2448 socordem

196 2490 429 2559 aliquem
475 2497 859 2557 temperantem
905 2486 1164 2550 reddere,
1217 2495 1272 2540 et
1315 2485 1468 2555 quasi
1509 2500 1574 2539 ex
1622 2484 1798 2539 media

200 2578 407 2634 insania
434 2579 710 2643 reducere,
744 2588 799 2632 ut
822 2578 930 2632 illic
950 2577 1203 2642 efficitur,
1233 2593 1294 2631 ac
1316 2578 1359 2630 si
1382 2578 1501 2646 quis
1532 2577 1583 2629 in
1625 2575 1802 2628 forna-

198 2687 319 2730 cem
343 2672 563 2741 illapsus
586 2672 715 2726 nihil
743 2686 808 2725 ex
841 2672 960 2740 igne
983 2670 1162 2724 damni
1203 2677 1491 2738 pateretur.
1515 2667 1649 2721 Nam
1675 2667 1799 2722 dum

195 2764 475 2834 juventus,
507 2762 754 2832 petulans
795 2761 1037 2826 audacia,
1067 2761 1271 2826 vinum,
1310 2761 1528 2814 satietas
1566 2758 1804 2829 qualibet

201 2855 838 2911 ilamma'vehementius
883 2839 1259 2923 cogitationem
1306 2853 1594 2919 invadunt,
1636 2868 1726 2932 ros
1772 2868 1802 2906 a

205 2952 369 3007 beato
416 2951 532 3003 viro
579 2950 868 3014 immissus,
907 2963 1003 3017 per
1041 2948 1225 3002 oculos
1266 2948 1319 3000 in
1360 2948 1531 3016 ipsam
1573 2946 1802 3002 descen-

201 3043 342 3100 dens
371 3041 627 3105 animam,
652 3037 923 3093 ﬂammam
963 3037 1124 3108 sopit,
1154 3038 1460 3092 incendium
1491 3038 1801 3108 exstinguit,

203 3148 561 3203 magnamque
609 3132 860 3200 pietatem
895 3133 946 3185 in
971 3131 1205 3185 animum
1253 3131 1491 3185 instillat.
1516 3130 1606 3186 Sic
1647 3131 1806 3199 igitur

203 3232 421 3279 sanctus
464 3223 554 3278 ille
592 3223 827 3277 lascivia:
869 3221 1205 3294 tyrannidem
1251 3221 1427 3276 solvit.
1470 3220 1586 3289 Quo
1625 3231 1804 3275 autem

207 3325 369 3386 pacto
393 3314 656 3370 datmonis
683 3323 999 3382 potestatem
1027 3313 1324 3368 exstinxit?
1367 3314 1545 3379 Primo
1587 3313 1804 3383 quidem

207 3417 321 3462 tum
350 3407 534 3462 sedem
562 3421 746 3461 eorum
779 3407 947 3473 illam,
989 3417 1098 3461 ttnn
1123 3405 1316 3462 fabula:
1342 3423 1536 3462 noxam
1564 3407 1805 3462 inutilem

206 3497 459 3562 reddidit,
485 3499 786 3567 deindeque
807 3498 1108 3554 dmmonetn
1141 3514 1359 3568 prorsus
1387 3500 1580 3568 exegit.
1602 3499 1801 3554 Verum

205 3597 493 3659 antequam
522 3589 802 3658 ejectionis
827 3588 1045 3643 modum
1072 3589 1266 3654 dicam,
1287 3590 1413 3644 illud
1445 3605 1539 3644 vos
1568 3591 1810 3645 animad-

179 3688 420 3735 vertere
448 3695 598 3750 rogo,
627 3695 751 3734 eum
780 3681 980 3735 scilicet
1021 3697 1130 3735 non
1169 3682 1350 3735 statim
1395 3691 1555 3752 atque
1593 3682 1810 3736 advenit

205 3755 510 3828 dzemonem
554 3773 857 3842 expulisse,
899 3772 996 3827 sed
1035 3782 1343 3829 manentem
1395 3774 1540 3835 illum
1589 3775 1808 3844 agendis

205 3863 373 3917 rebus
404 3864 642 3932 ineptum
675 3863 993 3928 reddidisse,
1025 3876 1192 3934 osque
1213 3864 1290 3917 illi
1322 3865 1625 3931 obturasse,
1657 3866 1727 3920 ita
1751 3875 1809 3920 ut

208 3958 488 4026 plusquam
521 3955 720 4025 lapides
743 3967 946 4010 mutum
980 3957 1153 4026 ipsum
1183 3957 1433 4012 redderet
1465 3976 1476 4010 :
1506 3973 1606 4013 nec
1633 3959 1809 4014 minus

207 4059 331 4104 erat
373 4060 676 4105 manentem
723 4065 1004 4121 superare,
1051 4066 1210 4120 quam
1251 4051 1545 4120 expellere.
1597 4053 1676 4106 Ac
1719 4053 1808 4121 qui

209 4141 362 4211 prius
392 4156 579 4195 omnes
608 4141 803 4211 ubique
834 4142 1080 4216 homines
1125 4141 1445 4212 decipiebat,
1476 4158 1544 4198 nc
1572 4143 1809 4198 cinerem

207 4233 427 4305 quidem
471 4232 610 4287 beati
657 4233 873 4304 Babylae
925 4233 1196 4303 respicere
1236 4233 1466 4290 audebat
1496 4252 1510 4291 :
1541 4243 1682 4289 tanta
1729 4241 1813 4289 est

208 4334 517 4382 sanctorum
559 4336 794 4397 potestas
819 4369 834 4393 ,
883 4343 1110 4397 quorum
1151 4328 1441 4382 viventium
1483 4342 1552 4382 ne
1597 4327 1813 4382 umbras

209 4419 428 4490 quidem
455 4434 628 4488 neque
670 4419 989 4473 vestimenta
1037 4418 1248 4485 ferunt,
1293 4427 1626 4473 mortuorum
1683 4434 1812 4474 vero

208 4525 402 4581 capsas
447 4518 701 4564 tremunt.
731 4509 913 4580 ltaquc
935 4511 981 4564 si
1009 4512 1129 4581 quis
1168 4513 1535 4580 apostolorum
1562 4513 1729 4581 gestis
1750 4510 1814 4567 ii-

209 4599 333 4654 dem
367 4616 473 4653 non
508 4600 686 4665 habet,
717 4600 801 4655 his
842 4601 1033 4656 saltem
1077 4588 1379 4671 conspectis
1422 4603 1810 4673 impudentiam

209 4693 429 4748 tandem
475 4705 656 4762 ponat.
685 4692 818 4747 Nam
846 4695 932 4762 qui
958 4695 1155 4759 omnia,
1186 4710 1305 4764 qua:
1330 4697 1605 4765 gentilium
1630 4706 1808 4758 erant.

207 4787 337 4840 olim
385 4785 605 4847 vicerat,
634 4801 663 4837 a
691 4795 926 4856 martyre
968 4794 1217 4854 tanquam
1241 4786 1308 4840 ab
1334 4785 1467 4841 itero
1510 4787 1814 4856 increpatus

212 4875 443 4928 latrandi
473 4873 635 4928 ﬁnem
670 4875 815 4939 fecit,
850 4890 948 4929 nec
971 4875 1106 4928 ultra
1152 4875 1402 4944 loquutus
1428 4884 1528 4932 est.
1563 4878 1608 4931 A
1640 4879 1814 4947 primo

208 4966 428 5038 quidem
458 4966 755 5031 videbatur,
776 4967 918 5036 quod
952 4965 1336 5020 sacrificiorum
1382 4970 1667 5038 casterique
1695 4969 1812 5023 cul-

210 5069 300 5112 tus
346 5057 617 5127 particeps
664 5073 768 5110 nun
810 5066 973 5118 esset,
1008 5057 1058 5112 id
1085 5057 1284 5113 facere.
1319 5060 1414 5115 llic
1439 5061 1582 5114 enim
1613 5060 1814 5115 dinmo-

211 5165 340 5220 num
371 5165 488 5203 mos
514 5157 597 5203 est
627 5166 640 5202 :
673 5164 792 5204 eum
826 5149 1070 5204 homines
1099 5150 1307 5217 nidore,
1340 5153 1486 5208 fumo
1528 5155 1815 5224 sanguine-

211 5255 318 5309 que
349 5241 495 5310 ipsos
517 5241 720 5304 colunt,
755 5250 1006 5310 tanquam
1033 5257 1194 5296 canes
1222 5246 1548 5313 sanguinarii
1575 5256 1628 5301 et
1656 5263 1814 5302 vora-

211 5345 306 5386 ces
332 5331 599 5386 lambendi
630 5347 788 5386 causa
824 5332 1047 5397 adsunt;
1077 5350 1197 5387 cum
1230 5346 1408 5389 autem
1438 5353 1622 5392 rursus
1656 5354 1815 5395 nemo

212 5421 506 5494 quidquam
558 5423 759 5490 prcebet
803 5423 1105 5492 ltujusmodi
1134 5467 1149 5492 ,
1199 5428 1349 5496 quasi
1388 5427 1526 5483 fame
1564 5441 1808 5499 pereunt.

216 5516 352 5569 Dum
374 5512 630 5567 sacrificia
653 5513 969 5579 offeruntur,
988 5515 1114 5570 dum
1145 5519 1315 5586 turpia
1337 5520 1680 5576 celebrantur
1699 5538 1817 5593 my-

213 5608 415 5674 steria;
466 5606 596 5662 nihil
644 5607 787 5661 enim
833 5608 975 5663 aliud
1021 5619 1146 5664 sunt
1193 5614 1470 5682 gentilium
1516 5619 1808 5688 mysteria,

214 5715 377 5771 quam
417 5699 655 5755 obscmni
686 5714 918 5767 amores,
951 5717 1234 5785 puerorum
1264 5707 1624 5776 contumelia),
1652 5712 1810 5767 adui-

216 5794 371 5862 teria,
401 5792 684 5848 domorum
729 5793 1142 5850 subversiones:
1185 5796 1340 5852 mitto
1389 5815 1530 5854 nunc
1577 5805 1808 5863 czcdium

995 427 1084 484 DE
1120 426 1178 482 S.
1221 424 1524 491 BABYLA,
1559 417 1832 478 CONTRA
1873 414 2216 474 JU'LIANUM
2257 416 2348 475 ET
2388 419 2737 478 GENTILES

3367 421 3471 478 556

1876 529 2124 590 sinistros
2153 547 2332 590 mores
2355 533 2394 602 ι,
2418 548 2480 588 ae
2506 533 2637 603 ipsis
2663 533 2900 592 caedibus
2929 535 3224 606 iniquiores
3247 553 3470 598 canas:

1875 619 2002 676 dum
2029 622 2166 690 luce,
2196 623 2434 692 inquam,
2477 624 2836 690 celebrantur,
2883 625 3080 686 adsunt
3101 637 3157 686 et
3182 629 3474 690 laetantur:

1875 715 2084 770 etiamsi
2113 713 2363 782 malefici,
2396 716 2603 771 etiamsi
2650 719 3089 790 praestigiatores,
3125 721 3334 778 etiamsi
3376 739 3475 796 pe-

1876 818 1983 862 stes
2006 809 2245 878 sint,_qui
2273 810 2396 863 talia
2441 823 2702 881 peragunt
2739 812 3023 883 mysteria;
3051 817 3162 868 imo
3199 829 3329 872 vero
3369 833 3476 872 non

1876 899 1965 953 alii
2013 909 2139 954 sunt
2173 902 2263 970 qui
2312 900 2427 955 haec
2467 901 2865 957 administrant.
2916 903 3144 975 Sapiens
3182 907 3326 961 enim
3372 908 3473 974 vir,

1878 993 2078 1062 probus
2104 1003 2266 1068 atque
2294 999 2569 1055 modestus
2594 1015 2694 1056 nec
2718 1002 3161 1056 comessationem
3186 1017 3286 1057 nec
3303 1002 3480 1062 ebrie-

1879 1094 2040 1140 tatem
2068 1086 2320 1156 admittit,
2351 1107 2449 1146 ncc
2479 1093 2792 1148 obscaznum
2817 1094 3040 1149 verbum
3060 1095 3276 1158 emittit,
3305 1112 3479 1166 neque

1879 1176 2041 1230 alium
2069 1179 2193 1233 talia
2222 1180 2580 1248 proferentem
2605 1182 2793 1240 audire
2816 1169 2950 1240 vult.
2981 1186 3142 1256 Atqui
3165 1187 3472 1258 Oportebat,

1881 1269 1925 1321 si
1950 1267 2019 1325 de
2059 1272 2335 1327 hominum
2381 1277 2578 1331 virtute
2617 1277 2885 1333 sollicitus
2931 1287 3098 1346 esset,
3133 1289 3189 1335 et
3216 1279 3262 1335 si
3287 1297 3480 1352 sequa-

1881 1361 2022 1415 cium
2053 1378 2273 1418 suorum
2320 1363 2627 1428 felicitatem
2661 1369 2742 1424 vel
2767 1370 3032 1425 tantillum
3075 1379 3312 1435 curaret,
3347 1373 3481 1428 nihil

1883 1455 2062 1526 potius
2099 1456 2392 1527 requirere,
2438 1473 2596 1530 quam
2643 1463 2804 1516 vitam
2858 1464 3120 1534 optimam
3166 1480 3488 1536 morumque

1887 1546 2230 1615 probitatem,
2258 1557 2420 1619 atque
2453 1550 2570 1606 illas
2594 1567 2785 1612 omnes
2826 1554 3166 1625 turpissimas
3211 1555 3376 1628 dapes
3399 1574 3487 1612 re-

1888 1638 2148 1709 linquere.
2180 1640 2288 1696 Sed
2311 1643 2431 1712 quia
2465 1641 2740 1700 hominum
2763 1645 3000 1715 pernicie
3027 1648 3159 1702 nihil
3184 1649 3313 1717 ipsis
3334 1664 3488 1719 cpta-

1891 1730 1998 1787 tius
2022 1739 2123 1798 est,
2157 1732 2222 1789 iis
2261 1733 2510 1789 laetantur
2557 1749 2782 1806 seseque
2829 1736 3083 1792 honorari
3130 1738 3335 1805 dicunt,
3365 1756 3486 1811 que

1890 1824 2054 1878 vitam
2079 1832 2316 1880 nostram
2361 1826 2697 1894 subvertere,
2725 1830 3014 1900 omniaque
3062 1829 3202 1885 bona
3249 1831 3490 1887 funditus

1889 1915 2123 1970 evellere
2144 1917 2336 1972 solent.

1966 2008 2054 2063 Η.
2097 2007 2310 2063 υωυιοη
2336 2011 2438 2065 sive
2460 2014 2722 2069 oraculum
2750 2015 3003 2085 Apollinis
3031 2027 3161 2072 (acet
3190 2020 3252 2075 ob
3277 2035 3493 2093 prasen-

1894 2100 2018 2152 tiam
2044 2098 2392 2170 Reliquiarum
2417 2101 2478 2158 S.
2499 2103 2728 2177 Babylte.
2758 2106 3000 2164 Julianus
3029 2109 3275 2181 Aposlata
3300 2115 3494 2168 cultum

1895 2191 2106 2243 deorum
2131 2192 2398 2246 instaurat.
2416 2194 2686 2251 —Primo
2711 2197 2924 2268 quidem
2953 2200 3231 2257 videbatur
3251 2202 3338 2258 hic
3361 2219 3496 2275 quo-

1895 2300 2000 2352 que
2030 2283 2244 2363 dmmon
2273 2286 2394 2341 ideo
2429 2297 2640 2352 tacere;
2669 2291 2761 2344 sed
2795 2301 2852 2346 ut
2881 2302 3065 2361 postea
3094 2296 3270 2366 palam
3295 2296 3494 2352 factum

1897 2385 1981 2430 est
2004 2415 2018 2437 ,
2047 2377 2278 2431 violenta
2301 2381 2616 2435 necessitate
2637 2383 2962 2455 pra-peditus
2981 2396 3097 2441 erat
3121 2404 3134 2441 :
3158 2396 3333 2443 metus
3352 2390 3495 2444 enim

1899 2468 2187 2524 imminens
2215 2469 2382 2525 instar
2408 2471 2564 2536 freni,
2593 2489 2660 2529 ne
2685 2475 2844 2532 solita
2868 2486 3055 2532 contra
3084 2477 3329 2534 homines
3355 2479 3492 2535 frau-

1899 2560 1968 2615 de
1999 2571 2238 2617 uteretur
2261 2605 2276 2630 ,
2308 2563 2648 2634 impediebat.
2701 2566 2854 2623 Unde
2895 2569 2996 2624 hoc
3037 2556 3239 2642 liquet?
3271 2573 3391 2630 Sed
3431 2590 3497 2628 ne

1906 2653 2226 2722 turbemini;
2266 2672 2386 2711 nam
2418 2657 2482 2712 ad
2516 2657 2565 2712 id
2596 2659 3070 2716 demonstrandum
3090 2673 3503 2733 propero,post-

1902 2760 1966 2798 ea
2006 2761 2137 2801 vero
2199 2762 2265 2802 ne
2295 2748 2358 2804 iis
2387 2749 2624 2819 quidem,
2657 2752 2746 2819 qui
2776 2751 3118 2822 impudenter
3142 2769 3302 2824 agere
3332 2756 3497 2810 medi-

1903 2849 2086 2895 tantur
2109 2881 2124 2905 ,
2165 2841 2220 2895 id
2263 2841 2480 2910 licebit;
2514 2858 2620 2898 non
2657 2845 2797 2899 circa
2830 2855 3010 2901 vetera
3042 2847 3129 2902 illa
3161 2847 3212 2903 i'd
3245 2857 3501 2918 praestare

1903 2938 2186 3000 poterunt,
2218 2947 2322 2986 non
2363 2933 2506 2989 circa
2539 2935 2787 3007 martyris
2827 2947 3146 3006 potestatem
3174 2981 3188 3006 ,
3222 2955 3327 2993 non
3361 2940 3502 2995 circa

1902 3022 2206 3078 dmmonum
2240 3024 2625 3080 infirmitatem.
2659 3026 2774 3082 Non
2805 3028 3150 3099 conjecturis,
3180 3030 3285 3085 neu
3313 3032 3497 3086 verisi-

1905 3115 2204 3172 militudine
2247 3117 2313 3171 ad
2359 3117 2411 3172 id
2457 3119 2934 3175 demonstrandum
2981 3137 3116 3191 opus
3161 3123 3372 3192 habeo,
3407 3124 3502 3180 sed

1907 3206 2079 3276 ipsum
2106 3206 2366 3262 damonis
2387 3223 2549 3278 super
2569 3210 2652 3266 his
2677 3211 3044 3266 testimonium
3067 3212 3357 3270 exhibebo.
3387 3215 3504 3284 ipse

1905 3299 2048 3354 enim
2079 3299 2329 3356 lethalem
2362 3301 2512 3356 vobis
2539 3302 2746 3374 plagam
2774 3303 2988 3372 inﬂixit,
3013 3314 3354 3379 vestramque
3390 3324 3503 3364 om-

1907 3407 2030 3446 nem
2069 3391 2314 3446 liduciam
2345 3395 2603 3463 prmcidit.
2642 3399 2707 3452 At
2751 3412 2846 3452 vos
2881 3413 2949 3453 ne
2981 3399 3055 3454 illi
3096 3403 3497 3458 suceenseatis:

1909 3499 2015 3537 non
2045 3486 2188 3538 enim
2220 3494 2410 3554 sponte
2439 3502 2526 3540 res
2552 3501 2678 3542 suas
2709 3493 3015 3558 prostravit,
3043 3494 3137 3547 sed
3165 3494 3353 3563 majori
3383 3509 3511 3549 eoa-

1905 3585 2023 3631 ctus
2051 3578 2245 3632 virtute
2271 3577 2320 3631 id
2343 3577 2537 3634 effecit.
2568 3579 2626 3634 id
2650 3595 2776 3636 vero
2796 3584 3080 3652 quomodo
3102 3595 3154 3640 et
3175 3600 3280 3655 qua
3300 3587 3511 3640 ratione

1907 3666 2104 3723 factum
2147 3668 2267 3723 est?
2314 3669 2524 3725 Mortuo
2568 3686 2634 3726 eo
2673 3671 3034 3743 imperatore,
3077 3677 3167 3746 qui
3215 3687 3507 3750 martyrem

1909 3761 2291 3826 transtulerat,
2323 3763 2540 3820 fratrem
2576 3765 2692 3834 ejus
2729 3766 3012 3837 imperium
3051 3779 3425 3840 suscepturum
3456 3773 3507 3827 in

1909 3852 2143 3907 medium
2171 3853 2420 3923 produxit
2441 3857 2502 3922 is,
2528 3857 2621 3926 qui
2643 3857 2716 3912 illi
2737 3859 2876 3913 hunc
2894 3860 3150 3915 honorem
3175 3863 3505 3918 contulerat:

1906 3947 2054 4016 atqui
2083 3947 2170 4002 hic
2198 3948 2314 4003 sine
2339 3949 2640 4005 diademate
2667 3950 2948 4022 imperium
2975 3954 3169 4024 accipit
3197 3973 3210 4009 :
3241 3971 3335 4025 par
3363 3957 3508 4011 enim

1907 4049 2025 4095 erat
2052 4041 2212 4095 etia‘m
2253 4040 2505 4098 defuncto
2548 4043 2701 4098 fratri
2742 4045 3016 4114 dignitatis
3053 4062 3324 4101 mensura.
3374 4048 3509 4103 Cum

1907 4142 2085 4189 autem
2114 4133 2200 4189 hic
2228 4135 2585 4207 prmstigiator
2614 4152 2678 4192 ac
2706 4138 2963 4194 scelestus
2993 4149 3157 4207 esset,
3190 4143 3361 4210 primo
3390 4142 3512 4213 qni-

1907 4224 2031 4280 dem
2062 4225 2178 4295 ejus
2204 4227 2372 4296 gratia
2404 4231 2493 4297 qui
2536 4229 2635 4283 sibi
2671 4231 3020 4299 principatum
3053 4231 3314 4297 dederat,
3346 4231 3474 4288 Ghri
3501 4263 3516 4277 ο

1908 4317 2142 4371 stianum
2184 4333 2244 4372 se
2282 4331 2401 4372 esse
2433 4319 2735 4386 simulavit;
2791 4322 2880 4376 illo
2927 4331 3105 4378 autem
3153 4323 3262 4378 vita
3306 4323 3507 4396 functo,

1909 4408 2116 4479 abjeeta
2145 4410 2285 4464 larva
2307 4451 2321 4476 ,
2354 4410 2604 4480 perfricta
2631 4411 2805 4468 fronte
2825 4455 2838 4478 ,
2870 4429 3033 4485 quam
3065 4424 3222 4471 antea
3252 4417 3396 4472 intus
3425 4433 3509 4473 ce-

1911 4502 2117 4558 laverat
2145 4506 2583 4575 superstitionem
2617 4507 2667 4561 in
2698 4509 2930 4563 medium
2964 4511 3276 4580 productam
3309 4514 3512 4568 nemini

1910 4609 2017 4649 non
2045 4596 2379 4650 manifestam
2412 4596 2537 4652 fecit
2564 4615 2577 4651 :
2609 4608 2716 4652 tum
2747 4600 3216 4677 mandat-rubique
3247 4613 3513 4660 terrarum

1909 4687 2277 4752 mittebantur,
2313 4699 2368 4742 ut
2398 4689 2661 4744 idolorum
2688 4693 2883 4760 templa
2917 4695 3370 4764 instaurarentur,
3405 4714 3516 4755 ara:

1909 4781 2292 4845 excitarentur,
2311 4781 2514 4850 pristini
2532 4782 2866 4839 daemonibus
2885 4786 3114 4842 honores
3138 4789 3511 4861 redderentur,

1911 4872 2062 4925 multi
2090 4872 2158 4926 ad
2187 4873 2309 4928 illos
2333 4888 2629 4929 concursus
2657 4877 2818 4931 variis
2839 4894 2902 4933 ex
2932 4880 3063 4936 locis
3095 4880 3282 4936 fierent
3302 4885 3343 4938 ³.
3376 4883 3513 4938 llinc

1911 4966 2070 5034 magi,
2090 4966 2521 5035 praastigialores,
2537 4977 2706 5034 vates,
2726 4973 3056 5043 haruspices,
3078 4979 3507 5050 menagyrta-(a),

1910 5072 2204 5128 omnesque
2229 5060 2616 5130 prazstigiarum
2643 5064 2875 5120 officina:
2904 5067 3134 5136 undique
3157 5085 3222 5124 ex
3251 5080 3362 5125 toto
3383 5073 3514 5128 orbe

1911 5149 2340 5215 concurrebant;
2369 5152 2655 5222 Videreque
2677 5165 2792 5210 erat
2812 5158 3010 5228 regiam
3035 5160 3202 5230 ipsam
3229 5141 3514 5220 infamibus

1913 5237 2252 5310 fugitivisque
2283 5242 2409 5297 viris
2438 5243 2710 5300 refertam.
2741 5247 2871 5301 Nam
2911 5252 3006 5320 qui.
3041 5252 3179 5309 fame
3214 5255 3340 5308 olim
3373 5256 3516 5326 peri-

1913 5331 2076 5395 bant,
2106 5334 2195 5402 qui
2227 5335 2277 5389 in
2318 5337 2596 5392 maleficiis
2627 5342 3006 5412 veneficiisque
3035 5346 3356 5417 deprehensi
3382 5394 3395 5409 .
3427 5355 3515 5423 qui

1911 5424 2114 5477 carceri
2154 5429 2481 5499 mancipati,
2517 5431 2606 5499 qui
2637 5433 2703 5486 ad
2742 5436 2954 5491 metallo
2995 5437 3230 5494 damnati
3265 5441 3514 5508 fuerant;

1911 5515 1996 5567 alii
2019 5532 2229 5588 quoque
2250 5520 2340 5590 qui
2361 5521 2591 5578 sordidis
2610 5525 2818 5580 artibus
2839 5530 3033 5583 victum
3056 5547 3246 5600 parare
3267 5535 3352 5589 vix
3375 5547 3517 5606 pote-

1977 5649 1995 5719 ξ
2029 5648 2171 5719 savii.
2198 5651 2248 5699 in
2273 5659 2415 5719 textu
2441 5655 2655 5719 etalius.
2682 5659 2893 5711 aedium
2915 5676 3074 5715 mores
3095 5663 3326 5719 insolitos.

1975 5711 1997 5783 ξ
2031 5717 2171 5783 forte
2190 5712 2384 5775 melius,
2409 5717 2551 5768 multi
2574 5711 2670 5770 illis
2689 5711 3313 5783 ρνουεηωέὶὲῖὗιιὲἓὲἶιῖἶ

1977 5770 2054 5830 (α)
2091 5770 2381 5847 Menagyrtaé
2405 5788 2545 5830 erant
2566 5784 2648 5847 qui
2671 5770 3308 5847 gingix‘hs'iﬁe'iisibisiﬁi

1977 5795 2054 5830 tu;
2091 5795 2222 5824 mena
2291 5795 2380 5827 ru:
2405 5795 2545 5830 erant

1912 5835 2091 5945 aggerum
2115 5795 2376 5899 cogtﬁtyant.
2406 5849 2471 5891 De
2496 5795 2597 5906 qui!

3330 5807 3526 5859 magna

2599 5858 2674 5894 ηις
2697 5846 2835 5910 plura
2869 5849 2918 5899 in
2963 5851 3257 5906 collectione
3296 5846 3523 5920 sanaui-
