4082 6430
602 410 704 469 555

605 554 742 607 rant,
763 539 1066 598 sacerdotes
1091 542 1305 610 et.‘sacri
1334 551 1481 597 vates
1509 541 1688 610 statim
1718 541 1892 598 effecti
1921 557 2113 612 magno
2137 543 2188 596 iu

601 636 806 693 honore
821 649 992 688 erant.
1019 633 1088 687 Et
1110 631 1405 702 Imperatbr
1425 632 1639 702 quidem
1659 633 1819 688 duces
1836 647 1898 687 ac
1914 634 2192 701 pra-lectos

604 741 652 780 In
662 727 796 778 issos
815 722 1062 785 faciebat,
1077 721 1314 792 nihilque
1334 721 1580 787 ducebat,
1596 724 1824 778 amasios
1836 732 2011 777 autem
2025 723 2187 786 viros,

601 815 1018 883 meretriccsque
1038 829 1069 868 e
1091 813 1378 867 fornicibus
1402 811 1826 883 ubi‘prostabant
1845 813 2086 877 eductas,
2106 828 2191 868 sc-

601 923 722 960 cum
746 921 840 975 per
860 906 1045 959 urbem
1069 911 1231 958 totam
1250 912 1303 957 et
1341 902 1547 957 viculos
1587 901 2052 966 circumducebat;
2086 901 2190 955 im-

603 999 901 1069 peratorius
922 1007 1102 1051 autem
1130 1009 1322 1065 equus,
1354 1006 1408 1050 et
1437 993 1739 1065 praetoriani
1767 1008 1954 1049 omnes
1979 1008 2008 1047 a
2041 1001 2190 1062 tergo

603 1088 782 1157 procul
812 1088 1198 1156 sequebantur;
1222 1087 1441 1141 lenones
1462 1095 1516 1140 et
1536 1086 1670 1141 lenae
1694 1094 1940 1154 totusque
1960 1085 2192 1138 amasio-

601 1195 719 1234 rum
733 1188 902 1234 cwtus
916 1179 1292 1248 Imperatorem
1305 1179 1358 1234 in
1374 1179 1546 1243 medio
1560 1179 1786 1248 positum
1799 1177 2190 1233 circumdantes

601 1285 696 1338 per
725 1269 898 1323 forum
923 1269 1287 1336 ambulabant,
1325 1269 1443 1323 talia
1469 1268 1628 1323 verba
1652 1267 1935 1337 jactantcs,
1956 1269 2089 1323 tales
2108 1283 2188 1322 ca-

603 1360 827 1417 chinnos
839 1361 1191 1426 eﬂ‘undentes,
1206 1360 1389 1431 quales
1407 1375 1500 1429 par
1514 1368 1629 1414 erat
1643 1358 1943 1429 huiusmodi
1959 1358 2187 1414 officina:

602 1452 868 1523 homines.
892 1451 1098 1508 Scimus
1118 1467 1278 1523 porro
1297 1452 1409 1506 hare
1431 1454 1675 1521 posteros
1695 1451 2020 1506 incredibilia
2041 1461 2182 1520 puta-

601 1511 908 1608 turos-Tesse,
929 1543 998 1598 ob
1016 1511 1354 1598 absurditatis
1375 1543 1793 1613 magnitudinem
1815 1558 1827 1595 :
1851 1557 2020 1613 neque
2043 1544 2184 1597 enim

602 1633 684 1686 vel
718 1633 950 1701 privatus
982 1632 1140 1686 homo
1169 1647 1232 1686 ex
1271 1632 1333 1685 iis
1363 1632 1450 1700 qui
1483 1632 1635 1686 vilem
1679 1641 1991 1701 turpemque
2023 1633 2182 1684 vitam

593 1725 882 1787 duxerunt,
909 1733 1014 1778 tam
1039 1724 1287 1778 indecore
1311 1725 1481 1792 palam
1506 1739 1662 1795 agere
1686 1724 1829 1779 velit.
1854 1724 1958 1778 Sed
1981 1724 2046 1777 ad
2067 1739 2180 1790 eos,

595 1817 681 1884 qui
711 1815 1002 1871 etiamnum
1030 1817 1345 1885 superstites
1375 1825 1497 1869 sunt
1516 1858 1528 1876 .
1559 1816 1698 1869 nulla
1733 1831 1866 1885 opus
1896 1817 2138 1871 oratione
2167 1834 2180 1872 :

594 1923 716 1960 nam
747 1908 834 1977 qui
870 1916 1158 1975 praesentes
1199 1908 1317 1960 :alia
1349 1906 1630 1972 viderunt,
1665 1910 1778 1960 lucc
1813 1907 1921 1975 jant
1955 1907 2184 1962 audituri

593 2010 738 2053 sunt.
778 1984 907 2053 Ideo
932 2000 1071 2053 enim
1101 1998 1234 2052 vivis
1259 1999 1548 2052 etiamnum
1582 1998 1802 2052 testibus
1831 1997 1945 2052 hate
1974 2000 2180 2064 scribo,

597 2109 664 2146 ne
693 2093 813 2161 quis
854 2107 939 2146 me
979 2100 1160 2145 vetera
1200 2090 1441 2160 quaedam
1483 2089 1847 2157 ignorantibus
1879 2103 2182 2144 narrantem

595 2198 784 2253 magna
813 2183 1024 2237 licentia
1054 2183 1265 2237 mentiri
1291 2183 1579 2237 existimet.
1627 2183 1700 2236 Ex
1734 2182 1798 2235 iis
1833 2183 1975 2236 enim
2003 2183 2090 2251 qui
2118 2198 2178 2238 ea

592 2275 838 2328 viderunt
877 2282 930 2327 et
970 2289 1128 2328 senes
1163 2283 1217 2328 et
1241 2273 1466 2342 juvenes
1489 2273 1662 2326 adhuc
1692 2282 2014 2341 supersunt,
2047 2289 2182 2343 quos

593 2379 723 2434 rogo
751 2379 958 2430 omnes,
989 2373 1045 2417 ut
1075 2365 1117 2417 si
1145 2351 1268 2434 quid
1295 2379 1323 2416 a
1352 2379 1436 2418 me
1463 2363 1697 2417 additum
1727 2362 1901 2430 fuerit,
1927 2363 2181 2418 accedant

593 2472 784 2526 meque
814 2456 1134 2526 redarguunt
1162 2475 1174 2509 :
1206 2455 1303 2511 sed
1333 2455 1472 2525 quod
1503 2456 1700 2526 aliquid
1727 2456 2020 2511 addiderim
2044 2499 2058 2522 ,
2091 2455 2190 2512 me'

591 2563 817 2617 arguere
847 2563 952 2600 non
995 2556 1250 2617 possunt;
1281 2547 1421 2616 quod
1453 2547 1756 2612 omiserim,
1786 2559 2006 2617 possunt
2037 2567 2048 2602 :
2082 2567 2176 2603 nc-

589 2654 693 2708 que
719 2638 859 2692 enim
888 2637 1223 2710 turpitudinis
1245 2652 1497 2692 excessus
1526 2624 1700 2707 potest
1719 2640 1959 2694 oratione
1981 2656 2181 2709 reprae-

589 2732 806 2786 sentari.
852 2729 1087 2785 Posteris
1129 2743 1258 2783 vero
1301 2744 1406 2782 non
1446 2728 1726 2784 crcdituris
1765 2729 1867 2784 hoc
1909 2731 2132 2785 dixerim
2159 2774 2174 2798 ,

589 2824 887 2877 daemonem
919 2823 1064 2875 illum
1101 2820 1240 2890 apud
1270 2835 1368 2876 vos
1389 2862 1404 2887 ,
1432 2836 1590 2890 quem
1629 2821 1888 2876 Venerem
1929 2823 2128 2877 vocatis
2157 2865 2174 2888 ,

589 2930 692 2967 non
725 2913 923 2983 pudere
953 2913 1145 2966 talibus
1175 2913 1248 2966 uti
1279 2913 1556 2967 ministris.
1586 2911 1728 2968 Nihil
1764 2913 1943 2982 itaque
1983 2915 2173 2968 mirum

589 3014 672 3082 est
700 3004 745 3058 si
773 3006 934 3059 miser
955 3004 1043 3058 ille
1063 3045 1078 3068 ,
1105 3004 1192 3073 qui
1221 3003 1518 3057 daemonum
1547 3002 1776 3057 ludibrio
1806 3019 1924 3059 sese
1955 3019 2175 3073 prorsus

587 3097 866 3150 addixerat
891 3136 904 3159 ,
929 3111 1033 3161 non
1071 3093 1269 3163 pudore
1298 3093 1605 3148 afﬁceretur
1630 3092 1696 3147 de
1716 3093 1907 3161 quibus
1935 3095 2030 3162 ipsi
2062 3093 2169 3160 dii,

585 3201 721 3258 quos
737 3186 849 3256 ipse
869 3185 1089 3251 coleret,
1111 3184 1490 3254 gloriabantur.
1515 3183 1631 3240 Jam
1653 3185 1770 3254 quis
1790 3195 2066 3240 recenseat
2088 3202 2173 3240 ne-

584 3279 905 3333 cromantias
920 3291 1309 3347 puerorumque
1321 3276 1530 3337 cades?
1545 3275 1670 3329 Haec
1681 3277 1874 3346 quippe
1891 3277 2170 3346 sacriﬁcia,

584 3385 705 3440 quae
724 3369 1058 3424 anterristi
1075 3367 1359 3421 adventum
1379 3367 1622 3422 homines
1649 3366 1843 3422 offerre
1871 3368 1984 3422 ausi
2012 3379 2135 3423 sunt
2151 3410 2168 3433 ,

583 3474 808 3532 postque
843 3461 958 3530 ejus
992 3459 1276 3516 adventurm
1308 3468 1693 3527 cessaverunt,
1726 3473 1940 3514 rursum
1973 3461 2172 3522 instau-

584 3569 704 3608 rare
730 3568 1012 3622 aggressus
1037 3553 1119 3606 est
1137 3595 1151 3617 ,
1177 3568 1280 3605 non
1306 3551 1529 3621 quidem
1550 3550 1723 3620 palam
1751 3568 1763 3604 :
1789 3552 1995 3604 etiamsi
2025 3553 2168 3606 enim

585 3647 876 3714 Imperator
890 3654 1031 3699 esset
1049 3654 1100 3698 et
1117 3645 1372 3698 arbitratu
1393 3658 1489 3697 suo
1507 3642 1683 3696 omnia
1702 3641 1918 3706 faceret,
1933 3651 2168 3698 attamen

584 3736 835 3791 facinoris
873 3737 1127 3806 impietas:
1147 3735 1555 3805 humanitasque
1595 3735 1710 3804 ejus
1739 3735 2012 3803 potestatis
2051 3751 2167 3789 ma-

580 3827 910 3896 gnitudinem
941 3826 1242 3895 superabat.
1276 3825 1402 3879 Illud
1432 3833 1605 3878 tamen
1635 3824 1809 3878 facere
1832 3825 1945 3879 ausi
1979 3834 2121 3878 sunt.

652 3917 740 3972 I5.
785 3915 1100 3986 Responsum
1145 3916 1388 3970 dmmonis
1425 3913 1714 3968 ridiculum.
1761 3945 1829 3954 ——
1869 3915 1964 3968 IIic
2007 3916 2167 3984 igitur

585 4009 884 4078 Imperator
929 4009 1182 4078 Daphnen
1229 4009 1532 4076 frequenter
1568 4022 1688 4061 cum
1720 4007 1899 4062 multis
1927 4007 2166 4063 donariis

580 4099 910 4164 ascendens,
941 4099 1178 4167 plurimis
1218 4099 1409 4152 oblatis
1451 4097 1762 4162 sacrificiis,
1797 4107 2165 4169 torrentesque

581 4191 854 4261 sanguinis
872 4207 933 4245 ex
958 4191 1216 4260 pecudum
1241 4193 1560 4244 mactatione
1583 4189 1803 4253 faciens,
1825 4192 2165 4246 vehementer

587 4281 815 4335 instabat
841 4282 1111 4336 oraculum
1143 4298 1169 4334 a
1199 4281 1441 4336 damone
1466 4297 1730 4350 qumrens,
1764 4298 2060 4352 rogansque
2081 4299 2165 4339 rc-

581 4373 706 4429 ferri
725 4375 866 4429 circa
888 4390 970 4441 ca,
994 4390 1112 4444 qum
1137 4375 1187 4428 in
1211 4384 1387 4431 mente
1405 4374 1669 4429 versabat.
1690 4377 1759 4428 At
1783 4386 2033 4430 strenuus
2052 4376 2160 4443 ille,

704 4487 785 4545 Qui
804 4500 966 4536 arenae
991 4500 1244 4548 numerum
1267 4487 1400 4534 novit
1418 4497 1795 4548 mensuramque
1814 4487 1976 4545 maris,

705 4555 759 4597 Et
791 4549 988 4597 surdum
1013 4546 1261 4611 intelligit.
1288 4555 1340 4597 et
1361 4557 1546 4597 mutum
1577 4546 1725 4606 audit,

584 4662 643 4708 ut
683 4653 808 4724 ipse,
838 4653 911 4706 ait
937 4693 949 4715 ,
986 4652 1151 4705 noluit
1177 4651 1388 4720 quidem
1419 4661 1600 4720 aperte
1631 4652 1910 4720 palamque
1941 4651 2119 4707 dicere
2143 4694 2158 4718 ,

580 4764 640 4802 se
665 4749 734 4802 ob
764 4748 975 4802 beatum
1009 4745 1255 4816 Babylam
1279 4787 1292 4805 ,
1328 4744 1661 4815 vicinamque
1693 4746 1836 4798 illam
1868 4747 2115 4800 virtutem
2143 4785 2159 4812 ,

581 4840 852 4892 obstructo
885 4852 1004 4890 esse
1033 4851 1126 4890 ore
1149 4876 1164 4901 ,
1197 4850 1258 4888 ac
1297 4834 1440 4904 loqui
1485 4850 1590 4888 non
1637 4851 1791 4903 posse
1815 4877 1829 4901 ,
1859 4837 2058 4890 veritus
2095 4853 2160 4890 ne

582 4931 871 4985 cultoribus
898 4930 1008 4984 suis
1035 4929 1197 4983 risum
1229 4938 1468 4981 moveret
1493 4968 1506 4991 ,
1536 4943 1637 4981 neu
1669 4928 1837 4980 victus
1865 4927 2033 4996 palam
2064 4927 2160 4981 dc-

573 5006 1000 5096 prcben‘tleretur
1026 5063 1039 5083 ,
1087 5035 1301 5074 causam
1352 5018 1546 5073 silentii
1592 5017 1803 5088 aperuit
1845 5034 1856 5070 :
1891 5018 1997 5070 imo
2041 5033 2160 5072 Sese

571 5113 747 5183 magis
776 5111 1077 5178 ridiculum,
1111 5127 1267 5178 quam
1295 5111 1464 5178 ipsum
1495 5109 1793 5171 silentium,
1825 5108 2112 5163 declaravit
2143 5127 2156 5162 :

581 5220 700 5257 nam
740 5203 953 5258 silentio
986 5201 1200 5271 quidem
1245 5201 1604 5254 infirmitatem
1650 5209 1849 5252 tantum
1883 5215 2031 5253 suam
2062 5199 2158 5260 de-

577 5294 936 5356 monstrabat,
970 5300 1079 5345 tum
1109 5307 1237 5345 vero
1266 5289 1626 5344 infirmitatem
1657 5290 1850 5356 simul,
1883 5292 2158 5359 turpitudi-

577 5400 698 5440 nem
721 5393 774 5438 et
790 5384 1166 5453 impudentiam
1191 5399 1299 5452 pne
1323 5397 1379 5435 se
1406 5381 1627 5448 ferebat,
1647 5381 1772 5436 dum
1790 5398 1850 5436 ca
1868 5384 2153 5450 occultare,

577 5493 698 5547 qua:
717 5477 968 5533 occultari
993 5493 1094 5529 non
1118 5484 1383 5545 poterant,
1406 5484 1705 5528 conaretur.
1727 5474 1976 5539 Quantam
2001 5475 2161 5546 igitur

577 5567 692 5622 hrec
730 5566 926 5622 silentii
954 5565 1154 5619 causa?
1185 5565 1402 5634 Daphne
1427 5605 1442 5629 ,
1477 5563 1681 5634 inquit,
1713 5563 1859 5617 locus
1889 5573 1972 5618 est
1999 5565 2160 5620 cada-

579 5658 791 5712 veribus
821 5656 1008 5726 pleuus
1035 5698 1049 5722 ,
1080 5655 1235 5726 idque
1277 5655 1553 5709 oraculum
1586 5655 1821 5723 impedit.
1871 5658 1940 5709 At
1966 5667 2162 5725 quanto

580 5748 767 5802 melius
818 5746 1024 5814 fuisset,
1066 5748 1264 5811 miser,
1299 5746 1549 5817 martyris
1584 5746 1833 5800 virtutem
1873 5748 2114 5802 confiteri
2143 5790 2157 5814 ,

580 5855 736 5911 quam
775 5840 890 5896 hazc
930 5840 1263 5909 impudenter
1291 5839 1621 5909 prmtcxerc?
1671 5839 1794 5894 Ilmc
1834 5839 2040 5894 d:cmou
2073 5857 2158 5896 rc-

1384 407 1435 465 S.
1479 408 1756 466 JOANNIS
1792 406 2266 464 CIIRYSOSTOMI
2307 412 2625 470 ARCIIIEP.
2667 409 3200 470 CONSTANTINOP.

3791 413 3898 470 556

2303 527 2514 595 spondit
2534 568 2549 590 ,
2580 526 2773 583 stultus
2801 538 2978 585 autem
3007 529 3301 601 Imperator
3321 571 3337 596 ,
3361 531 3512 601 quasi
3540 533 3596 588 in
3621 546 3784 589 scena
3816 533 3893 587 lu-

2301 620 2435 674 dens
2476 620 2811 692 fabulamque
2849 637 3010 692 agens
3034 663 3051 690 ,
3079 621 3144 677 ad
3173 622 3387 678 beatum
3417 625 3594 677 statim
3637 625 3895 696 Babylam

2299 713 2544 766 accessit.
2572 714 2754 781 Atqui,
2785 729 2815 767 ο
2841 715 3084 768 scelerati
3112 729 3176 768 ac
3200 714 3638 783 sceleratissimi,
3669 717 3774 769 nisi
3804 732 3897 771 vos

2300 803 2484 856 mutuo
2509 813 2804 872 sponteque
2829 802 3148 874 deciperetis
3172 813 3226 860 et
3249 805 3315 859 ad
3341 806 3568 860 aliorum
3595 807 3896 876 perniciem

2297 892 2636 962 simulatione
2671 894 2952 949 uteremiui
2976 935 2996 960 ,
3023 909 3189 964 quare
3218 903 3274 949 tu
3303 895 3773 952 iudiscriminatim
3806 911 3897 949 ca-

2296 981 2490 1037 davera
2513 998 2799 1050 memoras,
2819 992 2873 1038 tu
2899 998 3045 1048 vero,
3064 985 3216 1054 quasi
3239 985 3550 1040 nominatim
3568 994 3623 1040 ct
3639 985 3900 1040 distincte

2295 1075 2556 1142 audisses,
2581 1075 2781 1131 relictis
2805 1076 2922 1131 aliis
2945 1087 3187 1131 sanctum
3215 1076 3388 1132 solum
3410 1079 3694 1134 removcs?
3720 1077 3899 1148 Opor-

2296 1167 2439 1222 lebat
2485 1167 2626 1223 enim
2681 1169 2975 1224 secundum
3020 1166 3281 1224 daemonis
3315 1170 3632 1222 sententiam
3702 1183 3900 1222 omnes

2295 1259 2348 1312 in
2391 1258 2614 1328 Daphne
2655 1259 2888 1314 tumulos
2932 1258 3205 1325 ell'odere,
3235 1266 3291 1314 et
3333 1259 3642 1314 terriculum
3691 1259 3830 1313 illud
3866 1276 3898 1312 a

2293 1349 2514 1404 deorum
2544 1359 2760 1418 aspectu
2789 1365 2948 1419 quam
2980 1349 3288 1420 longissime
3328 1365 3625 1405 removere.
3678 1353 3753 1404 At
3785 1367 3896 1404 non

2291 1441 2358 1496 de
2386 1441 2631 1496 omnibus
2653 1482 2667 1508 ,
2697 1443 2902 1511 inquies
2922 1484 2936 1504 .
2968 1442 3314 1501 cadaveribus
3346 1448 3596 1512 loquutus
3623 1451 3731 1497 est.
3783 1442 3896 1497 Cur

2291 1549 2418 1604 ergo
2449 1534 2499 1587 id
2532 1550 2634 1587 nou
2665 1536 2933 1602 professus
2961 1543 3043 1590 cst
3071 1534 3260 1588 clare?
3284 1535 3424 1588 Sane
3453 1533 3545 1589 tibi
3575 1534 3714 1588 banc
3736 1551 3890 1590 erro-

2293 1628 2366 1680 ris
2412 1627 2640 1681 fabulam
2675 1630 2848 1698 agenti
2880 1629 2978 1683 hoc
3003 1629 3226 1698 mnigma
3253 1630 3486 1701 reliquit.
3527 1629 3643 1698 Ego
3669 1671 3684 1692 ,
3716 1630 3892 1699 inquit

2290 1718 2520 1780 (IJ‘mOD,
2549 1719 2808 1773 cadavera
2837 1719 2992 1784 dico,
3026 1735 3093 1775 ne
3124 1735 3210 1774 me
3237 1719 3437 1774 victum
3466 1730 3648 1790 aperte
3674 1723 3885 1784 fatear,

2289 1818 2343 1864 ct
2371 1810 2602 1878 alioquin
2648 1811 2807 1865 timeo
2842 1823 3078 1866 Sanctum
3125 1813 3437 1866 nominatim
3487 1813 3735 1882 proferre
3771 1830 3786 1868 :
3833 1823 3893 1866 tu

2288 1899 2427 1968 quod
2454 1900 2651 1954 dictum
2681 1911 2760 1954 est
2788 1901 3019 1972 intellige
3044 1944 3057 1966 ,
3089 1912 3138 1956 cl
3167 1913 3405 1958 sanctunt
3436 1905 3605 1959 solum
3631 1921 3828 1960 amove
3871 1923 3886 1960 :

2289 1992 2376 2047 ille
2407 1993 2602 2062 quippe
2630 2007 2690 2046 os
2717 1993 2867 2047 nobis
2894 1994 3183 2048 obstruxit.
3236 1995 3458 2049 Tantam
3492 2012 3681 2066 nempe
3708 1998 3891 2054 culto-

2287 2099 2402 2136 rum
2452 2098 2668 2137 suorum
2712 2083 3030 2138 dementiam
3073 2089 3325 2154 agnovit,
3377 2098 3433 2141 ut
3483 2096 3588 2141 tam
3634 2101 3887 2156 apertam

2288 2172 2523 2229 fraudem
2572 2173 2852 2228 advertere
2901 2189 3006 2228 non
3055 2185 3319 2244 possent:
3355 2177 3457 2231 etsi
3499 2178 3639 2232 cnim
3687 2195 3887 2235 omnes

2289 2276 2465 2320 mente
2506 2266 2645 2332 capti
2683 2266 2962 2336 insanique
3001 2275 3219 2332 essent,
3251 2283 3318 2322 ne
3348 2268 3425 2323 sic
3462 2268 3677 2339 quidem
3708 2271 3888 2326 cladis

2284 2371 2396 2408 sua:
2429 2355 2671 2409 notitiam
2713 2355 2964 2426 obtegere
3004 2365 3248 2425 poterant
3276 2375 3288 2411 :
3321 2359 3390 2413 ita
3429 2374 3620 2429 nempe
3649 2360 3798 2431 clara
3829 2370 3887 2415 et

2284 2456 2464 2516 aperta
2490 2449 2736 2507 omnibus
2766 2460 2900 2503 erat.
2948 2449 3078 2504 Nam
3110 2451 3152 2504 si
3185 2451 3382 2520 polluta
3413 2452 3653 2521 quaedam
3692 2463 3748 2507 et
3776 2468 3883 2508 ex-

2282 2539 2535 2595 secranda
2556 2555 2642 2596 res
2663 2549 2807 2606 sunt,
2827 2553 2885 2594 ut
2905 2541 3051 2603 dicis,
3084 2543 3354 2597 hominum
3377 2543 3654 2611 eadavcra,
3673 2555 3883 2615 quanto

2284 2632 2450 2701 magis
2482 2632 2780 2698 brutorum,
2812 2642 2961 2687 tanto
2991 2633 3194 2688 scilicet
3221 2643 3418 2702 quanto
3449 2635 3548 2689 hoc
3579 2651 3750 2706 genus
3782 2638 3881 2691 illo

2283 2723 2437 2776 vilius
2464 2732 2547 2778 est
2581 2741 2593 2775 :
2626 2724 2789 2778 multa
2825 2739 2954 2779 vero
2989 2740 3177 2778 canum
3203 2767 3216 2789 ,
3251 2726 3524 2780 simiarum
3549 2768 3564 2792 ,
3594 2729 3877 2783 asinorum

2279 2817 2535 2871 cadavera
2565 2816 2807 2885 proxime
2835 2816 3086 2886 templum
3117 2815 3328 2871 defossa
3356 2826 3478 2872 sunt
3502 2861 3517 2881 ,
3545 2834 3663 2887 qure
3690 2821 3878 2889 potius

2281 2918 2643 2962 transmovere
2683 2908 2997 2976 oportebat,
3027 2908 3124 2961 nisi
3162 2909 3389 2963 fortasse
3418 2909 3663 2970 homines
3692 2912 3875 2967 simiis

2277 3013 2464 3053 censes
2487 3012 2605 3053 esse
2633 2999 2864 3052 viliores.
2899 2997 2997 3053 Ubi
3031 3014 3171 3052 nunc
3199 3008 3342 3066 sunt,
3374 3001 3459 3070 qui
3489 3001 3768 3069 pulchrum
3803 3004 3872 3058 il-

2278 3088 2367 3142 Iud
2394 3088 2487 3144 Dei
2514 3089 2801 3157 opificium,
2835 3088 2901 3143 ad
2933 3090 3284 3147 ministerium
3312 3100 3552 3146 nostrum
3583 3104 3823 3148 creatum
3854 3137 3869 3160 ,

2277 3195 2470 3250 nempe
2491 3181 2680 3245 solem,
2697 3178 3016 3235 contumelia
3039 3179 3310 3244 afficiunt,
3336 3191 3390 3238 et
3408 3182 3638 3237 dmmoni
3661 3193 3869 3239 astrum

2280 3273 2408 3328 illud
2437 3273 2765 3335 adscribunt,
2795 3281 2954 3342 atquc
2979 3274 3122 3329 hunc
3148 3274 3272 3328 illud
3297 3290 3414 3328 esse
3441 3277 3745 3330 affirmant?
3773 3279 3875 3331 Sol

2277 3368 2417 3422 enim
2440 3410 2454 3432 ,
2482 3367 2828 3421 cadaveribus
2855 3367 3145 3420 innumeris
3174 3366 3225 3420 iu
3253 3375 3390 3425 terra
3407 3369 3709 3437 jacentibus
3728 3410 3744 3433 ,
3775 3387 3871 3439 per

2276 3460 2578 3513 universum
2610 3459 2792 3513 orbem
2823 3459 3131 3513 dilfonditur
3154 3501 3169 3520 .
3202 3475 3302 3514 nec
3341 3461 3544 3528 uspiam
3577 3461 3756 3515 radios
3783 3464 3868 3515 vel

2275 3551 2541 3605 radiorum
2569 3550 2859 3604 efficaciam
2889 3551 3197 3620 pollutionis
3227 3559 3370 3606 metu
3394 3552 3664 3607 contrahit
3689 3571 3702 3608 :
3731 3554 3868 3607 deus

2274 3655 2452 3698 autem
2484 3653 2660 3699 vester
2685 3651 3018 3713 neciturpcm
3047 3645 3207 3696 vitam
3229 3684 3243 3709 ,
3277 3659 3375 3696 nec
3403 3645 3696 3712 praestigias
3715 3684 3734 3709 ,
3764 3661 3870 3700 nec

2272 3738 2452 3792 caedes
2480 3747 2757 3790 aversatur
2783 3738 2862 3790 vel
2890 3737 3013 3790 odio
3038 3735 3230 3802 habet;
3257 3735 3349 3789 sed
3379 3735 3568 3804 diligit,
3595 3739 3870 3829 amplecti-

2271 3837 2358 3882 tur
2383 3838 2436 3882 et
2462 3835 2635 3894 amat;
2670 3843 2852 3880 verum
2879 3841 3101 3896 corpora
3132 3835 3305 3880 tamen
3334 3837 3512 3880 nostra
3543 3839 3822 3883 aversatur
3850 3849 3864 3883 :

2275 3934 2590 3988 quamquam
2624 3919 2837 3971 malitia:
2865 3917 3091 3986 species,
3119 3919 3278 3971 etiam
3308 3917 3451 3971 iIlam
3486 3919 3868 3987 peragentihus

2270 4024 2475 4062 summa
2495 4009 2908 4077 repreliensizine
2925 4008 3082 4078 digna
3098 4022 3215 4062 esse
3228 4007 3469 4063 videatur
3487 4026 3499 4073 ;
3519 4019 3574 4061 at
3589 4019 3864 4065 mortuum

2273 4101 2649 4169 immobilequc
2694 4114 2886 4168 corpus
2933 4115 3031 4154 nec
3074 4101 3244 4170 culpa:
3297 4114 3395 4154 nec
3454 4101 3866 4169 reprehensioni

2269 4194 2556 4248 obnoxium
2587 4202 2688 4247 est.
2740 4193 2844 4247 Sed
2875 4193 2974 4247 hoc
3009 4202 3091 4247 est
3119 4192 3340 4247 deorum
3373 4203 3669 4248 vestrorum
3701 4197 3862 4250 iusti-

2270 4295 2435 4338 tutmn
2462 4325 2476 4348 ,
2509 4294 2563 4338 ut
2587 4284 2992 4348 abominentur,
3026 4299 3142 4353 qua:
3172 4299 3274 4337 non
3308 4285 3659 4338 abominanda
3693 4297 3818 4340 sunt
3844 4327 3860 4349 .

2268 4377 2447 4431 colant
2484 4385 2660 4430 autem
2700 4383 2754 4431 ct
2796 4375 3092 4446 approbent
3133 4391 3193 4430 ea
3221 4416 3236 4441 ,
3270 4393 3387 4446 qua:
3412 4378 3555 4430 omni
3584 4387 3709 4431 sunt
3735 4380 3865 4432 odio

2211 4499 2213 4502 ‹
2270 4477 2323 4522 et
2347 4467 2711 4522 exsecratione
2740 4467 2916 4536 digna.
2968 4468 3032 4521 Et
3070 4467 3238 4537 bonus
3269 4467 3479 4537 quidem
3511 4470 3588 4521 vir
3629 4485 3804 4539 neque
3830 4487 3862 4525 ιι

2267 4573 2398 4612 sano
2422 4558 2667 4620 consilio,
2692 4573 2864 4627 neque
2888 4559 2954 4612 ab
2982 4557 3203 4612 honesta
3231 4560 3440 4613 actione
3469 4574 3561 4628 per
3588 4573 3860 4617 mortuum

2266 4665 2459 4720 corpus
2497 4649 2885 4713 deterrebitur;
2933 4647 3028 4703 sed
3068 4650 3112 4703 si
3157 4650 3334 4703 animo
3365 4651 3431 4704 sit
3462 4665 3628 4714 sano,
3661 4655 3763 4706 etsi
3795 4656 3860 4708 ad

2267 4743 2376 4811 ipsa
2409 4741 2651 4810 sepulcra
2691 4742 3014 4795 domiciliqu
3049 4740 3240 4795 habeat
3265 4783 3280 4806 ,
3314 4751 3368 4797 et
3406 4747 3815 4813 temperantiam
3843 4791 3858 4811 ,

2263 4846 2318 4889 ct
2355 4836 2653 4902 justitiam,
2686 4845 2739 4889 et
2781 4837 3028 4889 virtutem
3073 4851 3286 4889 omnem
3329 4835 3619 4891 exhibebit.
3671 4839 3860 4906 Quivis

2265 4926 2389 4979 item
2412 4925 2619 4988 artifex,
2647 4941 2764 4995 qua:
2789 4925 2853 4978 ad
2880 4935 3046 4979 artem
3076 4935 3319 4994 spectant
3341 4941 3513 4992 suam,
3535 4931 3712 4981 omnia
3740 4931 3860 4984 sine

2263 5017 2415 5070 obice
2458 5017 2634 5080 faciet,
2680 5025 2734 5072 et
2775 5016 3086 5086 rogantibus
3127 5032 3186 5071 se
3229 5017 3484 5085 prtebehit
3509 5059 3523 5083 ,
3558 5033 3662 5072 non
3696 5020 3858 5072 modo

2263 5122 2428 5179 prope
2455 5109 2712 5161 cadavera
2744 5107 2958 5172 sedens,
2991 5107 3082 5161 sed
3107 5109 3314 5162 etiamsi
3343 5109 3454 5176 ipsa
3479 5107 3854 5164 defunctorum

2263 5201 2502 5268 sepulcra
2525 5209 2837 5254 construere
2863 5214 2997 5269 opus
3022 5199 3201 5264 fuerit,
3225 5209 3278 5254 et
3299 5201 3490 5269 pictor,
3522 5210 3577 5256 et
3597 5201 3852 5266 Iatomns,

2263 5301 2317 5346 et
2353 5292 2497 5345 faber
2520 5333 2534 5356 ,
2567 5301 2620 5345 et
2657 5292 2876 5346 :crarius
2913 5292 3148 5360 sculptor
3172 5333 3186 5356 ,
3214 5291 3446 5361 denique
3482 5307 3672 5348 omnes
3702 5311 3853 5348 suum

2264 5396 2480 5449 operam
2508 5382 2819 5447 conferunt;
2848 5397 2986 5435 unus
3015 5393 3192 5436 autem
3223 5383 3461 5436 omnium
3489 5385 3681 5454 Apollo
3711 5402 3737 5438 a
3767 5401 3856 5438 ca-

2263 5473 2544 5527 daveribus
2571 5473 2813 5542 impediri
2843 5489 2900 5527 se
2921 5472 3013 5536 ait,
3038 5477 3320 5543 quominus
3341 5475 3512 5528 futura
3537 5477 3850 5544 prospiciat.

2265 5565 2422 5634 Atqui
2452 5573 2505 5618 ct
2529 5564 2670 5634 apud
2698 5581 2795 5618 nos
2825 5565 2920 5618 viri
2951 5564 3098 5620 fuere
3130 5568 3304 5637 magni
3336 5578 3389 5621 et
3419 5568 3694 5622 mirabiles
3719 5611 3731 5633 ,
3763 5573 3852 5638 qui

2265 5666 2387 5711 ante
2418 5657 2561 5711 mille
2588 5666 2642 5711 et
2668 5658 3082 5728 quadringentos
3111 5675 3279 5715 annos
3307 5677 3392 5714 res
3422 5662 3626 5716 futuras
3658 5664 3852 5730 ιιι-ιηάὶ-

2267 5757 2477 5811 xerunt,
2504 5757 2557 5802 et
2584 5750 2930 5805 vaticinantes
2960 5751 3087 5805 nihil
3119 5757 3306 5806 borum
3335 5754 3714 5822 requisierunt,
3747 5774 3850 5810 non

2268 5840 2544 5909 conquesti
2571 5853 2693 5896 sunt
2716 5883 2729 5908 ,
2763 5857 2867 5896 non
2898 5841 3267 5900 defunctorum
3309 5848 3548 5916 sepulcra
3575 5849 3711 5903 dirui
3735 5850 3849 5919 jus-
