4082 6424
133 444 338 515 διαζῆν.
372 445 538 513 ἱερεῖς
561 447 654 497 καὶ
675 438 999 514 ἰεροράνται
1026 443 1397 512 ἀναφανέντες
1435 443 1718 513 ἐξαίφνης,
1746 442 1805 496 ἐν

135 531 298 601 πολλῇ
336 527 478 602 ἦσαν
531 534 596 602 τῇ
624 533 779 600 τιμῇ.
813 530 924 583 Καὶ
966 531 994 583 6
1041 529 1296 598 βασιλεὺς
1327 531 1664 602 στρατηγοὺς
1710 530 1808 594 μὲν

134 616 224 677 καὶ
267 605 540 683 ἄρχοντας
583 613 982 684 παρεπέμπετο
1022 613 1117 665 καὶ
1164 612 1378 673 οὐδενὸς
1425 613 1578 679 ἠξίου
1624 611 1805 678 λόγου,

131 697 327 766 ἄνδρας
356 697 415 749 δὲ
457 695 824 766 ήταιρηκάτας
842 735 855 757 ,
885 695 979 748 καὶ
1017 694 1116 756 τὰς
1144 694 1254 747 ἀπὸ
1278 694 1373 746 τοῦ
1413 695 1599 762 τέγους
1622 697 1808 762 γυναῖο

131 799 228 844 xu;
255 783 576 850 ἀναστήσας
610 781 718 834 ἀπὺ
751 780 861 832 τῶν
885 781 1203 850 οἰκημάτων
1223 821 1238 846 ,
1279 780 1336 834 ἐν
1367 775 1449 844 οἷς
1477 785 1810 852 προεστήκε-

131 861 256 932 σαν,
291 866 775 938 μεθ”ἐαυτοῦιτὴν
808 867 964 921 πόλιν
1005 868 1226 920 ἃπασαν
1275 867 1509 938 περιῆγε
1554 866 1646 919 καὶ
1687 866 1811 927 τοὺς

129 952 460 1016 στενωπούς.
492 950 600 1005 Καὶ
627 951 655 1002 6
685 951 784 1022 μὲν
815 950 981 1012 ἵππος
1006 952 1033 1002 6
1069 949 1368 1019 βασιλικὸς,
1398 950 1492 1003 καί
1515 951 1564 1001 οἰ
1586 947 1810 1019 δορυφό-

127 1057 210 1113 ροι
240 1041 472 1102 πάντες,
492 1037 717 1092 ὄπισθεν
736 1039 800 1090 ἐκ
830 1036 1026 1090 πολλοῦ
1048 1036 1142 1090 τοῦ
1172 1037 1538 1106 διαστήματος
1560 1037 1775 1088 εἵποντο
1795 1051 1808 1063 ·

123 1128 491 1201 πορνοὸόσκοι
538 1127 596 1181 δέ
630 1127 843 1198 ἄνδρες,
882 1128 977 1180 καὶ
1016 1129 1274 1195 γυναῖκες
1316 1125 1672 1197 προαγωγοὶ,
1719 1124 1812 1177 καὶ

126 1217 232 1277 πᾶς
265 1217 296 1267 6
325 1214 438 1269 τῶν
463 1215 844 1285 ήταιρηκότων
874 1214 1032 1283 χορὸς
1059 1213 1149 1266 τὸν
1177 1213 1402 1284 βασιλέα
1431 1211 1813 1272 κυκλώσαντες

124 1297 270 1372 εῖχον
304 1303 366 1354 ἐν
410 1301 565 1372 μέσῳ
609 1301 696 1354 διὰ
735 1304 836 1371 τῆς
864 1301 1069 1370 ἀγορᾶς
1113 1299 1439 1368 βαδίζοντες,
1472 1299 1566 1351 καί
1590 1296 1814 1350 τοιαῦτα

125 1391 537 1460 φθεγγόμενοι,
573 1390 667 1442 καὶ
699 1388 874 1451 οὕτως
924 1387 1400 1457 ἀνακαγχάζοντες
1422 1428 1434 1448 ,
1470 1386 1545 1448 ώς
1585 1385 1708 1446 τοὺς
1750 1384 1814 1436 ἐκ

125 1472 224 1540 τῆς
271 1474 548 1544 ἐργασίας
579 1473 797 1542 ἐκείνης
840 1471 985 1534 είκδς
1013 1467 1102 1541 ῆν.
1148 1469 1334 1522 Ταῦτα
1367 1470 1424 1522 δὲ
1457 1468 1699 1538 οἴδαμεν,
1734 1468 1814 1520 ὃτι

126 1557 234 1618 τοῖς
265 1554 390 1625 μεθ’
418 1557 571 1624 ήμᾶς
600 1553 993 1625 γενησομένοις
1017 1553 1225 1606 ἄπιστα
1252 1545 1392 1605 εἰναι
1419 1551 1581 1615 δόξει,
1607 1549 1696 1603 διὰ
1715 1550 1815 1620 τὴν

128 1636 227 1706 τῆς
268 1638 510 1701 ἀτοπίας
550 1636 888 1708 ὑπερϐολήν·
924 1635 1045 1689 οὑδέ
1084 1634 1192 1706 γὰρ
1225 1634 1291 1688 ἀν
1330 1633 1545 1704 ἰδιώτην
1573 1633 1683 1686 τῶν
1725 1635 1816 1685 εὑ-

128 1725 301 1790 τελῶς
343 1726 723 1797 καιάἰσχρῶς
759 1725 1103 1796 βεϐιωκότων
1130 1724 1286 1796 ’[560]
1320 1721 1539 1778 ἐλέσθαί
1588 1723 1816 1776 τοιαῦτα

129 1812 367 1885 δημοσίᾳ
395 1816 754 1884 ἀσχημονεῖν.
793 1811 956 1866 Ἀλλά
990 1813 1128 1883 πρὸς
1177 1812 1273 1882 μὲν
1318 1814 1446 1874 τοὺς
1480 1811 1560 1864 ἔτι
1608 1810 1817 1875 ζῶντας

132 1900 345 1964 οὐδενὸς
370 1901 568 1971 δέομαι
601 1901 764 1968 λόγου
787 1917 800 1930 ·
833 1903 882 1954 οἱ
915 1899 1027 1969 γάρ
1058 1899 1327 1970 παρόντες
1355 1900 1465 1952 καίο
1487 1898 1819 1969 θεασάμενοι

132 1988 304 2041 ταῦτα
340 1990 630 2058 γινόμενα,
661 1981 808 2042 οὗτοι
838 1987 935 2042 καὶ
965 1986 1237 2057 λεγόμενα
1267 1987 1529 2062 ἀκούουσι
1563 1987 1675 2041 νῦν.
1722 1987 1821 2040 Διά

133 2074 241 2146 γάρ
268 2093 350 2127 τοι
375 2076 541 2128 τοῦτο
573 2061 684 2128 τῶν
725 2074 1028 2146 μαρτύρων
1052 2074 1133 2126 ἑτι
1166 2074 1467 2144 περιόντων
1495 2074 1714 2145 γράφω,
1734 2075 1822 2128 ἵνα

141 2164 212 2233 μή
252 2163 336 2226 τίς
366 2181 437 2232 με
461 2163 529 2216 τά
565 2161 774 2217 παλαιά
816 2161 1174 2232 διηγούμενον
1205 2162 1262 2213 ἐν
1309 2161 1410 2214 οὐκ
1452 2161 1619 2214 εἰδόσι
1674 2162 1818 2232 μετά

136 2249 338 2319 πολλῆς
367 2249 666 2319 ψεύδεσθαι
696 2249 798 2320 τῆς
821 2249 1073 2314 ἐξουσίας
1098 2247 1317 2321 νομίζῃ.
1351 2247 1472 2302 Τῶν
1500 2248 1609 2320 γάρ
1649 2248 1824 2303 ταῦτα

138 2337 498 2407 θεασαμένων
533 2337 615 2391 ἔτι
661 2339 753 2390 καὶ
792 2338 1048 2409 γέροντες
1083 2336 1177 2389 καὶ
1224 2335 1338 2390 νέοι
1364 2337 1685 2407 περίεισιν,
1728 2336 1825 2399 οὓς

138 2423 272 2488 ἀξιῶ
304 2425 518 2488 πάντας
539 2463 553 2489 ,
590 2425 644 2478 ετ
664 2441 716 2477 τι
753 2425 882 2495 παρ’
911 2424 1047 2494 ἐμοῦ
1076 2423 1463 2493 προστέθείται
1489 2463 1504 2488 ,
1539 2424 1824 2494 προσιέναι

139 2512 232 2565 καὶ
260 2512 581 2581 διελέγχειν.
603 2510 763 2564 Ἀλλά
791 2510 1162 2580 προστεθέντα
1189 2509 1288 2579 μὲν
1312 2511 1413 2562 οὑκ
1432 2509 1498 2563 ἂν
1519 2509 1821 2577 ἐλέγξαιεν,

141 2599 463 2652 ἐλλείποντα
497 2600 554 2652 δέ
591 2600 750 2668 μόνον
771 2618 785 2630 ο
814 2599 936 2651 οὑδέ
966 2598 1078 2668 γὰρ
1106 2592 1218 2650 οἶόν
1244 2615 1304 2650 τε
1339 2599 1524 2651 πᾶσαν
1553 2597 1719 2650 αὑτοῦ
1747 2596 1826 2667 τῷ

140 2685 282 2756 λόγῳ
338 2686 697 2757 παραστῆσαι
744 2687 844 2755 τῆς
884 2684 1277 2755 ’ἀσχημονύνης
1336 2685 1437 2754 τὴν
1490 2683 1820 2755 ὑπερϐολήν.

141 2764 283 2844 Πρὸς
311 2773 369 2827 δὲ
405 2773 532 2834 τοὺς
549 2771 687 2841 μετά
703 2771 873 2824 ταῦτα
907 2773 1312 2841 ἀπιστήσοντας
1341 2772 1519 2823 ἐκεῖνο
1548 2769 1613 2823 ἂν
1645 2770 1818 2821 εἴποι-

145 2872 227 2924 μι,
262 2857 347 2909 ὅτι
398 2857 455 2908 '0
485 2855 698 2924 δαίμων
730 2856 759 2907 6
797 2857 929 2924 παρ’
963 2855 1114 2923 ὑμῖν,
1141 2853 1199 2905 ὃν
1240 2853 1562 2924 Ἀφροδίτην
1588 2852 1825 2915 καλεῖτε,

142 2935 242 2988 οὑκ
277 2935 596 3007 αἰσχύνεται
629 2935 907 2999 τοιούτους
948 2935 1090 3006 ἔχων
1124 2935 1491 3004 θεραπευτάς.
1529 2933 1698 2987 Οὑδέν
1735 2929 1828 2987 οὖν

139 3022 465 3093 θαυμαστὸν
504 3022 600 3075 καὶ
629 3022 722 3074 τὸν
762 3021 995 3076 δείλαιον
1038 3025 1270 3088 ἐκεῖνον,
1312 3023 1404 3074 τὺν
1451 3019 1601 3085 άπαξ
1636 3021 1830 3074 ἐαυτὸν

147 3109 490 3164 ἐκδεδωκότα
515 3109 594 3180 τῷ
619 3109 728 3161 τῶν
754 3108 1024 3179 δαιμόνων
1044 3108 1264 3177 γέλωτι,
1290 3108 1364 3178 μὴ
1393 3106 1829 3174 ἐγκαλύπτεσθαι

147 3197 231 3264 ἐφ’
257 3190 340 3260 οἷς
375 3199 429 3250 οί
471 3198 600 3267 παρ’
636 3194 788 3267 αὑτῷ
825 3195 1256 3268 θεραπευόμενοι
1304 3194 1661 3265 σεμνύνονται
1693 3195 1828 3248 θεοί.

150 3271 213 3335 Τί
240 3285 307 3337 ἀν
347 3301 432 3347 τις
476 3283 630 3352 λέγοι
665 3283 766 3346 τὰς
815 3281 1277 3352 νεκυομαντείας,
1329 3281 1430 3345 τάς
1469 3280 1582 3334 τῶν
1624 3282 1833 3334 παίδων

153 3371 399 3440 σφαγάς;
430 3372 494 3424 Αἱ
526 3370 635 3442 γὰρ
669 3369 856 3423 θυσίαι
880 3369 1180 3429 ἐκεῖναι,αἰ
1214 3369 1322 3440 πρὸ
1341 3368 1440 3438 τῆς
1464 3369 1562 3422 τοῦ
1590 3366 1831 3439 Χριστοῦ

152 3458 456 3528 παρουσίας
491 3456 848 3529 τολμώμεναι
874 3497 889 3521 ,
927 3457 1065 3527 μετὰ
1090 3457 1146 3509 δὲ
1174 3456 1272 3527 τὴν
1303 3455 1632 3524 ἐπιφάνειαν
1666 3455 1832 3510 αὑτοῦ

152 3547 596 3609 καταπαλεῖσαι,
625 3543 932 3615 ἐτολμῶντο
963 3543 1147 3607 πάλιν,
1184 3541 1438 3613 φανερῶς
1474 3542 1573 3612 μὲν
1609 3542 1795 3595 οὑκέτι
1817 3560 1830 3573 ο

154 3633 201 3685 εἰ
253 3633 363 3706 γὰρ
407 3633 502 3688 καὶ
549 3625 806 3702 βασιλεὺς
859 3626 949 3703 ἧν,
1004 3632 1098 3683 καὶ
1146 3631 1265 3700 μετ’
1314 3630 1566 3694 ἐξουσίας
1620 3631 1836 3684 ἅπαντα

154 3720 439 3792 ἔπραττεν,
471 3722 588 3776 ἀλλ’
611 3723 764 3792 ὅμως
788 3721 822 3790 ὴ
852 3721 951 3790 τῆς
981 3721 1110 3796 τῶν,
1128 3718 1421 3792 δρωμένων
1447 3719 1820 3788 ἀνοσιότητοςε

155 3808 446 3883 ὑπερϐολὴ,
480 3809 580 3879 τῆς
609 3806 944 3876 ἐξουσίαςιτὺ
973 3807 1207 3884 μέγεθος
1239 3808 1491 3878 ἤλεγχεν·
1530 3808 1838 3879 ἐτολμῶντο

156 3892 209 3947 δέ
238 3892 330 3949 οὖν
360 3897 533 3966 ὅμως.

224 3972 304 4036 Is".
328 3982 499 4047 Οὗτος
548 3981 612 4054 δὴ
640 3977 735 4053 οὖν
759 3984 787 4035 6
825 3980 1078 4051 βασιλεὺς
1117 3983 1198 4044 εἰς
1225 3981 1323 4053 τὴν
1354 3983 1572 4051 Δάφνην
1598 3984 1838 4052 συνεχῶς

158 4061 319 4115 ἀνιὼν
365 4061 505 4133 μετά
549 4063 762 4116 πολλῶν
791 4064 888 4133 μὲν
923 4064 1317 4133 ἀναθημάτων,
1354 4063 1496 4134 μετά
1525 4064 1738 4118 πολλῶν
1779 4065 1838 4117 δέ

156 4142 373 4208 θυσιῶν,
405 4147 500 4199 καί.
528 4145 865 4216 χειμάρρους
903 4147 1155 4216 αἱμάτων
1186 4146 1557 4217 ἐργαζόμενος
1594 4148 1704 4201 ἀπὸ
1738 4149 1840 4218 τῆς

155 4226 263 4280 τῶν
309 4229 647 4300 θρεμμάτων
693 4231 944 4300 σφαγῆς,
987 4224 1238 4282 ἐπέκειτο
1274 4231 1506 4301 σφοδρὸς
1531 4233 1561 4274 ι)
1604 4232 1696 4283 τὸν
1723 4231 1840 4283 δαί-

161 4325 293 4378 μονα
329 4313 578 4384 χρησμὸν
612 4312 865 4366 ἀπαιτῶν
905 4312 1000 4365 καὶ
1043 4301 1213 4376 ἀξιῶν
1248 4313 1494 4382 ἀναιρεῖν
1544 4313 1688 4386 ὑπὲρ
1727 4314 1838 4368 τῶν

159 4393 297 4447 κατά
323 4395 550 4465 γνώμην
584 4395 752 4465 αὐτῷ.
787 4395 848 4448 '0
875 4395 931 4447 δὲ
963 4397 1211 4462 γενναῖος
1245 4397 1477 4459 ἐκεῖνος,

224 4477 331 4550 Καί
345 4477 595 4550 ψάμμου
619 4478 667 4529 τ’
689 4476 940 4550 ἀριθμὸν
959 4476 1133 4550 εἰδὼς
1158 4477 1256 4530 καί
1280 4477 1472 4550 μέτρα
1491 4476 1836 4550 θαλάσσης,

225 4548 333 4601 Καὶ
363 4547 565 4615 κωφοῦ
607 4548 870 4611 συνιεὶς,
907 4547 1002 4599 καί
1036 4549 1106 4599 οὐ
1139 4547 1473 4619 λαλέοντος
1505 4547 1766 4612 ἁκούων,

162 4626 234 4691 ῶς
266 4646 429 4701 φησι,
457 4628 517 4682 τὸ
563 4629 664 4698 μὲν
693 4630 870 4681 εἰπεῖν
903 4627 1204 4698 διαρρήδην
1235 4631 1331 4681 καὶ
1362 4629 1573 4697 σαφῶς,
1619 4629 1705 4681 δτι
1751 4630 1840 4684 διὰ

163 4711 247 4763 τὸν
272 4711 426 4780 ἅγιον
456 4711 706 4766 Βαϐύλαν
735 4713 829 4765 καὶ
853 4711 953 4781 τὴν
979 4713 1042 4763 ἐκ
1073 4710 1335 4779 γειτόνων
1363 4711 1595 4782 δύναμιν
1623 4714 1840 4766 ἐπιστο-

170 4795 374 4864 μισθεὶς
405 4799 465 4851 οὑ
491 4796 759 4849 δύναταιε
793 4795 1149 4865 φθέγγεσθαι,
1184 4797 1560 4866 παρῃτήσατο,
1587 4795 1840 4860 δεδοικὼς

170 4878 238 4947 μὴ
267 4880 477 4948 γέλωτα
509 4879 661 4950 παρά
700 4884 814 4944 τοῖς
865 4879 1232 4951 θεραπευταῖς
1276 4879 1417 4952 ὄφλῃ
1449 4870 1564 4941 τοῖς
1602 4880 1798 4934 ἐαυτοῦ
1821 4898 1834 4910 ·

170 4961 479 5035 βουλόμενος
512 4964 568 5016 δέ
599 4965 892 5016 συσκιάσαι
919 4963 1021 5033 τὴν
1050 4959 1241 5034 ἧτταν,
1274 4957 1395 5014 εἷπε
1437 4964 1710 5032 πρόφασιν
1740 4964 1840 5033 τῆς

171 5046 338 5116 σιγῆς,
367 5047 403 5116 ἡ
439 5045 639 5116 μᾶλλον
671 5046 837 5115 αὐτόν
871 5046 1411 5116 καταγελαστότερον
1453 5048 1701 5118 ἀπέφηνε
1741 5050 1839 5118 τῆς

173 5123 341 5201 σιγῆς.
386 5128 655 5198 Ἐκείνῳά
694 5129 793 5198 μὲν
826 5129 936 5200 γάρ
984 5130 1050 5183 ἀν
1081 5131 1181 5201 τὴν
1207 5131 1493 5184 ἀσθένειαν
1531 5132 1692 5200 μόνον
1729 5134 1839 5185 ἀπ·-

175 5211 397 5282 εκάλυψε
432 5212 529 5282 τὴν
551 5212 773 5275 ἐαυτοῦ,
801 5215 920 5265 νυνί⁵
948 5213 1002 5266 δὲ
1032 5215 1127 5266 καί
1155 5215 1254 5283 τὴν
1290 5213 1596 5274 ἀσθένειαν,
1625 5216 1720 5268 καὶ
1741 5217 1841 5286 τὴν

174 5291 567 5365 ἀσχημοσύνην,
597 5297 689 5347 καὶ
715 5296 812 5366 τὴν
839 5296 1222 5366 ἀναισχυντίαν
1239 5296 1427 5364 ἔδειξε,
1459 5297 1530 5350 τὰ
1558 5299 1831 5350 ἀσυσκία-

179 5391 263 5428 στο
323 5377 637 5442 συσκιάζειν
681 5378 998 5450 ἐπιχειρῶν.
1057 5379 1156 5438 Τίς
1183 5380 1294 5451 γὰρ
1328 5385 1361 5451 ή
1390 5381 1705 5453 πρόφασις;
1743 5379 1868 5435 Νε-’

179 5469 311 5533 κρῷν
336 5463 474 5527 ἐστι,
517 5463 671 5532 φησὶ,
704 5462 765 5533 τὸ
793 5463 1048 5532 χωρίονή
1085 5463 1269 5532 Δάφνη
1303 5465 1520 5533 μεστὸν,
1551 5465 1656 5533 καὶ
1678 5463 1840 5518 τοῦτο

179 5532 362 5584 κωλύει
391 5533 481 5586 τὸν
506 5529 918 5617 χρησμόν.’Καὶ
954 5529 1104 5603 πόσῳ
1145 5529 1352 5604 βέλτιον
1399 5530 1488 5605 ἦν,
1541 5529 1586 5589 ὦ
1611 5535 1835 5598 δείλαιε,

235 5651 259 5680 ⁸
288 5653 420 5702 Unus
442 5653 594 5700 rode:
614 5651 763 5701 habet
786 5653 1119 5711 ἐναντιότητος.

211 5712 262 5776 ,λι
281 5714 426 5781 Sgyil.
444 5721 502 5781 _e_l
519 5714 622 5781 guq
661 5726 797 5781 mss;
816 5717 1050 5779 σφρδρῶς.
1090 5715 1196 5765 Mox
1222 5728 1351 5765 unus
1381 5718 1522 5772 ἀξιῶν
1563 5716 1683 5780 ἐρεῖν
1726 5720 1842 5781 ὑπὲρ

180 5774 421 5838 1“3?.alinf)
435 5775 578 5838 ἀξιῶν
600 5775 718 5838 ὺπέρ
738 5778 854 5827 τῶν.

240 5836 260 5867 ⁸
278 5837 421 5886 Sani.
449 5836 666 5886 δύναμαι.

237 5896 261 5936 ⁴
286 5902 386 5950 Duo
412 5911 526 5948 mss.
550 5896 756 5956 έκείνως.

965 347 1050 400 m2
1090 343 1148 402 s.
1183 343 1488 410 .BABYLA,
1527 338 1808 396 comm
1848 336 2204 394 JULIANUM
2249 336 2338 395 m‘
2374 303 2746 394 CENTILES;

3484 332 3589 390 εδδ

1908 442 2002 495 τοῦ
2036 442 2316 515 μάρτυρος
2343 445 2681 517 ὁμολογῆσαι
2713 445 2811 517 τήν
2839 444 3092 516 δύναμιν,
3147 443 3178 517 ἢ
3220 443 3390 511 οὕτως
3433 445 3588 500 ἀναίο

1912 542 2112 594 σχυντα
2143 528 2608 598 προφασίζεσθαιί
2652 529 2763 582 Καὶ
2792 530 2820 581 6
2850 528 2948 597 μὲν
2975 527 3187 596 δαίμων
3220 526 3426 580 ταῦτα⁸
3465 530 3494 580 6
3530 528 3589 582 66

1911 602 2138 677 ἀνόητος
2169 607 2444 677 βασιλεὺς,
2479 611 2731 680 καθάπερ
2757 612 2815 664 ἐν
2845 613 3018 680 σκηνῇ
3051 607 3257 673 παίζων
3279 609 3374 661 καὶ
3405 607 3589 678 δρᾶμα

1912 689 2358 774 ὑποκρινόμενος,
2391 695 2486 745 ἐπὶ
2507 694 2599 746 τὸν
2631 694 2901 774 μακάριον
2922 691 3126 754 εὐθέως
3156 688 3286 774 ἦλθε
3314 690 3587 774 Βαόύλαξ.

1912 773 2127 835 Καίτοι,
2165 769 2210 826 ὦ
2241 777 2428 844 μιαροὶ
2468 777 2564 828 καί
2612 769 2927 844 παμμίαροι
2952 814 2966 837 ,
3001 776 3048 826 εἰ
3084 774 3162 845 μὴ
3191 773 3456 844 ἀλλήλους
3502 772 3590 838 ἐξο

1911 856 2160 920 ηπατᾶτε
2207 857 2429 920 ἐκόντες
2475 857 2566 908 καὶ
2615 855 3090 927 συνυπεκρίνασθε
3141 856 3278 927 πρὸς
3334 854 3434 927 τὴν
3478 855 3590 909 τῶν

1911 933 2113 988 λοιπῶν
2137 936 2434 1002 ἀπώλειαν,
2474 939 2526 991 τί
2572 941 2771 1010 δήποτε
2825 940 2890 992 σὺ
2936 939 3036 1009 μὲν
3069 938 3248 1006 λέγεις
3286 936 3590 1008 ἀνωνύμως

1913 1016 2007 1066 καὶ
2041 1018 2360 1088 ἀδιορίστως
2385 1021 2512 1082 τοὺς
2555 1021 2814 1089 νεκροὺς,
2854 1022 2917 1073 σὺ
2961 1020 3017 1072 δέ
3042 1062 3057 1085 ,
3091 1018 3166 1082 ὡς
3194 1018 3457 1090 ὀνομαστὶ
3496 1019 3591 1078 καὶ

1916 1097 2056 1164 μετά
2081 1097 2363 1170 διορισμοῦ
2394 1117 2537 1164 τινος
2571 1101 2833 1168 ἀκούσας,
2859 1101 2968 1155 τῶν
2994 1102 3170 1156 ἄλλων
3198 1100 3353 1173 [561]
3383 1101 3591 1171 ἀφέμε-

1915 1193 2002 1240 νος
2043 1179 2134 1232 τὺν
2178 1183 2334 1248 ἅγιον
2367 1184 2527 1253 μόνον
2556 1188 2757 1251 κινεῖς;
2801 1185 3003 1256 Ἐχρῆν
3033 1185 3141 1253 γὰρ
3175 1184 3318 1237 κατὰ.
3354 1183 3455 1253 τὴν
3494 1181 3590 1234 τοῦ

1914 1259 2167 1330 δαίμονος
2207 1268 2485 1334 ἀπόφασιν
2525 1269 2706 1330 πάσας
2738 1269 3059 1340 ἀνορύττειν
3089 1268 3186 1330 τὰς
3217 1268 3276 1317 ὲν
3301 1269 3367 1337 τῇ
3405 1265 3593 1336 Δάφνη

1917 1340 2110 1412 θήκας,
2162 1349 2255 1399 καί
2297 1350 2359 1401 τὸ
2392 1351 2790 1421 μορμολυκεῖον
2823 1350 2921 1420 τῆς
2950 1351 3058 1402 τῶν
3083 1350 3231 1402 ’θεῶν
3259 1349 3439 1417 δψεως
3486 1351 3594 1400 ἀπ-

1916 1422 2071 1490 άγειν
2102 1427 2178 1492 ώς
2213 1433 2574 1502 πορρωτάτω.
2617 1434 2757 1485 Ἀλλ’
2788 1433 2848 1484 οὐ
2883 1433 3012 1504 περί
3050 1434 3269 1499 πάντων
3306 1431 3429 1487 εἷπε
3483 1431 3594 1484 τῶν

1918 1509 2148 1578 νεκρῶν.
2187 1513 2252 1566 Τί
2282 1511 2376 1567 οὖν
2399 1516 2556 1568 τοῦτο
2576 1517 2642 1570 οὑ
2669 1515 2969 1586 διαρρήδην
2992 1515 3376 1584 ὡμολόγησεν;
3403 1511 3479 1567 Ἦ
3513 1513 3597 1567 σοὶ

1917 1589 1979 1639 τὸ
2024 1591 2209 1662 δρᾶμα
2255 1597 2674 1667 ὑποκρινομένῳ
2720 1598 2820 1666 τῆς
2865 1597 3076 1666 πλάνης
3119 1594 3279 1650 τοῦτο
3310 1596 3492 1667 ἀφῆκε
3535 1596 3598 1648 τὸ

1919 1673 2172 1744 αἴνιγμα.
2229 1677 2374 1746 Ἐγὼ
2425 1681 2523 1750 μὲν
2570 1681 2681 1750 γὰρ
2728 1680 2875 1748 λέγω
2931 1680 3057 1742 τοὺς
3113 1680 3361 1748 νεκροὺς,
3408 1681 3598 1750 φησὶν,

1919 1756 2061 1810 ὥστε
2092 1758 2168 1830 μὴ
2198 1752 2364 1831 δήλην
2390 1763 2644 1829 γενέσθαι
2684 1765 2781 1832 τὴν
2807 1758 2977 1834 ἧτταν
3003 1779 3016 1792 ·
3055 1763 3148 1813 καὶ
3171 1761 3344 1823 ἄλλως
3374 1761 3481 1831 γάρ
3508 1753 3596 1814 δέὲ

1918 1837 2074 1892 δοικα
2107 1843 2368 1912 ὀνομαστὶ
2393 1845 2484 1896 τὸν
2518 1844 2674 1913 ἅγιον
2721 1848 2918 1909 εἰπεῖν,
2969 1843 3032 1895 σὺ
3076 1843 3133 1894 δὲ
3165 1845 3273 1897 νόει
3299 1843 3359 1896 τὸ
3386 1844 3598 1915 λεχθὲν,

1920 1922 2016 1974 καὶ
2047 1925 2169 1976 ἀντὶ
2196 1926 2416 1980 πάντων
2450 1928 2589 1980 κίνει
2621 1929 2712 1981 τὸν
2749 1928 3039 1998 μάρτυραῖ
3080 1929 3284 1991 ἐκεῖνος
3317 1928 3425 1998 γὰρ

1922 2006 2271 2076 ἐπεστόμισε.
2303 2010 2586 2080 Τοσαύτην
2604 2013 2855 2080 κατέγνω
2889 2009 3276 2082 παραπληξίαν
3302 2011 3410 2064 τῶν
3439 2010 3602 2084 θερα-

1924 2090 2200 2142 πευόντων
2226 2093 2407 2155 αὑτὸν,
2435 2093 2510 2155 ώς
2533 2092 2676 2146 οὕτω
2701 2095 2942 2164 φανερὰν
2971 2095 3185 2164 ἀπάτην
3209 2095 3284 2165 μή
3303 2092 3603 2165 δυνηθῆναι

1927 2172 2176 2226 συνιδεῖν.
2236 2173 2437 2248 Εἰγάρ
2472 2176 2840 2246 ἐξεστήκεσαν
2873 2179 3134 2240 ἅπαντες,
3179 2180 3227 2229 εἰ
3253 2177 3362 2247 γὰρ
3393 2179 3606 2250 ἐμεμή-

1925 2270 2085 2307 νεσαν
2106 2297 2118 2320 ,
2159 2257 2268 2310 οὑδῖ
2293 2256 2360 2312 ἂν
2387 2259 2532 2312 οὕτω
2561 2260 2818 2329 διέφυγον
2855 2260 2954 2330 τὴν
2986 2261 3089 2329 τῆς
3120 2257 3292 2330 ἥττης
3323 2261 3606 2329 κατάγνωο

1929 2351 2030 2402 σιν,
2060 2337 2202 2392 οὑτω
2233 2343 2444 2412 φανερά
2473 2343 2637 2397 πᾶσίν
2668 2346 2782 2396 ἐστι
2808 2346 2900 2398 καί
2929 2347 3123 2416 σαφής.
3155 2345 3218 2398 Εἰ
3245 2345 3355 2415 γὰρ
3386 2345 3603 2414 μίασμά

1926 2436 1992 2506 τι
2013 2427 2119 2500 καὶὶ
2138 2426 2306 2495 μύσος
2347 2428 2516 2490 ἐστὶν,
2546 2427 2621 2490 ώς
2653 2430 2792 2497 φῂς,
2842 2430 2912 2482 τά
2941 2430 3113 2500 νεκρά
3145 2429 3253 2506 τῶν
3297 2427 3604 2499 ἀνθρώπων

1930 2504 2181 2576 σώματα,
2210 2510 2388 2579 πολλῷ
2424 2511 2624 2580 μᾶλλον
2651 2513 2718 2564 τά
2749 2511 2855 2564 τῶν
2897 2512 3131 2580 ἀλόγων,
3162 2504 3275 2582 ὅσῳ
3305 2513 3399 2564 καὶ
3429 2509 3490 2562 τὸ
3517 2511 3608 2577 γέο

1927 2605 2015 2651 νος
2057 2592 2380 2663 ἀτιμότερον
2411 2593 2508 2645 τοῦ
2552 2595 2776 2661 γένουςο
2813 2593 3025 2646 πολλῶν
3056 2594 3112 2646 δὲ
3146 2594 3240 2647 καὶ
3271 2593 3468 2656 κυνῶν,
3511 2593 3608 2644 καὶ

1929 2671 2202 2741 πιθήκων,
2220 2677 2315 2726 καὶ
2329 2675 2466 2728 ὗνων
2487 2676 2622 2728 ὀστᾶ
2648 2676 2876 2744 πλησίον
2901 2675 2994 2728 τοῦ
3014 2673 3143 2728 ναοῦ
3167 2673 3606 2744 κατορώρυκται,

1931 2753 2024 2804 καὶ
2034 2754 2204 2806 ταῦτα
2223 2755 2421 2824 μᾶλλον
2445 2758 2608 2827 ἐχρῆν
2632 2760 2965 2827 μετακινεῖν,
2979 2761 3025 2809 εξ
3043 2757 3118 2828 μὴ
3131 2756 3378 2826 πιθήκων
3395 2756 3610 2828 ἀνθ

1932 2854 2066 2900 πους
2087 2839 2437 2909 ἀτιμοτέρους
2454 2843 2578 2910 ήγῇ.
2602 2841 2712 2892 Ποῦ
2740 2841 2834 2894 νῦν
2849 2844 2985 2893 εἰσιν
3012 2845 3060 2893 οί
3080 2842 3141 2893 τὸ
3170 2840 3332 2892 καλὸν
3358 2839 3452 2892 τοῦ
3471 2836 3608 2892 Θεοῦ

1930 2921 2322 2992 δημιούργημα
2350 2925 2442 2975 καί
2472 2925 2605 2994 πρὸς
2637 2926 2944 2995 ὑπηρεσίαν
2972 2926 3246 2996 ήμετέραν
3273 2924 3496 2992 γεγονρς
3518 2924 3610 2976 τὸν

1930 3004 2083 3073 ἥλιον
2111 3006 2508 3076 ἐνυϐρίζοντες,
2546 3009 2641 3060 καὶ
2665 3008 2742 3078 τῷ
2771 3009 2988 3078 δαίμονι
3019 3009 3082 3061 τὸ
3111 3011 3310 3080 ἀστρον
3339 3008 3609 3078 ἐπιφημί-

1934 3085 2151 3151 ζοντες,
2188 3089 2282 3140 καὶ
2322 3089 2480 3141 τοῦτο
2510 3091 2717 3143 ἐκεῖνον
2761 3087 2900 3144 εἰναι
2945 3093 3231 3159 λέγοντεςς
3276 3093 3335 3143 Ὀ
3369 3091 3470 3160 μὲν
3500 3089 3610 3159 γὰρ

1932 3168 2101 3236 ἣλιος,
2133 3170 2342 3240 μυρίων
2374 3172 2431 3223 ἐν
2548 3175 2619 3242 γῇ
2649 3175 2918 3243 κειμένων
2949 3174 3181 3242 νεκρῶν,
3204 3175 3447 3246 ἐκχεῖται
3470 3174 3611 3225 κατά

1931 3253 2031 3318 τῆς
2069 3253 2430 3323 οἰκουμένης,
2475 3256 2570 3306 καὶ
2613 3255 2854 3326 οὐδαμοῦ
2905 3257 3187 3310 συστέλλει
3234 3260 3335 3318 τὰς
3385 3257 3612 3320 ἀκτῖνας

1934 3335 2056 3385 οὑδὲ
2100 3336 2200 3406 τήν
2238 3339 2302 3388 ἐκ
2339 3337 2545 3390 τούτων
2608 3339 2894 3408 ἐνέργειαν
2927 3339 3016 3392 διὰ
3045 3341 3173 3402 τοὺς
3212 3337 3554 3408 μολυσμούς·
3585 3339 3615 3389 6

1934 3416 1990 3468 δὲ
2031 3418 2149 3481 θεὸς
2176 3419 2204 3470 6
2238 3419 2502 3490 ὑμέτερος
2538 3420 2686 3490 βίους
2716 3423 2815 3492 μὲν
2842 3422 3104 3492 αίσχροὺς
3141 3425 3234 3475 καὶ
3274 3421 3614 3492 μαγγανείας

1936 3505 2028 3553 καὶ
2075 3503 2269 3569 φόνους
2306 3505 2406 3555 οὐκ
2445 3505 2882 3573 ἀποστρέφεται,
2927 3506 3050 3558 οὑδὲ
3097 3509 3281 3576 μισεῖ,
3331 3506 3468 3557 ἀλλά
3517 3506 3616 3557 καὶ

1937 3586 2148 3656 ἀγαπᾷ,
2172 3587 2266 3637 καὶ
2299 3587 2605 3651 ἀσπάζεται
2634 3590 2728 3641 καὶ
2759 3589 2930 3658 φιλείο
2951 3588 3183 3660 σώματα
3203 3589 3260 3641 δὲ
3283 3589 3614 3660 ἐκτρέπεται

1936 3669 2006 3721 τά
2039 3671 2313 3741 ήμέτερα’
2357 3672 2535 3724 καίτοι
2574 3671 2636 3724 τὸ
2685 3672 2785 3741 μὲν
2828 3673 2926 3743 τῆς
2956 3672 3157 3734 κακίας
3189 3669 3330 3734 εἶδος
3361 3673 3454 3725 καὶ
3483 3673 3615 3741 παρ’

1940 3753 2118 3816 αὐτοῖς
2183 3757 2297 3818 τοῖς
2337 3755 2536 3826 δρῶσιν
2583 3755 2716 3809 αὐτὸ
2768 3757 2970 3826 μυρίας
3003 3755 3413 3826 ’καταγνώσεως
3466 3756 3617 3819 ἀξιον

1941 3831 2080 3888 εἰναι
2110 3835 2276 3902 δοκεῖ,
2296 3836 2357 3889 τὸ
2383 3836 2438 3889 δὲ
2464 3836 2624 3907 σῶμα
2649 3838 2712 3890 τὸ
2737 3839 2928 3913 νεκρὸν
2950 3840 3044 3890 καὶ
3072 3839 3329 3910 ἀκίνητον
3357 3838 3617 3908 οὐδεμιᾶς

1943 3924 2160 3992 μετέχει
2193 3921 2472 3993 μέμψεως,
2500 3923 2594 3976 καί
2621 3922 2820 3986 αἰτίας.
2864 3924 3004 3976 Ἀλλ’
3035 3923 3172 3993 αῦτη
3209 3923 3318 3976 τῶν
3346 3924 3616 3995 δαιμόνων

1941 4004 2097 4073 ὑμῶν
2124 4006 2157 4074 ή
2191 4005 2544 4074 προαίρεσις,
2582 4003 2964 4080 βδελύττεσθαι
2999 4005 3098 4076 μὲν
3130 4007 3202 4057 τά
3227 4005 3302 4078 μὴ
3329 4004 3615 4076 βδελυκτά,

1940 4089 2106 4157 τιμᾷν
2149 4087 2206 4138 δέ
2235 4089 2330 4140 καὶ
2360 4088 2722 4159 ἀποδέχεσθαι
2750 4090 2819 4141 τά
2860 4090 3062 4151 παντὸς
3107 4087 3234 4154 ἀξια
3281 4090 3472 4158 μίσους
3526 4092 3620 4142 καὶ

1942 4171 2316 4242 ἀποστροφῆς.
2340 4173 2450 4224 Καὶ
2475 4174 2615 4242 ἀνὴρ
2641 4173 2741 4243 μὲν
2766 4172 2968 4240 ἀγαθὸς
2995 4171 3116 4224 οὑδέ
3148 4171 3541 4242 βουλεύσασθαί
3566 4190 3621 4224 τι

1941 4256 2250 4325 χρήσιμον,
2291 4256 2418 4308 οὔτε
2463 4257 2670 4326 πρᾶξαί
2702 4272 2756 4308 τι
2798 4255 2908 4308 τῶν
2949 4255 3176 4309 δεόντων
3213 4256 3319 4308 ὑπὺ
3367 4253 3620 4325 σώματος

1943 4340 2325 4410 κωλυθήσεται
2363 4342 2558 4413 νεκροῦ
2579 4357 2593 4372 ·
2634 4340 2769 4394 ἀλλὰ
2805 4341 2871 4394 ἀν
2905 4340 3128 4412 ὑγιαίνῃ
3161 4341 3262 4411 τὴν
3289 4339 3489 4411 ψυχήν,
3524 4342 3621 4392 καὶ

1945 4425 2076 4493 παρ’
2109 4424 2292 4487 αὐτοῖς
2321 4423 2486 4477 οἰκῶν
2511 4426 2623 4486 τοῖς
2647 4423 2864 4491 τάφοις,
2911 4423 3007 4476 καὶ
3033 4421 3390 4493 σωφροσύνην
3417 4423 3512 4474 καί
3540 4419 3622 4473 δι-

1943 4508 2240 4581 καιοσύνην
2292 4509 2385 4560 καὶ
2444 4510 2627 4561 πᾶσαν
2679 4506 3008 4572 ἐπιδείξεται
3068 4508 3170 4576 τήν
3225 4507 3448 4580 ἀρετήν.
3508 4507 3622 4560 Καὶ

1942 4595 2297 4666 χειροτέχνης
2333 4595 2390 4648 δέ
2434 4593 2664 4658 ἕκαστος
2709 4594 3119 4664 ἀνεμποδίστως
3165 4593 3234 4647 τά
3277 4594 3373 4662 τῆς
3398 4587 3622 4656 οἰκείας

1941 4682 2252 4753 ἐπιστήμης
2282 4683 2458 4735 πάντα
2487 4681 2804 4750 ἐργάσεται,
2829 4671 2924 4732 καλ⁸
2954 4676 3182 4748 παρέξει
3207 4681 3318 4741 τοῖς
3345 4676 3626 4744 δεομένοις

1943 4765 2108 4819 αὑτοῦ
2130 4805 2146 4830 ,
2183 4767 2245 4819 οὑ
2279 4766 2506 4837 πλησίον
2531 4767 2744 4838 νεκρῶν
2782 4765 3093 4836 καθήμενος
3123 4764 3304 4836 μόνον,
3341 4761 3480 4815 ἀλλὰ
3512 4762 3623 4815 κᾶν

1943 4851 2081 4904 αὑτά
2111 4850 2180 4902 τὰ
2211 4853 2472 4923 μνήματα
2495 4851 2604 4904 τῶν
2636 4851 3042 4921 κατοιχομένων
3067 4849 3420 4920 οἰκοδομῆσαι
3447 4857 3470 4885 θ
3497 4847 3619 4918 δέῃ,

1944 4934 2038 4986 καὶ
2067 4936 2095 4988 6
2126 4936 2447 5006 ζωγράφος,
2481 4937 2576 4990 καί.
2602 4938 2629 4988 6
2657 4935 2895 4999 λιθοξόος
2916 4975 2932 4998 ,
2978 4934 3072 4987 καὶ
3100 4936 3130 4987 6
3159 4933 3401 4999 τέκτων-,
3446 4933 3542 4986 καὶ
3595 4936 3624 4986 6

1944 5018 2306 5088 χαλκοτύπος,
2338 5022 2432 5074 καὶ
2460 5020 2662 5083 πάντες
2683 5021 2753 5072 τά
2771 5018 2952 5072 αὑτῶν
2979 5018 3395 5086 συνεισφέρουσι
3413 5031 3426 5044 ⁸
3463 5016 3620 5087 μόνος

1943 5104 2001 5156 δὲ
2030 5105 2246 5158 πάντων
2277 5109 2306 5159 ὁ
2342 5104 2613 5156 Ἀπόλλων
2644 5104 2748 5156 ὑπὸ
2771 5102 2881 5155 τῶν
2911 5099 3120 5173 νεκρῶν
3149 5099 3458 5152 κωλύεσθαι
3487 5115 3620 5170 φησι

1942 5187 2014 5240 τά
2059 5173 2320 5258 μέλλοντα
2370 5189 2632 5258 προορᾷν.
2670 5187 2779 5241 Καὶ
2817 5187 2922 5258 μὴν
2957 5187 3051 5240 καί⁸
3092 5186 3222 5255 παρ’
3257 5185 3389 5254 ήμίν
3431 5182 3622 5251 ἄνδρες

1946 5275 2202 5339 γεγόνασι
2238 5273 2464 5343 μεγάλοι
2493 5275 2588 5326 καὶ
2623 5272 2952 5341 θαυμαστοὶ,
2979 5269 3075 5323 καί
3107 5268 3175 5321 τὰ
3214 5267 3337 5338 πρὸ
3358 5277 3620 5336 τετρακο-

1951 5354 2080 5409 σίων
2113 5357 2208 5409 καὶ
2248 5356 2434 5426 χιλίων
2469 5359 2732 5426 προεῖπον
2761 5355 2921 5420 ἐτῶν,
2951 5356 3045 5406 καὶ
3076 5351 3230 5425 [56⁸2]
3263 5350 3624 5424 προλέγοντες

1946 5439 2102 5492 οὐδὲν
2131 5439 2337 5494 τούτων
2361 5439 2483 5493 οὔτε
2513 5440 2809 5512 ἐζήτησαν,
2835 5439 2959 5492 οὕτε
2990 5437 3332 5508 ἐμέμψαντο,
3351 5435 3474 5488 οὒτε
3497 5435 3625 5497 τοὺς

1945 5523 2148 5592 τάφους
2187 5524 2292 5577 τῶν
2323 5523 2668 5577 ἀπελθόντων
2690 5522 3143 5596 ἀναρρήγνμσθαι
3183 5521 3498 5581 ἐκέλευσαν,
3529 5519 3627 5570 καὶ

1947 5609 2073 5670 τοὺς
2107 5609 2396 5676 κειμένους
2423 5607 2741 5678 ῥίπτεσθαι.
2786 5609 2879 5660 καὶ
2916 5605 3308 5676 τυμϐωρυχίας
3345 5602 3492 5667 ξένον
3531 5601 3628 5654 καὶ

1951 5691 2311 5761 ἀναίσχυντον
2343 5695 2578 5746 ἐπινοεῖν
2611 5712 2629 5741 ιι
2648 5695 2813 5765 ρόπον
2837 5709 2849 5721 ’
2876 5693 2989 5746 ἀλλ’
3026 5697 3073 5746 οἱ
3106 5696 3203 5764 μὲν
3238 5691 3419 5745 αὑτῶν
3447 5690 3628 5744 ἔθνεσι

2013 5839 2032 5860 ⁸
2052 5837 2130 5904 είς
2152 5839 2303 5904 εεινὶι.
2333 5845 2386 5886 οι
2403 5839 2500 5886 duo
2522 5853 2666 5904 ωδε,
2692 5847 2842 5904 alqui.
2872 5845 2938 5892 Ila
2961 5841 3158 5903 legerat
3193 5843 3336 5888 vetus
3356 5835 3622 5897 interpres.

1955 5899 2125 5950 Morel.
2152 5900 2314 5950 minus
2334 5907 2470 5950 recte
2493 5902 2688 5950 οἰκίσαι.
