4082 6424
205 347 312 404 557

201 451 397 518 serum
415 503 430 525 ,
459 477 566 518 non
593 461 856 518 cadavera
876 455 1034 528 abjici
1055 499 1071 521 ,
1100 471 1204 517 non
1224 453 1604 522 sepulcrorum
1635 447 1806 502 viola-

208 551 370 604 tionis
418 566 614 604 novum
664 549 1133 618 impudentemque
1178 545 1398 599 modum
1448 538 1736 608 excogitari
1791 555 1804 591 :

205 652 444 697 attamen
475 658 540 696 ex
569 641 649 694 eis
675 640 765 696 alii
800 653 923 695 cum
966 638 1146 706 impiis
1181 635 1530 703 scelestisqne
1565 629 1813 700 gentibus

207 711 550 797 habitantes,
582 732 675 784 alii
702 732 753 784 in
783 730 958 788 medio
985 729 1329 788 barbarorum
1352 766 1368 792 ,
1401 724 1489 780 ubi
1518 723 1694 778 omnia
1725 722 1810 775 in-

207 823 432 893 quinata
477 833 532 876 et
568 821 930 876 contaminata
976 829 1131 875 erant
1157 861 1172 880 ,
1209 833 1331 872 cum
1370 817 1593 876 veritate
1635 814 1813 867 omnia

204 913 599 984 pmdicebant,
625 928 798 981 neque
825 912 1050 984 aliorum
1084 909 1307 978 pollutio
1333 922 1519 963 eorum
1548 906 1815 960 vaticiniis

205 1003 419 1060 uberat.
465 1003 575 1057 Cur
615 1003 756 1057 hoc?
786 1003 918 1072 Quia
968 1003 1044 1057 illi
1079 1002 1260 1058 divina
1298 1002 1496 1074 virtute
1531 1000 1657 1053 moti
1689 1012 1815 1052 vere

207 1093 569 1163 loquebamur
593 1109 612 1158 ι
637 1093 848 1148 (Ιωηιοιι
876 1103 1054 1148 autem
1083 1132 1096 1155 ,
1129 1091 1180 1146 vi
1207 1091 1296 1144 illa
1327 1104 1522 1144 vacuus
1558 1103 1622 1142 ac
1647 1087 1815 1142 desti-

207 1192 364 1240 tutus
389 1227 405 1250 ,
436 1185 566 1239 nihil
607 1186 965 1255 pramuntiare
1011 1192 1218 1253 poterat
1248 1201 1260 1236 :
1293 1198 1360 1236 ne
1388 1191 1567 1236 autem
1608 1180 1817 1234 barrere

206 1277 491 1332 videretur
512 1317 528 1341 ,
558 1275 866 1330 verisimilia
906 1274 1149 1344 quaedam
1173 1313 1188 1340 ,
1218 1273 1314 1328 sed
1347 1272 1570 1327 ridicula
1614 1270 1815 1340 ﬁngere

207 1349 524 1438 cogebatur.
565 1365 672 1422 Cur
706 1369 847 1442 enim
871 1409 886 1433 ,
914 1382 1129 1436 quzeso,
1160 1365 1291 1419 nihil
1321 1363 1623 1434 bujusmodi
1655 1373 1814 1416 antea

212 1457 444 1521 dixerat,
471 1459 559 1511 vel
585 1457 888 1512 ell'utierat?
916 1458 1050 1524 Quia
1077 1467 1203 1512 tunc
1230 1465 1545 1526 prmtextum
1574 1453 1818 1522 proferre

213 1556 450 1620 poterat,
482 1548 620 1615 quod
647 1548 851 1602 scilicet
875 1563 983 1604 non
1008 1548 1306 1612 coleretur;
1341 1547 1440 1601 hac
1466 1561 1628 1616 porro
1654 1559 1818 1599 excu-

213 1639 426 1692 satione
445 1638 689 1706 adempta
711 1679 726 1703 ,
749 1639 816 1692 ad
841 1648 1082 1693 mortuos
1105 1637 1361 1708 confugit,
1385 1639 1661 1691 anxiusne
1686 1637 1810 1706 quid

215 1732 322 1784 sibi
355 1731 476 1782 mali
510 1731 842 1800 contingeret
875 1750 888 1782 :
923 1746 1043 1783 nam
1070 1745 1100 1784 a
1130 1731 1329 1785 decoro
1371 1729 1622 1785 recedere
1664 1730 1814 1784 nole-

215 1819 348 1883 bat;
395 1818 486 1871 sed
517 1835 610 1873 vos
639 1820 782 1872 illum
809 1819 1058 1890 coegistis
1085 1863 1098 1886 ,
1128 1822 1216 1890 qui
1248 1836 1440 1890 magno
1471 1821 1561 1874 illo
1585 1820 1730 1874 cultu
1759 1821 1808 1874 ei

219 1911 625 1964 excusationem
657 1911 932 1966 ademistis
956 1954 970 1974 ,
1005 1929 1102 1966 nec
1133 1913 1449 1979 permisistis
1475 1926 1600 1968 eum
1640 1911 1708 1967 ad
1734 1927 1821 1968 sa-

219 1999 548 2054 crificiorum
583 2003 857 2069 penuriam
885 2003 1190 2073 confugere.

300 2093 388 2147 16.
422 2091 484 2147 S.
545 2090 760 2162 Babylo:
802 2110 986 2165 corpus
1022 2095 1287 2166 transferri
1320 2096 1529 2165 jubetttr
1553 2093 1826 2156 a,Juliano

219 2185 491 2255 Apostatd.
531 2215 598 2224 —
641 2186 752 2240 Hoc
795 2187 978 2241 audito
1025 2187 1216 2241 histrio
1265 2189 1353 2244 ille
1390 2188 1556 2256 jussit
1605 2203 1822 2257 capsam

219 2274 354 2329 inde
383 2275 618 2349 auferri,
651 2287 706 2330 ut
741 2279 939 2331 victum
970 2293 1090 2338 esse
1137 2281 1436 2333 dmmonem
1483 2294 1642 2332 nemo
1673 2279 1825 2348 igno-

217 2375 396 2423 raret.
431 2367 643 2421 Etenim
675 2368 718 2422 si
749 2368 969 2422 dixisset
996 2369 1115 2432 ille,
1147 2369 1372 2437 Propter
1410 2378 1652 2423 sanctum
1683 2370 1824 2439 loqui

225 2474 336 2513 non
369 2474 606 2528 possum,
636 2460 728 2514 sed
758 2460 886 2514 nihil
911 2470 1138 2523 movete,
1168 2444 1297 2518 nihil
1329 2461 1582 2528 tumultus
1613 2461 1825 2526 inferte,

224 2548 281 2603 id
327 2549 439 2603 suis
482 2559 686 2604 tantum
731 2553 1024 2606 cultoribus
1069 2561 1252 2605 notum
1295 2552 1525 2606 fuisset:
1558 2551 1831 2619 puduisset

223 2641 373 2695 enim
411 2640 603 2695 factum
635 2643 700 2696 ad
743 2644 875 2697 alios
902 2643 1161 2707 deferre;
1198 2644 1310 2712 jam
1340 2659 1468 2698 vero
1496 2644 1644 2713 quasi
1664 2644 1828 2698 .inlir-

224 2730 468 2784 mitatcm
516 2746 667 2786 suam
707 2734 1206 2799 traducere’vellet,
1251 2733 1331 2788 sic
1368 2736 1546 2788 omnia
1590 2735 1828 2790 facienda

221 2823 456 2885 curavit,
493 2824 685 2892 quibus
712 2841 780 2878 ne
806 2826 1004 2879 volenti
1034 2825 1248 2895 quidem
1278 2841 1392 2880 rem
1421 2826 1675 2896 obtegere
1702 2827 1830 2881 lice—

223 2911 324 2966 bat
358 2930 369 2965 :
405 2929 574 2982 neque
603 2915 743 2968 enim
771 2915 880 2983 jam
909 2903 1176 2969 simulatio
1204 2916 1406 2970 servari
1447 2927 1654 2984 potest,
1685 2916 1829 2986 quod

226 3000 436 3054 nullum
483 3002 624 3055 aliud
653 3003 916 3068 cadaver,
961 3003 1054 3058 sed
1084 3004 1231 3058 solus
1262 3013 1470 3075 martyr
1498 3002 1621 3060 inde
1652 3015 1828 3059 trans-

225 3087 434 3144 feratur
468 3110 480 3144 :
514 3107 612 3146 nec
653 3093 824 3145 solum
867 3094 958 3163 qui
991 3094 1178 3148 urbem
1201 3135 1216 3159 ,
1250 3095 1561 3150 suburbium
1592 3104 1647 3150 et
1673 3110 1832 3165 agros

226 3180 557 3244 incolebant,
609 3182 704 3236 sed
749 3183 911 3237 etiam
953 3185 1043 3254 qui
1086 3185 1446 3239 remotissimc
1496 3184 1828 3254 habitabant,

225 3286 356 3325 cum
382 3270 649 3341 jacentem
680 3288 894 3342 capsam
938 3290 1043 3327 non
1075 3285 1360 3340 cernerent
1387 3319 1400 3339 ,
1433 3277 1613 3330 statim
1644 3278 1832 3332 5ςὶεεί-

228 3371 409 3416 tantes
439 3362 762 3427 audiebant,
814 3364 1027 3420 dmmon
1068 3366 1136 3420 ab
1166 3365 1490 3436 lmperatore
1535 3377 1750 3438 rogatus
1779 3378 1835 3422 ut

228 3452 636 3518 vaticinaretur,
664 3453 800 3508 dixit
824 3471 882 3510 se
909 3470 1014 3510 non
1047 3471 1235 3525 posse,
1263 3457 1436 3512 donec
1463 3457 1680 3512 beatum
1710 3459 1835 3514 hinc

231 3540 488 3614 Babylam
520 3545 639 3614 quis
666 3549 976 3602 amovisset.
1025 3549 1219 3619 Atqui,
1255 3565 1289 3602 o
1329 3550 1552 3606 ridicule
1572 3594 1586 3617 ,
1617 3562 1834 3623 poteras

229 3635 301 3689 ad
331 3635 463 3690 alias
490 3638 865 3693 excusationes
887 3639 1196 3711 confugere,
1224 3651 1282 3696 ut
1309 3657 1453 3712 smpe
1479 3641 1642 3709 soles,
1674 3645 1832 3699 innu-

230 3726 400 3781 meris
447 3743 661 3798 semper
703 3731 945 3785 artificiis
973 3731 1133 3786 dubia
1175 3749 1434 3802 responsa
1463 3736 1831 3810 concinnatis;

230 3815 388 3888 Lydo
418 3833 610 3888 nempe
640 3819 826 3914 dicens
853 3821 931 3914 (tr)
950 3863 964 3888 ,
995 3824 1042 3877 si
1085 3823 1258 3914 llal'yn
1285 3823 1506 3892 ﬂuvium
1553 3831 1830 3881 transmit-

231 3913 409 3970 teret,
442 3923 688 3978 magnum
723 3909 1002 3980 imperium
1031 3909 1330 3972 soluturum
1357 3931 1483 3984 esse
1503 3959 1520 3981 ,
1553 3918 1838 3989 ipsumque

232 4005 421 4066 postea
451 4014 598 4068 pyra:
645 3997 951 4071 impositum
983 4004 1281 4072 exhibens;
1329 4009 1380 4062 in
1409 4008 1676 4064 Salamine
1707 4011 1832 4064 item

231 4086 427 4142 eodem
454 4102 660 4144 ususes
681 4091 929 4156 artificio,
955 4094 1178 4151 ridicula
1199 4098 1406 4168 adjecta
1426 4099 1832 4169 conjunctione:

203 4185 207 4190 ‘
233 4191 361 4232 nam
390 4179 590 4244 dicere,

312 4287 510 4347 Perdes
539 4302 595 4347 tu
622 4295 758 4364 ﬁlias
791 4297 1082 4364 mulierum,

235 4400 416 4457 simile
453 4404 503 4458 ei
532 4414 676 4473 erat,
709 4408 851 4478 quod
882 4409 1032 4482 Lydo
1061 4410 1312 4485 dixeras;
1356 4413 1590 4484 adjicere
1631 4426 1834 4485 autem,

313 4509 436 4565 Sive
461 4530 642 4581 sparsa
667 4514 862 4583 Cerere,
896 4520 999 4574 sive
1024 4533 1232 4578 coeunte
1247 4568 1263 4591 ,

234 4623 446 4694 majore
475 4627 526 4680 id
566 4638 711 4684 certe
738 4631 850 4685 risu
877 4632 1098 4705 dignum
1131 4635 1260 4704 fuit,
1300 4641 1440 4709 quod
1483 4658 1610 4698 sane
1637 4658 1836 4700 conve-

233 4716 348 4771 niat
375 4717 787 4797 circulatoribus
810 4722 860 4775 in
891 4725 1096 4792 triviis;
1145 4727 1239 4783 sed
1270 4746 1446 4800 neque
1469 4735 1571 4788 hoc
1601 4724 1693 4790 tibi
1724 4738 1839 4806 pla—

233 4809 367 4862 cuit.
409 4807 628 4864 Licebat
654 4821 709 4866 et
739 4815 831 4868 tibi
863 4831 1164 4873 sermonem
1195 4823 1480 4895 obtegere,
1528 4830 1669 4898 quod
1713 4832 1842 4886 arti-

235 4897 420 4952 ﬁcium
460 4900 555 4954 tibi
595 4915 811 4974 semper
857 4907 1082 4964 solenne
1125 4921 1226 4966 est.
1279 4915 1475 4970 Verum
1521 4897 1840 4977 institissent

235 5004 468 5056 omnes,
522 5008 628 5046 non
676 4995 962 5064 intellecta:
1008 5003 1086 5058 rei
1148 5006 1470 5064 solutionem
1515 5027 1836 5082 quaerentes.

237 5082 460 5137 Licebat
503 5100 727 5158 quoque.
761 5090 852 5145 tibi
897 5092 964 5147 ad
1007 5107 1151 5152 astra
1199 5100 1488 5174 confugere
1535 5124 1547 5158 :
1591 5108 1644 5162 id
1694 5112 1836 5165 enim

415 5175 606 5268 facis,
655 5196 828 5251 neque
880 5187 1081 5253 pudore
1129 5193 1436 5266 roboreque
1479 5200 1838 5268 perfunderis.

237 5263 516 5359 Siquidem
543 5283 650 5323 non
687 5287 810 5327 cum
850 5277 980 5331 viris
1019 5292 1198 5339 mente
1227 5263 1465 5355 praeditis
1479 5263 1592 5345 tibi
1627 5308 1713 5347 res
1737 5303 1838 5359 est,

237 5354 336 5451 sed
362 5372 486 5412 cum
518 5362 813 5429 pecudibus
833 5406 848 5433 ,
880 5378 948 5423 .et
977 5387 1136 5441 quam
1167 5354 1400 5446 pecudes
1438 5380 1568 5451 ipsre
1609 5354 1842 5440 crassio;

240 5449 391 5548 ribus
429 5467 594 5548 :_non
642 5469 796 5513 erant
842 5460 916 5515 illi
960 5462 1164 5522 Graecis
1206 5449 1559 5540 sapientiores
1603 5475 1705 5543 iis,
1751 5478 1842 5548 qui

239 5537 361 5593 bene
386 5541 703 5609 audierunt.
743 5563 844 5605 nec
875 5559 1052 5610 tamen
1081 5572 1121 5610 a-
1143 5537 1331 5616 fraude
1356 5577 1475 5618 sese
1504 5537 1839 5624 exemerunt.

245 5631 318 5683 At
347 5631 684 5689 mendacium
729 5638 1158 5703 intellexissent?
1201 5649 1342 5722 Ergo
1369 5655 1603 5726 oportuit
1632 5658 1723 5713 uni
1752 5673 1840 5715 sa-

308 5737 382 5801 (α)
415 5738 484 5792 De
506 5749 667 5804 (τωο
691 5744 925 5812 loquitur.

943 401 948 407 ,
1036 340 1125 398 οε
1162 338 1222 403 8,.
1259 334 1552 401 BABYLA,
1591 323 1867 413 CONTRA
1904 323 2244 384 JULIANUM
2281 325 2370 384 ΕΤ
2407 325 2762 386 αεΝτιιεε.

1919 442 2124 499 cerdotl
2147 446 2425 504 veritatem
2444 446 2674 518 aperire,
2697 457 2752 504 et
2780 449 2893 519 ipse
2920 448 3126 506 cladem
3150 460 3292 506 tuam
3320 450 3511 508 melius

1917 550 2078 604 quam
2106 544 2160 590 tu
2187 537 2533 604 occultasset.
2572 538 2691 592 Jam
2721 553 2851 593 vero
2875 541 2995 610 quis
3015 541 3094 603 ‘te.
3127 542 3315 608 miser,
3341 541 3515 597 addu-

1919 625 2016 686 xit,
2040 636 2101 680 ut
2125 627 2250 681 tein
2282 635 2388 680 tam
2412 627 2748 683 manifestam
2774 631 3155 700 impudentiam
3182 633 3516 704 conjiceres?

1920 717 1988 770 At
2031 716 2258 772 fortasse
2303 729 2358 772 tu
2401 719 2531 773 nihil
2581 722 2853 790 peccasti;
2900 722 3192 791 Imperator
3224 741 3350 779 vero
3377 727 3518 782 male

1921 804 2236 862 histrionem
2267 810 2395 878 egit,
2426 812 2516 879 qui
2543 825 2662 865 cum
2691 805 3156 870 indi‘scriminatim
3198 815 3266 871 de
3290 817 3520 878 cadave-

1922 900 2390 964 ribusiaudisset.
2435 914 2680 958 sanctum
2726 905 2876 960 illum
2917 906 3194 961 dumtaxat
3235 923 3521 978 aggressus

1921 999 2004 1044 est
2036 1008 2048 1043 :
2079 990 2164 1044 ille
2195 999 2243 1045 te
2287 992 2608 1063 coarguitct
2647 993 2891 1051 fraudem
2920 997 3138 1052 nudavit
3163 1041 3178 1062 ,
3206 999 3302 1052 sed
3331 1015 3437 1053 non
3465 999 3518 1056 id

1923 1082 2094 1136 libens
2126 1084 2248 1148 fecit
2283 1103 2296 1139 :
2327 1100 2499 1154 neque
2528 1086 2670 1140 enim
2712 1088 2868 1141 unius
2898 1089 3250 1160 ejusdemque
3275 1103 3392 1146 erat
3417 1092 3520 1149 do.-

1923 1173 2072 1227 naria
2103 1173 2298 1230 afferre
2347 1187 2400 1230 et
2442 1177 2771 1235 Contumelia
2821 1179 3072 1245 afficere;
3125 1181 3220 1236 sed
3271 1183 3524 1255 martyris

1922 1265 2091 1319 virtus
2121 1281 2310 1322 omnes
2335 1268 2496 1322 simul
2525 1269 2752 1340 caligine
2782 1270 2972 1325 oﬂ‘udit
2992 1314 3006 1337 ,
3041 1288 3141 1328 nec
3170 1289 3233 1330 ea
3261 1290 3382 1345 quae
3411 1280 3521 1331 tum

1922 1357 2244 1426 gerebantur
2290 1357 2474 1413 videre
2523 1361 2801 1428 permisit;
2853 1377 3039 1417 verum
3084 1365 3263 1417 omnia
3305 1364 3521 1434 quidem

1924 1463 2022 1501 ceu
2052 1459 2238 1507 contra
2268 1447 2602 1506 Christianos
2632 1439 2828 1507 fieb'ant
2850 1493 2864 1514 ,
2914 1462 2971 1506 .tt
3012 1468 3116 1507 non
3150 1454 3201 1507 in
3233 1455 3520 1522 patientes.

1925 1540 2019 1594 sed
2065 1542 2117 1594 in
2155 1551 2371 1610 agentes
2415 1543 2558 1597 risus
2604 1544 3042 1599 convertebatur.
3093 1545 3186 1600 Sic
3233 1556 3286 1600 et
3335 1548 3524 1603 furiosi

1925 1630 2174 1684 videntur
2211 1632 2309 1686 sibi
2355 1647 2568 1703 semper
2615 1635 2891 1703 proximos
2923 1636 3148 1702 ulcisci,
3181 1637 3308 1691 dum
3335 1647 3525 1692 contra

1928 1725 2159 1793 parietes
2185 1725 2484 1791 calcitrant,
2511 1741 2576 1781 ac
2601 1725 2756 1781 fanda
2787 1726 3125 1797 nefandaque
3151 1730 3202 1782 in
3233 1739 3526 1799 prmseutes

1923 1814 2206 1884 jactitant;
2257 1815 2412 1870 factis
2459 1825 2643 1872 autem
2693 1818 2806 1872 suis
2853 1835 2960 1873 non
3012 1819 3133 1874 illos
3179 1821 3272 1875 sed
3318 1821 3527 1890 seipsos

1930 1904 2132 1973 pudore
2159 1903 2398 1960 afficiunt
2427 1925 2440 1960 :
2469 1907 2609 1977 quod
2642 1917 2768 1963 tunc
2798 1909 2958 1964 etiam
2983 1911 3226 1981 contigit.
3257 1911 3530 1967 Traheba-

1930 2005 2017 2051 tur
2047 1998 2191 2052 enim
2236 2012 2395 2065 capsa
2443 2013 2538 2068 per
2583 2009 2749 2054 totam
2782 2001 2959 2068 viam;
3012 2013 3215 2072 martyr
3257 2017 3390 2058 vero
3428 2017 3530 2059 cett

1931 2089 2148 2159 quidam
2181 2091 2378 2144 athleta
2413 2092 2463 2146 in
2495 2107 2643 2146 suam
2672 2094 2857 2147 urbem
2891 2095 3291 2161 revertebatur,
3332 2111 3529 2151 secun-

1933 2181 2059 2238 dam
2087 2183 2329 2245 referens
2353 2199 2631 2251 coronam,
2664 2186 2717 2240 in
2745 2202 2849 2257 qua
2881 2187 3011 2242 urbe
3041 2189 3213 2257 primo
3242 2198 3532 2247 coronatus

1932 2269 2122 2326 fuerat.
2155 2272 2510 2340 Quamobrem
2541 2275 2584 2329 si
2611 2275 2730 2345 quis
2754 2275 3112 2345 splendidiora
3146 2289 3265 2348 post
3292 2290 3519 2334 mortem

1932 2365 2186 2435 martyris
2214 2379 2378 2434 opera
2403 2369 2764 2436 conspicatus,
2794 2372 3244 2426 resurrectionem
3285 2388 3393 2428 non
3437 2372 3534 2427 ad-

1935 2455 2147 2522 mittat,
2199 2456 2251 2510 in
2299 2463 2570 2525 posterum
2619 2461 2918 2516 erubescat.
2973 2461 3081 2516 Ceu
3126 2464 3269 2517 enim
3317 2463 3534 2534 quidam

1933 2554 2184 2600 strenuus
2211 2546 2455 2602 bellator
2497 2551 2713 2619 tropaeis
2745 2560 2944 2620 tropma
2983 2552 3293 2628 conjunxit,
3327 2555 3536 2624 magnis

1935 2639 2137 2708 majora
2183 2649 2240 2694 et
2289 2641 2621 2696 mirabilibus
2667 2644 3015 2697 mirabiliora.
3067 2645 3218 2700 Tunc
3243 2647 3384 2701 enim
3413 2662 3535 2701 cum

1937 2729 2266 2800 imperatore
2306 2735 2422 2788 solo
2447 2736 2756 2804 pugnabat,
2801 2752 2943 2791 nunc
2975 2752 3094 2792 cum
3127 2738 3455 2808 imperatore
3482 2747 3537 2795 et

1935 2822 2180 2877 daemone
2209 2841 2223 2878 :
2255 2832 2380 2878 tunc
2428 2840 2456 2877 a
2502 2826 2670 2880 sacris
2714 2826 3307 2897 septisvlmpcratorem
3337 2829 3535 2900 abegit,

1937 2930 2077 2968 nunc
2107 2930 2138 2968 a
2167 2923 2278 2969 toto
2301 2916 2552 2986 Daphnes
2578 2917 2698 2971 loco
2727 2920 3086 2987 perniciosum
3120 2921 3268 2975 illum
3295 2921 3534 2990 abduxit,

1938 3022 2042 3060 non
2071 3023 2231 3062 manu
2262 3023 2392 3063 usus
2422 3017 2482 3064 ut
2510 3017 2666 3064 antea
2687 3050 2701 3073 ,
2733 3011 2828 3066 sed
2861 3012 3111 3067 invisibili
3137 3015 3331 3069 virtute
3358 3015 3538 3069 invisi-

1936 3096 2099 3151 biletn
2131 3113 2464 3168 expugnans.
2514 3099 2686 3169 Hujus
2714 3102 2942 3156 viventis
2982 3102 3192 3157 dicendi
3235 3105 3536 3160 libertatem

1937 3204 2044 3244 non
2077 3189 2195 3243 tulit
2245 3190 2510 3246 homicida
2558 3192 2648 3247 ille
2677 3235 2692 3257 ,
2738 3193 2951 3246 m‘ortuir
2980 3209 3109 3248 vero
3155 3195 3390 3250 cinerem
3433 3211 3538 3251 non

1938 3282 2192 3338 sustinuit
2235 3291 2343 3337 tum
2374 3283 2668 3354 Imperator
2690 3328 2704 3350 ,
2753 3295 2862 3342 tum
2889 3286 3099 3341 daemon
3131 3289 3219 3357 qui
3247 3286 3542 3357 Imperato-

1940 3388 2055 3428 rem
2085 3373 2151 3428 ad
2184 3373 2298 3428 haec
2323 3376 2527 3443 agenda
2573 3379 2758 3431 movit.
2807 3377 2958 3444 Quod
2991 3389 3168 3432 autem
3201 3389 3401 3434 metum
3430 3395 3544 3433 ma-

1934 3468 2111 3537 jorem
2161 3467 2245 3522 his
2301 3470 2690 3538 posterioribus
2753 3470 2961 3530 duobus
3005 3471 3329 3539 incusserit,
3379 3487 3540 3544 quam

1939 3558 2105 3627 priori
2135 3557 2466 3624 incusserat,
2501 3559 2627 3614 hinc
2673 3559 2842 3628 palam
2873 3571 2977 3615 est.
3011 3560 3128 3615 Ille.
3150 3564 3348 3632 quippe
3386 3577 3542 3616 com-

1942 3646 2266 3716 prehensum
2312 3649 2459 3701 illum
2494 3649 2731 3703 vinculis
2755 3651 3078 3704 constrinxit
3119 3662 3174 3705 et
3212 3653 3442 3716 occidit,
3489 3653 3544 3708 hi

1941 3752 2071 3792 vero
2103 3739 2420 3794 transtulere
2469 3749 2695 3794 tantum.
2743 3739 2853 3793 Cur
2895 3741 3038 3795 enim
3069 3756 3285 3809 capsam
3316 3732 3378 3796 iri
3397 3757 3546 3796 mare

1942 3829 2277 3899 prmcipitare
2319 3845 2490 3900 neque
2535 3831 2623 3885 ille
2665 3829 2845 3901 jussit.
2894 3846 3068 3901 neque
3097 3833 3183 3886 hic
3206 3832 3407 3886 voluit?
3449 3847 3548 3887 cur

1944 3936 2050 3975 non
2078 3922 2331 3977 contrivit
2360 3932 2452 3977 aut
2479 3923 2818 3979 combussit?
2853 3939 2951 3979 cur
2978 3940 3083 3979 non
3113 3925 3166 3978 in
3193 3925 3464 3980 desertum
3492 3935 3546 3980 et

1943 4008 2292 4068 inhabitatum
2342 4015 2516 4070 locum
2564 4017 2734 4085 ipsam
2775 4017 3048 4088 transferri
3087 4018 3289 4087 jussit?
3335 4017 3468 4072 Nam
3499 4017 3544 4074 si

1943 4120 2004 4160 ea
2029 4105 2364 4162 exsecranda
2395 4116 2450 4162 et
2478 4109 2680 4177 polluta
2711 4125 2798 4164 res
2826 4109 3049 4172 fuisset,
3080 4124 3308 4179 eamque
3336 4109 3541 4163 abomi-

1944 4205 2120 4264 natus,
2165 4212 2273 4253 non
2318 4198 2693 4266 reformidans,
2743 4199 2867 4254 inde
2906 4200 3047 4254 illam
3090 4203 3308 4266 amovit,
3355 4204 3545 4257 nonin

1941 4288 2151 4343 urbem.
2194 4292 2430 4359 Oportuit
2487 4306 2602 4346 rem
2659 4293 3043 4347 exsecrandam
3107 4293 3398 4359 inducere,
3451 4293 3544 4348 sed

1943 4381 2233 4437 amandare
2261 4384 2312 4436 in
2343 4392 2554 4439 montes
2580 4392 2634 4438 et
2658 4385 2848 4438 saltus.

2016 4475 2102 4528 i7.
2137 4474 2454 4531 Maximinus
2481 4475 2770 4544 Imperator
2812 4479 2947 4548 quod
2972 4489 3174 4532 vexaret
3203 4478 3540 4546 Christianos,

1945 4582 2119 4635 poenas
2143 4567 2299 4618 dedit.
2324 4596 2397 4606 —
2427 4569 2497 4621 At
2524 4568 2688 4622 miser
2713 4569 2802 4623 ille
2832 4585 2937 4623 non
2966 4570 3142 4624 minus
3169 4586 3331 4640 quam
3353 4571 3543 4640 Apollo

1946 4660 2087 4715 beati
2133 4661 2232 4714 viri
2282 4660 2448 4732 robur
2499 4672 2553 4717 et
2601 4662 2848 4731 fiduciam
2900 4678 3023 4732 erga
3081 4664 3245 4718 Deum
3291 4671 3541 4728 noverat,

1946 4755 2229 4823 timuitque
2273 4771 2343 4810 ne
2387 4755 2432 4810 si
2483 4755 2534 4809 id
2586 4755 2782 4811 faceret
2811 4756 3136 4810 aut-fulmen
3181 4764 3274 4810 aut
3300 4756 3544 4811 morbum

1944 4847 2176 4918 aliquem
2203 4848 2257 4904 in
2282 4863 2341 4903 se
2373 4856 2708 4917 provocaret.
2739 4849 2900 4903 Multa
2929 4851 3125 4919 quippe
3152 4847 3348 4904 Christi
3381 4849 3546 4902 virtu-

1947 4938 2015 4992 tis
2039 4940 2187 5009 signa
2233 4939 2497 5006 habebat,
2532 4949 2642 4993 tum
2671 4941 2724 4994 in
2765 4940 3139 4995 decessoribus
3167 4943 3278 4995 suis
3308 4940 3545 5010 Impera-

1946 5031 2152 5084 torihus
2181 5030 2437 5096 exhibita,
2469 5039 2579 5084 tum
2611 5031 2662 5085 in
2695 5032 2761 5085 iis
2788 5032 2948 5086 etiam
2976 5033 3065 5102 qui
3093 5031 3233 5086 idem
3263 5030 3545 5101 imperium

1947 5135 2129 5174 secum
2156 5120 2614 5175 administrabant.
2653 5121 2866 5177 Etenim
2896 5137 2961 5177 ex
3001 5123 3105 5177 illis
3145 5123 3274 5176 olim
3309 5121 3534 5191 Impera-

1949 5213 2152 5268 toribus
2179 5214 2270 5283 qui
2299 5214 2420 5268 talia
2452 5215 2566 5269 ausi
2597 5223 2744 5282 sunt,
2779 5221 2902 5284 post
2925 5214 3120 5269 multas
3149 5214 3542 5269 intolerabiles~

1945 5319 2051 5375 que
2072 5305 2422 5371 calamitates,
2454 5307 2679 5376 turpiter
2703 5321 2766 5362 ac
2790 5306 2987 5361 misere
3011 5306 3173 5361 vitam
3216 5306 3542 5370 clauserunt,

1947 5393 2084 5449 adeo
2109 5404 2166 5448 ut
2191 5394 2347 5448 unius
2374 5397 2551 5450 adhuc
2579 5397 2804 5450 viventis
2827 5397 3043 5467 pupillae
3067 5411 3131 5451 ex
3159 5395 3330 5451 oculis
3353 5405 3544 5464 sponte

1947 5489 2282 5544 exsilierint:
2315 5488 2402 5546 hic
2427 5500 2603 5545 autem
2633 5489 2951 5545 Maximinus
2976 5497 3129 5555 erat;
3161 5489 3296 5543 alius
3322 5489 3374 5543 in
3393 5487 3546 5541 furoo

1949 5594 2063 5635 rem
2089 5589 2270 5645 actus,
2300 5581 2435 5636 alius
2478 5580 2533 5635 in
2575 5581 2805 5637 similem
2835 5580 3015 5649 lapsus
3043 5579 3400 5636 calamitatem
3419 5620 3435 5645 ,
3466 5578 3547 5632 sic

1949 5669 2180 5727 mortem
2219 5671 2470 5728 obierint.
2500 5670 2762 5728 Caeterum
2802 5685 2868 5726 ex
2893 5671 2960 5726 iis
2988 5672 3078 5742 qui
3106 5681 3231 5725 tunc
3269 5684 3391 5725 cum
3428 5669 3547 5738 ipso

1957 5772 2127 5832 erant,
2166 5771 2405 5836 patruus,
2435 5777 2557 5820 cum
2583 5763 2905 5835 petulantius
2928 5773 3115 5820 contra
3144 5775 3242 5820 nos
3268 5760 3469 5817 fureret
3494 5769 3548 5815 et
