4082 6440
562 352 668 414 5'59

565 481 714 531 sacra
742 479 864 520 vasa
891 462 1165 521 sceleratis
1189 462 1434 518 manibus
1455 463 1767 538 contingere
1789 474 1950 517 ausus
1973 470 2142 526 esset,

568 571 739 625 neque
765 549 850 613 his
877 563 1191 620 contentus,
1220 553 1538 609 contumelia
1581 549 1801 608 ulterius
1837 565 2150 622 progressus

567 629 713 701 esset.
747 645 914 718 (ipsis
942 646 1086 701 enim
1117 645 1340 701 inversis
1381 653 1437 700 et
1467 645 1517 699 in
1556 646 1859 716 pavimento
1885 645 2071 715 positis
2096 653 2150 698 et

564 741 836 808 extensis,
876 741 942 796 iis
989 740 1182 796 insedit
1205 739 1246 810 ),
1267 738 1556 810 derepente
1608 727 1801 808 iniqua:
1844 737 2145 808 huiusmodi

563 832 824 887 sessionis
862 845 1052 900 poenas
1080 830 1224 885 dedit
1253 849 1267 883 :
1301 830 1420 900 ejus
1457 830 1602 884 enim
1629 827 1862 884 verenda
1901 837 2148 900 corrupta

567 924 839 978 vermibus
864 923 1160 989 scatebant,
1192 922 1263 977 ita
1291 931 1350 977 ut
1381 921 1714 992 palamesset
1742 918 1985 974 morbum
2014 917 2149 974 divi-

567 1016 711 1070 nitus
740 1015 1034 1080 immissum
1067 1013 1270 1080 fuisse;
1315 1013 1380 1067 ad
1406 1013 1594 1067 vulnus
1621 1011 1916 1066 curandum
1959 1010 2174 1065 medici‘

568 1117 822 1165 mactatas
844 1102 974 1162 aves
1000 1108 1219 1178 pingues
1245 1115 1403 1176 atque
1431 1104 1734 1175 peregrinas
1763 1104 1828 1158 ad
1857 1102 2149 1174 putrefacta

569 1198 809 1254 membra
834 1198 1204 1266 admoventes,
1227 1197 1544 1273 vermicnlps
1569 1196 1896 1252 evocabant:
1928 1195 2000 1250 illi
2023 1210 2150 1251 vero

570 1305 676 1345 non
721 1290 1129 1357 abscesserunt,
1176 1289 1273 1347 sed
1321 1289 1588 1344 mordicus
1634 1288 1862 1359 putridis
1914 1288 2150 1358 partibus

577 1382 850 1439 btet-ebant
877 1400 891 1436 :
917 1392 1077 1452 atque
1103 1383 1176 1436 ita
1203 1383 1352 1436 illum
1377 1381 1555 1436 multis
1574 1379 1766 1435 diebus
1789 1380 2146 1448 absumptum,

569 1473 713 1529 male
762 1472 1127 1543 perdiderunt.
1172 1471 1320 1526 Alius
1370 1487 1496 1525 vero
1537 1469 2150 1540 quispiam‘imperatorii

569 1563 740 1616 trarii
777 1573 956 1616 custos
981 1561 1298 1616 constitutus
1319 1600 1334 1626 ,
1367 1561 1673 1629 priusquam
1705 1561 1837 1612 aula:
1864 1560 2152 1628 imperato-

571 1654 664 1707 ria:
691 1654 853 1714 limen
886 1654 1198 1722 praeteriret,
1222 1653 1408 1706 statim
1435 1653 1640 1720 crepuit
1670 1651 1873 1706 medius
1892 1691 1906 1716 ,
1938 1651 2152 1706 similis-

571 1744 974 1814 que_cujusdam
1003 1744 1184 1814 ﬂagitii
1225 1758 1410 1813 ptenas
1453 1743 1616 1797 dedit.
1650 1741 1776 1796 Haec
1812 1752 1865 1796 et
1890 1741 1976 1796 bis
2006 1742 2152 1810 plura

573 1836 889 1908 (non-enim
929 1837 1038 1906 jam
1067 1837 1243 1891 omnia
1275 1850 1553 1891 recensere
1597 1845 1802 1904 tempus
1828 1836 1943 1904 est)
1971 1849 2154 1890 secum

570 1936 822 1996 reputans
860 1927 1118 1982 scelestus
1160 1927 1290 1992 ille,
1340 1927 1694 1980 temeritatem
1737 1940 1886 1979 suam
1935 1924 2156 1979 ulterius

571 2031 885 2085 promovere
915 2033 1018 2071 non
1045 2017 1291 2071 audebat.
1319 2016 1477 2083 Quod
1504 2025 1679 2069 autem
1719 2015 1831 2068 haec
1855 2030 1957 2067 non
1987 2029 2019 2067 a
2044 2030 2157 2067 tne-

571 2109 688 2176 ipso
713 2108 906 2175 dicam,
933 2122 997 2162 ex
1029 2109 1093 2163 iis
1123 2124 1242 2178 qua:
1272 2108 1338 2162 ab
1373 2109 1489 2177 ipso
1526 2117 1707 2177 postea
1738 2115 1885 2177 gesta
1918 2115 2076 2172 sunt,
2106 2107 2156 2160 id

571 2199 912 2267 conspicuum
945 2200 1086 2266 erit;
1128 2201 1338 2255 interim
1371 2215 1498 2254 vero
1537 2198 1772 2254 historiae
1812 2198 2004 2254 seriem
2030 2212 2154 2267 per-

575 2303 881 2358 sequamur.
1007 2296 1012 2304 '

653 2378 919 2449 Templum
951 2390 1001 2434 et
1026 2390 1194 2434 statua
1223 2381 1472 2450 Apollinis
1513 2381 1628 2452 igne
1667 2380 1730 2434 de
1759 2380 1883 2434 caelo
1908 2387 2059 2432 tacta.
2086 2407 2160 2418 —-

572 2469 711 2536 Quid
751 2470 912 2540 igitur
953 2472 1150 2526 exinde
1188 2472 1409 2526 evenit?
1447 2472 1831 2526 Admirandum
1861 2485 1990 2524 sane
2031 2470 2157 2524 illud

569 2569 673 2626 est,
696 2561 834 2630 quod
865 2576 971 2614 non
1002 2563 1293 2631 potentiam
1324 2562 1504 2627 modo,
1528 2562 1623 2616 sed
1650 2561 1808 2616 etiam
1837 2559 2154 2615 ineﬁabilcm

575 2653 668 2708 Dei
703 2640 1080 2722 benignitatem
1109 2652 1360 2708 ostendit.
1393 2653 1525 2708 Nam
1552 2662 1766 2707 sanctus
1792 2661 1994 2723 martyr
2021 2651 2157 2705 intra

575 2753 728 2813 septa
757 2753 892 2810 erat,
927 2744 1012 2798 ubi
1043 2745 1188 2814 prius
1214 2746 1346 2799 situs
1371 2743 1566 2810 fuerat,
1590 2753 1873 2813 antequam
1904 2742 2157 2812 Daphnen

573 2833 818 2903 veniret;
869 2836 1129 2904 malignus
1175 2850 1302 2890 vero
1346 2835 1554 2889 daemon
1603 2834 1780 2888 statim
1826 2833 2052 2900 didicit,
2099 2847 2161 2888 se

574 2922 768 2978 frustra
809 2922 1025 2979 fraudes
1053 2940 1176 2981 suas
1214 2925 1458 2989 molitum
1489 2940 1648 2990 esse;
1691 2939 1867 2994 neque
1892 2924 1991 2978 sibi
2036 2939 2158 2978 cum

575 3024 784 3068 mortuo
814 3006 1040 3084 pugnam
1085 3013 1200 3070 fore
1221 3056 1238 3080 ,
1283 3015 1380 3070 sed
1407 3030 1530 3069 cum
1558 3016 1767 3070 vivente
1791 3057 1803 3078 ,
1849 3030 1913 3069 ac
1940 3015 2161 3070 viriliter

575 3113 784 3174 agente,
817 3119 878 3159 ac
902 3120 1010 3159 non
1040 3121 1098 3161 se
1129 3115 1353 3168 tantum,
1381 3106 1475 3160 sed
1499 3106 1746 3160 omnibus
1773 3105 1927 3159 simul
1955 3105 2159 3160 daemo-

577 3195 733 3251 nibus
759 3193 1001 3251 fortiore.
1036 3196 1202 3251 Deum
1231 3196 1373 3251 enim
1402 3207 1647 3266 precatus
1673 3206 1729 3252 ut
1756 3196 1929 3268 ignem
1953 3197 2004 3250 in
2029 3208 2162 3251 temo

576 3286 723 3356 plum
750 3286 1100 3349 immitteret,
1134 3295 1302 3341 totum
1333 3295 1526 3341 tectum
1555 3287 1883 3351 combussit,
1912 3286 2162 3357 idoloque

575 3377 644 3432 ad
671 3386 939 3433 exn-emus
975 3394 1142 3450 usque
1185 3378 1352 3448 pedes
1395 3379 1718 3449 absumpto,
1769 3379 1840 3435 ita
1888 3389 1947 3435 ut
1989 3380 2162 3450 pulvis

573 3476 782 3524 tantum
817 3477 872 3524 et
915 3469 1051 3524 cinis
1095 3480 1434 3537 remaneret,
1480 3471 1707 3540 parietes
1745 3471 1921 3526 solum
1959 3480 2161 3526 stantes

576 3557 917 3628 intactosque
942 3560 1174 3629 reliquit.
1203 3560 1258 3615 Si
1288 3561 1407 3630 quis
1431 3575 1563 3615 vero
1593 3575 1734 3615 nunc
1773 3561 1948 3616 locum
1983 3562 2159 3628 adeat,

576 3667 910 3722 nequaquam
952 3653 1089 3724 ignis
1129 3653 1182 3708 id
1224 3667 1360 3723 opus
1401 3668 1521 3709 esse
1547 3656 1786 3709 dixerit:
1817 3671 1988 3726 neque
2017 3657 2158 3711 enim

575 3745 879 3801 incendium
922 3746 1199 3802 illud'sine
1240 3747 1416 3817 aliquo
1443 3747 1629 3802 ordine
1648 3789 1664 3815 ,
1692 3763 1864 3818 neque
1890 3765 1954 3804 ex
1986 3742 2163 3804 inani;

578 3847 723 3892 mata
758 3839 976 3891 materia
1022 3836 1214 3892 factum
1259 3852 1379 3893 esse
1406 3838 1644 3902 videtur;
1690 3836 1790 3894 sed
1821 3841 1970 3910 quasi
1995 3856 2162 3905 manu

579 3929 806 3997 quadam
830 3930 1006 3999 ignem
1033 3930 1483 3996 circumducente,
1508 3945 1573 3985 ac
1592 3940 1922 3986 monstrante
1946 3932 2163 4002 quibus.

577 4038 700 4078 nam
747 4036 1002 4091 parcere,
1047 4036 1291 4091 quanam
1333 4023 1619 4077 absumere
1663 4033 1972 4092 oporteret,
2018 4032 2162 4079 tanta

582 4129 775 4183 nempe
801 4111 1180 4179 concinnitate,
1201 4120 1349 4167 tanto
1375 4111 1598 4170 artiﬁcio
1622 4114 1874 4182 templum
1895 4113 2162 4169 detectum

578 4213 700 4269 est;
744 4218 922 4272 neque
949 4217 1077 4257 vero
1104 4202 1278 4257 simile
1312 4211 1396 4256 est
1433 4203 1682 4257 incendio
1709 4201 1944 4264 allectis.
1977 4203 2070 4258 sed
2099 4203 2164 4259 iis

578 4311 803 4362 quorum
826 4296 1029 4366 integra
1057 4307 1226 4366 septa,
1273 4311 1391 4367 qua:
1431 4297 1547 4353 solo
1585 4304 1725 4352 tecto
1761 4297 1966 4353 habent
2007 4313 2161 4367 opus.

581 4386 805 4460 Reliqua
832 4389 973 4442 enim
1005 4398 1162 4462 atque
1189 4390 1450 4444 columnae
1471 4431 1485 4455 ,
1513 4398 1624 4444 tum
1652 4407 1772 4460 qua:
1803 4401 2020 4456 tectum,
2053 4401 2164 4446 tum

582 4492 701 4545 qua:
724 4477 1045 4532 vestibulum
1087 4479 1404 4549 fulciebant,
1437 4496 1540 4536 una
1579 4493 1798 4551 excepta
1828 4499 1946 4552 qnte
1973 4483 2039 4538 ad
2066 4499 2163 4553 po-

582 4571 862 4626 steriorem
908 4572 1088 4642 tctnpli
1115 4583 1319 4641 partem
1363 4574 1532 4643 posita
1575 4584 1724 4641 erat,
1767 4585 1912 4629 stant
1953 4591 2160 4630 omnes.

586 4661 710 4716 "me
753 4672 931 4717 tamen
967 4660 1076 4718 non
1119 4671 1322 4720 temere
1363 4673 1490 4720 tunc
1514 4665 1685 4720 fracta
1727 4676 1843 4733 est,
1873 4668 1966 4722 sed
2006 4683 2068 4723 ea
2097 4667 2166 4723 de

583 4771 777 4818 causa,
823 4772 983 4827 quam
1022 4774 1146 4813 mox
1175 4759 1363 4815 dicturi
1403 4773 1605 4814 sumus.
1659 4761 1769 4815 Hoc
1814 4761 1902 4814 ubi
1950 4761 2162 4826 accidit,

583 4849 764 4902 statim
788 4848 1051 4904 daemonis
1079 4851 1330 4906 sacerdos
1373 4852 1437 4906 ad
1483 4852 1714 4907 tribunal
1757 4854 1960 4923 rapitur
1997 4864 2051 4909 et
2080 4855 2164 4908 in-

584 4938 758 4992 cendii
799 4949 1068 4995 auctorem
1117 4942 1348 4999 indicare
1390 4944 1614 5013 cogitur.
1659 4944 1792 4999 Cum
1841 4961 1946 5000 non
1986 4955 2168 5015 posset

584 5038 784 5093 autem,
829 5045 973 5098 eum,
1020 5033 1255 5088 distortis
1298 5042 1452 5088 antea
1499 5035 1724 5101 cubitis,
1768 5037 1952 5092 multis
2001 5037 2166 5107 plagis

587 5119 881 5176 allicientes
899 5161 915 5188 ,
943 5122 1137 5178 deinde
1175 5125 1460 5179 sublimem
1490 5135 1708 5196 agentes
1734 5128 1890 5180 cassis
1917 5127 2166 5182 lateribus

588 5211 718 5277 nihil
766 5211 1322 5282 amplius‘didieerunt
1363 5233 1376 5268 :
1424 5231 1486 5270 ac
1528 5218 1751 5285 perinde
1791 5219 1982 5272 accidit
2010 5228 2168 5288 atque

588 5303 640 5355 in
667 5305 1060 5358 resurrectione
1080 5305 1300 5360 Christi.
1331 5305 1464 5360 Tum
1491 5308 1632 5361 enim
1654 5298 1868 5363 milites
1897 5310 1961 5363 ad
1991 5319 2169 5364 custo-

589 5394 731 5448 diam
763 5397 1001 5464 corporis
1029 5397 1153 5452 Jesu
1188 5399 1465 5454 constituti
1498 5410 1649 5464 sunt,
1695 5416 1764 5455 ne
1802 5411 2050 5470 possent,
2082 5405 2168 5457 in-

589 5485 722 5554 quit,
751 5485 995 5555 discipuli
1036 5488 1161 5543 illud
1189 5490 1382 5547 callide
1408 5490 1652 5546 suﬁ‘urari
1683 5490 1892 5559 (Matth.
1917 5492 2005 5549 27.
2030 5492 2124 5566 64)
2151 5512 2165 5550 :

590 5587 841 5632 caeterum
870 5578 915 5634 is
945 5579 1041 5634 fuit
1065 5582 1140 5636 rei
1169 5593 1426 5650 eventus,
1458 5591 1515 5637 ut
1553 5583 1698 5638 nulla
1728 5584 1810 5638 vel
1844 5586 2167 5655 impudenti-

591 5671 692 5725 bus
718 5672 928 5741 quidem
957 5677 1167 5731 occasio
1195 5679 1584 5747 relinqueretur
1603 5722 1617 5746 ,
1650 5680 1736 5748 qui
1760 5681 1958 5735 vellent
1987 5696 2167 5739 resur-

593 5762 844 5820 rectionis
872 5764 1031 5822 fidem
1059 5767 1265 5826 tollere.
1299 5768 1397 5826 llic
1421 5783 1630 5842 quoque
1658 5770 1965 5828 trahebatur
1989 5786 2168 5830 sacer-

1299 345 1358 405 s.
1399 344 1677 404 manans
1714 343 2189 403 cnnvsos'rom
2229 343 2529 402 ABClllEP
2591 317 3121 404 consummes.

3735 350 3850 408 560

2251 460 2383 528 dos,
2411 470 2470 516 ut
2498 477 2600 515 non
2628 462 2804 515 divina
2840 463 2913 515 ira
2933 505 2946 526 ,
2979 451 3070 518 sed
3099 463 3330 518 humana
3355 464 3591 534 nequitia
3620 463 3671 520 id
3702 468 3850 520 acci-

2254 552 2398 609 disse
2426 552 2821 610 testttlcaretur.
2849 553 3136 608 Contortus
3161 562 3334 608 tamen
3367 563 3528 624 atque
3552 555 3850 623 laceratus,

2253 655 2375 696 cum
2415 643 2619 699 nullum
2669 653 2850 712 posset
2908 644 3182 709 indicare,
3235 645 3490 700 divinitus
3543 645 3852 702 immissum

2257 733 2421 788 fuisse
2445 734 2619 804 ignem
2647 743 2868 790 testatus
2896 745 2995 800 est,
3037 746 3097 789 ut
3135 736 3312 790 nullus
3349 738 3459 806 jam
3494 737 3645 790 locus
3671 736 3851 804 impn-

2253 822 2446 879 denter
2469 825 2746 895 agentibus
2775 827 3184 897 relinqueretur.
3225 826 3329 882 Sed
3360 829 3500 898 quod
3533 828 3695 897 paulo
3723 839 3854 882 ante

2252 913 2416 968 alium
2444 915 2499 968 in
2532 915 2706 970 locum
2739 918 2955 981 remisi,
2994 932 3134 971 nunc
3176 929 3440 988 oportune
3477 918 3678 973 dicam.
3711 917 3854 984 Quid

2253 1003 2382 1058 illud
2406 1005 2533 1059 est?
2561 1005 2635 1058 lta
2667 1002 2806 1061 illius
2831 1007 3067 1060 animum
3093 1008 3354 1062 exterruit
3397 1019 3621 1079 martyr,
3653 1017 3717 1062 ut
3745 1022 3855 1062 non

2255 1096 2390 1150 ultra
2417 1097 2663 1167 progredi
2694 1097 2934 1153 auderet.
2969 1097 3154 1168 Neque
3179 1099 3320 1153 enim
3353 1107 3632 1169 postquam
3665 1114 3851 1153 sacer-

2254 1188 2455 1253 dotem,
2481 1203 2638 1260 quem
2669 1191 2814 1260 prius
2840 1198 2989 1245 tanto
3027 1193 3079 1244 in
3117 1191 3319 1245 honore
3347 1191 3595 1256 habebat,
3645 1191 3858 1245 incensi

2256 1280 2377 1334 tecti
2406 1295 2565 1335 causa
2593 1291 2668 1336 tot
2697 1281 2850 1337 malis
2873 1281 3143 1348 aﬂ'ecerat,
3174 1283 3245 1337 ita
3271 1292 3329 1338 ut
3353 1284 3659 1348 immanius,
3691 1297 3858 1354 quam

2255 1370 2590 1441 sanguinaria
2623 1370 2734 1427 fera
2758 1411 2774 1438 ,
2820 1372 2888 1426 ab
2912 1372 3028 1442 ejus
3056 1371 3285 1428 fortasse
3311 1372 3563 1427 vorandis
3589 1373 3856 1427 carnibus

2256 1477 2364 1517 non
2391 1462 2769 1530 abstinuisset,
2812 1465 2923 1519 nisi
2963 1479 3052 1520 res
3077 1464 3400 1520 exsecranda
3445 1465 3700 1520 omnibus
3744 1465 3855 1520 visa

2257 1564 2443 1610 esset:
2473 1567 2716 1610 sanctum
2761 1557 2910 1611 illum
2956 1559 3049 1628 qui
3091 1573 3151 1612 os
3185 1558 3440 1613 daemonis
3482 1558 3852 1623 obstruxerat,

2259 1663 2446 1703 rursus
2486 1650 2538 1702 in
2585 1649 2770 1704 urbem
2813 1649 3153 1716 deduxisset,
3201 1659 3259 1705 ut
3303 1650 3504 1720 majore
3549 1651 3600 1703 in
3646 1648 3858 1705 honore

2259 1749 2400 1793 esset
2431 1757 2444 1793 :
2471 1753 2593 1793 nam
2622 1741 2667 1794 si
2695 1755 2803 1794 non
2828 1749 3005 1807 antea,
3032 1755 3152 1794 cum
3175 1738 3384 1794 dznmou
3409 1753 3468 1794 se
3496 1741 3696 1793 victum
3725 1754 3860 1793 con-

2258 1828 2435 1885 fessus
2461 1840 2542 1886 est
2563 1873 2578 1897 ,
2609 1840 2663 1886 at
2689 1840 2835 1886 certe
2861 1842 2982 1900 post
3023 1832 3327 1887 incendium
3358 1831 3535 1886 omnia
3567 1831 3858 1885 evertisset

2259 1929 2312 1975 et
2340 1921 2681 1990 perdidisset,
2708 1937 2926 1992 capsam
2955 1931 3009 1976 et
3045 1933 3330 1992 utrumque
3355 1921 3674 1993 martyrium
3705 1936 3860 1975 com-

2262 2007 2556 2077 bussissct,
2587 2023 2697 2066 tum
2729 2013 2871 2082 quod
2920 2013 2972 2066 in
3015 2013 3267 2081 Daphne,
3301 2023 3409 2066 tum
3454 2011 3595 2082 quod
3634 2013 3688 2066 in
3722 2011 3859 2065 urbe

2261 2111 2376 2155 crat
2400 2142 2414 2165 ,
2461 2104 2562 2156 nisi
2595 2113 2770 2157 metus
2798 2104 2931 2157 iram
2962 2113 3268 2173 superasset
3304 2119 3365 2157 ac
3394 2101 3623 2157 formido
3650 2115 3858 2156 mcero-

2260 2206 2374 2246 rem
2404 2193 2632 2255 vicisset.
2667 2193 2857 2250 Solent
2884 2196 3026 2248 enim
3055 2195 3244 2261 multi,
3277 2209 3400 2248 cum
3428 2194 3506 2246 ira
3534 2202 3591 2247 et
3617 2205 3860 2246 mter-ore

2260 2285 2637 2354 corripiuntur,
2682 2287 2727 2342 si
2775 2286 3102 2356 :egritudinis
3146 2298 3390 2342 auctores
3436 2285 3853 2356 apprehendere

2262 2391 2370 2429 non
2401 2377 2646 2444 valeant,
2693 2379 2747 2433 in
2791 2379 3247 2450 obviosquosque
3291 2394 3354 2433 ac
3397 2387 3675 2447 suspectos
3714 2378 3861 2431 iram

2263 2465 2554 2522 effundere.
2602 2467 2717 2522 Non
2747 2470 2933 2538 procul
2964 2479 3140 2524 autem
3181 2469 3282 2524 hac
3317 2469 3619 2539 suspicione
3649 2478 3865 2538 martyr

2262 2567 2420 2612 erat:
2453 2575 2577 2612 nam
2622 2559 2780 2613 simul
2823 2568 2982 2630 atque
3030 2561 3081 2613 in
3127 2560 3309 2614 urbem
3340 2559 3622 2628 pervenit,
3672 2558 3861 2610 statim

2264 2651 2401 2719 ignis
2432 2651 2689 2720 templum
2717 2651 2932 2706 invasit.
2980 2651 3084 2705 Sed
3117 2650 3256 2720 quod
3285 2650 3390 2703 dixi
3416 2692 3432 2716 ,
3479 2647 3701 2702 affectus
3729 2662 3860 2701 cum

2262 2741 2453 2797 aﬂectu
2498 2744 2803 2814 pugnabat,
2854 2744 3093 2813 iramque
3135 2742 3379 2796 vincebat
3426 2751 3619 2796 metus.
3668 2739 3862 2809 Cogita

2264 2835 2410 2890 enim
2434 2837 2606 2906 qualis
2633 2850 2754 2892 esse
2783 2844 2989 2906 poterat
3021 2837 3109 2891 ille
3137 2836 3217 2890 vir
3243 2835 3413 2889 bonus
3431 2873 3446 2898 ,
3477 2848 3598 2887 cum
3628 2832 3682 2886 in
3722 2831 3861 2886 sub-

2264 2927 2474 2983 urbium
2520 2928 2855 3011 ascendens,
2907 2930 3219 2998 martyrium
3270 2936 3418 2981 stans
3460 2933 3739 2990 cerneret,
3796 2941 3866 2981 ac

2267 3021 2528 3090 templum
2554 3022 2854 3085 incensum,
2882 3021 3078 3078 idolum
3109 3020 3365 3085 deletum,
3392 3019 3612 3074 donaria
3637 3019 3866 3073 absum-

2267 3123 2356 3182 pta
2382 3154 2396 3178 ,
2443 3113 2772 3169 liberalitatis
2813 3128 2924 3169 suae
2956 3122 3010 3169 et
3047 3112 3294 3168 satanicm
3335 3126 3544 3182 pompa:
3588 3111 3862 3165 sublatam

2265 3204 2602 3258 memoriam.
2655 3203 2874 3259 Etiamsi
2903 3204 3046 3258 enim
3076 3219 3200 3258 eum
3231 3201 3356 3256 talia
3383 3202 3649 3257 videntem
3682 3216 3868 3270 neque

2266 3293 2346 3349 ira
2377 3310 2551 3365 neque
2594 3295 2809 3350 tristitia
2851 3295 3209 3359 invasissent,
3264 3293 3522 3363 pudorem
3571 3303 3718 3348 certe
3749 3306 3866 3345 non

2269 3384 2509 3450 tulisset,
2543 3386 2814 3454 risumque
2851 3373 3095 3449 tantum;
3128 3385 3220 3440 sed
3249 3384 3302 3437 in
3339 3382 3480 3438 beati
3527 3371 3666 3437 illius
3704 3398 3866 3437 mar-

2267 3475 2462 3545 tyrium
2492 3475 2704 3546 iniquas
2727 3490 2917 3531 manus
2943 3475 3290 3541 extendisset,
3324 3474 3422 3529 nisi
3452 3474 3522 3540 id,
3553 3473 3692 3544 quod
3722 3475 3865 3541 dixi,

2267 3565 2596 3621 cohibuisset
2635 3567 2803 3622 illum.
2847 3566 3030 3636 Neque
3072 3566 3215 3621 enim
3262 3564 3531 3626 modicum
3574 3574 3688 3619 erat
3712 3565 3866 3638 quod

2268 3665 2396 3713 tunc
2435 3657 2712 3729 agebatur,
2760 3659 2853 3713 sed
2897 3674 3109 3714 omnem
3155 3657 3431 3729 gentilium
3474 3656 3866 3712 confidentiam

2267 3749 2603 3819 prasciderat,
2634 3765 2850 3804 omnem
2879 3750 3114 3804 lmtitiam
3142 3747 3506 3813 exstinxerat;
3547 3757 3867 3817 tantamque

2269 3839 2376 3894 illis
2400 3841 2666 3895 maestitiae
2696 3840 2979 3910 caliginem
3006 3839 3297 3906 oll‘udcrat,
3325 3849 3577 3909 quantam
3602 3838 3648 3894 si
3673 3839 3867 3895 omnia

2270 3929 2426 3982 simul
2455 3929 2647 3997 templa
2676 3931 2982 3999 periissem.

2341 4019 2429 4076 18.
2470 4018 2670 4074 Libanii
2705 4021 2962 4074 monodia.
2993 4019 3237 4093 —Quod
3262 4032 3437 4076 autem
3483 4020 3597 4075 haec
3639 4034 3747 4075 non
3772 4018 3868 4089 ja-

2269 4111 2563 4166 ctabundus
2597 4110 2851 4177 ,el'feram,
2902 4113 3013 4181 ipsa
3043 4110 3203 4166 verba
3244 4111 3464 4166 lamenti
3490 4120 3547 4166 et
3589 4111 3867 4168 monodia:

2270 4204 2536 4273 proferam
2561 4243 2574 4268 ,
2606 4217 2763 4272 quam
2795 4203 2940 4257 urbis
2971 4202 3206 4271 sepltista
3238 4214 3364 4258 tunc
3393 4202 3445 4256 in
3479 4202 3622 4257 hunc
3650 4203 3866 4257 daemo-

2273 4311 2393 4351 nem
2441 4295 2628 4351 edidit.
2659 4296 2750 4351 Sic
2782 4305 2961 4350 autem
3009 4297 3170 4352 habet
3205 4298 3392 4351 monia:
3429 4296 3637 4352 initium
3673 4313 3686 4351 :
3722 4291 3864 4366 Viri,

2271 4405 2484 4459 quorum
2513 4389 2674 4442 oculis
2693 4428 2709 4454 ,
2757 4405 2898 4458 teque
2943 4405 3005 4442 ac
3040 4389 3197 4453 meis,
3228 4389 3392 4459 caligo
3421 4389 3589 4455 offusa
3614 4397 3685 4443 est
3704 4430 3720 4456 ,
3766 4403 3866 4443 nee

2273 4483 2540 4549 pulchram
2559 4520 2574 4544 ,
2602 4496 2693 4551 nec
2722 4496 2957 4550 magnam
2982 4481 3215 4551 deinceps
3244 4480 3374 4534 hanc
3402 4481 3574 4535 urbem
3604 4497 3862 4536 accensus.

2274 4571 2477 4625 Deinde
2515 4581 2638 4624 cum’
2672 4571 2925 4625 nonnulla
2953 4571 3174 4624 dixisset
3197 4573 3617 4642 asseruissetque
3651 4571 3720 4626 de
3758 4571 3866 4625 Da-

2272 4663 2444 4731 phnes
2474 4662 2647 4718 fabula
2676 4661 2871 4737 (nequc
2915 4667 3057 4718 enim
3091 4673 3253 4718 totam
3296 4667 3592 4719 orationem
3641 4664 3729 4718 bic
3774 4665 3865 4719 in-

2275 4766 2457 4813 texere
2490 4766 2699 4827 tempus
2726 4757 2954 4828 patitur,
2986 4773 3053 4812 ne
3095 4757 3362 4830 longiores
3384 4801 3399 4825 ,
3427 4775 3586 4829 quam
3617 4775 3714 4829 par
3738 4769 3825 4816 est
3845 4803 3862 4824 ,

2273 4851 2441 4904 simus
2465 4848 2505 4919 ),
2529 4849 2832 4916 Persarum,
2865 4851 3053 4921 inquit,
3080 4851 3171 4905 ille
3200 4866 3316 4918 rex,
3347 4851 3439 4922 qui
3468 4852 3736 4915 civitatem
3768 4867 3865 4907 ce-

2274 4944 2371 5013 pit,
2404 4944 2605 5012 templo
2645 4944 2920 5012 pepercit:
2955 4944 3067 5014 ipsa
3119 4959 3278 5014 porro
3328 4945 3491 4999 verba
3542 4945 3658 5000 haec
3694 4953 3862 4999 sunt:

2279 5035 2382 5102 Qui
2421 5038 2692 5090 exercitum
2732 5046 2906 5089 contra
2949 5053 3042 5091 nos
3079 5037 3262 5100 movit,
3305 5045 3546 5104 prmtare
3587 5038 3782 5105 putavit
3811 5045 3867 5089 ut

2276 5127 2513 5197 templum
2552 5137 2863 5193 servaretur,
2895 5136 3170 5193 statumque
3207 5127 3357 5181 decor
3394 5127 3655 5180 barbarico
3701 5127 3867 5196 furori

2277 5219 2559 5288 pravalut‘t.
2590 5216 2741 5272 Nunc
2781 5230 2979 5280 autem,
3013 5235 3042 5272 ο
3069 5222 3146 5273 sol
3164 5261 3178 5286 ,
3211 5235 3240 5273 ο
3269 5231 3402 5274 terra
3425 5219 3445 5273 l
3472 5220 3581 5288 quis
3619 5219 3695 5273 uel
3734 5219 3868 5273 unde

2280 5311 2359 5363 hic
2390 5310 2565 5378 hostia,
2589 5312 2674 5380 qui
2698 5328 2788 5364 nec
2809 5313 2975 5381 gravis
3003 5321 3275 5364 armaturae
3301 5312 3538 5364 militibus
3560 5350 3575 5377 ,
3605 5327 3695 5364 nec
3723 5314 3868 5380 equi-

2281 5404 2412 5457 tibus
2434 5447 2450 5471 ε
2481 5421 2570 5458 nec
2597 5405 2821 5458 velitibus
2849 5421 2974 5473 Opus
3010 5404 3225 5470 habens,
3258 5419 3415 5474 parva
3445 5404 3664 5457 scintilla
3695 5404 3867 5457 omnia

2280 5496 2604 5566 absumpsit?
2631 5496 2818 5551 Postea
2847 5497 2934 5551 ubi
2962 5495 3251 5550 declaravit
3292 5495 3588 5549 dmmonem
3634 5502 3761 5548 tunc
3797 5495 3868 5548 ab

2279 5592 2370 5647 illo
2397 5590 2634 5662 (Babyla)
2662 5592 2820 5646 luisse
2843 5591 3062 5655 victum,
3084 5605 3202 5644 cum
3226 5603 3312 5644 res
3338 5588 3611 5658 gentilium
3638 5587 3867 5642 maxime

2279 5683 2532 5737 ﬂorerent
2562 5681 2836 5736 sacriﬁciis
2862 5690 2914 5736 et
2941 5679 3323 5735 initiationibus
3352 5697 3367 5733 :
3397 5677 3464 5732 Et
3492 5688 3717 5731 nostrum
3736 5719 3749 5742 ,
3781 5677 3866 5731 iri-

2281 5773 2428 5842 quit,
2458 5773 2698 5842 templum
2737 5775 2912 5842 ingens
2955 5773 3086 5828 illud
3128 5773 3374 5827 diluvium
3402 5787 3504 5826 non
3532 5770 3712 5845 dejecit
3739 5811 3752 5838 ,
3786 5768 3876 5823 ted
