4082 6428
356 362 451 420 εει
1139 359 1230 416 DE
1268 360 1326 417 s.
1370 321 1668 425 nium.
1708 355 1983 415 comas
2023 353 2365 439 tuusxuu
2406 355 2498 412 ετ
2538 355 2901 412 GENTILES.

353 490 524 530 sereno
550 481 810 545 tempore,
835 488 953 527 eum
981 469 1134 527 nubes
1177 471 1500 545 prateriisset
1518 512 1534 534 ,
1563 457 1815 541 dejectum
1853 475 1948 521 est.

353 565 558 620 Nubcm
606 573 663 619 et
703 563 960 619 diluvium
1003 576 1158 618 vocat
1210 560 1562 632 praecedentis
1609 557 1954 630 imperatoris

351 664 582 726 tempus.
613 653 823 710 Rursus
849 654 1063 724 paulum
1097 667 1416 725 progressus
1440 652 1544 708 hoc
1584 650 1757 722 ipsum
1797 663 1951 704 ama-

351 746 612 820 rulentius
653 745 901 816 deplorat
937 746 1020 800 his
1067 745 1285 800 verbis:
1318 743 1517 799 Deinde
1551 758 1666 797 cum
1706 757 1813 796 arte
1850 751 1954 795 tua:

348 837 646 908 sanguinem
686 838 908 902 sitirent,
951 837 1239 908 neglectus,
1267 853 1298 890 ο
1323 835 1537 907 Apollo,
1583 834 1793 889 sedulus
1835 832 1950 888 Da-

351 930 508 997 phnes
549 938 719 984 custos
756 929 1029 993 monebas;
1068 929 1348 996 aliquando
1373 929 1526 991 etiam
1571 927 1837 982 lacessitus
1863 935 1947 980 at-

347 1036 447 1089 que
469 1021 949 1098 externo-spoliatus
978 1029 1162 1073 ornatu
1191 1020 1438 1088 patienter
1465 1017 1626 1073 tulisti
1653 1034 1674 1072 :
1691 1034 1835 1072 nunc
1858 1033 1952 1072 au-

350 1120 448 1164 tem
476 1121 546 1165 tot
568 1110 742 1166 ovibus
764 1111 1019 1179 bobusque
1042 1112 1292 1176 mactatis,
1315 1126 1371 1165 os
1391 1109 1726 1182 Imperatoris
1747 1126 1951 1187 sacrum

351 1202 479 1273 pede
501 1203 774 1272 excepisti,
805 1203 1018 1258 intuitus
1047 1219 1197 1273 quem
1237 1202 1545 1273 pratdicebas
1561 1244 1579 1270 ,
1601 1202 1740 1256 uisus
1764 1203 1830 1254 ab
1853 1217 1913 1256 eo
1930 1240 1946 1266 ,

347 1309 496 1364 quem
537 1294 968 1366 prtenttntiaoeras
987 1338 1001 1358 ,
1033 1295 1173 1349 malo
1223 1295 1388 1349 uicino
1441 1294 1707 1360 liberatus,
1748 1304 1951 1347 mortuo

347 1385 569 1455 quodam
600 1401 805 1457 nempe,
839 1387 924 1458 qui
950 1386 1039 1440 tibi
1069 1386 1355 1441 molestiam
1395 1386 1598 1439 creabat
1642 1424 1657 1449 ,
1680 1400 1746 1439 ea:
1784 1385 1950 1438 medio

348 1476 487 1530 cultu
525 1477 779 1530 exsiliisti.
818 1475 1086 1532 Undenam
1116 1477 1254 1531 ultra
1289 1476 1622 1548 gloriabimur
1647 1475 1790 1545 apud
1815 1476 1949 1528 viros

347 1584 612 1622 sacrorum
643 1579 1025 1635 statuarumque
1046 1579 1250 1623 tuarum
1273 1585 1516 1623 memores
1534 1567 1562 1622 .’
1587 1567 1722 1637 Quid
1747 1569 1848 1632 ais,
1878 1567 1951 1621 lu-

346 1658 532 1728 gubris
575 1659 932 1716 deeantatorl
957 1660 1106 1717 itane
1142 1660 1467 1717 contumelia
1498 1670 1552 1715 et
1592 1659 1783 1728 injuria
1815 1659 1946 1714 adeo

349 1759 471 1807 rtus
495 1760 637 1807 tutus
668 1755 866 1810 mansit
895 1754 1144 1825 Daphnes
1167 1764 1385 1818 custos;
1418 1768 1541 1808 cum
1571 1761 1747 1808 autem
1775 1750 1951 1807 honor

343 1832 451 1914 ipsi
496 1855 658 1917 atque
704 1847 881 1903 cultus
931 1847 1283 1913 redderetur,
1316 1862 1384 1902 ne
1433 1847 1686 1918 templum
1732 1845 1944 1917 quidem

347 1947 504 2013 suum
530 1951 754 1992 servare
782 1938 991 2007 potuit;
1023 1938 1320 2009 prtesertim
1347 1951 1469 1991 cum
1495 1938 1680 2003 sciret,
1708 1936 1948 2006 collapso

348 2023 474 2089 illo,
505 2025 764 2094 majorem
812 2028 914 2082 sibi
953 2027 1297 2097 ignominiam
1333 2027 1565 2081 futuram
1606 2027 1771 2082 esse?
1816 2025 1948 2095 Quis

347 2126 524 2171 autem
557 2117 648 2172 ille
671 2128 932 2185 mortuus,
960 2134 994 2173 ο
1019 2117 1281 2190 scphista,
1304 2119 1393 2188 qui
1419 2118 1523 2173 dco
1549 2117 1623 2172 illi
1647 2118 1945 2173 molestiam

346 2207 608 2262 creabat?
635 2225 803 2280 ecqua
829 2210 917 2264 illa
946 2210 1086 2265 mala
1116 2211 1402 2267 vicinitas?
1428 2209 1527 2265 llic
1555 2209 1697 2265 enim
1725 2209 1778 2264 in
1807 2209 1947 2265 beati

348 2297 562 2370 Babylte
586 2301 811 2365 virtutes
833 2317 954 2358 cum
981 2303 1279 2369 incidisset,
1310 2317 1411 2358 nec
1438 2302 1784 2373 ignominiam
1807 2318 1948 2373 prte-

347 2391 510 2446 terire
536 2401 740 2462 posset,
765 2408 883 2449 eam
909 2410 1019 2465 prte
1040 2394 1246 2464 pudore
1265 2411 1325 2450 se
1352 2396 1630 2449 occultans
1653 2394 1942 2463 printeriit:

349 2489 577 2538 testatus
605 2492 784 2542 autem
821 2486 1125 2541 ‘dtctnonem
1155 2503 1187 2542 a
1217 2499 1451 2560 martyre
1493 2486 1738 2542 molestia
1786 2496 1946 2556 atque

345 2589 586 2631 mrumna
625 2576 873 2633 allectum
908 2575 1076 2634 fuisse
1095 2621 1110 2646 ,
1141 2595 1242 2636 nec
1282 2580 1542 2649 adjiciens
1563 2620 1578 2645 ,
1604 2579 1904 2635 daemonem
1925 2620 1941 2644 ,

344 2679 466 2719 cum
514 2667 722 2723 cladem
771 2683 923 2724 suam
978 2677 1160 2741 tegere
1203 2671 1404 2734 vellet,
1434 2671 1606 2741 magis
1649 2671 1796 2725 illam
1846 2671 1945 2725 de-

347 2758 579 2824 texisse,
610 2758 928 2832 simpliciter
947 2759 1104 2828 dixit,
1133 2775 1165 2816 a
1195 2762 1332 2816 mala
1355 2762 1632 2818 vicinitate
1658 2762 1946 2818 liberatum

344 2861 491 2909 esse.
517 2848 628 2904 Cur
657 2867 763 2905 non
794 2851 964 2918 dicis,
994 2868 1028 2907 ο
1057 2854 1377 2924 sapientium
1410 2855 1797 2925 nugaeissime,
1826 2857 1948 2925 quis

344 2937 438 2995 ille
466 2951 713 2998 mortuus
738 2955 917 3010 esset,
948 2954 1006 3000 et
1031 2961 1196 3016 quare
1223 2946 1372 3002 solus
1400 2945 1504 3002 deo
1527 2956 1619 3003 tuo
1645 2947 1944 3003 molestiam

342 3035 594 3088 crearet?
621 3035 798 3102 Quare
843 3037 1168 3092 vicinitatem
1215 3038 1360 3094 illam
1391 3040 1588 3094 malam
1627 3039 1836 3096 vocas?
1875 3054 1942 3095 an

346 3123 468 3193 quia
497 3124 759 3181 da-monis
793 3127 1030 3183 fraudem
1079 3129 1370 3198 arguebat?
1397 3132 1557 3201 Atqui
1601 3130 1654 3186 id
1695 3147 1800 3186 non
1827 3139 1947 3187 erat

344 3215 501 3271 mala:
529 3215 815 3272 vicinitatis
862 3234 1033 3288 opus;
1073 3221 1526 3290 quemadmodum
1568 3238 1670 3280 nec
1703 3225 1899 3280 tuortui
1925 3265 1942 3292 ,

344 3305 437 3360 sed
468 3307 713 3375 viventis,
737 3312 1011 3379 operantis
1035 3353 1050 3377 ,
1082 3311 1266 3381 probi,
1294 3313 1681 3381 patrocinantis
1709 3326 1764 3371 ct
1787 3331 1946 3372 cura-

345 3394 477 3449 toris
500 3435 517 3460 ,
551 3407 714 3468 atque
738 3400 918 3453 omnia
957 3415 1055 3470 pro
1075 3402 1252 3458 salute
1277 3412 1452 3458 vestra
1479 3408 1681 3476 agentis
1704 3447 1718 3470 ,
1751 3409 1795 3461 si
1823 3408 1942 3477 qui-

343 3483 468 3540 dem
498 3487 824 3545 voluissetis.
858 3490 1068 3547 Etenim
1097 3509 1165 3571 ne
1203 3495 1353 3549 vobis
1382 3496 1605 3552 ulterius
1632 3497 1820 3553 liceret
1847 3515 1943 3554 vos

343 3575 493 3644 ipsos
524 3579 777 3651 decipere
804 3599 867 3639 ac
894 3584 1075 3642 dicere
1115 3587 1291 3657 ipsum
1336 3589 1565 3656 iratum,
1597 3603 1651 3645 et
1677 3592 1748 3647 ob
1775 3593 1943 3649 inter-

344 3669 506 3723 missa
537 3672 798 3728 sacriﬁcia
837 3678 1284 3747 expostulantem,
1309 3680 1482 3751 deque
1510 3683 1717 3753 reliquo
1746 3684 1944 3753 pariter

342 3761 545 3818 omisso
573 3766 718 3821 cultu
745 3780 1167 3839 conquerentem
1186 3815 1202 3839 ,
1232 3775 1376 3852 ultro
1409 3763 1736 3833 abscessisse
1769 3796 1783 3834 :
1817 3780 1942 3836 ideo

342 3866 547 3925 martyr
571 3872 694 3912 eum
739 3875 805 3915 ex
854 3861 972 3916 loco
1011 3879 1232 3933 prorsus
1280 3867 1472 3936 cjeeit,
1503 3870 1593 3939 qui
1640 3870 1789 3926 locus
1839 3871 1939 3942 ipsi

343 3947 575 4001 maxime
599 3951 840 4006 omnium
868 3963 1048 4022 gratus
1074 3968 1222 4022 erat,
1256 3974 1524 4030 quemque
1551 3961 1672 4016 aliis
1706 3963 1839 4019 locis
1865 3965 1939 4020 ita

339 4039 705 4109 anteferebat,
734 4054 796 4100 ut
820 4048 904 4103 vel
931 4047 1281 4116 inhonoratos
1313 4052 1382 4106 ibi
1423 4053 1699 4124 insideret.
1729 4055 1859 4110 Nam
1886 4057 1939 4110 id

341 4139 398 4183 tu
443 4147 656 4203 quoque
701 4136 882 4193 dicere
917 4143 1237 4208 pra-venisti
1269 4161 1282 4196 :
1315 4146 1474 4211 Atque
1519 4146 1616 4200 Itoc
1651 4148 1765 4216 ipso
1805 4159 1954 4202 tem-.

340 4240 481 4293 pore,
508 4242 607 4297 quo
631 4230 819 4285 multas
854 4231 955 4300 ipsi
997 4249 1110 4288 oves
1136 4245 1186 4288 et
1223 4238 1410 4292 nmlfos
1454 4238 1601 4293 boves
1643 4240 1937 4293 immolabat

338 4314 628 4389 Imperator
658 4320 1080 4400 (Libaniircrba)
1108 4345 1120 4380 :
1155 4337 1212 4381 ut
1239 4329 1414 4400 palam
1443 4333 1513 4384 sit
1540 4331 1890 4402 undequatpte
1917 4375 1933 4399 ,

339 4406 513 4477 ipsum
556 4423 801 4468 coactum
843 4415 1150 4488 tnajoreque
1176 4419 1225 4473 vi
1270 4421 1477 4490 pulsu.“
1509 4423 1766 4492 Daphnen
1806 4426 1935 4479 reli-

337 4499 538 4568 quisse.
570 4502 837 4561 Petutssct
859 4509 1073 4578 quidem
1109 4511 1336 4583 Babylas
1376 4514 1456 4569 vel
1486 4527 1736 4571 manente
1761 4526 1935 4572 Statua

336 4592 510 4662 ipsum
544 4597 661 4652 loco
689 4600 924 4668 pellere;
958 4612 1012 4657 at
1043 4620 1138 4659 vos
1168 4622 1276 4660 non
1317 4609 1714 4672 credidissem,
1747 4627 1936 4681 quem-

333 4685 622 4740 admodum
666 4706 836 4761 neque
879 4695 1044 4761 olim,
1089 4713 1210 4751 eum
1260 4699 1328 4754 ab
1368 4715 1435 4754 eo
1467 4694 1676 4757 vinctus
1705 4703 1929 4770 fuisset,

335 4791 536 4847 vosque
583 4774 798 4837 assiduo
860 4788 1003 4853 epltu
1051 4789 1345 4846 instaretis.
1395 4792 1754 4860 Quamobrem
1809 4811 1931 4851 cum

335 4869 480 4937 prius
507 4873 851 4933 simulacrum
891 4889 1035 4934 stare
1076 4884 1406 4950 permisisset
1429 4927 1444 4952 ,
1474 4895 1599 4944 tunc
1629 4888 1756 4942 illud
1783 4888 1932 4959 deje-

333 4963 447 5028 cit,
501 4980 622 5020 cmn
681 4971 911 5027 maxime
963 4973 1176 5030 llannna
1231 4978 1518 5048 impietatis
1575 4995 1931 5055 exsurgeret,

333 5056 625 5114 ostendens
665 5061 921 5119 victorem
975 5076 1083 5120 lltnl
1117 5068 1329 5125 vincere
1357 5082 1641 5140 Oportere,
1675 5090 1782 5129 non
1810 5089 1933 5130 cum

331 5147 517 5203 afﬂicti
541 5164 604 5206 ac
625 5151 889 5222 depressi,
916 5157 1010 5213 sed
1041 5175 1160 5225 eum
1185 5160 1440 5218 ﬂorentes
1465 5175 1624 5233 atque
1649 5166 1774 5222 elati
1806 5175 1933 5222 Sunt

333 5241 645 5328 adversarii.
679 5244 788 5301 Cur
818 5249 982 5313 enim,
1013 5265 1133 5306 cum
1167 5252 1421 5324 Daphnen
1454 5264 1930 5328 transportaretur,

332 5327 644 5400 imperatori
673 5353 733 5391 sc
755 5339 1095 5396 transferenti
1130 5359 1234 5399 non
1266 5345 1566 5415 mandavit,
1590 5327 1648 5403 ut
1673 5349 1930 5418 templum

329 5421 568 5479 diruet-et
606 5439 668 5482 ac
698 5438 928 5485 statuam
977 5434 1290 5500 transferret
1317 5477 1332 5502 ,
1367 5446 1425 5491 ut
1454 5450 1669 5509 Capsam
1703 5439 1934 5495 transfe-

329 5514 520 5568 rebat?
546 5515 679 5586 Quia
708 5521 957 5577 nimirum
994 5524 1126 5580 nihil
1175 5528 1244 5582 ab
1272 5528 1359 5584 illa
1392 5529 1725 5606 bedebatnr,
1756 5547 1931 5602 neque

328 5607 531 5662 carnali
558 5610 748 5679 egebat
771 5615 1008 5680 auxilio;
1043 5616 1136 5672 scd
1163 5626 1218 5673 et
1248 5628 1372 5674 tunc
1407 5631 1464 5675 et
1505 5635 1649 5684 nunc
1687 5623 1801 5677 sine
1832 5622 1932 5677 ltu-

329 5711 484 5751 tuana
519 5717 676 5756 manu
706 5704 920 5773 deiecit.
953 5708 1015 5762 Et
1045 5709 1267 5778 primam
1295 5712 1508 5780 quidem
1530 5713 1626 5768 ille
1655 5714 1926 5769 viottriam

331 5803 433 5842 nun
483 5794 771 5850 declaravit
814 5799 1008 5866 nobis;
1049 5801 1142 5857 sed
1170 5817 1293 5858 cum
1338 5804 1413 5858 illi
1448 5819 1512 5860 os
1540 5805 1925 5874 obstruxissct,

3552 360 3657 416 ηδε

2059 465 2284 536 quievit.
2312 464 2630 538 Huiusmodi
2659 477 2786 522 sunt
2826 467 2998 522 sancti
3033 486 3048 523 :
3081 483 3145 524 ea
3187 458 3398 536 solum,
3427 486 3548 540 quae
3597 473 3660 527 ad

2060 555 2339 612 hominum
2359 557 2590 614 salutem
2619 568 2883 630 spectant,
2913 559 3100 630 perlici
3126 560 3333 628 volunt,
3358 577 3457 618 nec
3481 571 3660 617 tamen

2059 647 2242 704 multis
2269 647 2384 705 haec
2410 663 2505 704 sua
2530 664 2652 705 esse
2674 664 2838 721 opera
2873 649 3157 714 declarari,
3187 652 3289 706 nisi
3319 662 3544 724 urgente
3569 668 3664 709 ne-

2056 741 2336 805 cessitate;
2367 741 2742 796 necessitatem
2775 756 2936 812 porro
2961 757 3099 797 voco
3126 741 3514 798 servandorum
3558 743 3659 799 ho-

2058 833 2261 888 minum
2291 833 2518 888 salutem
2547 851 2563 893 :
2592 834 2736 904 quod
2766 843 2822 889 ct
2862 844 2990 889 tunc
3027 833 3222 890 factum
3260 844 3366 892 est.
3394 834 3658 904 Quoniam

2056 924 2202 979 enim
2231 923 2437 979 fraudis
2460 925 2599 980 mala
2630 924 2789 979 latius
2812 926 3132 996 serpebant,
3163 934 3290 982 tunc
3313 925 3532 983 demum
3561 943 3657 983 no-

2058 1013 2141 1068 bis
2181 1013 2404 1068 victoria
2431 1013 2705 1069 revelatur
2731 1031 2746 1066 :
2779 1025 2834 1070 et
2859 1015 3075 1086 quidem
3106 1031 3212 1071 non
3240 1031 3270 1070 a
3295 1016 3498 1074 victore
3520 1059 3536 1083 ,
3562 1018 3658 1072 sed

2055 1106 2125 1162 ab
2148 1104 2265 1176 ipso
2289 1105 2450 1162 victo.
2479 1106 2597 1162 Hoc
2633 1116 2819 1163 autem
2845 1108 3010 1164 modo
3040 1107 3405 1164 testimonium
3435 1123 3505 1165 ne
3528 1108 3657 1180 ipsis

2053 1201 2270 1273 quidem
2302 1201 2546 1257 hostibus
2584 1211 2892 1272 suspectum
2933 1211 3225 1271 erat,cum
3269 1212 3490 1259 sanctus
3526 1202 3618 1259 ille
3640 1246 3657 1267 ,

2055 1293 2138 1348 vel
2170 1303 2392 1364 urgente
2416 1293 2737 1356 necessitate
2760 1335 2776 1362 ,
2807 1308 2928 1366 qua:
2949 1294 3020 1351 ad
3042 1309 3102 1352 se
3121 1295 3434 1366 spectabant
3457 1295 3657 1368 przedi-
3683 1285 3692 1290 ’
3767 1312 3774 1321 ’

2053 1400 2178 1441 care
2208 1393 2496 1441 renueret:
2527 1395 2584 1442 at
2611 1401 2741 1444 vero
2767 1403 2890 1444 cum
2917 1404 2988 1445 ne
3012 1389 3093 1445 sic
3115 1388 3333 1461 quidem
3360 1404 3514 1447 error
3541 1405 3658 1446 ces-

2053 1484 2197 1530 saret
2216 1516 2231 1542 ,
2259 1473 2354 1530 sed
2384 1492 2573 1533 rursus
2603 1478 2868 1534 instarent
2895 1480 2994 1545 illi,
3023 1480 3107 1536 vel
3146 1479 3291 1535 saxis
3329 1480 3461 1554 ipsis
3485 1481 3659 1555 stupi.

2052 1567 2232 1623 diores
2251 1610 2267 1632 ,
2297 1566 2569 1623 devictum
2596 1568 2898 1626 dannonem
2946 1570 3330 1641 implorantes,
3360 1579 3416 1627 et
3455 1570 3522 1626 ad
3551 1581 3657 1626 tant

2051 1669 2293 1731 apertam
2316 1662 2597 1718 veritatem
2637 1660 3016 1731 cazcu'tientes,
3056 1672 3181 1719 tunc
3211 1662 3561 1726 nccesseJuit
3602 1665 3658 1719 in

2053 1764 2281 1808 statuam
2308 1752 2485 1824 ignem
2507 1752 2756 1823 iaculari,
2785 1754 3226 1810 utbocincendio
3250 1755 3501 1822 alterum,
3532 1754 3653 1810 ido-

2053 1845 2280 1900 lolatria:
2303 1841 2517 1916 nempe,
2547 1846 2854 1927 incendium
2875 1826 3334 1919 bastingueretnr.

2126 1939 2211 1995 l9.
2239 1937 2351 1993 Cur
2378 1954 2508 2009 ergo
2534 1939 2836 1996 daemonem
2850 1936 3168 1997 ‘criminaris
3204 1941 3412 2009 dicens,
3449 1941 3526 1998 De
3551 1958 3658 1998 me.

2051 2031 2138 2084 dio
2161 2030 2304 2086 cultu
2350 2039 2398 2084 te
2427 2031 2763 2088 subtraxisti?
2789 2029 2904 2088 Non
2938 2033 3110 2088 libens
3135 2047 3194 2090 se
3235 2034 3523 2103 subtraxit,
3563 2036 3658 2092 sed

2053 2125 2249 2179 invitus
2273 2136 2331 2180 et
2355 2133 2593 2190 coactus,
2622 2123 2828 2196 cjectus
2850 2134 2904 2178 et
2933 2124 3116 2196 pulsus
3141 2133 3244 2191 est,
3269 2141 3392 2182 cum
3422 2128 3658 2182 maxime.

2053 2232 2290 2283 manere,
2317 2216 2514 2274 nidore
2556 2227 2612 2272 et
2654 2218 2932 2273 sacriﬁciis
2973 2218 3350 2286 allicientibus,
3381 2221 3657 2278 voluisset.

2054 2311 2128 2365 Ac
2157 2310 2202 2365 si
2233 2310 2376 2365 enim
2407 2310 2474 2366 ad
2505 2310 2608 2364 hoc
2639 2311 2928 2380 imperaret
2958 2311 3255 2382 Imperator
3283 2313 3394 2381 ille,
3425 2323 3485 2370 ut
3509 2315 3657 2370 orbis

2054 2417 2247 2473 pecora
2271 2403 2450 2459 omnia
2493 2404 2840 2470 absumeret,
2867 2403 2946 2459 sic
2974 2403 3177 2462 affatim
3225 2420 3355 2461 oves
3385 2415 3440 2462 et
3493 2405 3660 2462 boves

2051 2493 2117 2547 ad
2149 2509 2273 2550 aras
2297 2494 2588 2561 mactabat,
2619 2509 2688 2551 eo
2710 2495 2932 2550 insania:
2959 2511 3301 2568 progressus,
3326 2507 3385 2552 ut
3410 2497 3565 2552 multi
3592 2513 3655 2552 ex

2052 2586 2118 2641 iis
2163 2587 2253 2657 qui
2293 2586 2455 2641 etiam
2483 2602 2626 2642 nunc
2651 2585 2794 2657 apud
2824 2601 2921 2642 eos
2949 2587 3319 2657 philosOpltari
3363 2588 3615 2645 videntur
3639 2632 3655 2655 ,

2051 2693 2281 2750 coquum
2312 2680 2484 2749 ipsum
2502 2721 2518 2746 ,
2569 2680 2811 2735 carnium
2843 2693 3164 2752 cauponem,
3193 2689 3248 2737 et
3277 2680 3541 2738 similibus
3563 2697 3659 2735 vo-

2049 2770 2258 2825 eabulis
2283 2771 2636 2840 appellarent.
2661 2770 2822 2827 Certe
2849 2786 2881 2827 a
2909 2781 3015 2826 tam
3049 2772 3189 2826 lauta
3218 2786 3425 2837 mensa,
3447 2773 3657 2839 nidore,

2053 2861 2200 2916 fumo
2224 2903 2240 2927 ,
2266 2872 2342 2918 et'
2361 2862 2637 2933 sanguinis
2667 2864 2997 2919 torrentibus
3023 2864 3195 2920 libens
3222 2880 3328 2920 non
3368 2865 3658 2945 aufugisset

2050 2952 2264 3008 darmon
2290 2995 2306 3020 ,
2334 2943 2457 3023 qui,
2490 2961 2551 3009 ut
2572 2963 2626 3008 tu
2656 2953 2876 3011 dicebas
2899 2996 2913 3019 ,
2945 2954 3030 3010 Itis
3065 2954 3354 3011 destitutus
3374 2996 3389 3021 ,
3437 2943 3659 3027 promer

2051 3043 2297 3099 insanum
2327 3043 2525 3115 puellae
2552 3059 2793 3101 amorem
2823 3045 2896 3102 ibi
2925 3047 3196 3103 manebat.
3642 3091 3656 3105 .

2119 3135 2301 3190 Jovem
2318 3136 2590 3205 compellat
2617 3134 2865 3214 Libanius
2887 3152 2907 3200 ;
2933 3136 3140 3192 Libanii
3160 3137 3329 3192 verba.
3354 3168 3426 3180 —
3452 3136 3652 3193 Verum

2049 3227 2473 3298 hle'intermissa
2503 3230 2767 3299 tantisper
2803 3231 3047 3286 oratione
3071 3271 3088 3297 ,
3119 3231 3381 3300 sophista:
3420 3230 3656 3286 lamenta

2049 3321 2242 3377 iterum
2268 3321 2551 3378 audiamus
2571 3364 2586 3390 ,
2617 3323 2707 3393 qui
2733 3324 2899 3399 misso
2932 3322 3044 3393 jam
3073 3323 3358 3394 Apolline,
3388 3324 3530 3395 apud
3557 3324 3651 3378 .Io-

2047 3428 2166 3468 rem
2203 3413 2554 3484 conqueritur
2580 3413 2666 3469 bis
2685 3414 2866 3470 verbis
2899 3431 2913 3470 :
2958 3413 3123 3481 Quale
3140 3457 3155 3479 ,
3180 3431 3212 3469 o
3235 3413 3442 3488 Jupiter
3462 3457 3478 3484 ,
3516 3416 3656 3472 laba-

2045 3505 2208 3560 rtmtis
2253 3505 2414 3559 animi
2471 3504 2816 3560 immeritum
2869 3506 3217 3568 perdidimus!
3241 3523 3395 3574 quam
3438 3514 3655 3563 tumultu

2046 3609 2237 3651 vacuus
2277 3595 2524 3666 Daphnes
2563 3595 2740 3651 locus!
2778 3608 2970 3668 quanto
3016 3597 3180 3669 magis
3221 3612 3435 3653 uacuum
3479 3599 3650 3670 ipsum

2047 3687 2290 3759 templum
2311 3689 2332 3743 !
2353 3703 2454 3761 quo
2478 3689 2532 3742 in
2553 3688 2664 3743 loco
2684 3699 2869 3743 natura
2896 3705 2986 3743 ceu
3021 3700 3221 3758 portum
3243 3691 3298 3742 in
3333 3702 3488 3761 portu
3516 3695 3653 3762 fece-

2045 3789 2126 3834 rat
2143 3821 2160 3847 ,
2185 3781 2438 3850 ﬂuctuum
2463 3768 2722 3849 capertem
2755 3788 3042 3851 utrumque,
3069 3781 3159 3835 sed
3182 3782 3458 3835 secundum
3482 3783 3651 3853 majo-

2043 3886 2150 3924 rem
2199 3868 2618 3941 tranquillitatem
2655 3866 2970 3936 aﬂ'erentem.
3007 3870 3136 3938 Quis
3180 3869 3252 3924 ibi
3289 3871 3521 3926 morbum
3549 3889 3654 3926 non

2044 3961 2315 4034 deposuit?
2340 3961 2454 4030 quis
2499 3977 2602 4015 non
2651 3970 2838 4016 metum
2861 3960 2889 4015 2
2925 3962 3038 4032 quis
3093 3979 3195 4017 non
3251 3961 3488 4018 luctum?
3537 3967 3652 4036 quis

2043 4057 2332 4124 fortunatas
2386 4052 2586 4107 insulas
2644 4053 2947 4108 desiderarit
2987 4055 3014 4108 7
3060 4053 3230 4124 Quale
3285 4055 3650 4112 laxamentum

2044 4145 2396 4215 perdidimus,
2425 4161 2459 4200 ο
2489 4146 2762 4202 sceleste?
2783 4147 3057 4217 quomodo
3095 4149 3327 4204 tumultu
3356 4150 3528 4220 magis
3547 4146 3649 4202 va.

2041 4254 2200 4293 cuum
2241 4237 2530 4308 templum,
2572 4238 2842 4308 quomodo
2889 4249 3076 4309 portus
3116 4225 3369 4297 fluctuum
3413 4256 3648 4312 expers,

2043 4329 2131 4382 ubi
2193 4329 2376 4394 tibim,
2436 4339 2722 4399 tympana,
2782 4331 3058 4400 crapulae,
3115 4334 3539 4389 comessationes
3594 4345 3650 4389 et

2041 4421 2371 4477 ebrietates?
2400 4422 2528 4491 Quis
2573 4439 2675 4478 no..
2718 4425 2788 4478 ibi
2835 4425 3065 4479 morbum
3110 4426 3389 4493 deposuit,
3436 4428 3651 4503 inquit?

2043 4512 2155 4568 ltno
2197 4515 2319 4585 quis
2362 4515 2634 4571 cultorum
2680 4528 2892 4572 tuorum
2947 4532 3053 4573 non
3103 4519 3177 4574 ibi
3217 4519 3464 4576 morbum
3510 4535 3644 4576 con-

2041 4607 2224 4671 traxit,
2252 4607 2463 4662 etiamsi
2497 4609 2643 4677 prius
2673 4607 2811 4663 bene
2841 4609 3064 4673 valeret,
3096 4611 3368 4676 morbum,
3399 4614 3644 4682 inquam,

2040 4700 2281 4753 omnium
2327 4699 2755 4771 gravissimum?
2783 4700 3026 4770 Numqui
3069 4702 3370 4758 dannonetn
3420 4704 3644 4768 adorat,

2038 4802 2092 4845 et
2131 4791 2382 4860 Daphnes
2405 4790 2640 4847 fabulam
2670 4792 2839 4861 audit,
2869 4804 3180 4867 tantamque
3208 4797 3470 4852 (Immanis
3498 4798 3644 4853 insa-

2039 4883 2182 4938 niam
2211 4883 2388 4950 videt,
2417 4892 2475 4938 ut
2499 4883 2585 4940 vel
2611 4885 2864 4956 absorpta
2902 4887 3073 4943 amica
3109 4888 3284 4942 adhuc
3313 4890 3430 4943 loco
3460 4897 3516 4944 et
3551 4904 3643 4943 ar-

2040 4975 2156 5032 bori
2206 4976 2464 5043 insideat,
2492 4987 2746 5048 quantam
2790 4979 2917 5034 hinc
2963 4979 3186 5035 insania:
3227 4978 3499 5036 ﬂammam
3532 4997 3640 5038 non

2037 5070 2630 5142 concipianqttantam
2673 5080 3087 5143 tempestatem,
3137 5086 3394 5144 quantum
3444 5077 3642 5129 tumul-

2039 5172 2152 5222 tun.
2177 5205 2190 5229 ,
2215 5171 2473 5234 quantum
2520 5162 2767 5219 morbum
2787 5205 2803 5230 ,
2831 5173 3086 5232 quantam
3135 5167 3594 5236 perturbationem
3621 5168 3644 5217 τ

2039 5254 2172 5310 idne
2211 5267 2373 5310 vocas
2408 5255 2572 5310 animi
2616 5255 3000 5319 laxamentum,
3028 5263 3083 5310 et
3127 5266 3336 5323 [Ortum
3385 5254 3640 5312 ﬂuctuum

2036 5344 2353 5414 expertem?
2382 5344 2508 5400 idne
2553 5345 2726 5401 morbi
2771 5347 3054 5402 levamen?
3099 5345 3302 5417 EanZtl
3360 5349 3550 5402 mirum
3598 5366 3640 5401 δι

2038 5438 2309 5492 contraria
2338 5439 2625 5493 contrariis
2655 5438 2946 5509 apponas?
2993 5437 3125 5494 Nam
3166 5440 3256 5508 qui
3305 5439 3483 5496 furore
3525 5455 3643 5494 cor.

2035 5530 2173 5601 t'epti
2210 5540 2354 5598 sunt,
2384 5531 2584 5589 nullius
2614 5533 2692 5588 rei
2725 5541 2968 5587 naturam
2996 5533 3068 5587 uti
3100 5548 3159 5588 se
3192 5535 3643 5595 liabet-sentiunt,

2035 5622 2129 5677 sed
2170 5624 2470 5678 contrarios
2505 5624 2581 5678 rei
2613 5623 2824 5679 veritati
2869 5623 3107 5680 calculos
3139 5635 3363 5696 ponunt.
3399 5626 3643 5697 Olympia

2036 5713 2279 5783 siquidem
2323 5732 2424 5769 non
2463 5717 2739 5770 admodum
2777 5716 3004 5786 procul:
3035 5732 3222 5774 rursus
3270 5718 3410 5772 cnim
3453 5720 3518 5772 ad
3565 5720 3639 5774 la-

2037 5817 2276 5862 mentum
2326 5815 2596 5875 rcvcttar,
2657 5818 2713 5862 ut
2781 5807 3059 5864 ostendam
3116 5821 3364 5879 quantam
3419 5810 3642 5880 gentiles
