4082 6448
437 383 545 441 δϐδ

436 512 627 552 mnnes
668 506 791 551 tunc
841 496 1023 577 urbem
1077 497 1371 552 incolentes
1421 497 1628 567 plagam
1676 497 2019 566 acceperint;

440 588 719 659 palamque
761 574 1379 661 {sciatur-imperatorem
1426 574 1530 642 non
1570 589 1621 643 id
1663 603 1814 658 aequo
1842 589 2023 642 animo

442 676 817 741 intumum-sed
851 670 1034 731 totum
1060 677 1291 732 furorem
1333 679 1384 731 in
1415 678 1662 749 martyris
1690 693 1866 732 arcam
1893 678 2025 732 effu-

439 782 621 819 surum
672 765 867 831 fuisse,
902 767 1001 821 nisi
1046 782 1166 821 eum
1215 767 1388 837 major
1436 778 1607 821 metus
1656 766 2025 822 cohibuisset?

441 853 578 921 Quid
602 856 767 926 igitur
787 859 855 911 ait
878 857 902 911 ?
930 856 1168 927 Olympia
1197 874 1298 911 non
1335 858 1608 911 admodum
1640 858 1819 928 procul
1848 874 1868 913 :
1896 860 2023 912 cele-

442 948 597 1002 britas
626 948 767 1003 urbes
792 950 1079 1003 convocabit
1099 964 1119 1013 ;
1144 950 1224 1003 ha:
1251 952 1444 1004 venient
1471 954 1612 1005 boves
1637 959 1837 1020 agentes
1865 951 2025 1019 Apol-

441 1038 533 1091 lini
579 1040 960 1104 sacri/leundas.
1003 1038 1141 1106 Quid
1181 1040 1422 1107 faciemns
1449 1040 1474 1092 2
1501 1056 1597 1109 quo
1645 1056 1735 1093 nos
1776 1039 2025 1092 subduce-

443 1145 554 1185 mus
570 1130 728 1199 l'quis
754 1130 963 1183 deorum
992 1130 1133 1183 nobis
1172 1140 1356 1183 terram
1383 1130 1634 1183 dehiscere
1653 1130 1892 1199 jubebit?
1918 1131 2028 1200 quis

444 1236 631 1287 pero,
657 1236 767 1287 qua:
792 1221 910 1273 tuba
938 1237 1038 1274 non
1066 1220 1313 1291 lacrymas
1338 1222 1578 1291 exprimet
1594 1221 1621 1274 2
1645 1220 1756 1290 quis
1790 1219 2029 1290 Olympia

446 1314 629 1379 festum
656 1312 845 1365 vocabit
869 1353 883 1377 ,
906 1313 1042 1381 quod
1068 1313 1325 1382 proximus
1348 1328 1494 1365 casus
1524 1312 1712 1364 luctum
1741 1312 1979 1365 invexerit
2004 1311 2029 1363 2

446 1400 529 1453 Da
556 1402 679 1454 mihi
705 1419 879 1455 arcum
909 1403 1204 1469 corneuin‘,
1234 1404 1393 1472 inquit
1428 1402 1687 1472 tragmdia.
1725 1401 1836 1473 Ego
1863 1413 2029 1455 autem

445 1494 589 1558 dico,
613 1503 659 1548 et
685 1495 906 1548 vaticinii
935 1494 1165 1548 nonnihil
1190 1536 1204 1561 ,
1236 1504 1289 1547 ut
1318 1494 1409 1547 illo
1446 1495 1672 1564 capiam,
1704 1494 1796 1547 hoc
1836 1496 2029 1563 sagittis

444 1588 681 1654 impetain
720 1585 960 1655 facinoris
1008 1594 1283 1638 auctorem.
1326 1583 1371 1639 0
1418 1585 1628 1654 impiam
1670 1584 1975 1639 audaciam!
2001 1602 2030 1637 o

446 1675 702 1743 impuram
728 1677 992 1730 animam!
1019 1694 1048 1729 ο
1075 1677 1391 1730 temerariam
1419 1693 1626 1730 manum
1654 1677 1674 1730 .'
1700 1676 1879 1746 Tityus
1904 1678 2032 1730 alter

446 1767 527 1819 hic
554 1768 769 1830 est,rvel
810 1766 934 1823 Idas
972 1767 1158 1839 Lyncei
1191 1769 1384 1838 frater;
1413 1785 1513 1822 non
1555 1786 1768 1839 magnus
1810 1779 1864 1822 ut
1907 1769 2028 1835 ille,

447 1873 548 1911 non
563 1861 823 1928 jaculator
852 1869 905 1912 ut
932 1860 1043 1926 hic,
1074 1860 1159 1913 sed
1184 1861 1237 1913 in
1254 1866 1418 1912 unum
1444 1859 1647 1913 edoctus
1669 1892 1695 1924 ,-
1719 1868 1893 1913 contra
1915 1860 2032 1914 deos

445 1952 686 2005 insanire.
738 1951 880 2005 ΑΙσεί
925 1952 1059 2023 filios
1110 1952 1206 2004 diis
1253 1952 1464 2005 insidias
1510 1961 1701 2006 struere
1750 1953 2027 2023 cogitantes

446 2050 607 2094 morte
653 2040 869 2106 sedasti,
916 2022 1099 2109 ilpollo
1117 2056 1135 2104 ;
1164 2040 1278 2093 huic
1316 2056 1428 2093 vero
1456 2042 1623 2111 ignem
1654 2022 1831 2110 procul
1856 2041 2033 2109 ferenti

448 2149 548 2185 non
576 2135 790 2186 occurrit
818 2134 999 2204 sagitta
1038 2134 1091 2187 in
1128 2150 1214 2186 cor
1245 2134 1402 2202 ipsius
1426 2134 1672 2187 involans.
1707 2132 1752 2200 Ο
1772 2134 2033 2188 dexteram

449 2225 695 2291 furiosam
717 2226 738 2279 !
762 2242 790 2279 o
820 2226 1047 2295 iniquum
1076 2226 1280 2296 ignem!
1307 2242 1522 2294 quonam
1552 2226 1770 2295 primum
1812 2227 1986 2279 incidit
2009 2227 2035 2279 2

445 2316 580 2384 quod
620 2317 742 2370 mali
773 2317 1036 2370 exordium
1060 2318 1085 2371 2
1109 2333 1227 2369 num
1256 2333 1287 2370 a
1319 2325 1445 2370 tecto
1484 2333 1693 2371 exorsus
1729 2318 1797 2371 ad
1842 2319 2034 2387 reliqua

446 2407 687 2475 processit
715 2407 740 2459 2
764 2407 831 2459 ad
874 2416 1023 2475 caput
1060 2406 1189 2461 illud
1209 2448 1222 2471 ,
1253 2407 1321 2459 ad
1337 2407 1523 2475 facient
1540 2449 1553 2475 ,
1581 2408 1649 2461 ad
1677 2408 1901 2476 phialam
1925 2450 1938 2472 ,
1966 2410 2034 2461 ad

445 2500 679 2563 cidarim,
700 2501 768 2553 ad
793 2501 1001 2554 talarem
1029 2510 1207 2554 vestem
1231 2502 1255 2555 ?
1278 2499 1556 2568 Vulcanus,
1580 2503 1710 2571 ignis
1736 2502 2030 2569 peuuarius,

447 2605 549 2643 non
578 2591 911 2643 comminatus
952 2601 1023 2644 est
1064 2591 1171 2661 igni
1210 2593 1459 2661 grassanti
1479 2633 1493 2655 ,
1522 2608 1636 2645 cum
1661 2593 1873 2661 gratiam
1901 2594 2033 2661 refe-

449 2679 658 2734 rendam
686 2681 888 2735 haberet
917 2682 1010 2735 dco
1048 2684 1110 2735 ob
1133 2682 1227 2736 sibi
1266 2686 1440 2736 datum
1470 2683 1593 2736 alim
1628 2684 1890 2736 indicium.
1929 2683 2034 2736 Sed

450 2787 605 2839 neque
628 2769 831 2840 Jupiter
856 2772 1091 2825 imbrium
1115 2773 1401 2826 moderator
1421 2789 1603 2842 aquam
1626 2773 1786 2827 emisit
1813 2775 1864 2827 in
1884 2775 2036 2843 ﬂam-

449 2877 603 2923 mam,
622 2862 707 2931 qui
729 2872 892 2916 tamen
914 2861 1176 2934 Lydorum
1200 2864 1305 2934 regi
1320 2865 1622 2934 periclitanti
1641 2882 1819 2935 pyram
1847 2869 2035 2920 exstin-

448 2952 600 3006 a'erit.
636 2951 785 3017 Quid,
796 2956 1014 3023 primum
1038 2954 1105 3007 ad
1130 2955 1434 3008 illumdia‘it
1452 2996 1465 3019 ,
1492 2956 1578 3025 qui
1606 2943 1789 3010 bellum
1830 2973 2030 3027 aggres-

453 3061 539 3099 sus
564 3046 679 3099 est?
704 3046 957 3099 undenant
1002 3046 1093 3100 illa
1135 3047 1439 3115 conﬁdentia
1455 3047 1481 3101 2
1504 3049 1753 3115 quomodo
1794 3049 2034 3118 impetum

448 3137 658 3189 servavit
678 3137 703 3189 2
730 3153 821 3190 cur
848 3138 1103 3192 decretum
1136 3154 1285 3191 suum
1312 3154 1412 3190 non
1433 3139 1606 3203 solvit,
1638 3138 1721 3191 dei
1750 3138 2034 3207 pulchritu-

454 3227 621 3279 dinem
647 3228 881 3280 reveritus
905 3228 931 3281 2
958 3227 1245 3297 Quousque
1284 3229 1447 3282 miser
1472 3239 1526 3283 et
1556 3228 1757 3283 infelix
1783 3244 1897 3284 rem
1928 3245 2035 3285 non

453 3318 734 3387 intelliges,
764 3320 853 3386 qui
876 3318 1009 3374 dicis
1037 3320 1151 3374 haec
1171 3320 1418 3375 humanae
1442 3335 1576 3390 opus
1602 3336 1793 3376 manus
1817 3337 1957 3385 esse,
1982 3332 2036 3378 et

451 3422 553 3463 ceu
604 3408 909 3479 lymphatus
958 3418 1130 3465 tecum
1179 3410 1293 3480 ipse
1341 3424 1544 3480 pugnas
1590 3420 1645 3467 et
1691 3412 2037 3482 digladiaris?

453 3499 584 3554 Nam
612 3501 656 3555 si
685 3501 968 3557 Persarum
996 3516 1173 3571 regem
1199 3544 1214 3569 ,
1255 3511 1457 3557 tantum
1502 3503 1783 3560 ducentem
1826 3505 2034 3560 exerci-

457 3602 605 3659 tum,
638 3594 724 3662 qui
773 3593 958 3649 urbem
1002 3603 1247 3664 ceperat,
1286 3605 1587 3667 cmteraque
1623 3599 1799 3652 omnia
1841 3600 2034 3669 templa

457 3691 769 3751 exuisserat,
810 3683 975 3739 facem
1002 3685 1245 3740 manibus
1271 3686 1505 3755 gerebat,
1520 3688 1811 3757 etjamjam
1842 3691 2037 3759 templo

454 3773 764 3829 admoturus
813 3783 958 3840 erat,
990 3774 1202 3829 dremon
1249 3777 1499 3841 mutavit;
1543 3778 1643 3832 hoc
1690 3781 1831 3832 enim
1886 3780 2035 3833 initio

459 3864 645 3917 naenia:
692 3873 794 3918 tua:
846 3863 1032 3933 lugens
1058 3864 1275 3919 dicebas
1307 3883 1319 3918 :
1351 3863 1627 3920 Persarum
1652 3884 1848 3938 regem,
1881 3885 2036 3923 unum

456 3970 519 4007 ex
543 3954 815 4023 majoribus
842 3954 971 4024 ejus,
995 3956 1079 4024 qui
1102 3955 1356 4009 nobiscum
1384 3955 1572 4009 bellum
1599 3960 1743 4027 gerit,
1776 3975 1890 4011 cum
1921 3977 2039 4027 pro-

458 4046 645 4099 ditione
671 4046 839 4099 urbem
867 4047 1075 4116 cepisset
1109 4056 1155 4101 et
1193 4047 1512 4115 incendisset,
1550 4047 1795 4119 Daphnen
1818 4052 2038 4119 idipsum

451 4140 706 4206 [acturum
749 4148 1130 4209 praperantem,
1170 4141 1378 4192 mutavit
1423 4139 1579 4205 deus,
1611 4149 1665 4194 ut
1701 4141 1893 4210 objecta
1934 4146 2042 4212 face

458 4231 744 4297 Apollinem
771 4230 1004 4283 adoraret
1034 4246 1054 4283 :
1080 4231 1207 4285 adeo
1245 4232 1388 4285 illum
1424 4242 1691 4301 conspectu
1719 4250 1810 4288 suo
1828 4235 2039 4289 emolli-

458 4320 526 4372 vit
552 4328 702 4389 atque
728 4322 1007 4385 convertit;
1034 4321 1143 4389 ille,
1174 4323 1408 4391 inquam,
1432 4322 1663 4390 dccmon,
1692 4326 1779 4395 qui
1805 4324 2039 4381 furorem

461 4411 793 4466 barbaricum
822 4423 875 4467 et
904 4398 1103 4467 tantum
1151 4414 1444 4469 exercitum
1475 4429 1757 4486 superare,
1792 4427 1848 4472 ut
1890 4417 2039 4472 dice-

458 4504 575 4568 bas,
603 4510 655 4557 ct
681 4512 881 4556 tantum
906 4512 1029 4559 tunc
1056 4505 1345 4573 periculum
1371 4504 1601 4585 ell'ugere
1629 4507 1818 4585 potuit,
1846 4509 1956 4578 qui,
1987 4517 2043 4564 ut

458 4594 666 4663 adjicis,
699 4595 914 4649 Aloidas
938 4595 1039 4650 diis
1065 4596 1284 4651 insidias
1304 4584 1568 4654 struentes
1597 4608 1769 4655 morte
1798 4601 2037 4658 sedavit:

460 4685 759 4754 quomodo,
787 4688 1053 4757 quaeso,is
1072 4692 1159 4759 qui
1184 4698 1324 4744 tanta
1344 4692 1534 4761 potuit,
1552 4690 1681 4746 nihil
1702 4693 1873 4748 simile
1902 4710 2041 4751 nunc

457 4775 634 4831 cll‘ecit
658 4778 681 4830 ?
709 4779 864 4847 Atqui
894 4778 940 4832 si
969 4778 1100 4833 nihil
1125 4780 1285 4845 aliud,
1305 4790 1449 4836 certe
1490 4782 1820 4838 sacerdotem
1850 4784 2042 4855 injuste

456 4865 767 4933 laceratum,
800 4868 1058 4938 producto
1085 4869 1335 4925 facinoris
1358 4882 1595 4936 auctore,
1622 4874 1861 4929 miserari
1884 4891 2042 4945 Opor-

458 4959 648 5013 tuit.Et
662 4960 705 5013 si
722 4960 932 5029 quidem
953 4960 1179 5017 incendii
1200 4972 1435 5031 tempore
1446 4962 1747 5034 eﬂ‘ugitille,
1765 4968 2042 5036 atquando

458 5050 621 5104 miser
638 5050 724 5104 ille
746 5065 1034 5121 suspensus
1050 5052 1211 5108 latera
1239 5053 1621 5122 perfoderetur,
1636 5071 1863 5126 cumque
1884 5073 2038 5128 roga-

466 5150 549 5196 tus
595 5142 839 5196 facinoris
864 5152 1132 5198 auctorem
1161 5145 1456 5209 declarare,
1487 5161 1590 5200 non
1626 5146 1847 5202 haberet
1885 5164 2039 5217 quem

462 5232 783 5298 nominaret,
809 5243 934 5287 tunc
961 5242 1105 5288 certe
1129 5235 1319 5289 sistere
1337 5233 1692 5290 facinorosum
1718 5237 2037 5306 producere-

461 5339 566 5393 quc
594 5326 859 5393 oportuit,
893 5326 977 5380 vel
1005 5326 1192 5381 saltem
1221 5326 1487 5393 indicare,
1518 5328 1561 5381 si
1601 5328 1893 5396 producere
1932 5344 2039 5385 non

465 5425 690 5484 poterat.
720 5414 871 5471 Nunc
896 5433 1023 5472 vero
1048 5419 1265 5488 negligit
1290 5419 1525 5487 ingratus
1563 5420 1860 5475 ministrum
1888 5437 2039 5477 suum

466 5508 658 5576 injuste
688 5507 1002 5563 Iaucinatum
1034 5509 1284 5573 intuitus,
1308 5509 1523 5581 negligit
1550 5511 1719 5581 ipsum
1750 5512 2040 5583 imperato-

467 5614 577 5653 rt-m
611 5607 685 5652 tot
708 5599 935 5653 victimis
962 5602 1124 5655 risum
1155 5601 1253 5655 sibi
1288 5613 1580 5671 parantem.
1620 5602 1889 5673 Siquidem
1917 5621 2037 5661 eum

526 5737 540 5764 ι
575 5740 647 5798 sic
669 5733 924 5798 unusCod.
953 5741 1003 5781 et
1032 5731 1179 5784 savii.
1223 5736 1270 5784 in
1294 5737 1530 5798 margine.
1560 5738 1644 5784 Alii
1672 5739 1804 5793 editi,
1832 5753 1973 5790 arcus
1996 5744 2042 5791 et

470 5791 745 5845 clurnicem.
770 5796 1010 5847 sicctiam
1032 5798 1080 5845 in
1103 5803 1172 5859 8.,
1193 5810 1301 5861 quae
1321 5791 1464 5848 Ιεσῖἱο
1481 5800 1658 5847 absou
1682 5811 1772 5850 est.

1209 379 1266 436 8.
1307 378 1584 436 JOANNIS
1608 372 2079 437 CHRYSOSTOMI
2120 380 2435 437 ARCIIIEP.
2474 378 3008 436 CONSTANTINOP.

3610 374 3717 430 θ’ὓὸ

2133 512 2233 551 ceu
2262 497 2517 551 furiosum
2559 505 2614 550 et
2661 507 2841 551 mente
2887 503 3095 563 captum
3141 505 3329 546 omnes
3369 490 3681 545 deridebant
3706 530 3724 555 ,

2133 603 2253 641 cum
2285 589 2415 641 iram
2461 601 2611 642 suam
2654 602 2707 641 in
2756 586 3008 640 miserum
3048 583 3196 637 illum
3235 580 3550 636 effunderct.
3576 582 3723 650 Quo-

2133 678 2292 733 modo
2319 686 2494 733 autem
2525 677 2570 730 is
2608 676 2701 747 qui
2731 674 3070 745 Imperatoris
3110 673 3283 728 adhuc
3312 672 3491 742 procul
3519 673 3727 742 agentis

2134 769 2420 823 adventum
2454 767 2777 836 praedicebat
2803 768 2821 833 (
2849 780 2969 819 nam
3012 773 3067 819 et
3096 763 3223 817 illud
3262 752 3518 833 superius
3537 763 3728 832 lugens

2133 858 2411 926 dicebas),
2445 872 2566 911 eum
2595 857 2682 926 qui
2714 857 2951 924 proxime
2972 854 3150 909 stabat
3172 868 3337 923 seque
3377 854 3730 909 comburebat

2136 966 2242 1003 non
2286 950 2450 1002 vidit?
2476 949 2804 1017 Quamquam
2848 955 2904 1001 ct
2944 947 3091 1001 illum
3126 955 3296 999 vatem
3347 960 3469 999 esse
3506 945 3684 999 dicitis
3712 989 3725 1006 ,

2134 1041 2370 1109 aliasque
2392 1040 2507 1093 aliis
2536 1039 2639 1093 diis
2660 1040 2851 1093 vestris
2870 1078 2883 1100 ,
2914 1046 3182 1108 tamquam
3210 1036 3515 1091 hominibus
3534 1077 3551 1103 ,
3582 1047 3730 1091 artos

2135 1131 2455 1201 assignatis:
2492 1131 2566 1184 illi
2612 1130 2931 1185 vaticinandi
2979 1129 3280 1183 facultatem
3329 1127 3726 1197 adscripsistis,

2136 1238 2233 1276 nec
2266 1232 2438 1276 tamen
2469 1238 2589 1277 eum
2628 1232 2800 1277 tecum
2830 1238 2878 1276 at
2892 1229 3000 1275 tem
3030 1236 3180 1275 suam
3208 1221 3603 1274 communicare
3633 1238 3725 1274 τοι

2133 1329 2247 1383 gas.
2280 1313 2560 1380 Quomodo
2588 1329 2826 1384 proprias
2871 1328 2975 1367 non
3007 1314 3155 1367 novit
3186 1313 3515 1367 calamitates
3537 1353 3551 1377 ,
3584 1317 3728 1382 quod

2135 1417 2205 1459 ne
2250 1406 2330 1458 vir
2373 1383 2599 1473 quidem
2630 1404 2946 1473 ignoraret?
2974 1404 3166 1457 Annon
3211 1404 3435 1457 fortasse
3478 1402 3733 1457 dormivit

2136 1512 2256 1550 cum
2302 1498 2437 1565 ignis
2466 1495 2904 1555 accenderetur?
2936 1495 3006 1549 At
3036 1510 3140 1548 non
3174 1495 3243 1547 ita
3289 1510 3477 1549 sensus
3505 1508 3733 1565 exspcrs

2137 1599 2250 1649 est.
2277 1600 2332 1642 ut
2360 1588 2569 1643 admota
2602 1588 2811 1642 ﬂamma
2844 1602 2949 1641 non
2994 1586 3173 1641 statim
3213 1595 3428 1657 surgat,
3461 1597 3511 1641 et
3538 1586 3733 1640 admo-

2140 1689 2351 1734 ventem
2374 1680 2812 1749 coniprcltcndat.
2845 1677 2982 1732 Vere
3012 1676 3175 1731 δι’ωεὶ
3212 1694 3409 1747 semper
3435 1680 3599 1747 pueri,
3645 1673 3729 1729 se-

2138 1786 2235 1823 neat
2264 1768 2467 1823 ercus
2512 1786 2654 1822 nemo
2683 1767 2780 1839 (η).
2812 1767 2943 1821 Cum
2972 1767 3114 1821 enim
3144 1769 3414 1836 propriam
3446 1766 3731 1836 deplorare

2137 1860 2413 1913 stultitiam
2456 1867 2759 1927 oporteret,
2786 1859 2930 1928 quod
2974 1858 3102 1927 ipsis
3142 1858 3302 1911 etiam
3331 1858 3489 1912 rebus
3529 1857 3735 1910 daemo-

2140 1967 2265 2004 num
2299 1951 2557 2005 fallaciatn
2586 1950 3024 2014 inclamantihus,
3058 1964 3228 2018 neque
3252 1948 3329 2003 sic
3357 1950 3599 2016 resilitis,
3632 1948 3732 2003 sed

2141 2057 2235 2097 vos
2266 2042 2317 2096 in
2349 2041 2638 2111 perniciem
2662 2041 2938 2105 dedentes,
2974 2050 3311 2109 vestramque
3338 2040 3625 2109 prodentes
3652 2055 3734 2093 sa-

2140 2133 2324 2197 lutem,
2354 2135 2520 2187 instar
2546 2132 2807 2202 pecudum
2830 2130 3192 2201 'agimitii,[qtto
3218 2131 3291 2184 illi
3314 2130 3511 2185 ducere
3538 2130 3727 2193 velint,

2140 2224 2229 2293 qui
2256 2223 2503 2278 sedentes
2542 2233 2839 2277 statuarum
2867 2223 3087 2276 exitium
3134 2223 3347 2292 lugetis.
3380 2222 3458 2276 Tu
3488 2237 3614 2277 vero
3643 2238 3731 2275 ar-

2139 2334 2259 2371 cmu
2302 2316 2538 2387 ﬂagitas,
2570 2317 2806 2386 nihilque
2841 2314 3024 2370 differs
3064 2314 3243 2379 ab,co,
3274 2315 3362 2383 qui
3392 2315 3506 2368 htcc
3533 2315 3585 2368 in
3613 2323 3728 2368 tra-

2139 2407 2310 2476 gtedia
2343 2407 2594 2475 loquitur.
2627 2407 2743 2473 Quo
2771 2416 2924 2474 pacto
2967 2406 3110 2460 enim
3141 2405 3191 2459 id
3223 2420 3327 2458 non
3372 2404 3521 2458 furor
3560 2405 3732 2459 mani-

2140 2499 2307 2551 festus
2348 2497 2506 2550 fuerit
2551 2500 2620 2551 de
2657 2497 2821 2551 armis
2848 2496 3108 2566 ejusmodi
3149 2496 3348 2564 aliquid
3376 2504 3724 2564 exspectare,

2139 2603 2257 2657 qua:
2296 2602 2365 2642 ne
2403 2587 2694 2656 possidenti
2740 2587 2954 2655 quidem
2994 2601 3053 2640 se
3082 2601 3238 2655 opem
3268 2586 3473 2641 tulere?
3501 2586 3654 2653 Quod
3686 2590 3732 2643 si

2142 2686 2198 2730 tu
2243 2678 2337 2732 tibi
2366 2677 2622 2745 majorem
2658 2687 2713 2731 et
2744 2686 2912 2730 artem
2941 2687 2996 2733 et
3024 2677 3404 2746 experientiam
3443 2676 3619 2732 inesse
3647 2676 3734 2732 di-

2138 2785 2251 2837 cas,
2283 2785 2438 2839 quam
2470 2770 2699 2824 daemoni
2726 2811 2740 2834 ,
2766 2771 2940 2840 ipsum
2968 2779 3115 2824 certe
3154 2770 3331 2823 colere
3376 2784 3478 2823 non
3509 2779 3732 2838 operte.

2141 2861 2263 2926 bat,
2294 2870 2475 2929 utpote
2502 2862 2882 2925 imperitiorem
2912 2870 2966 2916 et
3006 2861 3352 2917 inﬁrmiorem
3373 2904 3389 2926 ,
3423 2862 3504 2917 vel
3531 2863 3583 2916 in
3612 2865 3734 2932 qni-

2140 2953 2240 3007 bus
2297 2953 2443 3007 illum
2491 2954 2798 3024 praecellere
2849 2953 3044 3009 dicitis.
3096 2954 3247 3020 Quod
3310 2954 3354 3008 si
3404 2956 3602 3023 primas
3656 2957 3733 3011 illi

2139 3043 2390 3097 concedis
2409 3085 2423 3109 ,
2454 3043 2567 3103 sive
2589 3042 2810 3113 jaculari
2848 3045 2959 3099 sive
2982 3045 3262 3099 vaticinari
3284 3055 3560 3114 Oporteat,
3590 3064 3732 3118 quo-

2136 3136 2303 3190 modo
2322 3136 2453 3189 artis
2502 3137 2673 3190 solum
2723 3146 2873 3205 parte
2917 3136 3209 3206 praeditus,
3245 3137 3331 3192 illa
3383 3147 3433 3192 te
3478 3152 3734 3207 praestare

2142 3241 2299 3295 posse
2344 3226 2571 3295 putasti,
2616 3242 2734 3297 quae
2780 3244 2883 3281 non
2928 3228 3097 3296 potuit
3142 3228 3187 3282 is
3230 3229 3320 3298 qui
3373 3238 3533 3284 totam
3586 3240 3737 3286 tenet

2141 3328 2311 3372 artem
2341 3318 2364 3371 ?

2210 3409 2301 3463 20.
2342 3410 2467 3464 llaec
2512 3408 2771 3475 ridicula,
2806 3408 2919 3465 haec
2947 3426 3100 3480 nugae
3153 3421 3313 3476 sunt;
3363 3428 3535 3483 neque
3585 3414 3731 3467 enim

2144 3501 2232 3556 ille
2262 3502 2582 3557 vaticinandi
2622 3512 2792 3557 artem
2843 3504 3145 3572 quampiam
3192 3503 3411 3570 habuit,
3462 3520 3633 3575 neque
3684 3508 3730 3560 si

2145 3593 2445 3659 habuisset,
2495 3593 2637 3646 illam
2668 3608 2920 3649 exercere
2965 3595 3238 3663 pctuisset.
3271 3595 3387 3648 Non
3430 3596 3575 3649 enim
3623 3598 3731 3658 vir,

2141 3698 2248 3737 non
2280 3682 2461 3752 utique
2486 3684 2601 3737 hac
2630 3691 2879 3751 operatus
2910 3693 3013 3748 est,
3044 3684 3135 3739 sed
3167 3684 3342 3738 divina
3373 3685 3569 3747 virtus;
3599 3700 3733 3740 cau-

2142 3788 2257 3827 sam
2278 3781 2454 3827 autem
2484 3784 2664 3842 postea
2694 3776 2951 3843 aperiam.
2978 3773 3196 3829 Interim
3220 3791 3348 3829 vero
3376 3790 3471 3844 par
3490 3785 3573 3830 est
3615 3777 3735 3831 edi-

2140 3879 2292 3919 scere
2310 3865 2460 3935 cujus
2480 3866 2557 3919 rei
2586 3880 2747 3920 causa
2774 3866 2963 3937 ingrati
2994 3867 3155 3921 animi
3184 3866 3477 3922 Vulcanum
3518 3879 3738 3923 accuset

2144 3954 2228 4009 his
2263 3956 2481 4011 verbis:
2539 3954 2797 4010 Vulcanus
2843 3968 3038 4024 autem,
3092 3958 3223 4029 ignis
3274 3960 3583 4027 penuarius,
3628 3975 3736 4012 non

2144 4047 2475 4100 comminatus
2499 4056 2571 4102 est
2596 4048 2700 4116 igni
2718 4050 2970 4118 grassanti
2989 4090 3004 4114 ,
3026 4065 3139 4102 cum
3160 4049 3323 4119 gratia
3346 4050 3445 4119 ipsi
3469 4050 3735 4119 referenda

2145 4146 2271 4189 esset
2302 4138 2394 4192 deo
2423 4137 2485 4191 ob
2526 4137 2703 4191 datum
2728 4139 2847 4191 olim
2876 4139 3142 4194 indicium.
3173 4140 3304 4207 Quae
3347 4140 3547 4209 gratia?
3586 4142 3732 4211 quod

2146 4227 2271 4280 olim
2294 4226 2594 4283 indicium?
2620 4244 2784 4297 quare
2813 4231 3063 4298 praeclara
3091 4230 3314 4285 deorum
3345 4240 3551 4284 tuorum
3582 4240 3734 4300 gesta

2147 4318 2416 4373 occultas?
2441 4318 2573 4372 Nam
2596 4319 2640 4373 si
2668 4320 2891 4388 gratiam
2921 4320 3183 4375 indicares
3203 4361 3217 4386 ,
3246 4320 3540 4376 Vulcanum
3564 4323 3752 4391 magis

2148 4409 2411 4479 ingratum
2434 4410 2761 4465 ostenderes.
2794 4409 2900 4465 Sed
2918 4410 3115 4466 rubore
3157 4428 3221 4466 ac
3261 4411 3463 4480 pudore
3500 4412 3735 4467 teneris:

2148 4499 2305 4568 igitur
2330 4515 2429 4555 nos
2463 4500 2627 4555 libere
2657 4516 2743 4555 res
2779 4508 2897 4554 tuas
2921 4504 3242 4575 aperiemus.
3276 4501 3530 4569 Quaenam
3574 4502 3738 4571 igitur

2149 4589 2234 4642 illa
2251 4590 2418 4660 gratia
2436 4589 2691 4646 iuartem
2714 4591 2839 4645 olim
2865 4591 3087 4646 Veneris
3105 4606 3290 4646 amere
3317 4600 3551 4662 captum,
3573 4602 3738 4662 atque

2151 4678 2475 4749 Vulcanum,
2508 4681 2597 4751 qui
2627 4682 2849 4736 maritus
2878 4681 2993 4751 ejus
3028 4692 3177 4749 erat,
3222 4692 3545 4737 metuentem
3564 4725 3580 4746 ,
3609 4698 3737 4738 cum

2148 4784 2270 4826 eum
2299 4772 2572 4827 absentem
2609 4773 2973 4840 ohservasset,
3002 4773 3072 4828 ad
3127 4757 3244 4829 eam
3288 4775 3579 4829 accessisse
3612 4790 3737 4829 nar-

2148 4872 2288 4917 rant.
2316 4864 2618 4934 Apollinem
2650 4879 2776 4919 vero
2796 4906 2810 4929 ,
2841 4879 2965 4923 cum
3006 4864 3126 4920 illos
3154 4880 3256 4919 una
3298 4865 3618 4929 commixtos
3655 4870 3739 4919 vi-

2146 4956 2342 5022 disset,
2392 4956 2625 5010 Vulcano
2672 4956 2996 5013 adulterium
3040 4958 3378 5013 renuntiasse
3416 4973 3432 5010 :
3480 4959 3625 5012 illum
3667 4975 3738 5014 eo

2146 5064 2269 5103 cum
2309 5049 2582 5115 venisset,
2614 5051 2799 5106 ambos
2847 5052 2899 5105 in
2920 5052 3064 5105 lecto
3120 5058 3361 5119 repertos
3410 5051 3638 5106 vinculis
3678 5063 3740 5107 ut

2150 5152 2276 5196 tunc
2307 5154 2460 5195 erant
2488 5142 2799 5211 colligasse,
2830 5151 2885 5196 et
2923 5141 2991 5195 ad
3020 5150 3173 5212 turpe
3202 5142 3560 5211 spectaculum
3602 5142 3738 5197 deos

2148 5248 2420 5299 evocasse,
2443 5234 2679 5304 talesque
2697 5234 2769 5293 de
2786 5234 2897 5292 illis
2920 5234 3171 5289 adulterii
3208 5248 3392 5293 omnes
3415 5236 3732 5304 sumpsisse.

2148 5324 2293 5381 Talis
2320 5340 2449 5395 ergo
2489 5327 2674 5397 gratiae
2712 5325 3007 5381 debitorem
3043 5326 3366 5389 Vulcanum,
3412 5339 3654 5396 tempore
3682 5326 3733 5380 id

2150 5418 2470 5485 postulante,
2496 5420 2757 5487 ingratum
2788 5419 2839 5471 in
2862 5418 3134 5473 reddendo
3156 5418 3417 5473 beneﬁcio
3447 5418 3608 5472 fuisse
3635 5419 3729 5471 ait.

2148 5508 2283 5576 Quid
2326 5510 2481 5579 igitur
2520 5509 2746 5579 Jupiter,
2785 5526 2819 5563 ο
2854 5510 2934 5563 vir
2963 5510 3207 5579 optime?
3233 5508 3365 5563 Nam
3394 5517 3449 5565 et
3475 5508 3623 5562 illum
3652 5509 3734 5562 in-

2150 5600 2496 5654 humanitatis
2522 5615 2773 5667 accusas,
2830 5600 2934 5655 Sed
2978 5618 3135 5670 neque
3177 5599 3396 5669 Jupiter,
3456 5599 3730 5669 inquiens,

2210 5737 2285 5800 (a)
2319 5745 2427 5787 Haec
2449 5739 2599 5800 verba
2639 5738 2687 5785 in
2709 5732 2884 5791 “limina
2906 5737 3215 5800 proferuntur
3237 5735 3297 5785 ab
3328 5736 3547 5797 .Egyptio
3566 5746 3731 5787 ειεῶ

2149 5796 2274 5852 dote
2287 5800 2509 5851 Solonem
2524 5799 2824 5865 alloqueute.
