4082 6430
362 488 600 552 ἅπαντες
632 486 680 541 οί
726 487 846 541 τότε
876 486 973 556 τὴν
999 484 1150 539 πόλιν
1171 484 1448 548 οἰκοῦντες
1484 482 1746 555 ’Έλληνες
1779 472 2029 551 ἐδέξαντο

359 577 459 643 τὴν
489 573 725 647 πληγὴν,
778 575 873 627 καὶ⁵
902 573 978 637 ὡς
1024 573 1125 626 οὑκ
1160 573 1226 625 ἂν
1258 571 1458 625 τοῦτο·
1506 572 1695 642 πράως
1740 572 1968 641 ἡνεγκεν
2005 575 2034 625 6

362 661 635 732 βασιλεὺς,
664 661 799 714 ἀλλά
832 660 1009 714 πάντα
1036 659 1208 728 θυμὸν
1234 660 1315 721 είς
1346 659 1446 727 τὴν
1474 658 1571 711 τοῦ
1603 659 1879 729 μάρτυρος
1904 659 2036 729 λάρ-

359 763 499 801 νακα
531 748 742 816 ἀφῆκεν
775 746 864 812 ἀν,
886 749 935 800 εί
969 747 1044 816 μὴ
1084 746 1235 815 φόϐῳ
1258 744 1541 814 κατείχετο
1577 744 1806 814 μείζονι.
1848 745 1912 797 Τί
1940 741 2035 798 οὖν

359 852 557 905 (mana;
585 834 878 905 Ὀλύμπια
891 833 1008 902 μὲν
1031 835 1107 887 οὐ
1124 832 1294 902 μάλα
1309 832 1505 900 πόρρω
1525 847 1539 862 ο
1568 831 1935 900 συγκαλέσει
1968 832 2038 885 δὲ

359 903 398 990 ἢ
426 903 763 992 πανήγυρις
786 903 901 988 τὰς
945 924 1174 985 πόλεις,
1205 923 1265 973 αἱ
1313 919 1382 971 δὲ
1425 918 1646 984 ἥξουσι
1670 918 1821 983 ,βοῦς
1855 919 2036 988 ἄγου-

359 1024 465 1063 σαι
500 1008 581 1073 τῷ
625 1010 949 1063 Ἀπόλλωνι
996 1008 1238 1063 θυσίαν.
1273 1007 1334 1058 Τί
1358 1003 1693 1074 δράσομεν;
1730 1005 2038 1067 ποῖκαταρ-

354 1094 695 1163 δυσόμεθα;
724 1097 816 1161 τίς
846 1094 990 1163 ἡμῖν
1013 1092 1167 1148 θεῶν
1190 1092 1508 1159 διαστήσει
1532 1092 1649 1160 τὴν
1678 1093 1796 1163 γῆν
1810 1111 1831 1159 ;
1864 1093 2037 1158 ποῖος

356 1180 572 1251 κῆρυξ,
622 1183 767 1236 ποία
824 1180 1097 1249 σάλπιγξ
1154 1182 1270 1251 ούχ
1312 1179 1677 1245 ὐποκινήσει
1733 1178 2035 1247 δάκρυον;

357 1247 449 1332 τιξ
489 1269 707 1337 ἑορτὴν
752 1267 878 1336 ἐρεῖ
902 1272 976 1323 τὰ
1015 1247 1329 1337 Ὀλύμπια,
1362 1267 1468 1321 τοῦ
1516 1266 1825 1336 πτώματος
1857 1268 2034 1337 ἐγχού-

357 1358 462 1409 θεν
474 1356 959 1424 ἐπεμϐάλλοντος
990 1353 1286 1422 όδυρμόν;
1317 1353 1429 1417 Δὸς
1461 1352 1609 1417 τόξα
1632 1371 1735 1422 μοι
1781 1357 2034 1421 κερουλ-

358 1443 453 1505 κὰ,
487 1441 725 1509 φησὶνδ
747 1443 786 1509 ἠ
815 1440 1137 1511 τραγῳδία·
1167 1439 1283 1508 ἐγὼ
1307 1440 1375 1492 δὲ
1404 1439 1580 1509 λέγω,
1612 1440 1709 1493 καὶ
1736 1439 2036 1509 μαντικῆς

358 1548 409 1581 τι
430 1530 665 1598 μικρὸν,
692 1530 852 1595 ὅπως
874 1528 951 1598 τῇ
968 1529 1086 1599 μὲν
1108 1529 1249 1592 ἕλω,
1281 1527 1356 1595 τῇ
1371 1527 1438 1580 δὲ
1467 1527 1734 1591 τοξεύσω
1770 1528 1875 1580 τὸν
1894 1528 2036 1595 δρά-

356 1638 570 1678 σαντα.
590 1622 651 1675 Ὢ
669 1623 893 1689 τόλμης
919 1620 1179 1685 ἀσεϐοῦς
1198 1623 1217 1677 !
1238 1617 1285 1671 ὦ
1310 1617 1514 1687 ψυχῆς
1533 1616 1747 1687 μιαρᾶς
1774 1615 1795 1668 .’
1821 1616 1866 1668 ὦ
1897 1606 2054 1684 θρα-.

352 1710 528 1774 σείας
558 1708 761 1777 χειρός
790 1709 810 1763 !
835 1707 1041 1772 Τίτυός
1085 1723 1175 1771 τις
1216 1701 1393 1771 οὗτος
1442 1704 1663 1773 ἕτερος,
1716 1703 1756 1771 ἣ
1794 1703 1969 1769 Ἴδας,
2000 1706 2034 1757 ό

351 1796 620 1866 ἀδελφὸς
638 1796 934 1865 Λυγκέως,
952 1796 1026 1849 οὐ
1045 1793 1236 1865 μέγας
1254 1792 1371 1861 μὲν
1393 1790 1597 1863 ὥσπερ
1619 1791 1870 1858 ἐκεῖνος,
1892 1791 2034 1846 οὐδὲ

354 1882 604 1949 τοξότης
641 1881 846 1951 ὥσπερ
884 1876 1088 1946 οὗτος,
1118 1880 1258 1934 ἀλλ’
1287 1878 1356 1932 ἐν
1382 1879 1561 1933 τοῦτο
1584 1877 1758 1945 εἰδὼς
1790 1878 1856 1931 τὸ
1884 1877 2035 1931 κατὰ

356 1967 509 2022 θεῶν
541 1966 692 2041 [569]
728 1968 1073 2037 μαίνεσθαι.
1132 1964 1286 2030 Τοὺς
1327 1964 1447 2034 μὲν
1504 1966 1758 2031 Ἀλωέως
1790 1965 1880 2019 ἔτι
1908 1963 2036 2016 δια-

353 2056 724 2123 νοουμένους
760 2053 871 2120 τὰς
900 2052 1021 2107 τῶν
1061 2050 1213 2106 θεῶν
1252 2051 1581 2118 ἐπιϐουλὰς
1611 2050 1845 2114 θανάτῳ
1892 2067 2040 2104 θιατ-

353 2140 650 2208 έπαυσας,
689 2144 1022 2205 Ἄπολλον,
1092 2138 1283 2205 τούτῳ
1318 2138 1390 2191 δὲ
1438 2138 1746 2206 πόρρωθεν
1782 2137 2033 2214 φέροντι

355 2227 422 2281 τὸ
440 2228 559 2296 πῦρ
590 2230 701 2282 οὐκ
729 2226 1087 2293 ἀπήντησεν
1106 2225 1310 2290 ὀϊστὸς
1336 2223 1430 2277 ἐπ’
1452 2224 1648 2291 αὐτὴν
1667 2225 1991 2292 πετόμενος
2008 2233 2037 2262 α

355 2312 470 2382 τὴν
504 2312 788 2383 καρδίαν..
808 2314 872 2367 ’Ὢ
900 2311 1105 2378 δεξιᾶς
1134 2310 1442 2380 τελχῐνοςί
1468 2310 1516 2363 ὢ
1551 2309 1742 2379 πυρὸς
1785 2310 2036 2365 ἀδίκουί

354 2401 474 2455 ποῦ
505 2417 650 2455 ποτε
689 2400 803 2469 ἄρα
852 2399 920 2454 τὸ
980 2398 1213 2468 πρῶτον
1264 2399 1482 2465 ἔπεσε,
1513 2399 1571 2452 τί
1598 2397 1705 2453 τοῦ
1736 2397 1926 2452 κακοῦ
1968 2399 2036 2453 τὸ

353 2490 666 2557 προοίμιον
681 2507 707 2554 ,·
740 2482 854 2557 ἆρα
892 2487 962 2553 ἐξ
984 2486 1212 2556 ὀροφῆς
1257 2485 1597 2555 ἀρξάμενον
1630 2486 1727 2539 ἐπὶ
1751 2483 1826 2538 τὰ
1877 2484 2038 2541 ἄλλα

353 2574 606 2641 προῦϐη,
635 2572 752 2641 τὴν
788 2572 1067 2641 κεφαλὴν
1123 2572 1387 2639 ἐκείνην,
1428 2570 1492 2624 τὸ
1538 2566 1884 2653 πρόσωπον,
1920 2570 2037 2639 τὴν

352 2657 602 2727 φιάλην,
632 2660 747 2725 τὴν
771 2660 1024 2727 κίδαριν,
1041 2658 1147 2711 τὸν
1168 2656 1401 2726 ποδήρη
1424 2656 1679 2726 χιτῶνα;
1714 2658 2037 2725 Ἥφαιστος

352 2744 442 2808 δὲ,
464 2747 655 2813 πυρὸς
687 2748 922 2815 ταμίας,
963 2747 1075 2799 οὐκ
1130 2745 1435 2813 ἠπείλησε
1469 2741 1549 2808 τῷ
1576 2744 1718 2811 σουρὶ
1747 2748 2034 2813 λυμαινο-

345 2830 530 2900 μένφ,
577 2831 694 2900 τὴν
740 2831 917 2901 χάριν
958 2833 1221 2901 ὀφείλων
1264 2831 1347 2897 τῷ
1399 2829 1515 2896 θεῷ.
1540 2832 1894 2900 μηνύματος
1934 2833 2037 2901 dp-

352 2918 530 2989 χαίου
550 2934 564 2948 ’
601 2918 740 2972 ἀλλ’
791 2917 934 2973 οὐδὲ
959 2922 992 2972 ό
1019 2917 1192 2984 Ζεὺς,
1226 2917 1457 2988 ὄμϐρων
1483 2919 1663 2986 ἡνίας
1681 2917 1859 2985 ἔχων,
1877 2919 2035 2988 ὕδωρ

352 3002 591 3072 ἀφῆκεν
627 3004 729 3058 ἐπὶ
787 3005 903 3072 τὴν
950 3006 1169 3075 φλόγα,
1234 3005 1334 3058 καὶ
1384 3004 1573 3058 ταῦτα
1610 3004 1824 3059 Λυδῶν
1889 3024 2036 3061 ποτε

350 3091 603 3155 ,ϐασιλεῖ
648 3091 1110 3162 δυστυχήσαντι
1152 3092 1383 3158 σϐέσας
1418 3091 1638 3162 πυράν.
1694 3093 1754 3146 Τί
1800 3094 2036 3162 πρῶτον

349 3177 464 3245 ἄρα
512 3179 663 3247 πρὸς
697 3178 887 3233 αὐτὸν
933 3176 1102 3234 εἶπεν
1146 3183 1179 3233 ό
1234 3179 1343 3233 τὸν
1375 3181 1644 3249 πόλεμον
1690 3181 2030 3252 άράμενος;

350 3266 541 3319 πόθεν
561 3264 707 3318 ποτὲ
740 3264 807 3319 τὸ
829 3264 1091 3333 θάρσος;
1120 3265 1247 3331 πῶς
1271 3263 1341 3319 δὲ
1365 3265 1632 3334 ἐφύλαξε
1665 3269 1780 3337 τὴν
1810 3269 2034 3339 όρμήν;

350 3351 477 3419 πῶς
504 3352 573 3407 δὲ
604 3356 718 3408 οὐκ
754 3353 945 3407 ἔλυσε
984 3355 1048 3407 τὸ
1088 3352 1305 3424 δόγμα,
1336 3354 1445 3408 τοῦ
1495 3358 1645 3409 Θεοῦ
1698 3357 1764 3411 τὸ
1802 3356 2034 3425 κάλλος

349 3439 684 3507 αἰδεσθείς;
711 3440 885 3511 Μέχρι
923 3441 1069 3505 τίνος
1098 3442 1160 3495 οὐ
1184 3441 1517 3511 διαϐλέψεις,
1542 3444 1695 3498 ἀθλιε
1716 3446 1811 3498 καὶ
1844 3446 2034 3511 ταλαί-

351 3546 525 3601 πωρε,
554 3528 727 3584 ταῦτα
771 3528 1121 3601 ἀνθρωπίνης
1145 3524 1287 3584 εἶναι
1318 3530 1493 3599 λέγων
1543 3533 1746 3606 χειρὸς,
1791 3537 1887 3588 καὶ
1921 3536 2032 3590 ὧσ-

351 3633 459 3686 περ
487 3618 535 3669 οἰ
581 3616 990 3688 παραπαίοντες
1020 3616 1411 3685 ἐναντιολογῶν
1444 3619 1537 3672 καὶ
1572 3620 1755 3691 σαυτῷ
1792 3623 2034 3694 μαχόμε-

349 3701 437 3768 νος
458 3721 472 3769 ;
494 3705 560 3758 El
586 3704 695 3775 γὰρ
720 3704 811 3758 τὸν
844 3705 1070 3776 Περσῶν
1106 3705 1353 3775 βασιλέα,
1390 3708 1482 3761 καὶ
1514 3708 1785 3780 τοσαύτην
1831 3712 2035 3779 ἄγοντα

352 3790 631 3860 στρατιὰν,
660 3791 755 3843 καὶ
778 3792 879 3862 τὴν
902 3790 1057 3844 πόλιν
1083 3792 1297 3855 ἐλόντα,
1321 3793 1417 3845 xu).
1449 3793 1704 3848 eiRoma:
1731 3796 1841 3850 τῶν
1871 3799 2035 3870 ἱερῶν

348 3877 737 3948 ἐμπρήσαντα,
783 3880 879 3933 καὶ
912 3879 1012 3949 τὴν
1062 3879 1198 3950 δᾷδα
1250 3880 1388 3951 μετὰ
1435 3885 1623 3953 χεῖρας
1679 3883 1893 3955 ἔχοντα,
1938 3888 2033 3940 καὶ

350 3965 645 4035 προσάγειν
668 3965 837 4036 αὐτὴν
858 3966 960 4036 ῆδη
987 3966 1161 4037 τούτῳ
1192 3967 1463 4037 μέλλοντα.
1479 3969 1557 4039 τῷ
1584 3970 1717 4041 ναῷ,
1740 3973 2033 4042 μετέϐαλεν

345 4051 379 4102 ὁ
404 4049 611 4122 δαίμων
635 4052 751 4122 (καὶ
779 4053 889 4123 γὰρ
909 4054 1004 4106 καὶ
1035 4052 1207 4107 ταῦτα
1232 4056 1290 4114 ἐν
1315 4056 1457 4126 ἀρχῇ
1482 4056 1583 4125 τῆς
1620 4058 1883 4128 μονῳδίας
1914 4054 2033 4114 ἔλεξέ

346 4153 443 4205 γες
475 4137 711 4210 θρηνῶν,
744 4139 917 4202 οὓτως
954 4141 1154 4193 εἰπών’
1195 4144 1309 4195 Τόν
1348 4159 1438 4195 τοι
1473 4143 1741 4207 ,βασιλέα
1784 4147 2034 4216 Περσῶν

346 4223 454 4279 τοῦ
493 4225 612 4279 νῦν
634 4227 851 4281 τούτου
879 4227 1289 4295 πολεμοῦντος
1310 4230 1630 4299 πρόγονον,
1650 4231 1945 4301 προδοσίᾳ
1965 4235 2032 4289 τὸ

346 4309 507 4365 ἄστυ
543 4314 808 4367 λαϐόντα
835 4314 933 4367 καί
960 4313 1376 4384 ἐμπρήσαντα,
1420 4317 1781 4385 χωρήσαντα
1794 4319 1893 4375 ἐπὶ
1924 4321 2033 4376 Δά-

344 4415 510 4466 φνην
532 4398 613 4464 ὡς
627 4400 696 4452 τὸ
711 4391 859 4454 αὐτὸ
886 4400 1209 4469 δράσοντα,
1227 4403 1559 4471 μετέϐαλεν
1574 4405 1607 4457 ὁ
1622 4403 1779 4471 θεὸς,
1799 4406 1898 4460 καὶ
1914 4407 2031 4475 τὴν

343 4482 499 4551 δᾷδα
505 4485 695 4553 ῥίψας
714 4487 1136 4555 προσεκύνησε
1149 4487 1230 4553 τῷ
1262 4489 1584 4543 Ἀπόλλωνι
1603 4506 1616 4518 ·
1642 4491 1829 4557 οὕτως
1842 4494 2031 4549 αὐτὸν

344 4571 721 4641 κατεπράϋνε·
759 4590 824 4627 τε
881 4574 981 4628 καὶ
1012 4574 1305 4640 διήλλαξε
1329 4575 1357 4615 ἀ
1385 4578 1646 4649 φανείς)·
1675 4582 1701 4635 6
1735 4579 1799 4651 δὴ
1852 4581 2027 4651 θυμοῦ

345 4658 685 4731 βαρϐαρικοῦ
727 4662 825 4714 καὶ
857 4662 1130 4733 τοσαύτης
1162 4665 1585 4735 περιγενόμενος
1638 4670 1920 4737 στρατιᾶς,
1951 4671 2028 4735 ὡς

342 4744 502 4832 ξφης,
535 4748 631 4802 καὶ
653 4748 903 4819 δυνηθεὶς
940 4750 1063 4802 τότε
1104 4750 1197 4803 τὸν
1221 4750 1477 4832 βίνδυνον
1510 4752 1796 4822 διαφυγεῖν
1825 4755 2027 4825 (λέγεις

340 4829 399 4883 δέ
427 4832 510 4885 ὅτι
538 4833 632 4887 καὶ
670 4834 797 4897 τοὺς
845 4835 1093 4900 Ἀλωέως
1127 4829 1323 4900 παῖδας
1347 4837 1761 4908 διανοουμένους
1788 4842 1887 4905 τὰς
1915 4844 2026 4896 τῶν

341 4918 481 4974 θεῶν
505 4922 802 4985 ἐπιϐουλάς
831 4922 1046 4993 θανάτῳ
1072 4923 1429 4993 κατέπαυσε),
1464 4924 1582 4987 πῶς
1613 4921 1706 4979 οὖν
1732 4927 1761 4979 ὁ
1788 4928 2025 4983 τοσαῦτα

339 5007 612 5077 δυνηθεὶς,
636 5010 789 5065 οὐδὲν
821 5010 1062 5066 τοιοῦτον
1092 5013 1394 5081 εἰργάσατο
1419 5013 1547 5079 νῦν;
1570 5015 1831 5069 Καίτοιεί
1858 5019 2024 5089 μηδὲν

339 5092 549 5165 ἱτερον,
575 5096 668 5149 τὸν
706 5096 838 5165 γοῦν
893 5099 1045 5171 ιερέα
1086 5099 1529 5169 σπαραττόμενον
1574 5101 1773 5165 ἀδίκως
1800 5104 2022 5175 ἐλεῆσαι

340 5183 530 5252 ἐχρῆν,
563 5185 798 5255 φανερὸν
840 5187 1267 5256 καταστήσαντα
1315 5187 1406 5239 τὸν
1451 5186 1755 5242 ἐπίϐουλον.
1815 5192 1925 5245 Καὶ
1972 5196 2021 5247 εί

340 5266 460 5317 τότε
490 5269 641 5339 πανρά
666 5268 759 5321 τὸν
791 5270 1123 5342 ἐμπρησμὸν
1151 5270 1428 5339 διέφυγεν,
1464 5272 1553 5326 ὅτε
1594 5272 1769 5339 γοῦνό
1791 5274 2022 5341 δείλαιος

337 5352 549 5425 ἐκεῖνος
590 5356 938 5426 κρεμάμενος
978 5357 1307 5429 διωρύττετο
1353 5360 1451 5423 τὰς
1497 5359 1759 5429 πλευράς,
1794 5364 1886 5416 καὶ
1930 5366 2020 5419 τὸν

339 5440 715 5510 ἐργασάμενον
754 5444 1157 5516 ἀπαιτούμενος
1207 5449 1384 5502 εἰπεῖν
1441 5450 1541 5502 οὑκ
1571 5444 1708 5519 εἶχε,
1734 5452 1855 5504 τότε
1914 5470 2020 5507 πα-

401 5529 429 5559 ³
452 5528 548 5579 Alii
572 5530 627 5579 ἀν
645 5528 815 5580 ταῦτα.

400 5586 597 5663 bﬂUnus
631 5593 787 5663 ξοδεχ
807 5598 865 5663 _et
889 5594 1039 5663 ngil.
1064 5593 1115 5643 in
1139 5609 1293 5659 marg.
1323 5598 1436 5663 τόξα
1457 5615 1537 5660 μοι
1575 5600 1830 5663 κερουλκά,
1872 5615 2019 5663 quam

337 5651 605 5720 lectionem
643 5652 854 5720 Libanio
877 5656 1011 5706 edito
1033 5651 1316 5720 consonaih,
1342 5651 1531 5720 absq'ue
1571 5651 1670 5710 ull'a
1707 5651 2016 5714 haesi'lal'ioné

337 5716 635 5787 regepimgs.
664 5714 717 5763 In
741 5716 993 5778 Chrysosl.
1022 5718 1145 5768 edit.
1171 5714 1385 5771 absurde
1417 5714 1683 5784 Iégebalur
1696 5724 1807 5780 τόξα
1833 5741 1919 5787 μοι
1933 5728 2014 5775 χαί

334 5772 536 5837 χοίνικα.
562 5774 693 5824 Enn.

399 5835 426 5905 ξ
449 5836 532 5905 ξξο
553 5849 727 5905 ρωῃες
750 5852 866 5901 mss.
896 5840 1066 5891 Morel.
1093 5856 1211 5905 νει-ο
1242 5844 1510 5905 φερόμενος.

397 5893 429 5935 ἀ
450 5896 533 5945 Sic
554 5896 700 5949 Sam.
727 5896 789 5950 ει
804 5914 976 5951 omnm
998 5918 1108 5954 mss.
1126 5893 1314 5956 More-'13
1327 5894 1441 5954 νει-υ
1467 5893 1692 5968 διήλεγξει

1201 371 1290 427 DE
1331 372 1390 430 S.
1426 370 1723 436 BABYLA,
1769 366 2052 425 CONTRA
2099 365 2456 425 JULIANUM
2496 367 2588 423 ET»
2611 363 2976 423 GENTILES.

3702 356 3807 412 τοι

2139 482 2403 555 ραστῆναι
2454 479 2623 552 ἐχρῆν
2675 478 2768 531 καὶ
2796 474 3046 529 ἐκδοῦναι
3077 474 3167 526 τὸν
3201 472 3496 540 δράσαντα,
3520 472 3554 542 ἢ
3587 472 3678 527 καὶ
3706 491 3801 528 κα.

2135 571 2445 642 ταμηνῦσαι
2482 568 2662 638 μόνον,
2695 564 2748 617 εί
2790 581 2852 633 γε
2885 562 3130 616 ἐκδοῦναι
3175 562 3275 614 οὑκ
3323 562 3475 629 ίσχυε
3528 573 3587 600 ου
3618 561 3719 614 νῦν
3750 562 3809 615 δὲ

2136 661 2371 732 περιορᾷ
2405 659 2503 729 μὲν
2530 660 2559 710 ὁ
2588 655 2882 727 ἀχάριστος
2904 654 2997 706 καὶ
3028 651 3299 721 ἀγνώμων
3334 649 3425 702 τὸν
3451 649 3617 702 αὑτοῦ
3648 650 3810 721 θερα-

2135 748 2341 817 πευτὴν
2371 743 2831 813 καταξαινόμενον
2860 740 3091 808 ἀλόγως,
3125 739 3356 809 περιορᾷ
3387 737 3443 790 δὲ
3468 736 3811 807 τὸνβασιλέα

2139 833 2279 905 μετὰ
2307 831 2577 895 τοσαύτας
2602 831 2793 892 θυσίας
2814 826 3289 896 καταγελώμενον.
3314 825 3423 877 Καὶ
3453 825 3562 894 γὰρ
3585 826 3660 886 ὼς
3685 841 3812 894 μαι-

2136 923 2359 993 νόμενον
2392 922 2488 975 καὶ
2526 918 2919 993 παραπαίονταε
2939 915 3139 978 πάντες
3172 913 3375 981 ἐγέλων
3406 911 3588 975 αὑτὸν,
3622 913 3709 964 δοε
3731 914 3813 974 είς

2132 1011 2225 1063 τὸν
2275 1010 2459 1063 ἀθλιον
2486 1010 2719 1062 ,ἐκεῖνον
2752 1005 2903 1075 ἠφίει
2923 1003 3020 1074 τὴν
3048 1003 3237 1074 ὀργήν.
3273 1000 3399 1066 Πῶς
3440 1001 3497 1054 δὲ
3524 1004 3552 1054 6
3579 1001 3676 1054 τοῦ
3716 1001 3813 1071 βα-

2139 1096 2331 1160 σιλέως
2369 1097 2469 1166 τὴν
2513 1091 2816 1165 παρουσίαν
2838 1092 2919 1144 ἔτι
2952 1090 3171 1161 μακρὰν
3199 1089 3353 1152 ὄντος
3387 1089 3668 1160 προλέγων
3696 1092 3810 1154 (καὶ

2135 1186 2247 1258 γὰρ
2278 1185 2371 1239 καὶ
2399 1183 2560 1237 τοῦτο
2591 1180 3098 1253 ἀνωτέρω.τούτων
3138 1178 3431 1247 ἐθρήνεις),
3459 1177 3551 1230 τὸν
3585 1175 3811 1247 πλησίον

2137 1272 2351 1326 ἑστῶτα
2404 1271 2500 1324 καὶ
2548 1268 2922 1324 κατακαίοντα
2986 1266 3149 1321 αὑτὸν
3190 1266 3292 1318 οὑκ
3342 1260 3477 1330 εἶδες
3516 1266 3712 1319 Καίτοι
3745 1282 3810 1332 γε

2134 1361 2230 1414 καὶ
2288 1359 2549 1431 μαντικὸν
2592 1358 2752 1411 αὑτὸν
2805 1352 2946 1409 εἷναί
2977 1372 3135 1425 φατε,
3164 1357 3259 1408 καὶ
3290 1355 3472 1418 ἄλλοις
3500 1354 3665 1417 ἄλλας
3704 1354 3812 1407 διας-

2134 1446 2391 1517 νέμοντες
2438 1445 2633 1516 τέχνας
2686 1444 2937 1515 καθάπερ
2984 1441 3306 1513 ἀνθρώπω,
3348 1444 3461 1505 τοῖς
3524 1441 3811 1512 ὑμετέροις

2134 1534 2305 1596 θεοῖς,
2334 1533 2510 1602 τούτῳ
2554 1531 2652 1602 τὴν
2680 1530 2950 1603 μαντικὴν
2977 1530 3305 1601 ἀνεθήκατε,
3342 1531 3437 1582 ναὶ
3471 1528 3599 1583 οὑδέ
3641 1547 3810 1600 μετα-

2132 1621 2312 1675 δοῦναι
2335 1619 2498 1673 αὐτόν
2527 1635 2609 1671 σοι
2645 1619 2744 1689 τῆς
2775 1618 2967 1688 τέχνης
2991 1616 3197 1682 ἀξιοῖς.Δ
3220 1616 3347 1681 Πῶς
3366 1612 3460 1670 οὖν
3484 1616 3583 1679 τὰς
3603 1618 3810 1680 οἰκείας

2132 1709 2241 1763 οὑκ
2282 1708 2423 1776 ἔγνω
2452 1706 2773 1777 συμφοράςς
2821 1704 2998 1758 καίτοι
3048 1704 3208 1758 τοῦτο
3239 1704 3351 1758 οὐδ’
3401 1705 3486 1758 ἂν-
3518 1704 3688 1775 ἄνδρα
3728 1704 3810 1757 δι-

2134 1795 2344 1850 έλαθεν.
2393 1793 2534 1847 Ἀλλ’
2565 1789 2676 1865 ἆρα
2700 1793 2774 1864 μὴ
2807 1792 3096 1845 ἐκάθευδεν
3137 1792 3463 1862 ἁπτομένου.
3485 1792 3579 1845 τοῦ
3601 1793 3808 1863 πυρός;

2145 1883 2285 1937 Ἀλλ’
2308 1882 2429 1936 οὐδὲ
2456 1880 2628 1945 οὕτως
2662 1879 2991 1950 ἀναίσθητός
3031 1879 3118 1943 τίς
3157 1881 3327 1942 ἐστιν,
3362 1878 3513 1953 [570]
3556 1878 3632 1943 ὼς
3658 1881 3810 1949 αὑτῷ

2132 1974 2232 2041 τῆς
2256 1970 2455 2039 φλογὸς
2480 1968 2935 2042 προσφερομένης
2967 1966 3044 2038 μῆ
3079 1967 3435 2037 διαναστῆναι
3465 1967 3687 2033 εὐθέως,
3713 1969 3810 2025 καὶ

2132 2059 2223 2113 τὸν
2251 2059 2599 2130 προσάγοντα
2627 2058 2941 2128 κατασχεῖν.
2980 2054 3222 2126 Ἀληθῶς
3249 2055 3545 2123 Ἕλληνες
3569 2055 3661 2108 ἀεὶ
3677 2056 3811 2107 παῖ-

2133 2148 2256 2215 δες,
2288 2148 2478 2218 γέρων
2507 2148 2576 2202 δὲ
2602 2150 2835 2216 Ἕλλην
2882 2146 3103 2212 οὐδείς.
3140 2146 3271 2199 Δέον
3322 2145 3431 2216 γὰρ
3472 2147 3571 2216 τὴν
3601 2146 3810 2199 οἰκείαν

2135 2237 2320 2291 ἄνοιαν
2348 2236 2590 2308 θρηνεῖν,
2627 2236 2711 2289 ὅτι
2750 2234 2860 2288 τῶν
2906 2232 3251 2308 πραγμάτων
3295 2232 3542 2304 βοώντων
3575 2234 3675 2305 τὴν
3700 2234 3811 2287 τῶν

2133 2324 2406 2395 δαιμόνων
2451 2325 2687 2393 ἀπάτην,
2727 2322 2850 2376 οὑδὲ
2887 2321 3064 2385 οὕτως
3116 2320 3438 2389 ἀφίστασθε,
3472 2321 3587 2374 ἀλλ’
3621 2322 3808 2375 ἐκδόνο

2132 2427 2226 2474 τες
2254 2411 2480 2474 ἑαυτοὺς
2507 2411 2589 2472 είς
2618 2409 2912 2474 ἀπώλειαν,
2944 2410 3041 2462 καὶ
3066 2408 3168 2479 τὴν
3191 2409 3464 2480 ὑμετέραν
3482 2408 3810 2477 ἀποδόμενοι

2136 2499 2433 2571 σωτηρίαν,
2477 2496 2697 2567 ἀγεσθε
2719 2498 2877 2568 δίκην
2928 2497 3285 2569 θρεμμάτων,
3312 2491 3455 2570 ᾗπερ
3488 2497 3553 2551 ἂν
3582 2497 3811 2552 κελεύω-

2136 2603 2219 2639 σιν
2249 2585 2500 2649 ἐπεσθαι,
2529 2586 2579 2639 οἳ
2619 2584 2861 2658 κάθησθε
2892 2585 3098 2653 ξοάνων
3152 2585 3476 2650 πενθοῦντες
3504 2584 3805 2643 ἀπώλειαν.

2134 2675 2206 2727 ΣΞ)
2230 2674 2289 2727 δὲ
2323 2674 2416 2729 καὶ
2442 2673 2567 2738 τόξα
2590 2674 2868 2738 ἀπαιτεῖς,
2908 2674 3061 2728 οὐδὲν
3088 2675 3298 2728 ἐκείνου
3330 2674 3426 2728 τοῦ
3456 2674 3628 2728 ταῦτα
3658 2676 3717 2728 ἐν
3737 2678 3811 2747 τῇ

2130 2765 2412 2836 τραγῳδίᾳ
2432 2764 2681 2833 λέγοντος
2722 2764 3043 2836 διεστηκώς.
3077 2765 3203 2829 Πῶς
3223 2766 3335 2836 γὰρ
3364 2766 3427 2819 οὑ
3466 2767 3632 2837 μανία
3666 2767 3803 2838 πρό-

2131 2852 2288 2921 δηλος
2308 2853 2403 2905 καὶ⁸
2428 2853 2603 2923 σαφὴς
2621 2853 2925 2923 προσδοκᾶν
2950 2871 3003 2906 τι
3024 2855 3136 2916 τοῖς
3165 2854 3350 2916 ὅπλοις
3368 2840 3577 2917 τούτοις
3598 2853 3806 2919 ἀνύειν,

2131 2940 2167 2993 ἀ
2192 2939 2284 2992 τὸν
2320 2940 2658 3011 κεκτημένον
2683 2941 2837 2994 οὐδὲν
2859 2939 3103 3011 ᾡνησενς
3136 2941 3199 2993 El
3226 2942 3326 3012 μὲν
3356 2940 3465 3012 γὰρ
3496 2942 3657 3005 αὑτὸς
3692 2943 3811 3011 μεί-

2133 3027 2261 3092 ζονα
2297 3028 2394 3081 καὶ
2435 3030 2537 3099 τὴν
2568 3028 2763 3100 τέχνην
2792 3031 2888 3084 καὶ
2932 3030 3034 3100 τὴν
3060 3029 3359 3100 ἐμπειρίαν
3407 3029 3503 3083 τοῦ
3555 3029 3817 3101 δαίμονος

2131 3116 2276 3185 ἔχειν
2306 3116 2432 3187 φὴς,
2453 3115 2552 3168 οὑκ
2579 3117 2745 3187 ἐχρῆν
2784 3114 2947 3169 αὑτὸν
2991 3117 3157 3187 τιμᾷν
3190 3115 3562 3186 ἀμαθέστερόν
3590 3134 3651 3169 τε
3680 3108 3823 3171 εντα.

2133 3204 2226 3257 καὶ
2257 3202 2668 3274 ἀσθενέστερον,
2698 3203 2754 3256 ἐν
2774 3199 2857 3267 οἷς
2881 3202 3044 3258 αὑτόν
3072 3220 3209 3272 φατε
3232 3204 3454 3257 πάντων
3477 3208 3718 3276 κρατεῖν.
3745 3207 3811 3259 ΕΞ

2131 3290 2187 3343 δὲ
2213 3290 2321 3343 τῶν
2350 3288 2634 3359 πρωτείων
2663 3290 2858 3360 ἐκείνῳ
2888 3293 3257 3361 παραχωρεῖς,
3288 3289 3353 3344 ἀν
3378 3308 3439 3344 τε
3460 3292 3719 3358 τοξεύειν,
3745 3293 3819 3347 ἀν

2130 3396 2191 3432 τε
2236 3377 2596 3449 μαντεύεσθαι
2620 3377 2738 3449 δέῃ,
2770 3379 2888 3442 πῶς
2914 3380 2971 3432 ἐν
2992 3378 3071 3448 τῷ
3096 3378 3253 3449 μέρει
3281 3380 3384 3449 τῆς
3418 3380 3615 3451 τέχνης
3637 3382 3821 3435 ταῦτα·

2134 3465 2544 3537 προσεδόκησας
2568 3465 2808 3537 δράσειν,
2831 3465 2979 3537 ἅπερ
3000 3466 3028 3517 6
3047 3465 3147 3536 τὴν
3167 3467 3294 3537 ὃλην
3311 3467 3450 3537 ἔχων
3479 3469 3579 3521 οὑκ
3598 3469 3809 3538 ίσχυσε;

2204 3559 2276 3608 κ’.
2300 3552 2479 3615 Γέλως
2500 3550 2673 3604 ταῦτα
2698 3553 2795 3605 καὶ
2822 3551 3008 3623 λῆρος.
3027 3551 3165 3605 Οὔτε
3180 3555 3289 3624 γὰρ
3306 3552 3418 3623 εἶχέ
3438 3572 3492 3607 τι
3520 3556 3808 3625 μαντικῆς,

2132 3633 2257 3687 οὔτε
2274 3634 2376 3687 κᾶν
2399 3630 2545 3704 εἶχεν
2573 3634 2734 3704 ἤνυεν
2748 3633 2835 3687 άν.
2863 3634 2937 3686 Ού
2966 3634 3075 3705 γάρ
3096 3638 3262 3697 ἐστιν,
3295 3639 3393 3689 οὑκ
3411 3637 3559 3689 ἐστιν
3588 3641 3617 3691 ό
3636 3638 3817 3693 ταῦτα.

2132 3722 2507 3793 ἐργασάμενος
2546 3722 2707 3792 ἀνὴρ,
2738 3721 2875 3775 ἀλλά
2898 3722 3018 3775 θεία
3043 3739 3131 3786 τις
3172 3723 3421 3793 δύναμις.
3452 3726 3562 3779 Καὶ
3599 3727 3699 3797 τὴν
3723 3729 3811 3780 αξ-

2132 3810 2252 3862 τίαν
2286 3809 2345 3862 δὲ
2389 3809 2526 3879 μετά
2563 3808 2739 3863 ταῦτα
2783 3808 2924 3879 ὲρῶο
2958 3809 3095 3873 τέως
3135 3811 3195 3864 δὲ
3245 3812 3394 3877 ἀξιον
3449 3815 3643 3884 μαθεῖν
3669 3816 3813 3885 ὑπὲρ

2130 3890 2205 3952 ὧν
2242 3895 2636 3967 ἀγνωμοσύνην
2668 3896 2893 3963 ἐγκαλεῖ
2919 3896 2997 3967 τῷ
3038 3897 3341 3972 Ἡφαίστῳ,
3371 3902 3570 3955 οὑτωσί
3593 3920 3710 3967 πως
3725 3904 3814 3956 λέ·-

2132 4000 2273 4052 γων·
2303 3984 2630 4051 Ἥφαιστος
2674 3983 2764 4048 δὲ,
2812 3983 3004 4051 πυρὸς
3053 3988 3298 4054 ταμίας,
3350 3991 3462 4042 οὐκ
3508 3991 3815 4059 ἠπείλησε

2132 4072 2211 4136 τῷ
2243 4072 2394 4140 πυρὶ
2424 4075 2863 4141 λυμαινομένῳ,
2899 4073 3015 4140 τὴν
3063 4074 3240 4144 χάριν
3272 4078 3535 4153 ὀφείλων
3585 4080 3667 4146 τῷ
3697 4081 3811 4148 θεῷ

2126 4161 2477 4229 μηνύματος
2509 4161 2783 4229 ἀρχαίου.
2831 4160 2999 4215 Ποίαν
3033 4165 3220 4233 χάριν;
3273 4165 3427 4218 ποίου
3491 4168 3811 4239 μηνύματος

2133 4250 2387 4319 ἀρχαίου,
2420 4248 2569 4323 εἶπές
2599 4248 2688 4301 διὰ
2716 4249 2770 4302 τί
2797 4250 3062 4322 κρύπτεις
3096 4269 3190 4305 σου
3222 4254 3289 4307 τά
3329 4256 3501 4323 σεμνά
3539 4257 3648 4310 τῶν
3670 4257 3814 4312 θεῶν

2132 4335 2566 4407 κατορθώματα;
2623 4337 2687 4390 Εἰ
2741 4336 2851 4409 γάρ
2888 4340 2983 4392 καὶ
3042 4340 3142 4410 τὴν
3180 4341 3339 4411 χάριν
3372 4338 3524 4408 εἶπες
3559 4344 3592 4384 θ
3616 4346 3807 4417 αὐτὴν,

2133 4423 2334 4494 μᾶλλον
2378 4422 2446 4477 ἂν
2483 4423 2779 4494 ἀγνώμονα
2826 4424 2921 4478 τὸν
2952 4426 3255 4494 Ἥφαιστον
3282 4428 3511 4494 ἔδειξας.
3557 4433 3698 4486 Ἀλλ’
3721 4436 3809 4489 ai-

2131 4511 2302 4585 σχύνῃ
2325 4513 2420 4567 καὶ
2442 4512 2719 4585 ἐρυθριᾷς·
2733 4514 2928 4567 οὐκοῦν
2954 4515 3113 4585 ἡμεῖς
3143 4517 3283 4585 μετά
3307 4520 3627 4593 παρρησίας
3652 4524 3809 4593 ἐροῦ·-

2132 4618 2234 4670 μεν
2256 4601 2326 4653 τὰ
2355 4603 2441 4655 σά.
2461 4602 2558 4665 Τίς
2572 4598 2720 4674 οὖνὴ
2750 4604 2947 4674 χάρις;
2978 4604 3314 4675 Ἐρασθέντα
3342 4608 3473 4661 ποτὲ
3505 4609 3598 4662 τὸν
3627 4612 3806 4683 ’Ἄρην

2127 4689 2225 4757 τῆς
2268 4688 2610 4760 Ἀφροδίτης,
2637 4690 2734 4744 καὶ
2774 4691 2868 4744 τὸν
2912 4692 3222 4759 Ἥφαιστον
3255 4694 3448 4767 (ἀνδρα
3482 4697 3592 4769 γὰρ
3633 4700 3808 4770 αὑτῆς

2126 4772 2287 4846 εἶναι)
2315 4775 2613 4846 δεδοικότα,
2644 4780 2746 4850 τὴν
2778 4780 3050 4833 ἀπουσίαν
3077 4783 3498 4854 ἐπιτηρήσαντα
3530 4788 3629 4857 τὴν
3662 4788 3807 4841 ἐκεί-

2126 4881 2242 4928 νου,
2268 4866 2407 4935 πρὸς
2451 4866 2621 4937 αὑτὴν
2664 4867 2929 4921 είσελθεῖν
2972 4886 3132 4937 φασι.
3170 4871 3274 4922 Τὸν
3307 4872 3365 4924 δὲ
3402 4872 3648 4929 Ἀπόλλω
3677 4874 3805 4928 θεα-

2127 4954 2361 5023 σάμενον
2417 4954 2785 5025 μιγνυμένους
2861 4957 3059 5021 αὐτοὺς
3084 4997 3101 5021 ,
3151 4958 3457 5013 ἀπελθόντα
3514 4961 3653 5032 πρὸς
3711 4964 3805 5015 τὸν

2128 5041 2434 5110 Ἥφαιστον
2481 5044 2580 5114 τὴν
2617 5043 2866 5114 μοιχείαν
2900 5047 3209 5098 κατειπεῖνο
3250 5047 3474 5102 ἐλθόντα
3504 5049 3561 5102 δὲ
3590 5052 3802 5105 ἐκεῖνον

2125 5132 2220 5183 καὶ
2252 5132 2596 5203 ἀμφοτέρους
2636 5134 2729 5185 ἐπὶ
2772 5133 2872 5202 τῆς
2896 5132 3085 5202 κλίνης
3120 5134 3373 5206 εὑρόντα,
3407 5136 3586 5208 δεσμά
3615 5141 3805 5201 αὑτοῖς

2123 5216 2303 5282 οὕτως
2327 5219 2404 5282 ὡς
2436 5216 2582 5290 εῐχον
2610 5220 3257 5290 περιϐαλόντα,,καλέσαι
3281 5241 3341 5277 τε
3364 5225 3491 5287 τοὺς
3519 5224 3677 5291 θεοὺς
3708 5228 3805 5281 ἐπὶ

2122 5305 2221 5376 τὴν
2252 5307 2543 5377 ἀσχήμονα
2580 5307 2835 5381 θεωρίαν,
2871 5310 2974 5363 καὶ
3016 5310 3221 5381 ταύτην
3265 5312 3366 5383 τῆς
3399 5315 3648 5383 μοιχείας
3693 5317 3804 5368 εἰσ-

2122 5391 2440 5464 πράξασθαι
2468 5394 2629 5466 δίκην
2678 5394 2897 5459 αὑτούς.
2924 5397 3142 5468 Ταύτης
3167 5394 3261 5452 οὖν
3293 5401 3393 5471 τῆς
3420 5402 3644 5473 χάριτος
3658 5406 3802 5473 ὀφει-

2121 5479 2283 5551 λέτην
2315 5481 2446 5536 ὄντα
2480 5483 2573 5535 τὸν
2606 5482 2937 5553 ”Ηφαιστον,
2968 5486 3163 5557 καιροῦ
3192 5486 3511 5553 καλοῦντος,
3546 5491 3805 5563 ἀγνωμο-

2120 5569 2283 5639 νῆσαι
2323 5569 2453 5642 περὶ
2482 5571 2584 5644 τὴν
2622 5572 2894 5626 ἀντίδοσίν
2932 5590 3085 5643 φησι.
3128 5573 3195 5626 Τί
3238 5570 3333 5629 οὖν
3380 5578 3477 5630 κα)⁴
3513 5579 3542 5631 6
3568 5580 3727 5645 Ζεὺς,
3755 5575 3804 5635 ὧ

2123 5655 2396 5725 βέλτιστε;
2429 5660 2525 5712 καὶ
2568 5661 2678 5731 γάρ
2703 5661 2797 5714 καὶ
2833 5659 3009 5731 τούτῳ
3038 5660 3200 5715 πάλιν
3228 5663 3498 5733 ἀπήνειαν
3521 5665 3796 5733 ἐγκαλεῖς,

2131 5744 2277 5796 Αλλ*
2298 5744 2442 5797 οὐδὲ
2468 5745 2501 5797 ὸ
2527 5745 2697 5812 Ζεὺς,
2732 5746 2925 5817 λέγων,
2948 5746 3182 5819 ὄμϐρων
3220 5749 3394 5819 ἡνίας
3422 5750 3600 5821 ἔχων,
3641 5753 3800 5822 ὕδωρ

2173 5852 2196 5912 ξ
2214 5850 2362 5899 SaVil.
2376 5850 2577 5912 167.066.

2180 5910 2199 5949 ί
2226 5912 2323 5960 Alii
2352 5910 2503 5969 εἴπας.
