4082 6452
205 368 310 425 565

203 478 434 532 imbrium
451 474 739 528 moderator
761 486 942 542 aquam
967 470 1173 523 immisit
1195 469 1246 522 in
1276 466 1534 526 norninant
1555 505 1571 530 ,
1597 462 1682 530 qui
1709 470 1787 514 ta-

205 583 312 621 men
358 564 616 638 Lydorum
659 547 767 634 regi
808 558 1117 633 periclitanti
1149 575 1332 630 pyram
1379 555 1630 611 restinxit.
1681 553 1788 608 Sed

202 658 343 712 enim
384 655 604 726 pulchre
643 655 797 708 nobis
839 652 1045 724 Lydum
1073 650 1126 705 in
1148 648 1462 706 memoriam
1489 646 1786 702 revocasti:

201 762 320 803 nam
348 755 403 802 ct
432 745 582 800 illum
611 743 699 799 hic
727 743 938 798 daemon
969 741 1180 811 decepit
1209 753 1342 794 vana
1358 752 1455 808 spe
1483 735 1674 792 iullans
1693 776 1708 799 ,
1738 743 1794 791 et

200 823 250 892 in
299 835 639 892 manifestam
667 834 954 904 perniciem
993 833 1308 902 conjiciens.
1344 832 1425 887 Ac
1469 828 1574 885 nisi
1616 828 1792 898 Cyrus

197 928 465 981 humanus
494 925 702 989 luisset,
731 925 863 980 nihil
889 925 1058 992 ipsum
1078 925 1093 955 ¹
1124 922 1329 991 Jupiter
1348 920 1590 991 juvissct.
1614 918 1792 986 Quare

193 1019 392 1073 frustra
421 1017 539 1074 Jovi
564 1018 692 1071 vitio
715 1016 872 1071 vertis
891 1014 1065 1086 ,quod
1092 1013 1297 1086 Lydum
1321 1012 1430 1067 lilio
1460 1011 1788 1082 praetulerit:

193 1123 370 1177 neque
400 1107 546 1163 enim
582 1106 684 1160 sibi
714 1105 814 1175 ipsi
847 1106 900 1159 in
929 1119 1032 1174 qua
1062 1105 1196 1158 urbe
1223 1103 1454 1157 maxime
1481 1101 1788 1167 colebatur,

191 1201 244 1255 in
276 1199 498 1254 Romuli
527 1199 732 1255 scilicet
761 1199 890 1253 urbe
910 1238 926 1264 ,
973 1197 1194 1251 fulmine
1229 1193 1412 1250 tactus
1451 1208 1609 1263 opem
1651 1193 1789 1248 tulit.

246 1289 475 1345 Libanii
499 1289 742 1344 uerba.—
766 1287 1032 1344 Caeterum
1051 1287 1330 1342 audiamus
1356 1286 1556 1355 reliqua
1574 1284 1792 1339 lamenti

190 1382 354 1438 verba
388 1401 406 1436 :
438 1383 516 1437 sic
552 1384 694 1437 enim
722 1366 921 1437 luctum
953 1381 1103 1435 illum
1128 1423 1144 1446 ,
1179 1379 1270 1449 qui
1298 1393 1486 1435 eorum
1512 1378 1793 1446 occupavit

190 1475 404 1530 animos
425 1515 442 1541 ,
469 1475 634 1544 probe
662 1475 912 1529 sciemus.
944 1472 1087 1538 Viri,
1110 1473 1328 1525 trahitur
1345 1471 1471 1524 mihi
1496 1471 1695 1524 animus
1724 1470 1792 1522 ad

191 1566 409 1635 speciem
438 1566 520 1620 dei
538 1607 553 1633 ,
591 1567 814 1634 mihique
848 1564 1087 1639 cogitatio
1115 1573 1292 1633 typum
1319 1564 1428 1631 ejus
1456 1572 1574 1616 ante
1619 1561 1792 1616 oculos

191 1658 400 1722 statuit,
429 1662 608 1731 [unum
625 1658 881 1711 lenitatem
902 1697 919 1722 ,
949 1656 1078 1709 cutis
1098 1654 1482 1707 teneritudinem
1505 1695 1520 1719 ,
1543 1663 1590 1706 et
1620 1653 1714 1706 hoc
1738 1654 1793 1708 in

192 1750 366 1818 lapide
383 1790 400 1815 ,
427 1748 686 1821 cingulum
710 1733 848 1800 circa
870 1756 1041 1816 pectus
1056 1761 1264 1799 auream
1283 1746 1506 1797 tunicam
1525 1742 1788 1814 colligens,

193 1841 264 1893 ita
289 1848 345 1893 ut
381 1840 488 1892 alia
516 1838 718 1906 quidem
745 1837 1092 1902 subsiderent,
1124 1837 1228 1888 alia
1259 1835 1632 1906 subsurgerent.
1664 1833 1792 1888 Tota

195 1949 308 1990 vero
337 1937 506 2006 forma
529 1934 677 2004 cujus
714 1934 845 1988 iram
875 1934 950 1987 uel
983 1933 1254 2003 ferventem
1283 1949 1385 1986 non
1412 1933 1672 1987 sedasset?
1705 1930 1794 1986 Si-

193 2028 326 2082 milis
347 2033 488 2082 ‘enim
517 2038 623 2082 erat
643 2027 799 2083 melos
819 2028 1017 2080 canenti
1047 2041 1066 2080 :
1091 2026 1193 2079 imo
1215 2025 1465 2096 quispiam
1490 2025 1680 2078 audivit
1694 2066 1710 2089 ,
1736 2031 1792 2078 ut

191 2119 367 2185 aiunt,
389 2120 444 2172 in
482 2118 690 2172 meridie
725 2119 974 2174 citharam
1019 2117 1323 2186 pulsantem.
1372 2115 1535 2169 Aures
1580 2114 1793 2169 beatas'

194 2209 385 2264 Cantus
403 2225 522 2264 vero
541 2208 756 2279 fortasse
778 2219 884 2263 erat
908 2209 1139 2263 laudatio
1185 2216 1334 2262 terra
1354 2249 1369 2272 ,
1413 2200 1498 2261 cui
1541 2207 1606 2260 de
1636 2222 1792 2260 aureo

192 2304 378 2374 cyatho
412 2303 538 2358 mihi
565 2303 725 2357 libare
748 2303 960 2368 videtur,
989 2303 1126 2371 quod
1148 2302 1369 2370 puellam
1395 2300 1664 2355 occultarit
1699 2301 1791 2352 de-

195 2395 394 2449 hiscens
417 2436 433 2461 ,
460 2411 523 2449 ac
545 2394 731 2449 deinde
752 2411 857 2450 sese
883 2395 1206 2449 ca‘ntrahens.
1239 2394 1364 2448 Post
1389 2393 1506 2448 haec
1533 2406 1696 2463 pauca
1723 2393 1793 2448 de

195 2486 446 2542 incendio
491 2497 710 2558 questus
743 2505 758 2540 :
793 2488 1086 2552 Clamabat,
1121 2488 1332 2557 inquit,
1383 2489 1552 2540 uiator
1585 2487 1794 2556 fulgure

193 2588 486 2646 erumpente
512 2593 532 2633 :
558 2579 852 2632 turbabatur
875 2582 927 2631 in
950 2579 1064 2632 luco
1087 2576 1330 2646 Daphnes
1355 2578 1601 2648 inquilina
1624 2594 1794 2632 sacer-

194 2667 286 2722 dos
313 2667 397 2723 dei
418 2683 439 2721 .°
460 2670 802 2738 percussiones
825 2680 991 2722 autem
1019 2677 1274 2739 pectorum
1296 2710 1312 2734 ,
1339 2677 1385 2722 et
1414 2669 1636 2735 eiulatus
1661 2686 1788 2722 acu-

193 2769 274 2812 tus
298 2775 390 2827 per
412 2759 577 2813 locum
601 2759 864 2814 arboribus
899 2760 1111 2814 densum
1151 2777 1451 2830 percurrens
1471 2802 1486 2825 ,
1524 2760 1593 2814 ad
1615 2744 1790 2814 urbem

192 2863 352 2919 usque
392 2849 653 2905 uehemens
705 2860 854 2920 atque
895 2851 1166 2921 horrificus
1227 2851 1490 2922 pervadit;
1545 2851 1792 2922 principis

191 2937 372 2994 oculus
398 2949 517 2992 tunc
538 2957 770 2994 somnum
790 2957 968 3009 capere
995 2942 1240 3011 incipiens
1256 2983 1271 3007 ,
1303 2941 1372 2994 ad
1391 2941 1623 2996 acerbum
1653 2957 1789 2996 nuu-

193 3027 321 3081 tium
349 3044 378 3082 e
404 3029 530 3083 lecto
558 3032 794 3085 surrexit.
827 3030 854 3084 1
864 3031 932 3086 lle
970 3036 1142 3102 furore
1180 3034 1399 3102 percitus
1428 3033 1538 3087 alas
1567 3051 1599 3086 α
1645 3033 1788 3089 Mer-

193 3119 337 3173 curio
363 3121 501 3190 petit.
518 3120 626 3190 ipse
652 3123 719 3174 ad
740 3121 861 3175 mali
884 3123 1106 3178 radicem
1133 3124 1456 3194 quaerendam
1487 3140 1784 3194 properans,

195 3225 296 3263 non
326 3212 492 3264 minus
514 3213 650 3265 intus
674 3211 917 3280 ardebat,
945 3230 1097 3282 quam
1126 3216 1389 3285 templum.
1417 3215 1604 3271 Trabes
1634 3218 1789 3272 cade-

195 3301 314 3353 bant
337 3300 573 3355 deorsum
612 3303 778 3372 ignem
807 3308 1020 3373 ferentes
1038 3345 1054 3371 ,
1085 3321 1197 3375 qua.
1224 3307 1452 3378 proaime
1475 3309 1674 3362 stabant
1699 3310 1790 3364 ab-

195 3401 476 3456 sumentes,
531 3393 819 3462 Apollinem
863 3409 980 3448 vero
1021 3396 1222 3461 statim,
1271 3405 1443 3468 utpote
1479 3399 1566 3467 qui
1604 3417 1789 3470 parum

195 3487 404 3540 distaret
444 3504 476 3540 a
506 3490 666 3552 lecto,
700 3485 816 3538 hinc
840 3492 888 3538 et
920 3485 1026 3538 alia
1050 3497 1380 3555 ornamenta,
1427 3488 1792 3562 Musarumque

195 3589 390 3632 statuas
426 3580 495 3633 ibi
522 3592 742 3649 positas.
801 3578 1092 3648 lapillorum
1138 3580 1378 3651 fulgura,
1427 3585 1787 3639 columnarum

200 3670 644 3738 pulchritudinem.
676 3669 954 3726 Multitudo
978 3671 1307 3727 circumstans
1359 3673 1597 3744 lugebat,
1641 3693 1786 3747 apem

196 3760 332 3826 ferre
358 3777 459 3814 non
478 3760 684 3828 ualens,
736 3770 789 3815 ut
825 3760 1007 3818 accidit
1045 3763 1108 3816 iis
1128 3763 1213 3832 qui
1242 3779 1271 3817 e
1300 3771 1434 3819 terra
1462 3768 1789 3839 naufragium

197 3851 396 3917 rident,
441 3869 655 3924 quorum
705 3856 956 3909 auxilium
999 3869 1156 3909 unum
1196 3865 1270 3911 cst
1290 3896 1304 3924 ,
1355 3861 1547 3928 factum
1597 3858 1788 3931 lugere.

199 3940 344 3995 Certe
383 3959 623 4013 magnum
652 3947 927 4001 excitauere
956 3947 1144 4001 luctum
1165 3965 1227 4002 ea:
1251 3949 1476 4018 fontibus
1501 3953 1789 4008 exsilientes

199 4035 469 4105 nympha,
517 4053 757 4106 magnum
783 4035 992 4106 Jupiter
1028 4056 1185 4110 prope
1221 4035 1430 4110 sedens,
1479 4053 1537 4096 ut
1563 4061 1658 4113 par
1684 4055 1792 4099 erat

198 4127 514 4196 lubefactatis
555 4128 649 4196 filii
675 4129 946 4183 honoribus
970 4146 988 4184 :
1017 4131 1268 4202 ingentem
1294 4136 1412 4186 item
1437 4145 1788 4190 sescentorum

199 4219 486 4270 dwmonum
514 4218 567 4271 in
589 4219 700 4272 luco
739 4221 1026 4290 degentium
1055 4234 1211 4276 castus
1239 4239 1257 4277 :
1286 4239 1376 4277 nec
1413 4225 1656 4279 minorem
1713 4225 1794 4280 lu—

197 4319 336 4358 ctum
354 4308 519 4361 media
537 4325 599 4363 ea:
622 4313 743 4364 urbe
759 4310 986 4382 Calliope
1009 4315 1260 4377 excitauit,
1287 4313 1556 4370 Musarum
1569 4319 1791 4390 chorago

199 4399 318 4468 igne
342 4399 483 4453 ltesa.
512 4401 701 4456 Postea
731 4403 830 4456 sub
855 4404 1014 4458 linem
1045 4406 1120 4460 ait
1152 4423 1165 4459 :
1207 4405 1336 4460 Esto
1365 4408 1488 4461 mihi
1525 4418 1572 4462 et
1617 4426 1750 4464 nunc
1769 4453 1783 4476 ,

202 4492 388 4560 Apollo
405 4534 426 4560 ,
450 4493 652 4564 qualem
688 4505 734 4550 ts
762 4497 982 4550 reddidit
1009 4496 1224 4570 Chr-gscs
1244 4540 1260 4563 ,
1292 4503 1410 4554 dum
1455 4501 1659 4557 Achivis
1695 4504 1793 4556 int-

203 4595 511 4652 precaretur,
555 4586 632 4640 ira
650 4588 855 4653 plenum
883 4600 928 4644 et
953 4592 1087 4644 nocti
1113 4593 1363 4658 similem,
1403 4595 1522 4664 quia
1541 4611 1656 4648 cum
1684 4606 1790 4650 sto-

205 4675 284 4731 las
309 4677 331 4708 ⁸
359 4676 448 4730 tibi
476 4680 832 4746 redderemus,
860 4692 907 4735 et
954 4693 1197 4751 quantum
1249 4687 1474 4739 ablatum
1504 4690 1670 4757 fuerat
1708 4706 1792 4744 re-

204 4769 540 4834 stitueremus,
563 4782 868 4841 prcreptum
893 4785 962 4827 est
990 4776 1126 4842 quod
1150 4776 1393 4841 colimus,
1419 4793 1480 4831 ae
1508 4780 1552 4833 si
1577 4797 1795 4849 sponsus

204 4858 387 4927 uiiquis
403 4897 419 4921 ,
448 4861 570 4912 dum
596 4875 798 4914 corona
821 4874 1108 4928 nectuntur,
1136 4867 1469 4921 abscessisset.

274 4946 366 5002 ﬁl.
413 4948 538 5002 llaec
574 4949 884 5006 lamentatio
931 4954 1064 5017 fuit,
1102 4970 1195 5008 seu
1234 4960 1408 5025 potius
1452 4958 1535 5013 ha:
1567 4961 1793 5017 modicae

205 5048 327 5093 sunt
363 5040 754 5096 lamentationis
798 5055 994 5113 partes.
1039 5046 1165 5100 Mihi
1213 5064 1340 5102 vero
1380 5053 1560 5107 mirari
1611 5055 1788 5121 subit,

207 5129 474 5199 quomodo
510 5132 684 5195 in‘iis,
716 5149 832 5202 qum
877 5137 1076 5203 pudore
1119 5137 1336 5194 allicere
1382 5142 1682 5211 debebant,
1735 5161 1798 5202 se

207 5231 451 5275 ornatum
476 5239 594 5278 esse
622 5235 770 5293 putet
800 5243 812 5278 :
847 5229 1012 5283 nihilo
1038 5234 1261 5297 melius,
1281 5249 1437 5303 quam
1463 5239 1714 5293 lascivum
1743 5251 1796 5295 et

210 5315 520 5370 obscaenum
547 5317 833 5386 juvenem,
867 5323 917 5374 itt
948 5325 1169 5379 meridie
1207 5342 1327 5380 cum
1360 5329 1562 5384 cithara
1603 5332 1793 5387 luden-

211 5418 315 5460 tem
347 5407 621 5475 inducens,
652 5423 706 5464 et
733 5414 924 5467 cantici
955 5429 1323 5484 argumentum
1357 5421 1540 5477 dicens
1567 5425 1792 5479 amicam

210 5517 357 5567 esse,
391 5519 654 5574 auresque
683 5508 798 5562 illas
848 5509 1029 5564 beatas
1058 5512 1353 5581 praadicans
1375 5557 1388 5580 ,
1416 5531 1532 5585 qua:
1583 5527 1794 5589 turpem

217 5661 288 5734 ml
325 5667 428 5734 sav.
457 5667 664 5734 et'unus
695 5665 875 5734 (odor,
916 5666 1010 5717 nisi
1038 5677 1193 5731 (‘yrus
1229 5684 1335 5734 pra:
1374 5671 1667 5728 humanitate
1706 5692 1796 5729 sua

209 5720 344 5788 illum
362 5720 633 5788 dimisisset.
659 5725 779 5774 nihil
802 5720 976 5788 ipsum.
1000 5720 1095 5781 etc.

271 5785 291 5814 ¹
326 5783 426 5840 Alii,
444 5783 674 5842 uictumis,
699 5801 802 5848 pro,
821 5783 988 5842 stolas.

990 356 1080 414 οε
1118 355 1174 412 S.
1218 351 1516 418 BABYLA,
1553 347 1834 407 CONTRA
1859 345 2204 405 JULIANUM
2243 347 2335 404 ET
2372 346 2740 406 GENTILES.

3388 352 3489 409 566

1904 461 2047 516 illam
2068 461 2386 518 cantilenam
2425 462 2711 518 audierint.
2735 461 2800 516 Et
2829 460 2956 532 quid
2993 461 3207 531 quidem
3233 460 3376 516 dicat
3398 462 3492 516 ali-

1897 569 2032 623 quos
2048 569 2114 610 cx
2133 555 2217 622 iis,
2245 553 2338 626 qui
2369 554 2624 624 Daphnen
2647 564 2704 611 et
2729 554 3162 625 circumjaceutia
3190 555 3306 609 loca
3335 554 3494 608 habi-

1899 656 2042 714 tant,
2074 647 2394 720 lacrytnatos
2419 663 2571 714 esse;
2599 649 2851 718 urbisque
2885 649 3176 718 principem
3211 647 3496 709 ardentem

1899 737 2099 804 luisse,
2124 738 2366 810 nihilque
2394 725 2660 808 amplius,
2693 755 2852 810 quam
2889 738 3092 794 luctum
3125 739 3376 805 inducat,
3408 739 3502 792 nio

1900 828 1972 883 hil
2001 830 2196 884 mirum
2231 847 2246 886 :
2278 829 2422 898 quod
2445 837 2623 884 autem
2655 830 2801 899 ipsos
2838 829 2971 885 deos
3009 829 3062 885 in
3092 830 3282 886 eadem
3313 833 3498 886 consi-

1898 920 1952 972 lii
1980 920 2158 990 inopia
2189 920 2353 975 luisse
2386 920 2565 986 dicat,
2592 921 2877 992 solumque
2919 921 3060 991 apud
3087 922 3498 993 se'lacrymatos

1896 1028 2046 1077 esse;
2078 1027 2142 1068 ac
2167 1028 2341 1082 neque
2364 1012 2590 1082 Jovem,
2619 1029 2791 1083 neque
2830 1013 3138 1083 Calliopen,
3185 1029 3359 1084 neque
3389 1013 3498 1070 frc-

1898 1117 2151 1176 quentem
2191 1106 2336 1159 illam
2360 1105 2666 1161 daemonum
2693 1107 2935 1172 turbam,
2966 1122 3138 1177 neque
3169 1107 3314 1175 ipsas
3339 1121 3497 1178 nym-

1899 1195 2032 1266 phas
2060 1195 2260 1264 aliquid
2293 1205 2477 1250 contra
2509 1197 2813 1252 incendium
2862 1199 3132 1267 potuisse,
3165 1197 3259 1252 sed
3305 1212 3496 1253 omnes

1898 1289 2128 1359 ejulatus
2152 1301 2208 1344 et
2238 1290 2413 1346 luctus
2442 1290 2708 1346 excitasse
2730 1298 2935 1344 tantum
2969 1307 2983 1344 :
3015 1289 3065 1344 id
3097 1289 3337 1360 proiecto
3365 1288 3496 1344 ridi-

1897 1384 2075 1438 culum
2109 1383 2397 1438 admodum
2425 1394 2526 1438 est.
2555 1381 2707 1452 Quod
2731 1384 2892 1452 igitur
2912 1373 3168 1453 magnam
3188 1382 3519 1450 acceperint-

1899 1473 2108 1544 plagam
2155 1475 2285 1528 satis
2309 1490 2376 1529 ex
2420 1473 2528 1544 jam
2577 1474 2735 1529 dietis
2776 1473 3205 1529 demonstratum
3250 1483 3376 1529 est:
3415 1483 3497 1529 et.

1896 1565 2040 1618 enim
2069 1565 2121 1618 iu
2152 1565 2329 1620 medio
2359 1567 2546 1621 naenia:
2590 1567 2734 1636 ipsos
2759 1565 2939 1620 lethali
2965 1565 3188 1621 vulnere
3223 1564 3496 1635 perlossos

1897 1657 2199 1712 comitetur.
2249 1657 2362 1712 Non
2391 1659 2550 1728 igitur
2580 1659 2631 1712 id
2656 1661 2917 1726 patienter
2941 1656 3151 1712 tulisset
3175 1658 3490 1727 Imperator,

1898 1749 2000 1802 nisi
2030 1748 2176 1803 illum
2209 1750 2380 1818 major
2403 1758 2580 1804 metus
2603 1757 2658 1805 et
2688 1747 2916 1804 formido
2940 1757 3276 1818 occupasset.
3306 1748 3495 1803 lleslat

1895 1837 2110 1893 demum
2135 1849 2190 1893 ut
2211 1839 2560 1895 ostendamus
2587 1854 2691 1908 qua
2721 1840 2789 1894 de
2815 1854 2976 1894 causa
3005 1839 3142 1894 Deus
3169 1839 3303 1892 iram
3342 1853 3512 1909 suam:

1897 1930 1950 1984 in
1972 1929 2350 2002 imperatorem
2395 1947 2503 1985 non
2536 1931 2846 1998 immiserit,
2871 1931 2964 1986 sed
2995 1931 3048 1985 in
3074 1932 3409 1997 daemonem,
3441 1940 3498 1986 et

1896 2039 1994 2078 cur
2019 2023 2155 2093 ignis
2191 2039 2298 2078 non
2328 2031 2494 2078 totum
2520 2024 2774 2094 templum
2801 2024 3196 2093 absumpserit,
3223 2023 3319 2078 sed
3348 2037 3497 2079 com-

1895 2117 2053 2172 busto
2096 2125 2237 2172 tecto
2278 2117 2439 2172 etiam
2485 2116 2683 2171 idolum
2714 2115 3083 2186 prostraverit.
3137 2115 3327 2186 Neque
3350 2114 3494 2170 enim

1897 2215 2100 2263 temere
2125 2217 2179 2262 et
2205 2207 2321 2263 sine
2344 2222 2503 2262 causa
2532 2208 2648 2261 haec
2673 2205 2812 2261 facta
2838 2217 3003 2272 sunt,
3037 2206 3130 2261 sed
3153 2222 3220 2260 ex
3251 2206 3344 2262 Dei
3371 2221 3497 2275 erga

1895 2311 2140 2356 errantes
2165 2300 2448 2356 clementia
2480 2301 2661 2355 omnia
2698 2309 2845 2371 gesta
2879 2299 3048 2374 luere.
3078 2299 3177 2368 Qui
3205 2300 3349 2354 enim
3379 2316 3498 2354 om-

1897 2394 1984 2448 nia
2016 2394 2164 2448 novit
2188 2403 2472 2465 antequam
2514 2392 2644 2448 liant
2662 2434 2678 2458 ,
2703 2402 2758 2448 et
2785 2391 2889 2448 hoc
2913 2407 3035 2446 cum
3081 2393 3199 2446 aliis
3226 2402 3450 2447 noverat
3479 2410 3494 2447 :

1895 2485 2099 2541 scilicet
2123 2485 2166 2541 si
2211 2485 2408 2540 fulmen
2448 2485 2498 2538 in
2527 2485 2911 2563 Imperatorem
2941 2484 3241 2540 immissum
3271 2483 3495 2550 fuisset,

1895 2578 1983 2647 qui
2037 2588 2330 2647 pratscntes
2357 2575 2583 2632 fuissent
2607 2592 2671 2632 ac
2699 2577 2996 2642 vidissent,
3037 2577 3104 2631 ad
3150 2585 3360 2648 tempus
3402 2591 3498 2632 ex-

1895 2668 2068 2722 territi
2099 2679 2312 2736 essent,
2343 2669 2580 2722 secundo
2605 2679 2782 2723 autem
2813 2668 2894 2723 vel
2927 2669 3094 2723 tertio
3113 2676 3328 2738 peracto
3351 2683 3495 2723 anno

1895 2761 2019 2815 tacti
2050 2761 2308 2816 memoria
2341 2761 2623 2830 periisset,
2674 2761 2935 2831 multique
2977 2759 3144 2817 futuri
3184 2770 3377 2827 erant,
3404 2762 3496 2831 qui

1897 2853 2158 2907 miraculo
2183 2867 2290 2906 non
2321 2853 2624 2908 crederent.
2657 2852 2748 2908 Sin
2776 2867 2907 2907 vero
2935 2852 3193 2921 templum
3224 2843 3496 2906 ﬂammam

1895 2946 2194 3015 reciperet,
2239 2946 2388 3000 omni
2427 2961 2676 3015 praecone
2705 2945 3076 3012 claribs,_nou
3109 2945 3175 2999 iis
3205 2944 3376 2999 solum
3403 2944 3495 3014 qui

1895 3045 2024 3092 tunc
2051 3045 2236 3100 erant,
2277 3036 2375 3092 sed
2425 3038 2587 3093 etiam
2616 3037 2858 3108 posteris
2887 3036 3137 3092 omnibus
3176 3035 3309 3090 iram
3340 3050 3492 3090 suam

1896 3128 2306 3184 denuntiaturus
2349 3136 2468 3183 erat
2503 3129 2646 3182 Deus
2677 3145 2691 3180 :
2722 3127 2795 3181 ita
2827 3135 2888 3182 ut
2923 3127 2970 3181 si
3008 3127 3097 3197 qui
3126 3142 3242 3182 rem
3284 3136 3494 3197 gestant

1896 3222 2098 3276 vellent
2124 3220 2464 3292 impudenter
2484 3221 2791 3288 occultare,
2815 3221 2880 3275 iis
2903 3220 3080 3275 omnis
3107 3221 3320 3276 occasio
3351 3236 3494 3290 prin-

1894 3313 2184 3370 cideretur.
2214 3314 2466 3385 Quisquis
2505 3330 2648 3369 enim
2689 3314 2867 3368 locum
2899 3315 3059 3383 petit,
3090 3314 3171 3370 sic
3207 3315 3387 3369 animo
3410 3314 3494 3368 af-

1898 3404 2091 3471 ﬁcitur,
2130 3419 2194 3460 ac
2214 3404 2260 3459 si
2288 3404 2593 3459 incendium
2624 3419 2796 3476 nuper
2820 3405 3141 3469 accidisset,
3172 3415 3335 3475 atque
3365 3403 3494 3459 hor-

1896 3509 1988 3548 ror
2011 3494 2225 3564 quidam
2270 3495 2443 3564 ipsum
2488 3495 2720 3561 invadit,
2772 3503 2829 3549 et
2852 3494 2918 3549 ad
2958 3496 3150 3550 cadum
3199 3495 3497 3565 respiciens

1895 3587 2072 3641 statim
2119 3589 2357 3642 celebrat
2397 3588 2648 3642 virtutem
2678 3587 2830 3658 ejus,
2872 3588 2964 3658 qui
3017 3587 3204 3644 istluec
3243 3598 3497 3658 operatus

1895 3685 2008 3731 est.
2029 3675 2099 3732 Ut
2142 3679 2285 3732 enim
2315 3679 2360 3732 si
2388 3679 2506 3748 quis
2528 3679 2838 3749 praedonum
2887 3679 3146 3750 principis
3198 3689 3410 3735 antrum
3439 3690 3498 3736 et

1897 3769 2176 3824 latibulum
2222 3770 2590 3842 perfringens,
2623 3771 2859 3827 vinctum
2891 3772 3041 3826 illum
3085 3771 3361 3840 eduxerit,
3407 3772 3494 3828 di-

1897 3863 2169 3936 reptisque
2197 3864 2313 3934 ejus
2339 3862 2678 3920 facultatibus
2697 3906 2714 3930 ,
2742 3862 2919 3920 locum
2946 3865 3220 3935 reliquerit
3250 3874 3494 3935 recepta.-

1896 3955 2076 4010 culum
2107 3953 2338 4010 terarum
2370 3965 2424 4010 ct
2453 3955 2903 4022 monedularum;
2935 3955 3132 4011 deinde
3161 3971 3321 4023 vero,
3350 3959 3496 4027 quis.

1897 4048 2017 4119 quis
2059 4048 2112 4103 iu
2159 4047 2462 4118 huiusmodi
2499 4047 2780 4102 latibulum
2821 4049 3063 4112 venerit,
3107 4050 3288 4103 statim
3335 4058 3497 4118 atque

1899 4142 2074 4196 locum
2102 4141 2282 4210 videt,
2315 4141 2562 4196 incursus
2589 4153 2645 4197 et
2669 4140 2807 4197 furta
2839 4142 3014 4197 locum
3045 4143 3192 4211 prius
3216 4142 3497 4198 incolentis

1898 4232 1999 4286 sibi
2051 4232 2233 4287 animo
2277 4231 2552 4302 depingit:
2587 4233 2658 4288 ita
2684 4241 2742 4286 et
2781 4231 2870 4287 hic
2895 4248 2992 4286 usu
3036 4233 3200 4288 venit.
3247 4232 3500 4304 Quisquis

1898 4323 2043 4378 enim
2073 4325 2348 4379 columnas
2381 4323 2567 4393 procul
2586 4324 2845 4394 conspicit
2866 4363 2882 4390 ,
2909 4323 3281 4395 accedensque
3311 4334 3494 4395 postea

1890 4416 2060 4470 limen
2085 4415 2493 4486 transgreditur,
2525 4415 2788 4471 daemonis
2815 4416 3272 4472 abominatioucm
3315 4418 3498 4473 animo

1900 4507 2001 4562 sibi
2029 4507 2268 4578 depingit
2290 4550 2306 4573 ,
2337 4507 2596 4564 fallaciam
2624 4508 2751 4562 item
2778 4516 2832 4562 et
2854 4507 3074 4563 insidias
3108 4527 3122 4563 :
3154 4519 3314 4579 atque
3361 4510 3495 4564 iram

1899 4600 2259 4668 virtutemque
2299 4599 2392 4652 Dei
2421 4603 2642 4653 miratus
2667 4598 2926 4654 abscedit.
2955 4599 3046 4655 Sic
3068 4600 3208 4670 quod
3239 4600 3384 4668 prius
3408 4614 3499 4653 er-

1900 4690 2040 4744 roris
2072 4699 2127 4745 et
2151 4689 2498 4760 blasphemiae
2530 4689 2891 4745 habitaculum
2921 4689 3128 4758 luerat,
3158 4708 3299 4746 nunc
3325 4692 3498 4746 laudis

1899 4781 2244 4836 decantandae
2265 4793 2643 4851 argumentum
2672 4789 2756 4838 est
2787 4799 2798 4835 :
2828 4792 2971 4837 tanta
3002 4783 3144 4838 Deus
3175 4794 3358 4838 noster
3384 4800 3498 4838 ma-

1898 4872 2151 4927 chinandi
2180 4882 2296 4928 arte
2316 4873 2483 4926 valet.
2502 4871 2570 4926 Et
2590 4873 2860 4928 mirabilia
2879 4872 3181 4942 ltujusmodi
3213 4891 3318 4929 nuit
3351 4891 3495 4928 nunc

1899 4965 2132 5033 primum
2151 5007 2165 5029 ,
2189 4965 2282 5020 sed
2299 4965 2408 5035 jam
2431 4965 2561 5020 olim
2582 4981 2612 5019 a
2642 4966 3352 5036 prioribusgencrationibus
3371 4983 3500 5039 0pc-

1900 5066 2067 5111 ratur.
2094 5056 2282 5112 Omnia
2316 5073 2477 5127 porro
2504 5073 2786 5114 recensere
2814 5075 2920 5112 nou
2943 5069 3026 5113 est
3054 5061 3334 5129 prmsentis
3367 5071 3500 5116 tem-

1900 5153 2216 5220 poris;rem
2255 5161 2428 5205 tamen
2472 5153 2908 5206 commemorabo
2940 5151 3062 5206 huic
3086 5152 3306 5206 omnino
3349 5153 3498 5208 simi-

1900 5245 2024 5297 lem.
2051 5245 2197 5298 Bello
2228 5246 2354 5297 oliui
2393 5246 2445 5298 in
2469 5245 2749 5298 Palatstina
2795 5246 3015 5300 suborto
3043 5247 3181 5300 inter
3209 5245 3426 5302 Judzl‘os
3449 5259 3502 5302 ct

1899 5335 2156 5406 quosdam
2211 5336 2568 5405 alienigenas,
2606 5337 2831 5390 victoria
2877 5337 3029 5406 potiti
3081 5337 3262 5392 hostes
3289 5349 3500 5407 captam

1904 5428 1994 5480 Dei
2022 5442 2200 5480 arcam
2236 5429 2312 5498 (ἱ.
2337 5425 2446 5495 Reg
2496 5426 2548 5480 5.
2575 5427 2633 5495 Ξ)
2654 5468 2668 5491 ,
2711 5427 2860 5497 quasi
2909 5429 3187 5482 manubias
3218 5439 3269 5483 ct
3297 5430 3501 5498 spolia,

1900 5519 2108 5572 cuidam
2141 5519 2285 5573 idolo
2307 5530 2725 5584 consecrarunt,
2769 5521 2856 5575 cui
2905 5536 3100 5575 nomen
3138 5522 3316 5589 Dagon
3365 5534 3501 5575 erat.

1903 5612 2000 5666 ωε
2031 5623 2207 5666 autem
2238 5615 2464 5682 primum
2517 5613 2730 5668 inducta
2763 5613 2859 5668 luit
2889 5629 3011 5668 arca
3043 5657 3058 5676 ,
3101 5624 3273 5667 statua
3306 5613 3504 5670 decidit

1903 5714 1956 5756 ιιι
1991 5712 2254 5773 prostrata
2278 5704 2508 5772 jacebat.
2549 5703 2616 5759 Ut
2644 5714 2819 5758 autem
2851 5721 2915 5758 ex
2971 5705 3072 5759 hoc
3096 5720 3222 5760 casu
3257 5706 3346 5760 Dei
3395 5708 3496 5758 vir-

1906 5807 2071 5852 tutem
2121 5812 2225 5851 non
2253 5796 2661 5866 intellexerunt,
2702 5795 2799 5853 sed
2840 5806 3072 5853 erectam
3126 5815 3311 5854 rursus
3361 5799 3501 5852 illam
