4082 6440
581 327 680 384 567

582 442 632 493 in
662 438 774 492 basi
801 451 894 490 sua
928 433 1288 497 collocarunt,
1312 430 1564 500 postridie
1585 439 1683 484 sub
1712 443 1916 482 aurora:
1943 435 2150 493 tempus

582 529 927 591 accedentes,
960 538 1063 578 non
1111 523 1293 587 solum.
1327 522 1594 590 delapsam
1616 564 1629 586 ,
1659 521 1751 574 scd
1798 519 2005 588 penitus
2050 516 2156 570 fra-

586 629 721 672 ctam
745 623 1075 684 repererunt.
1107 613 1237 667 Nam
1265 613 1462 666 avulsae
1490 625 1679 663 manus
1703 610 1770 662 ab
1794 609 2061 672 humeris,
2089 606 2153 660 ad

585 710 742 762 limen
773 706 954 775 templi
997 720 1120 760 cum
1158 704 1374 773 pedibus
1416 701 1757 764 exsilieratu,
1787 701 1986 769 reliqua
2034 715 2156 768 pars

583 807 768 852 statua:
809 796 1012 850 divulsa
1060 796 1182 849 alibi
1219 802 1430 863 reperta
1485 801 1586 847 est.
1635 791 1984 846 Sodomorum
2030 791 2154 844 item

586 888 744 943 tellus
762 929 778 953 ,
804 896 863 941 ut
884 901 1046 954 parva
1076 887 1280 954 magnis
1308 883 1641 938 conferamus
1659 923 1673 946 ,
1707 881 1826 935 ideo
1851 895 1970 934 cum
2006 880 2155 934 habi-

584 977 840 1032 tatur-ibus
869 977 988 1046 igne
1018 985 1287 1044 assumpta
1321 975 1475 1042 periit
1503 973 1650 1042 (Gen.
1685 971 1772 1042 f9)
1800 1013 1814 1036 ,
1870 969 2161 1024 infructuo-

585 1082 747 1136 saque
778 1065 1002 1128 mansit,
1039 1073 1096 1119 ut
1139 1079 1242 1118 non
1276 1062 1436 1118 modo
1465 1063 1607 1116 illius
1631 1062 1728 1116 :evi
1762 1061 2034 1126 homines,
2064 1060 2158 1114 sed

590 1168 708 1226 post
729 1158 887 1213 futuri
913 1171 1100 1212 omnes
1129 1173 1159 1210 a
1188 1158 1317 1211 locis
1361 1156 1489 1224 ipsis
1531 1155 1596 1208 ad
1641 1155 1912 1208 meliorem
1958 1154 2158 1222 frugem

588 1250 984 1304 reducerentur.
1013 1249 1069 1304 Si
1112 1250 1252 1304 enim
1297 1248 1535 1301 homines
1562 1256 1762 1301 tantum
1793 1228 1925 1301 ultio
1957 1246 2160 1312 attigis-

589 1349 703 1405 set,
734 1340 928 1395 factum
971 1349 1154 1410 postea
1197 1355 1303 1394 non
1340 1338 1597 1393 creditum
1630 1337 1834 1394 fuisset.
1865 1338 1986 1392 Ideo
2013 1337 2163 1391 locus

590 1435 795 1501 p!agam
827 1432 1052 1501 accipit,
1083 1433 1171 1501 qui
1219 1441 1391 1501 potest
1420 1442 1659 1500 tempore
1686 1445 1788 1485 non
1817 1428 2018 1495 deleri,
2050 1431 2162 1484 sin-

589 1523 844 1589 gulasque
895 1522 1263 1588 generationes
1315 1518 1756 1586 commonefacit,
1811 1519 1926 1589 lege
1974 1534 2165 1589 nempe

588 1618 840 1663 statutum
881 1625 1033 1676 esse,
1064 1619 1120 1664 ut
1170 1610 1258 1679 qui
1306 1610 1425 1663 talia
1474 1619 1668 1678 agant,
1699 1609 1824 1663 talia
1865 1610 2161 1678 patiantur;

590 1699 797 1753 e:iamsi
842 1714 949 1754 non
997 1701 1176 1755 statim
1223 1714 1403 1770 ptenas
1440 1705 1614 1767 luant,
1645 1708 1700 1754 ut
1743 1699 1797 1753 in
1829 1699 1930 1753 hoc
1970 1700 2166 1769 templo

590 1791 827 1861 contigit.
858 1791 998 1844 Ecc'e
1045 1791 1274 1860 namque
1300 1790 1582 1859 vigesimus
1625 1805 1794 1844 annus
1812 1805 1876 1844 ex
1907 1790 1998 1843 illo
2028 1801 2164 1845 tem-

594 1898 722 1951 pore
759 1885 929 1954 agitur
959 1883 1034 1957 (a)
1058 1925 1072 1948 ,
1101 1900 1199 1939 nec
1242 1893 1416 1939 tamen
1469 1883 1679 1940 aedilicii
1720 1886 1788 1940 ab
1837 1886 1957 1956 igne
1998 1886 2168 1941 relicti

595 1988 716 2041 pars
760 1974 862 2028 ulla
905 1976 1089 2042 periit,
1133 1974 1228 2029 sed
1256 1991 1371 2045 qua:
1413 1985 1589 2045 partes
1634 1962 1805 2046 ignem
1833 1977 2166 2047 effugerunt,

593 2078 671 2116 ere
693 2063 915 2118 firmiter
939 2072 1080 2118 stant
1108 2072 1273 2134 usque
1305 2064 1439 2120 adeo
1465 2066 1652 2120 validae
1671 2107 1684 2129 ,
1710 2077 1769 2125 ut
1795 2076 1845 2121 et
1872 2078 2084 2123 centum
2116 2079 2171 2122 et

596 2153 674 2207 bis
705 2153 882 2220 plures
904 2196 918 2220 ,
950 2154 1138 2223 bisque
1160 2169 1368 2209 rursum
1399 2155 1555 2224 longe
1582 2156 1757 2224 plures
1786 2172 1952 2212 annos
1977 2158 2171 2214 durare

595 2245 815 2310 possint.
850 2243 1055 2314 Ecquid
1079 2246 1272 2300 mirum
1295 2247 1340 2300 si
1367 2261 1436 2301 ex
1464 2247 1726 2302 columnis
1748 2249 1886 2301 nulla
1917 2249 1983 2303 ab
2004 2251 2168 2305 altera

597 2333 776 2387 avulsa
805 2334 870 2387 ad
901 2335 1070 2389 solum
1100 2335 1389 2391 deciderit?
1414 2336 1790 2392 Columnarum
1819 2339 1961 2393 enim
1987 2355 2169 2394 earum

595 2438 714 2491 quae
743 2423 807 2477 ad
835 2427 1181 2493 posteriorem
1209 2425 1391 2495 templi
1409 2435 1610 2496 partem
1635 2437 1817 2487 erant.
1843 2444 1942 2482 una
1968 2437 2170 2483 tantum

595 2515 791 2579 fracta,
816 2531 882 2572 ne
907 2531 966 2570 ea
999 2516 1213 2586 quidem
1235 2520 1466 2587 corruit,
1495 2520 1587 2574 sed
1614 2535 1644 2574 a
1685 2534 1777 2574 sua
1806 2522 1918 2576 basi
1948 2533 2088 2577 mota
2119 2534 2172 2577 et

592 2606 661 2660 ad
686 2622 892 2661 murum
923 2609 1176 2664 reclinata
1205 2612 1433 2678 mansit,
1466 2612 1688 2682 ejusque
1720 2629 1842 2682 pars
1861 2614 1930 2668 ab
1954 2615 2060 2670 imo
2081 2631 2144 2671 us

596 2715 700 2768 que
729 2699 795 2753 ad
825 2698 1108 2756 fracturam
1147 2702 1360 2772 oblique
1403 2718 1556 2758 muro
1599 2705 1816 2771 nititur;
1869 2720 1901 2760 ι
1948 2705 2172 2761 fractura

595 2803 725 2844 vero
769 2805 936 2858 usque
979 2791 1043 2844 ad
1087 2793 1388 2859 capitellmn
1436 2793 1620 2863 supina
1640 2805 1791 2860 .stat,
1825 2796 1891 2849 ab
1935 2797 2172 2852 inferiori

599 2889 746 2948 parte
771 2880 1003 2934 suffulta.
1031 2881 1358 2951 Quamquam
1386 2872 1561 2938 autem
1583 2895 1637 2939 et
1661 2886 1802 2940 venti
1829 2887 2176 2943 vehementer

597 2973 926 3043 ingruerint,
961 2985 1120 3031 terra:
1161 2989 1336 3033 motus
1381 2981 1712 3047 acciderint,
1745 2991 1798 3037 et
1847 2991 1988 3037 terra
2042 3000 2174 3038 cono

595 3079 749 3118 cassa
779 3063 967 3130 fuerit,
1002 3068 1229 3122 flamma:
1256 3071 1492 3139 reliquiae
1534 3086 1638 3125 non
1667 3083 1855 3126 amota:
1893 3084 2048 3139 sunt;
2081 3075 2173 3128 sed

595 3165 854 3212 steterunt
897 3160 1277 3229 propemodum
1311 3161 1727 3229 clamantes,.se
1751 3162 1815 3218 ad
1842 3173 2174 3234 posterorum

596 3246 1021 3305 emendationem
1044 3262 1286 3307 servatas
1307 3269 1448 3308 esse.

665 3339 753 3394 22.
779 3341 841 3394 Et
860 3342 1072 3410 quidem
1102 3344 1239 3412 quod
1268 3345 1521 3414 templum
1545 3362 1648 3400 non
1677 3345 1909 3402 funditus
1936 3349 2171 3404 dirutum

598 3429 785 3494 fuerit,
814 3430 952 3486 hanc
995 3447 1209 3487 causam
1239 3434 1416 3490 dicere
1443 3437 1615 3504 possis
1645 3455 1657 3490 :
1687 3439 1830 3507 quod
1857 3447 2031 3493 autem
2065 3441 2167 3494 ful-

599 3537 720 3574 men
765 3520 1143 3590 Imperatorem
1174 3539 1278 3578 non
1304 3527 1572 3595 attigerit,
1616 3527 1834 3580 alteram
1885 3543 2100 3584 causam
2131 3531 2175 3584 si

595 3627 805 3681 quarras
834 3615 1068 3681 reperies
1091 3655 1107 3678 ,
1150 3630 1212 3669 ex
1241 3617 1428 3671 eodem
1476 3617 1590 3686 ipso
1628 3619 1964 3688 benignitatis
1991 3607 2174 3676 et’cle-

596 3705 809 3758 mentis:
837 3704 1031 3758 Christi
1064 3705 1204 3761 fonte
1229 3717 1552 3763 manantem.
1583 3709 1708 3764 Ideo
1741 3711 1882 3765 enim
1911 3712 2082 3780 ignem
2108 3729 2174 3767 ex

598 3796 932 3865 imperatoris
958 3799 1128 3866 capite
1152 3799 1375 3865 avertit,
1407 3799 1457 3853 in
1499 3801 1778 3871 ipsumque
1812 3812 2003 3856 tectum
2024 3805 2175 3870 jacu—

595 3887 736 3940 latus
754 3897 864 3947 est,
901 3898 957 3940 ut
992 3888 1179 3942 alienis
1210 3889 1594 3945 calamitatibus
1625 3891 1846 3945 edoctus
1889 3892 2175 3961 repositam

595 3979 693 4059 sibi
725 3994 930 4046 poenam
956 3979 1229 4049 effugeret,
1263 3990 1494 4035 mutatus
1521 3990 1576 4037 et
1594 3982 1661 4036 ab
1689 3997 1874 4037 errore
1902 3983 2174 4037 liberatus.

595 4067 776 4137 Neque
803 4069 905 4123 hoc
947 4071 1118 4123 solum
1144 4110 1160 4136 ,
1215 4087 1386 4140 neque
1429 4073 1654 4140 primum
1703 4074 1931 4141 propria:
1970 4073 2178 4127 virtutis

596 4162 802 4228 signum
832 4162 878 4215 ei
907 4161 1050 4216 dedit
1076 4162 1319 4217 Christus
1339 4203 1353 4227 ,
1384 4163 1477 4218 sed
1521 4172 1576 4218 et
1616 4165 1717 4218 alia
1756 4167 1919 4219 multa
1961 4165 2043 4220 his
2070 4181 2173 4220 non

598 4250 822 4305 minora.
863 4251 996 4305 Nam
1022 4261 1074 4306 et
1102 4263 1319 4322 patruus
1342 4254 1458 4322 ejus
1483 4264 1536 4309 et
1564 4264 1798 4324 quaestor
1817 4257 2035 4311 aerarius
2056 4297 2070 4323 ,
2099 4258 2178 4312 sic

597 4343 756 4396 ambo
778 4342 886 4396 vita
925 4342 1086 4398 functi
1115 4353 1271 4410 sunt;
1319 4345 1384 4398 ad
1421 4345 1538 4400 haec
1579 4347 1744 4401 fames
1771 4363 1870 4401 una
1902 4364 2019 4403 cum
2059 4349 2202 4418 ipso

597 4433 779 4487 urbem
805 4435 1076 4501 invadens,
1113 4452 1372 4505 aquarum
1399 4454 1611 4508 quoque
1641 4441 1856 4507 penuria
1886 4457 2170 4510 numquam

596 4534 717 4578 ante
746 4526 885 4590 visa,
929 4543 1085 4596 qnam
1114 4528 1179 4582 ab
1206 4543 1270 4583 eo
1300 4530 1556 4583 sacriﬁcia
1596 4530 1830 4586 fontibus
1864 4532 1999 4588 facta
2040 4533 2172 4588 fuis-

596 4625 715 4670 sent
741 4659 758 4682 ,
787 4619 994 4687 aliaque
1023 4619 1184 4699 multa
1205 4661 1220 4687 ,
1267 4623 1384 4699 sive,
1407 4621 1455 4676 in
1483 4625 1713 4678 exercitu
1742 4626 1852 4678 sive
1882 4624 1932 4679 in
1958 4626 2174 4684 urbibus

595 4706 908 4786 accidentia,
939 4697 1234 4776 potuissent
1256 4711 1340 4765 vel
1371 4697 1637 4782 lapideum
1668 4715 1901 4768 animum
1935 4715 2168 4782 ﬂectere,

600 4811 700 4850 non
729 4797 1060 4853 multitudine
1107 4807 1339 4864 tantum,
1392 4817 1563 4871 neque
1605 4804 1744 4872 quod
1794 4805 1970 4858 omnia
2017 4805 2174 4860 simul

598 4886 831 4940 facinora
857 4889 1033 4940 statim
1063 4891 1448 4958 sequerentur,
1498 4901 1553 4944 ut
1591 4893 1860 4961 quondam
1891 4893 2170 4964 Egyptio-

596 4993 713 5031 rum
744 4979 883 5048 regis
911 4991 1147 5049 tempore
1170 5001 1184 5046 ς
1229 4981 1321 5036 sed
1343 4983 1501 5036 etiam
1532 4984 1670 5053 quod
1698 4999 1794 5054 per
1818 5000 1875 5038 se
1902 4985 2020 5038 talia
2049 4964 2177 5040 ede-

595 5080 779 5124 rentur
805 5071 1078 5137 miracula,
1105 5081 1161 5126 ut
1179 5073 1318 5126 aliud
1339 5073 1444 5127 alio
1472 5089 1574 5128 non
1598 5083 1777 5143 egeret
1795 5075 1861 5127 ad
1883 5075 2172 5131 videntium

592 5161 1039 5228 conversionem,
1070 5165 1162 5218 sed
1204 5165 1408 5233 singula
1446 5180 1510 5217 ex
1555 5181 1613 5219 se
1643 5166 1707 5218 ad
1741 5166 1791 5220 id
1821 5169 2175 5235 peragendum

593 5256 720 5306 satis
754 5261 955 5333 essent.
1000 5253 1129 5307 Nam
1172 5265 1227 5308 ut
1255 5264 1445 5309 caetera
1473 5255 1714 5309 omittam
1730 5277 1750 5320 -,
1798 5272 1954 5326 quem
1997 5259 2078 5313 vel
2111 5275 2175 5313 ex

593 5343 880 5398 admodum
907 5345 1130 5414 stupidis
1154 5361 1258 5399 non
1287 5345 1632 5400 deterruisset
1651 5346 1792 5416 quod
1817 5348 1956 5402 circa
1980 5351 2176 5404 veteris

595 5436 1024 5508 Jerosolymitani
1071 5438 1252 5504 templi
1297 5438 1632 5492 fundamenta
1670 5437 1959 5492 exhibitum
1997 5449 2076 5494 est
2103 5440 2174 5494 si-

598 5530 803 5596 gnum?
846 5530 1107 5597 Quidnam
1160 5529 1287 5585 illud
1319 5530 1476 5585 crat?
1524 5530 1659 5606 Cum
1689 5528 1890 5586 videret
1924 5541 2175 5602 tyrannus

659 5726 731 5781 (α)
766 5731 922 5773 Annus
948 5732 1208 5788 vigesunus
1225 5737 1250 5774 a
1265 5725 1448 5776 Juliano
1465 5725 1776 5790 imperatore.

1285 317 1325 371 ς
1380 314 1658 374 JOANNIS
1692 309 2160 371 CHRYSOSTOMI
2189 306 2500 363 ARClllEP.
2533 293 3059 360 CONSTANTINOP.

3729 283 3851 340 583

2265 423 2316 476 in
2348 431 2452 475 tota
2479 435 2572 473 sua
2615 418 2813 473 ditione
2854 415 3098 470 diffusam
3138 409 3331 467 Christi
3373 407 3528 462 fidem
3561 448 3576 469 ,
3622 405 3856 474 jamque

2263 511 2539 565 Persarum
2569 508 2699 562 fines
2729 513 3101 574 occupantem,
3133 503 3460 567 aliorumque
3488 496 3849 551 remotiomm

2262 601 2642 663 barbarorum,
2695 611 3006 662 rursumque
3056 594 3190 646 ultra
3235 607 3325 644 eos
3370 599 3744 657 progressam.
3776 595 3853 633 ac

2264 701 2470 756 totum,
2505 700 2558 744 ut
2587 690 2656 743 ita
2684 688 2854 742 dicam
2884 727 2899 750 ,
2933 686 3119 740 orbem
3143 688 3487 748 occupantem
3520 694 3533 730 :
3567 673 3854 731 cruciaba-

2265 793 2352 837 tur
2373 785 2550 837 animo
2575 792 2625 836 et
2645 781 2952 849 angebatur,
2982 776 3343 843 Ecclesiisque
3366 772 3562 825 bellum
3586 768 3815 840 parabat
3840 809 3857 820 .

2265 879 2541 947 ignorabat
2563 887 2736 929 autem
2752 872 2930 926 infelix
2946 887 3004 925 se
3032 879 3216 924 contra
3236 866 3506 921 stimulum
3536 863 3850 918 calcitrare.

2265 971 2342 1023 Ac
2368 969 2539 1038 primo
2570 949 2780 1035 quidem
2820 961 3321 1031 Jerosolytnitanum
3362 956 3662 1025 templum,
3707 965 3833 1022 quo-

2265 1060 2502 1115 funditns
2529 1057 2726 1113 Christi
2748 1058 2913 1109 virtus
2929 1055 3178 1117 diruerat,
3207 1061 3503 1105 restaurare
3527 1049 3858 1106 conabatur,

2266 1154 2580 1223 gentilisque
2611 1150 2772 1202 homo
2792 1163 2878 1202 res
2905 1147 3210 1201 Judteorum
3245 1140 3558 1212 procurabat
3586 1181 3602 1204 ,
3633 1137 3861 1190 virtutis

2268 1243 2460 1298 Christi
2492 1241 2781 1311 periculum
2813 1237 2934 1292 inde
2980 1236 3155 1290 facere
3183 1234 3363 1288 volens
3389 1249 3402 1297 ;
3448 1239 3502 1284 et
3540 1230 3732 1282 accitis
3759 1227 3822 1280 ,ιιι
3849 1257 3866 1264 -

2267 1335 2396 1390 dacis
2420 1333 2753 1404 quibusdam,
2774 1331 2941 1399 iisque
2957 1328 3256 1382 sacrificare
3276 1323 3598 1396 jussis(nam
3623 1322 3867 1390 majores

2268 1442 2450 1481 eorum
2479 1425 2688 1479 dicebat
2732 1425 2834 1476 hoc
2871 1420 3046 1474 cultus
3092 1432 3287 1488 genere
3333 1430 3456 1468 usos
3503 1411 3688 1482 esse),
3736 1427 3865 1465 eum

2268 1519 2436 1574 Judaei
2467 1534 2534 1573 eo
2557 1517 2939 1585 confugerent,
2973 1521 3030 1566 ut
3061 1526 3166 1566 non
3209 1509 3287 1564 fas
3315 1523 3434 1563 esse
3459 1508 3559 1561 sibi
3592 1507 3700 1560 dice
3720 1516 3861 1568 rent,

2272 1610 2470 1678 templo
2512 1609 2688 1661 diruto
2725 1616 2873 1661 extra
2919 1613 3153 1658 veterem
3199 1600 3514 1669 metropolin
3549 1598 3603 1652 id
3654 1600 3862 1660 facere,

2267 1701 2416 1771 jubet
2441 1699 2690 1768 pecunias
2720 1713 2785 1751 ex
2826 1694 3166 1763 imperatorio
3203 1692 3394 1746 errario
3419 1689 3666 1758 accipere
3686 1729 3702 1752 ,
3735 1700 3870 1739 nec-

2273 1808 2378 1847 non
2413 1793 2514 1845 alia
2543 1790 2717 1845 omnia
2759 1789 2825 1843 ad
2860 1796 3182 1842 structuram
3227 1783 3524 1839 necessaria
3546 1824 3560 1846 ,
3605 1782 3873 1849 abireque

2273 1883 2626 1938 instauratum
2655 1878 2908 1948 templum
2934 1918 2948 1943 ,
2976 1890 3039 1931 ac
3066 1888 3298 1930 veterem
3330 1873 3719 1928 sacrificiorum
3751 1886 3873 1925 mo-

2273 1989 2386 2028 rem
2427 1973 2729 2041 repetitum.
2773 1970 2908 2029 Tum
2936 1970 3082 2023 stulti
3115 1969 3188 2026 illi
3213 2007 3229 2033 ,
3266 1967 3333 2020 ab
3361 1974 3508 2020 utero
3537 1975 3787 2018 errantes
3813 1973 3876 2017 et

2273 2063 2340 2120 ad
2366 2078 2529 2118 canos
2567 2078 2736 2132 usque
2779 2061 2963 2131 puerili
2990 2068 3207 2128 egentes
3253 2058 3583 2112 institutione
3608 2097 3624 2120 ,
3662 2055 3877 2108 disces-

2275 2163 2493 2220 serunt,
2540 2162 2600 2206 ut
2647 2153 2970 2222 lmperatore
3010 2150 3220 2205 favente
3254 2164 3366 2204 rem
3404 2155 3772 2218 peragerent:
3807 2160 3878 2200 ac

2274 2247 2451 2303 statim
2475 2256 2631 2316 atque
2660 2246 2879 2301 humum
2911 2259 3132 2315 egerere
3161 2243 3480 2311 coepissent,
3512 2241 3654 2311 ignis
3681 2254 3713 2294 e
3741 2239 3876 2292 fun-

2275 2337 2535 2392 damentis
2563 2336 2814 2392 exsiliens
2843 2350 2935 2391 eos
2964 2335 3140 2390 statim
3171 2333 3520 2400 consumpsit.
3563 2331 3658 2384 His
3689 2330 3876 2397 lmpe-

2275 2429 2440 2484 ratori
2467 2428 2720 2482 nuntiatis
2747 2442 2853 2481 non
2880 2426 3020 2480 ultra
3065 2440 3177 2478 rem
3225 2437 3539 2492 promovere
3565 2435 3734 2474 ausus
3765 2428 3877 2484 est,

2276 2535 2422 2576 metu
2472 2520 2675 2574 scilicet
2729 2517 3051 2583 cohibente;
3112 2530 3285 2584 neque
3337 2523 3511 2567 tamen
3559 2511 3627 2565 ab
3681 2524 3882 2564 errore

2277 2612 2576 2666 daemonum
2598 2651 2614 2674 ,
2651 2611 2843 2680 quibus
2875 2609 3029 2678 plane
3057 2606 3305 2662 subditus
3347 2613 3482 2668 erat,
3515 2601 3738 2656 liberari
3771 2615 3875 2654 vo-

2279 2706 2403 2768 luit;
2436 2704 2644 2758 interim
2672 2713 2845 2757 tamen
2873 2701 3085 2771 paulum
3110 2698 3334 2769 quievit.

2350 2795 2536 2849 Modus
2576 2793 2967 2866 persequutionis
3006 2792 3096 2844 sub
3121 2789 3352 2842 Juliano.
3394 2816 3464 2827 —
3495 2785 3648 2840 Brevi
3682 2793 3878 2852 postea

2280 2896 2518 2956 tempore
2548 2900 2733 2950 vanam
2766 2883 2945 2937 itidem
2975 2896 3190 2951 operam
3220 2879 3485 2947 suscepit,
3519 2893 3622 2930 non
3650 2876 3878 2945 quidem

2278 2995 2440 3055 ausus
2461 2979 2594 3032 ultra
2621 2977 2873 3046 templum
2909 2985 3220 3030 construere
3245 3015 3260 3040 ,
3296 2972 3387 3027 sed
3423 2971 3702 3025 nobiscum
3733 2969 3880 3024 veli-

2281 3072 2568 3126 tationibus
2613 3084 2845 3139 pugnare
2880 3069 3065 3122 volens
3099 3085 3112 3120 :
3155 3074 3344 3140 aperto
3379 3065 3520 3117 enim
3566 3073 3740 3117 marte
3773 3065 3881 3138 nos

2278 3162 2474 3216 adoriri
2504 3161 2674 3215 adhuc
2701 3159 2979 3215 differebat
3007 3177 3021 3213 :
3049 3157 3148 3211 hac
3175 3172 3276 3211 uua
3303 3167 3359 3211 et
3384 3157 3554 3226 prima
3589 3155 3658 3209 de
3684 3169 3878 3209 causa.

2279 3252 2420 3321 quod
2469 3266 2750 3321 persuasus
2775 3257 2918 3305 esset
2947 3263 3007 3303 se
3032 3247 3083 3302 id
3131 3249 3324 3302 frustra
3352 3255 3674 3300 tentaturum
3707 3260 3880 3310 esse;

2281 3343 2515 3397 secunda
2537 3357 2700 3408 vero,
2739 3356 2806 3395 ne
2847 3340 2998 3395 nobis
3038 3340 3369 3393 occasionem
3402 3337 3664 3406 praeberet
3689 3346 3746 3389 ut
3778 3352 3877 3390 co-

2279 3448 2411 3488 rona
2442 3433 2678 3503 martyrii
2696 3431 3085 3486 redimiremur.
3118 3429 3227 3482 Hoc
3245 3429 3437 3498 quippe
3465 3428 3869 3480 intolerandum

2279 3523 2403 3592 ipsi,
2448 3531 2500 3577 et
2529 3522 2672 3576 omni
2699 3521 3002 3575 calamitate
3041 3519 3254 3589 gravius
3288 3524 3422 3583 eral,
3452 3519 3493 3571 si
3521 3518 3641 3586 quis
3671 3519 3726 3572 in
3757 3533 3882 3571 me-

2279 3616 2424 3669 dium
2473 3613 2760 3682 productus
2807 3627 2904 3680 pro
2934 3611 3154 3666 veritate
3197 3625 3368 3680 usque
3417 3609 3484 3663 ad
3537 3619 3765 3663 mortem
3825 3612 3878 3662 in

2279 3692 2601 3760 cruciatibus
2634 3712 3000 3772 perseveraret
3032 3721 3044 3756 :
3078 3703 3150 3756 ita
3190 3716 3418 3756 sese—ex
3463 3701 3640 3754 animo
3685 3700 3880 3752 inimi-

2280 3813 2399 3849 cum
2451 3805 2692 3850 nostrum
2744 3795 3068 3850 declarabat.
3129 3794 3360 3849 Noverat
3403 3793 3584 3856 enim,
3641 3804 3879 3847 noverat

2282 3890 2456 3956 plane,
2483 3888 2527 3941 si
2557 3886 2610 3941 id
2645 3887 2900 3952 auderet,
2933 3901 3122 3940 omnes
3151 3903 3247 3956 pro
3273 3885 3482 3940 Christo
3509 3891 3713 3940 animas
3744 3901 3880 3942 suas

2283 3979 2575 4034 tradituros
2623 3994 2778 4044 esse;
2837 3980 3101 4048 malignus
3148 3989 3328 4034 autem
3375 3987 3428 4032 et
3474 3966 3696 4033 callidus
3743 3993 3878 4034 cum

2281 4082 2445 4135 esset,
2464 4086 2556 4124 eos
2580 4071 2670 4140 qui
2695 4071 2764 4124 ob
2792 4080 3062 4139 peccatum
3084 4070 3349 4139 quoddam
3374 4069 3627 4124 Ecclesiae
3657 4070 3878 4136 princi-

2284 4165 2436 4232 pibus
2482 4178 2664 4233 poenas
2705 4162 3016 4227 dedissent,
3067 4173 3158 4214 aut
3197 4177 3225 4214 a
3258 4160 3570 4230 praefectura
3613 4163 3878 4231 quapiam

2281 4257 2441 4309 amoti
2465 4265 2646 4310 essent
2670 4296 2684 4319 ,
2730 4255 2930 4309 liberos
2960 4269 3146 4308 omnes
3175 4253 3369 4322 ubique
3399 4254 3696 4308 dimittebat
3721 4297 3734 4320 ,
3764 4255 3879 4310 hoc

2282 4348 2440 4402 modo
2476 4347 2812 4416 aequissimis
2841 4355 3157 4415 potestatem
3200 4346 3438 4400 tribuens
3463 4387 3478 4410 ,
3511 4345 3763 4399 Ecclesia:
3796 4347 3878 4400 le-

2282 4454 2372 4506 ges
2415 4447 2661 4492 evertens
2711 4447 3057 4506 mutuumque
3106 4437 3246 4490 inter
3284 4452 3377 4492 eos
3420 4435 3722 4490 conflictum
3753 4452 3877 4489 mo-

2281 4545 2409 4583 vens
2441 4546 2452 4581 :
2484 4544 2606 4582 nam
2636 4528 2933 4598 expugnato
2980 4527 3161 4581 faciles
3200 4527 3415 4581 demum
3446 4525 3650 4580 futuros
3678 4539 3877 4595 spera-

2281 4621 2392 4686 bat,
2419 4634 2541 4674 cum
2565 4634 2682 4673 sese
2706 4619 2954 4673 intestino
2979 4617 3116 4672 bello
3141 4632 3360 4670 consum
3371 4618 3621 4686 psissent.
3666 4616 3876 4684 Quem-

2281 4713 2402 4766 dam
2433 4712 2593 4765 etiam
2635 4719 2745 4768 tum
2795 4725 3058 4778 perversa:
3107 4708 3365 4762 docti-inte
3392 4748 3407 4774 ,
3456 4716 3566 4760 tum
3606 4708 3875 4776 improha:

2281 4808 2402 4857 vita:
2431 4817 2619 4868 causa,
2659 4801 3022 4857 ecclesiastico
3053 4801 3351 4870 principatu
3385 4800 3617 4869 pulsum,
3649 4802 3874 4855 nomine

2283 4895 2610 4964 Stephanum
2636 4934 2651 4959 ,
2691 4893 2842 4964 jubet
2881 4908 3091 4947 rursum
3122 4892 3380 4946 doctrina:
3426 4891 3673 4949 thronum
3708 4906 3876 4946 occu-

2285 5001 2411 5053 pare
2441 5030 2455 5054 ,
2498 4995 2657 5053 atque
2705 4984 3036 5037 Dominicum
3086 4997 3278 5036 nomen
3305 5022 3320 5046 ,
3369 4981 3543 5050 quoad
3589 4983 3704 5050 ejus
3750 4981 3873 5036 ﬁeri

2286 5075 2474 5142 putuit,
2503 5075 2840 5143 exstinguere
2871 5073 3110 5137 curabat,
3143 5070 3391 5126 Galilmos
3421 5085 3517 5139 pro
3544 5071 3868 5126 Christianis

2285 5183 2381 5220 nos
2414 5174 2520 5219 tum
2546 5167 2598 5219 in
2619 5166 2808 5220 edictis
2843 5165 2954 5219 suis
2978 5179 3193 5231 vocans,
3226 5174 3335 5218 tum
3353 5164 3617 5232 principes
3646 5171 3701 5215 ut
3727 5163 3871 5217 idem

2284 5262 2518 5315 facerent
2554 5259 2863 5314 adhortans.
2913 5258 3059 5319 Inter
3086 5265 3163 5312 tot
3199 5258 3347 5326 signa
3379 5267 3556 5310 autem
3583 5297 3597 5320 ,
3638 5266 3696 5310 ut
3735 5255 3870 5323 dixi,

2285 5367 2402 5420 qua:
2439 5366 2534 5420 per
2567 5350 2758 5404 famem
2787 5360 2840 5404 et
2882 5349 3173 5403 siccitatem
3208 5348 3537 5407 edebantur.
3577 5347 3628 5400 in
3678 5347 3869 5400 eadem

2285 5443 2459 5496 adhuc
2503 5441 2829 5510 impudentia
2869 5455 2930 5494 ac
2957 5439 3149 5494 duritie
3192 5438 3582 5507 perseverabat.
3634 5438 3870 5504 Expedi-

2285 5537 2586 5602 tionemque
2625 5533 2890 5586 Persicam
2943 5539 3321 5598 suscepturus,
3373 5538 3517 5582 tanto
3564 5543 3686 5581 cum
3730 5529 3869 5582 fasm

2284 5624 2614 5682 descendens
2651 5639 2713 5679 ac
2740 5627 2782 5679 si
2823 5635 2984 5679 totam
3016 5623 3358 5676 barbarorum
3393 5628 3601 5690 gentem
3632 5629 3860 5672 vastatu-

2287 5732 2379 5773 rus
2405 5727 2545 5774 cssct
2567 5758 2581 5786 ,
2623 5725 2902 5772 sexcenta:
2932 5716 3084 5771 nobis
3115 5714 3282 5768 minas
3309 5714 3619 5776 intentabat,
3657 5713 3856 5780 jactita-
