4082 6444
462 354 566 413 563

461 470 637 539 λέγων
668 467 806 541 μετά
832 467 932 539 τὴν
976 465 1189 522 ἐκεῖθει
1222 466 1482 522 ἐπάνοδον
1522 466 1729 537 πάντας
1775 462 1944 535 ἄρδην
1992 462 2127 514 ἀπο-

461 557 595 613 λεῖν.
629 557 867 627 Πόλεμον
894 556 1013 627 γάρ.
1048 554 1199 625 αὐτῷ
1244 552 1434 607 τοῦτον
1463 549 1604 609 εἶναι
1634 554 1810 608 ἐδόκει
1858 551 1951 606 τοῦ
1983 550 2127 619 Περ-

462 645 617 700 σικοῦ
654 643 1031 716 χαλεπώτερον
1049 685 1064 708 ,
1095 643 1189 696 καὶ
1227 641 1339 695 δεῖν
1392 641 1659 714 πρότερον
1706 637 2130 709 κατορθώσαντα

461 735 669 788 ἐκεῖνον
696 732 789 786 τὸν
814 731 1043 795 ἐλάττω,
1077 730 1198 783 τότε
1232 731 1326 783 ἐπὶ
1354 731 1442 783 τὸν
1469 731 1694 801 μείζονα
1716 725 1906 799 τοῦτον
1926 725 2125 780 ἐλθεῖν.

460 821 573 875 Καὶ
622 820 798 874 ταῦτα
842 821 984 889 ὴμῖνι
1023 820 1074 871 οἱ
1126 818 1225 889 τῆς
1266 816 1495 890 γνώμης
1550 815 1699 886 αὐτῷ
1744 813 2130 877 κοινωνοῦντες

458 907 823 979 ἀπήγγελλον.
842 907 986 961 Ζέων
1008 905 1069 959 δὲ
1098 905 1175 977 τῷ
1199 906 1322 959 καθ’
1350 905 1510 978 ήμῶν
1531 903 1706 974 θυμῷ.
1736 903 1831 956 καὶ
1860 900 1983 955 καθ’
2010 902 2131 954 ἐκά-

461 1012 594 1067 στην
617 997 830 1068 ήμέραν
872 992 1007 1067 πρὸς
1047 994 1271 1064 μείζονα
1302 993 1498 1065 μανίαν
1534 990 1842 1062 αἰρόμενος,
1867 988 2127 1043 οὐδέποτε

458 1084 553 1137 ἐπὶ
579 1083 679 1153 τῆς
713 1082 885 1151 αὐτῆς
921 1082 1108 1134 ἵστατο
1140 1081 1384 1151 γνώμης,
1414 1078 1548 1133 ἀλλὰ
1574 1078 1675 1148 τὴν
1701 1076 1971 1147 προτέραν
2006 1074 2128 1146 βου-

457 1170 553 1243 λὴν
580 1171 934 1241 ἀποθέμενος,
966 1169 1131 1223 πάλιν
1158 1169 1372 1239 ἠπείλει
1408 1168 1500 1220 τὸν
1541 1165 1781 1235 διωγμὸν
1823 1166 1974 1235 ἡμῖν.
1997 1161 2129 1217 Βου-

454 1258 680 1329 λόμενος
700 1258 757 1312 δέ
779 1258 942 1311 αὐτὸν
964 1260 992 1313 6
1014 1258 1144 1322 Θεὸς
1170 1254 1630 1327 ἀνακρούσασθαι,
1665 1256 1758 1309 καὶ
1778 1252 2146 1329 καταστεῖλαι,

456 1328 881 1415 φλεγμαίνοντα,
916 1344 1163 1416 ἐπήγαγε
1193 1342 1355 1396 πάλιν
1398 1340 1551 1394 τουτί
1584 1340 1644 1395 τὸ
1685 1328 1952 1411 σημεῖον.⁵
1973 1340 2031 1393 ἐν
2058 1339 2125 1410 τῇ

454 1433 641 1502 Δάφνῃ
670 1432 732 1485 τὸ
760 1430 874 1503 πῦρ
899 1431 991 1483 ἐπὶ
1015 1430 1105 1485 τὸν
1133 1429 1269 1485 νεὼν
1295 1429 1474 1497 ἀφείς.
1508 1436 1513 1441 ’

525 1526 631 1589 κγ’.
666 1519 727 1572 '0
758 1519 950 1572 δὲοὺδέ
966 1518 1108 1572 οὕτω
1126 1517 1411 1587 καθυφῆκε
1434 1517 1529 1571 τοῦ
1555 1516 1750 1588 θυμοῦ,
1781 1514 1994 1587 ἀλλάτῇ
2027 1515 2127 1586 τῆς
2158 1516 2163 1519 ’

454 1606 730 1677 ἡμετέρας
759 1604 1049 1675 λεηλασίας
1077 1604 1345 1676 ἐπιθυμίᾳ
1371 1603 1862 1677 διαρῤηγνύμενος,
1888 1604 2008 1658 οὐδὲ
2035 1604 2127 1657 τὸν

454 1695 647 1765 καιρὸν
686 1694 744 1746 δν
790 1693 1087 1764 ἠπείλησεν
1132 1691 1347 1763 ἔμενεν,
1389 1691 1525 1746 ἀλλά
1558 1693 1648 1746 τὸν
1688 1693 1978 1764 Εὐφράτην
2012 1693 2129 1746 δια-

453 1781 663 1836 ϐαίνειν
697 1780 909 1852 μέλλων
955 1780 1264 1851 ἀπόπειραν
1316 1782 1550 1833 ἐποιεῖτο
1592 1779 1703 1852 τῶν
1754 1780 2125 1852 στρατιωτῶν,

455 1867 553 1921 καί
583 1884 736 1932 τινας
777 1867 1180 1937 εὐαριθμήτους
1209 1868 1470 1937 κολακείᾳ
1500 1860 1849 1937 διαφθείρας,
1884 1870 2009 1931 τοὺς
2032 1869 2127 1923 άν-

455 1955 792 2027 ιτῖιστάντας
822 1956 885 2009 οὐ
910 1954 1181 2026 παρέλυσε
1201 1954 1299 2024 τῆς
1319 1954 1626 2025 στρατείας.
1649 1953 1901 2013 δεδοικὼς
1923 1954 1997 2025 μὴ
2015 1955 2127 2007 δια-

453 2046 659 2115 στήσας
695 2044 891 2108 αύτοὺς
944 2040 1328 2114 ἀσθενέστερον
1365 2043 1666 2113 ἐργάσηται
1701 2041 1779 2113 τῷ
1817 2042 2004 2115 Πέρσῃ
2035 2043 2126 2096 τὸν

362 2146 363 2149 ‘
456 2132 708 2203 στρατόν.

525 2219 622 2284 Τίς
673 2221 807 2290 ἡμῖν
849 2218 1034 2272 λοιπὸν
1078 2218 1148 2272 τά
1191 2216 1442 2273 ἐντεῦθεν
1488 2216 1806 2288 διηγήσεται
1830 2254 1846 2280 ,
1884 2216 1979 2269 καί⁵
2015 2216 2124 2269 τῶν

452 2307 598 2362 κατά
620 2305 720 2377 τὴν
747 2305 844 2378 ἐρη
855 2322 973 2375 μον,
1006 2305 1231 2359 καὶτῶν
1258 2304 1400 2358 κατά
1434 2304 1533 2375 τὴν
1569 2304 1860 2368 θάλατταν,
1892 2304 1987 2357 καὶ
2014 2303 2123 2358 τῶν

456 2393 599 2449 κατά
632 2392 732 2465 τὴν
759 2394 1056 2461 Αἴγυπτον,
1083 2393 1173 2446 ὅτε
1204 2394 1232 2445 6
1256 2390 1579 2463 ἀναίσθητος
1606 2392 1814 2456 ἐκεῖνος
1836 2390 2125 2457 ἐκολάζετο

455 2478 688 2552 Φαραὼ,
727 2481 824 2535 καὶ
872 2481 1072 2543 πάντες
1106 2480 1555 2557 κατεποντίζοντο
1574 2520 1590 2543 ,
1639 2479 1771 2532 δντα
1803 2479 1982 2550 πολλῷ
2027 2497 2124 2549 φο.

454 2566 771 2639 ϐερώτερα;
809 2567 1080 2639 Καθάπερ
1109 2566 1219 2639 γὰρ
1250 2567 1396 2631 τότε,
1431 2569 1552 2620 ἐπεὶ
1593 2566 1783 2637 μηδενί
1817 2566 1927 2622 τῶν
1956 2568 2127 2621 τοιούο

452 2673 564 2710 των
586 2651 729 2722 εἴξαι
764 2655 1083 2727 συμφορῶν,
1113 2656 1208 2709 καὶ
1253 2653 1507 2724 γενέσθαι
1542 2653 1764 2725 βελτίων
1807 2655 2071 2726 ἠθέλησεν
2095 2658 2125 2709 ό

453 2743 775 2813 Αἰγύπτιος,
810 2743 963 2807 τέλος
991 2742 1156 2796 αὐτὸν
1191 2743 1288 2795 σὺν
1340 2742 1489 2813 αὐτῷ
1519 2742 1599 2813 τῷ
1623 2744 1971 2814 στρατοπέδῳ
1999 2759 2126 2796 κατ-

456 2831 666 2885 έδυσεν·
687 2830 832 2884 οὕτω
863 2832 957 2884 καί
983 2830 1100 2897 νῦν,
1131 2830 1318 2902 ἐπειδὴ
1349 2831 1487 2902 πρὸς
1516 2831 1694 2884 πάντα
1729 2830 1961 2893 ἀναιδῶς
1991 2830 2121 2903 ἐστη

453 2917 547 2972 τοῦ
576 2917 713 2972 Θεοῦ
737 2919 807 2972 τά
831 2919 1096 2989 τεράστια
1124 2931 1172 2982 ι,
1201 2919 1295 2973 καὶ
1334 2918 1485 2972 οὐδὲν
1531 2918 1627 2971 ἀπ’
1656 2916 1836 2970 αὐτῶν
1865 2918 2123 2989 κερδᾶναι

452 3006 740 3077 ἠθέλησεν,
779 3006 893 3060 ἀλλ’
926 3006 1120 3077 ἐμενεν
1146 3006 1493 3077 ἀδιόρθωτος,
1524 3009 1638 3070 τοῖς
1676 3007 1930 3076 ἐσχάτοις
1961 3006 2123 3060 αὐτὸν

457 3092 642 3148 λοιπὺν
685 3092 977 3160 περιέϐαλε
1014 3097 1226 3158 κακοῖς,
1261 3094 1327 3147 ἶν’
1357 3094 1547 3165 ἐπειδὴ
1569 3096 1682 3156 τοῖς
1715 3093 1919 3164 ἐτέρων
1960 3093 2123 3158 αὐτὸς
2152 3150 2155 3155 ⁴

457 3179 893 3251 σωφρονισθῆναι
948 3180 1048 3233 οὐκ
1097 3180 1358 3251 ἠνέσχετο
1381 3218 1396 3239 .
1452 3182 1569 3243 τοῖς
1617 3178 1780 3233 αὐτοῦ
1836 3179 2123 3250 παθήμασι

456 3264 719 3335 γένωνται
768 3264 1009 3336 βελτίους
1057 3266 1253 3337 ἕτεροι,
1291 3267 1347 3319 Ὀ
1384 3266 1492 3338 γάρ
1537 3266 1802 3330 τοσαύτας
1856 3267 2124 3337 μυριάδας

458 3354 806 3425 στρατιωτῶν
840 3353 1192 3423 καταγαγὼν,
1241 3355 1373 3417 ὅσας
1410 3353 1585 3417 οὐδεὶς
1628 3354 1738 3407 τῶν
1770 3350 2125 3424 βασιλευσάν-

452 3457 564 3494 των
580 3441 730 3503 ποτέ,
758 3441 853 3495 καὶ
887 3442 1064 3494 πάσαν
1081 3440 1179 3512 τὴν
1204 3441 1428 3510 Περσῶν
1472 3440 1532 3506 ἐξ
1554 3440 1853 3512 ἐπιδρομῆς
1884 3443 1980 3496 καὶ
1994 3443 2127 3497 ἀπο-

457 3527 580 3599 νητί
600 3528 974 3599 προσδοκήσας
1009 3528 1171 3591 ἐλεῖν,
1203 3526 1353 3600 [576]
1372 3527 1545 3606 οὕτως
1570 3528 1769 3592 ἀθλίως
1804 3528 2008 3601 ἔπραξε
2032 3532 2126 3584 καὶ

457 3615 728 3679 ἐλεεινῶς,
762 3615 838 3679 ὠς
881 3615 1155 3684 γυναικῶν
1194 3616 1392 3686 μᾶλλον
1438 3617 1535 3670 καὶ
1576 3616 1805 3670 παιδίων
1843 3618 2056 3688 μικρῶν
2087 3619 2121 3690 ἦ

457 3701 669 3771 ἀνδρῶν
697 3702 1058 3773 στρατόπεδον
1086 3703 1225 3773 ἔχων
1252 3704 1369 3774 μεθ’
1393 3702 1611 3757 ἐαυτοῦ.
1635 3703 1860 3775 Πρῶτον
1886 3706 1985 3776 μὲν
2015 3706 2123 3779 γὰρ

459 3790 539 3853 εἰς
566 3789 839 3860 τοσαύτην
866 3790 1064 3853 αὐτοὺς
1097 3791 1343 3861 ἀνάγκην
1370 3791 1476 3845 ὑπὸ
1506 3791 1606 3861 τῆς
1636 3793 1841 3856 οἰκείας
1865 3793 2123 3857 ἀϐουλίας

460 3876 820 3946 κατέστησεν,
852 3875 994 3929 ὥστε
1046 3877 1279 3931 ἱππείων
1334 3878 1745 3945 ἀπογεύσασθαι
1794 3878 1997 3949 κρεῶν,
2029 3880 2126 3934 καὶ

457 3965 585 4027 τοὺς
620 3964 718 4033 μὲν
749 3962 843 4035 τῷ,
861 3963 1023 4034 λιμῷ,
1049 3966 1175 4027 τοὺς
1202 3966 1260 4019 δὲ
1284 3965 1364 4035 τῷ
1390 3966 1531 4035 δίψει
1567 3966 1964 4037 διαφθαρέντας
1990 3968 2125 4020 ἀπο-

458 4050 665 4104 θανεῖν.
694 4049 964 4122 Καθάπερ
993 4052 1101 4123 γὰρ
1119 4054 1231 4116 τοῖς
1261 4041 1510 4123 Πέρσαις
1534 4055 1876 4125 στρατηγῶν,
1909 4055 2006 4108 καὶ
2024 4056 2125 4108 οὐκ

458 4138 701 4200 ἐκείνους
742 4138 882 4191 ἑλεῖν
907 4177 923 4201 ,
977 4139 1113 4193 ἀλλά
1156 4142 1283 4204 τοὺς
1327 4141 1557 4205 οἰκείους
1599 4142 1782 4207 αὐτοῖς
1834 4141 2126 4215 προδοῦναι

460 4223 796 4290 σπουδάζων,
827 4224 1001 4289 οῦτως
1030 4228 1228 4291 αὐτοὺς
1256 4229 1334 4291 εἰς
1360 4228 1535 4299 χωρία
1563 4228 1901 4283 συνέκλεισεν
1924 4230 2123 4301 ἄπορα,

459 4313 553 4368 καὶ
584 4312 742 4384 μόνον
764 4314 886 4383 οὐχὶ
909 4314 1080 4385 δήσας
1113 4316 1450 4387 παρέδωκεν.
1492 4316 1657 4370 Ἀλλά
1684 4317 1867 4381 πάσας
1905 4319 2004 4389 μὲν
2026 4319 2125 4382 τάς

461 4400 579 4451 ἐκεῖ
604 4399 902 4469 γενομένας
953 4402 1275 4473 συμφορὰς,
1326 4401 1449 4455 οὔτε
1470 4404 1578 4456 τῶν
1635 4403 1851 4457 ἰδόντων
1898 4422 1981 4469 τις
2030 4404 2126 4458 καὶ

461 4487 656 4557 πεῖραν
690 4487 989 4558 εἰληφότων
1029 4489 1315 4558 δυνήσεται
1356 4489 1605 4543 διελθεῖν*
1636 4489 1781 4544 οῦτω
1809 4493 1989 4545 πᾶσαν
2016 4492 2124 4545 ἀπ-

461 4571 700 4642 έκρυψεν
727 4574 755 4613 δ
786 4572 1110 4645 ὑπερϐολήν⁸
1139 4573 1214 4638 ὡς
1236 4574 1291 4627 δὲ
1314 4576 1372 4627 ἐν
1402 4575 1683 4648 κεφαλαίῳ
1704 4580 1899 4641 εἰπεῖν,
1933 4578 2128 4631 πεσόν·

458 4674 551 4721 τος
576 4657 740 4733 αὐτοῦ
769 4658 1011 4729 αἰσχρῶς
1045 4660 1135 4711 καὶ
1170 4659 1419 4724 ἐλεεινῶς
1501 4661 1551 4713 οἰ
1584 4662 1685 4732 μὲν
1715 4663 1826 4733 γάρ
1855 4662 1960 4716 ὑπό
1978 4679 2125 4728 τινος

460 4745 568 4798 τῶν
614 4747 958 4817 σκευοφόρων
1013 4749 1125 4810 τοῖς
1166 4746 1399 4818 παροῦσι
1439 4747 1959 4819 δυσανασχετοῦντος
1992 4748 2125 4821 βλη-

460 4831 625 4889 θέντα
669 4833 960 4889 ἀποθανεῖν
1009 4835 1174 4889 αὐτόν
1207 4852 1389 4904 φασινο
1434 4837 1483 4889 οί
1525 4837 1607 4899 δέ,
1651 4836 1772 4890 οὐδὲ
1812 4838 2009 4891 εἰδέναι
2034 4838 2124 4893 τὸν

463 4921 678 4990 σφαγέα
702 4923 795 4976 τὸν
825 4922 1035 4977 ἐκείνου
1061 4923 1332 4991 λέγουσιν,
1357 4924 1475 4977 ἀλλ’
1502 4925 1582 4979 ὅτι
1612 4925 1772 4995 μόνον
1796 4926 2009 4998 ἐπλήγη
2033 4930 2125 4980 καὶ

461 5008 834 5077 παρεκάλεσεν
873 5012 954 5073 εἰς
991 5010 1090 5079 τὴν
1133 5011 1373 5064 Κιλίκων
1408 5014 1645 5081 ταφῆναι
1677 5012 1815 5082 γῆν,
1862 5012 1990 5066 ἔνθα
2032 5016 2126 5067 καὶ

461 5099 635 5149 κεῖται
677 5096 792 5152 νῦν.
835 5099 1097 5163 Πεσόντος
1141 5099 1205 5171 δὴ
1237 5096 1329 5155 οὖν
1376 5101 1547 5164 οὕτως
1590 5102 1857 5171 αἰσχρῶς,
1894 5102 2126 5173 δρῶντες

461 5186 518 5237 ἐν
540 5185 787 5255 ἐσχάτοις
834 5187 1031 5250 αὐτοὺς
1080 5188 1237 5252 δντας
1284 5190 1334 5242 οἰ
1370 5188 1720 5260 στρατιῶται,
1782 5190 2123 5261 προσέπεσον

460 5273 571 5335 τοῖς
622 5271 868 5343 ἐχθροῖς,
921 5274 1257 5337 καί“δόντες
1300 5278 1497 5347 ὅρκους
1569 5276 1969 5347 ἀποστήσεσθαι
2027 5278 2121 5329 τοῦ

461 5352 679 5410 πάντων
710 5360 1118 5428 ἀσφαλεστάτου
1147 5364 1406 5433 φρουρίου
1434 5372 1481 5427 τ’,
1515 5364 1609 5415 καὶ
1643 5364 1670 5415 6
1702 5363 1799 5433 τῆς
1825 5363 1947 5437 καθ’
1977 5366 2123 5435 ἡμᾶς

460 5444 781 5515 οἰκουμένης
810 5445 997 5516 ὥσπερ
1028 5451 1204 5518 τεῖχος
1232 5444 1298 5519 ἦν
1333 5450 1594 5519 ἀρῤαγὲς,
1632 5449 2029 5521 φιλανθρώπων
2064 5467 2122 5503 τε

460 5530 711 5599 τυχόντες
743 5531 851 5584 τῶν
882 5533 1191 5605 βαρϐάρων,
1235 5534 1378 5588 οὕτω
1418 5536 1670 5605 διέφυγον
1708 5538 1799 5589 καὶ
1824 5538 2123 5607 ἐπανῆλθον

462 5618 527 5667 ἐκ
553 5616 756 5670 πολλῶν
796 5618 986 5688 ὀλίγοι.
1034 5623 1128 5674 καί
1177 5625 1329 5676 αύτοί
1372 5625 1740 5694 πεπονηκότες
1773 5624 1840 5677 τὰ
1873 5624 2119 5694 σώματα,

525 5724 551 5791 ς
573 5724 653 5791 $ic
680 5722 826 5791 Sayil.
856 5732 907 5774 et
932 5741 1046 5775 mss.
1083 5728 1254 5777 Morel.
1282 5742 1398 5777 vero
1417 5730 1475 5777 τὰ
1501 5733 1688 5791 τέρατα.

525 5779 552 5821 ι’
573 5786 1079 5851 legemlumipmrsus
1106 5791 1295 5838 \itlelur
1315 5779 1602 5851 ἀπέκρυψαν.

430 5906 477 5920 Δ·
525 5852 546 5873 ⁸·
568 5849 718 5917 sum.
757 5855 820 5920 Pl.
846 5850 940 5898 duo
964 5865 1078 5899 In».
1112 5849 1468 5915 ἀσφαλεστάτου
1508 5849 1741 5917 φρουρίου,
1772 5855 1924 5906 Μοτεί
1969 5858 2123 5917 ἀσφα-

458 5906 686 5958 λεστάτου
704 5910 897 5971 χωρίου.

1288 357 1346 415 S.
1380 356 1500 411 «ΙοΑ
1509 355 1664 415 αοηε
1699 356 2126 416 CHRYSOSTO!

2226 358 2551 417 ARCHIEP.
2590 359 3143 421 CONSTANTINOP.
3767 358 3857 412 570

2232 461 2611 533 αἰσχυνόμενοι
2647 464 2747 535 μέν
2776 465 2863 534 ἐφ’
2890 458 2976 529 οἷς
3014 466 3320 534 συνέθεντο,
3366 467 3779 543 ἀναγκαζόμενοι
3810 472 3859 528 δὲ

2228 548 2318 603 διά
2340 550 2470 613 τοὺς
2492 550 2690 620 δρκους
2712 550 3019 623 ἀποστῆναι
3048 552 3156 607 τῶν
3184 553 3472 626 πατρικῶν
3493 558 3770 627 κτημάτων
3785 560 3863 615 a6-

2227 639 2361 700 τοῖς.
2413 637 2523 691 Kal
2566 632 2637 709 ἦν
2693 638 2821 692 ἰδεῖν
2871 640 3057 712 πάσης
3105 634 3485 712 αἰχμαλωσίας
3540 643 3861 715 ἐλεεινότερον

2228 722 2433 794 θέαμω
2477 725 2528 778 οἰ
2558 724 2670 799 γάρ
2711 726 2813 799 τὴν
2868 727 3023 782 πόλιν
3056 727 3333 794 οἰκοῦντες
3365 730 3601 801 ἐκείνην.
3655 734 3775 802 παρ’
3801 727 3863 788 ὧν

2228 810 2459 880 χάριτας
2506 811 2917 883 προσεδόκησαν
2962 811 3227 884 λήψεσθαι
3246 855 3263 879 ,
3317 816 3400 870 ὅτι
3447 816 3602 888 δίκην
3632 816 3862 887 προϐόλου

2230 896 2440 961 πάντας
2466 898 2595 961 τοὺς
2624 893 2774 952 ἔνδον
2804 901 2865 954 ἐν
2889 900 3071 971 λιμένι
3097 902 3462 973 κατέστησαν,
3510 905 3633 958 ἀντί
3677 906 3865 961 πάντων

2230 984 2368 1053 πρὸς
2395 986 2605 1049 πάντας
2641 986 2795 1040 αὐτοὶ
2827 986 3265 1059 προϐεϐλημένοι
3297 992 3427 1054 τοὺς
3464 990 3739 1053 κινδύνους
3764 994 3865 1061 ἀεὶ,

2229 1071 2384 1142 παρὰ
2405 1071 2611 1128 τούτων
2636 1073 2704 1128 τὰ
2729 1073 2840 1127 τῶν
2878 1074 3154 1145 πολεμίων
3180 1076 3418 1147 ἔπασχον
3435 1118 3451 1143 ,
3494 1080 3578 1142 εἰς
3614 1077 3868 1151 ἀλλοτρίαν

2232 1161 2688 1232 μετανιστάμενοι
2734 1164 2861 1235 γῆν,
2897 1166 2993 1219 καὶ
3033 1167 3212 1231 οἰκίας
3242 1167 3473 1235 ἀφέντες
3521 1169 3617 1221 καὶ
3662 1171 3867 1241 ἀγροὺς,

2229 1249 2327 1302 καὶ
2357 1249 2575 1303 πάντων
2588 1249 2699 1304 τῶν
2724 1252 3020 1323 κτημάτων
3046 1253 3439 1325 ἀποσπώμενοι
3459 1253 3487 1295 ά
3512 1254 3624 1309 τῶν
3646 1273 3871 1328 προγονι-

2229 1336 2359 1396 κῶν,
2386 1339 2483 1391 καί
2505 1338 2678 1393 ταῦτα
2705 1339 2811 1392 ὑπὸ
2828 1338 2938 1393 τῶν
2974 1341 3192 1395 οἰκείων
3219 1343 3641 1413 ὑπομείναντες.
3661 1344 3871 1399 Τοιαῦτα

2225 1423 2321 1477 τοῦ
2371 1425 2619 1502 γενναίου
2662 1424 2931 1495 βασιλέως
2974 1427 3448 1500 ἀπολελαύκαμεν.
3480 1431 3671 1486 Ταῦτα
3703 1431 3756 1485 δέ
3794 1432 3870 1502 οὐχ

2226 1513 2416 1578 ἁπλῶς
2443 1498 2680 1588 εἴρηται,
2715 1516 2831 1571 ἀλλ’
2867 1516 3011 1572 ὥστε
3035 1517 3200 1573 λῦσαι
3364 1520 3608 1592 ἀπορίαν
3648 1519 3753 1573 τῶν
3788 1498 3868 1590 (tl:

2225 1602 2486 1666 τούντων,
2510 1603 2567 1657 τί
2601 1603 2802 1676 δήποτε
2829 1606 2905 1675 μὴ
2936 1606 3030 1660 τὸν
3061 1606 3286 1676 βασιλέα
3312 1607 3577 1661 ἐκόλασεν
3601 1608 3659 1675 ἐξ
3681 1608 3870 1679 ἀρχῆς·

2227 1692 2258 1744 6
2290 1690 2454 1755 Θεόςς
2499 1690 2796 1764 Ἐϐουλήθη
2831 1691 2932 1763 μέν
2970 1693 3081 1765 γάρ
3119 1693 3282 1747 αὐτὸν
3308 1693 3591 1749 λυττῶντα
3644 1695 3872 1758 πολλάκις

2227 1776 2535 1830 ἀναστεῖλαι
2572 1777 2672 1847 τῆς
2705 1779 2789 1841 εἰς
2817 1778 2880 1831 τὸ
2928 1779 3118 1851 πρόσω
3146 1781 3353 1848 φορᾶς,
3396 1783 3493 1836 καὶ
3537 1784 3654 1845 τοῖς
3696 1780 3874 1852 ἐτέρων

2225 1861 2515 1933 διορθῶσαι
2552 1867 2767 1930 κακοῖς·
2800 1865 2993 1937 ἐπειδὴ
3025 1865 3082 1919 δὲ
3110 1868 3415 1931 ἀντέτεινε,
3447 1869 3759 1941 παρέδωκεν
3787 1869 3873 1921 αὐ·

2224 1950 2318 2003 τὸν
2338 1954 2453 2014 τοῖς
2474 1952 2728 2025 ἐσχάτοις
2748 1955 2959 2018 κακοῖς,
2990 1953 3090 2024 τήν
3118 1954 3220 2024 μὲν
3254 1955 3430 2026 ἀληθῆ
3452 1955 3570 2009 τῶν
3594 1954 3753 2009 αὑτοῦ
3778 1953 3876 2008 τολ-

2230 2038 2498 2109 μημάτων
2546 2038 2816 2093 ἀντίδοσιν
2859 2040 3003 2094 κατά
3046 2042 3147 2113 τὴν
3201 2043 3447 2115 μεγάλην
3500 2042 3876 2115 ταμιευόμενος

2224 2125 2459 2198 ἡμέραν,
2484 2126 2580 2180 καὶ
2608 2126 2697 2181 διά
2715 2127 2816 2199 τῆς
2848 2127 3132 2200 παρούσης
3151 2129 3211 2183 δὲ
3240 2129 3517 2195 κολάσεως
3536 2133 3666 2195 τοὺς
3694 2126 3876 2185 ὑπτιω-

2225 2212 2417 2284 τέρους
2443 2212 2742 2278 διανιστάς,
2780 2215 2876 2268 καὶ
2912 2217 3391 2288 σωφρονεστέρους
3421 2217 3620 2273 ποιῶν.
3658 2218 3874 2291 Τοιαύτη

2224 2300 2334 2372 γὰρ
2358 2301 2392 2371 ὴ
2430 2299 2525 2353 τοῦ
2567 2299 2705 2355 Θεοῦ
2741 2301 3094 2373 μακροθυμία
3135 2305 3249 2367 τοῖς
3282 2305 3383 2357 οὐκ
3419 2306 3498 2369 εἰς
3520 2306 3645 2360 δέον
3672 2306 3872 2377 χρωμέ-

2225 2404 2338 2452 νοις
2363 2388 2501 2459 αύτῇ
2524 2388 2860 2461 πικροτέραν
2893 2391 3031 2461 1:96;
3068 2390 3131 2444 τὸ
3160 2391 3313 2455 τέλος
3354 2392 3556 2461 ἐπάγει
3585 2396 3682 2465 τὴν
3708 2394 3875 2464 δίκην·

2224 2478 2319 2530 καὶ
2340 2475 2594 2547 καθάπερ
2624 2479 2740 2540 τοῖς
2767 2476 3123 2547 μετανοοῦσιν
3161 2478 3466 2553 ὠφέλιμος,
3498 2480 3647 2535 οὕτω
3668 2482 3757 2534 καὶ
3780 2483 3878 2545 tot;

2227 2563 2535 2628 ἀνενδότοις
2586 2565 2682 2618 καὶ
2731 2564 2989 2637 σκληροῖς
3043 2566 3307 2636 μειζόνων
3356 2568 3570 2637 γίνεται
3627 2569 3878 2623 κολάσεων

2224 2651 2517 2723 πρόφασις.
2547 2653 2613 2706 Εἰ
2631 2652 2694 2706 δὲ.
2709 2652 2860 2715 λέγοι
2888 2670 2994 2715 τις-
3028 2653 3097 2706 Τί
3120 2650 3213 2707 οὖν
3242 2654 3302 2708 οὐ
3338 2654 3565 2727 προῄδει
3592 2656 3683 2709 τὸν
3702 2654 3879 2726 τύραν-

2225 2756 2315 2792 νον
2342 2738 2665 2810 ἀδιόρθωτον
2694 2739 2954 2811 ἐσόμενον
2978 2742 3007 2793 6
3032 2740 3203 2808 Θεός;
3254 2740 3509 2817 ἐροῦμεν,
3544 2744 3631 2796 ὅτι
3674 2741 3878 2815 προῄδει

2228 2826 2349 2896 μὲν,
2397 2826 2515 2881 ἀλλ’
2560 2826 2817 2881 οὐδέποτε
2866 2828 3103 2883 παύεται
3153 2828 3243 2883 διὰ
3289 2830 3393 2901 την
3440 2829 3754 2902 πρόγνωσιν
3791 2830 3879 2899 τῆς

2224 2913 2498 2986 ἡμετέρας
2526 2914 2728 2980 κακίας
2766 2915 2837 2970 τά
2876 2915 3044 2969 αὐτοῦ
3080 2916 3250 2969 ποιῶν
3266 2931 3295 2950 ο·
3318 2916 3463 2971 ἀλλά
3485 2918 3597 2971 κᾶν
3632 2919 3785 2988 ήμεῖς
3814 2916 3885 2988 μὴ

2220 2997 2509 3072 δεχώμεθα
2531 2999 2631 3072 τὴν
2658 3001 2968 3065 νουθεσίαν,
3005 3002 3175 3067 αὐτὸς
3199 3003 3298 3074 τὴν
3330 3003 3744 3073 φιλανθρωπίαν
3772 3006 3885 3057 ἐπι--

2221 3086 2494 3142 δείκνυται
2516 3087 2617 3160 τὴν
2660 3088 2875 3143 ἐαυτοῦ.
2908 3091 2972 3143 El
3003 3090 3060 3143 δέ
3099 3091 3181 3154 εἰς
3217 3089 3441 3162 μείζονα
3474 3091 3635 3164 [577]
3674 3092 3881 3155 ἐαυτοῦς

2222 3174 2473 3247 ώθοῦμεν
2501 3175 2669 3238 κακά,
2710 3176 2897 3231 οὐκέτι
2936 3176 3099 3231 τοῦτο
3126 3179 3256 3250 παρ’
3281 3178 3449 3233 αὐτὸν
3474 3177 3520 3242 τ,
3548 3180 3613 3232 οὐ
3636 3179 3722 3233 διὰ
3743 3177 3887 3233 τοῦτο

2226 3267 2750 3339 μακροθυμήσαντα,
2801 3268 2889 3321 ῖνα
2914 3266 3280 3338 ἀπολώμεθα,
3328 3267 3567 3322 ἀλλ’ἵνα
3614 3268 3881 3339 σωθῶμεν,

2222 3354 2360 3409 ἀλλά
2383 3356 2512 3427 παρ’
2540 3356 2689 3427 ἡμᾶς
2710 3357 2838 3418 τοὺς
2869 3354 3266 3427 ἐξυϐρίσαντας
3295 3357 3379 3420 εἰς
3406 3355 3511 3427 τὴν
3543 3357 3749 3427 ἄφατον
3778 3357 3883 3410 ἀν·-

2225 3440 2510 3506 εξικακίαν
2558 3441 2750 3496 αὑτοῦ.
2801 3441 2914 3496 Καὶ
2958 3442 3101 3496 οὕτω
3125 3442 3183 3496 δὲ
3231 3441 3333 3513 τῆς
3373 3443 3781 3517 φιλανθρωπίας
3829 3444 3883 3496 τὸ

2223 3529 2451 3600 άπειρον
2476 3528 2775 3585 δείκνυται.
2812 3528 2982 3582 Ὅταν
3006 3529 3117 3599 γὰρ
3150 3528 3225 3601 μὴ
3255 3528 3579 3602 θελήσωμεν
3616 3532 3775 3586 αὐτο)⁵
3796 3529 3884 3599 τῆς

2224 3616 2427 3687 πολλῆς
2454 3614 2620 3670 αὐτοῦ
2649 3615 3032 3687 μακροθυμίας
3054 3615 3391 3682 ἀπόνασθαι,
3430 3617 3552 3671 τότε
3581 3620 3665 3681 είς
3695 3618 3757 3671 τὸ
3786 3619 3887 3671 ἐτέ-

2226 3720 2337 3777 ρων
2369 3694 2398 3744 δ
2426 3702 2597 3775 αὐτὴν
2626 3703 2816 3775 τρέπει
2851 3702 3066 3773 κέρδος,
3106 3702 3384 3774 πανταχοῦ
3424 3704 3486 3757 τό
3515 3720 3577 3756 τε
3604 3703 3887 3774 φιλάνθρω-

2225 3808 2326 3844 πον
2350 3790 2488 3861 ὁμοῦ
2516 3792 2613 3845 καὶ
2649 3791 2713 3844 τὸ
2753 3790 3064 3861 εὐμήχανον
3105 3788 3418 3850 ἐπιδεικνύς
3436 3807 3450 3822 ·
3481 3792 3623 3864 ὅπερ
3655 3791 3749 3845 καὶ
3772 3790 3889 3844 τότε

2224 3878 2436 3948 γέγονε.
2472 3879 2584 3933 Καὶ
2623 3880 2653 3933 6
2691 3879 2792 3949 μέν
2829 3877 3093 3949 τύραννος
3126 3876 3271 3932 οὕτω
3311 3879 3407 3932 τὸν
3447 3878 3564 3949 βίον
3607 3880 3888 3944 κατέλυσε,

2224 3966 2327 4034 τῆς
2351 3966 2409 4019 δὲ
2436 3965 2634 4035 μανίας
2665 3965 2853 4030 αὑτοῦ,
2890 3967 2984 4020 καὶ
3022 3965 3125 4036 τῆς
3163 3965 3451 4036 δυνάμεως
3490 3966 3588 4020 τοῦ
3623 3967 3887 4039 μακαρίου

2226 4052 2475 4117 Βαϐύλα,
2528 4052 2759 4123 ἕστηκεν
2788 4054 3157 4123 ὑπομνήματα
3201 4054 3231 4107 ὃ
3269 4070 3330 4106 τε
3359 4053 3497 4117 νεὼς
3528 4055 3626 4108 καὶ
3656 4055 3716 4108 τὸ
3756 4071 3889 4126 μαρ-

2226 4141 2432 4212 τύριον,
2457 4144 2486 4194 6
2508 4141 2610 4209 μὲν
2635 4140 2838 4211 ἔρημος
2862 4138 2960 4203 ὣν,
2981 4140 3044 4193 τὸ
3070 4140 3128 4194 δέ
3150 4140 3249 4212 τὴν
3278 4140 3450 4212 αὐτὴν
3470 4140 3595 4211 ἔχον
3615 4142 3888 4213 ἐνέργειαν

2225 4229 2405 4301 ἥνπερ
2435 4230 2532 4283 καὶ
2570 4230 2859 4302 πρότερον.
2907 4230 2972 4282 Ἢ
3011 4229 3069 4282 δέ
3099 4227 3309 4300 λάρναξ
3338 4229 3526 4283 οὐκέτι
3573 4229 3676 4283 πά)
3690 4248 3738 4283 ιν
3765 4230 3888 4284 ἀνά-

2227 4335 2403 4387 γεται,
2433 4317 2523 4371 τοῦ
2569 4316 2706 4371 Θεοῦ
2734 4318 2827 4371 καὶ¹
2857 4317 3017 4370 τοῦτο
3053 4312 3510 4388 οἰκονομήσαντος
3529 4355 3545 4381 ,
3586 4317 3676 4371 ῖνα
3704 4334 3890 4390 τρανο-

2226 4406 2361 4477 τέρα
2380 4408 2492 4469 τοῖς
2521 4406 2920 4475 ἐπιγινομένοις
2955 4403 3182 4476 γένηται
3217 4404 3328 4457 τῶν
3362 4404 3457 4458 τοῦ
3489 4403 3652 4473 ἀγίου
3702 4422 3890 4475 κατορ-

2228 4493 2494 4565 θωμάτων
2539 4494 2574 4563 ή
2617 4493 2837 4561 γνῶσις.
2875 4492 3148 4557 Ἕκαστος
3192 4492 3303 4563 γάρ
3352 4490 3463 4546 τῶν
3512 4491 3574 4557 ἐξ
3608 4492 3887 4562 ἀλλοτρίας

2225 4583 2469 4652 ἡκόντων
2490 4581 2851 4651 ἐφιστάμενος
2872 4579 2953 4649 τῷ
2979 4580 3154 4650 τόπῳ,
3175 4580 3383 4633 καὶτὸν
3406 4579 3665 4653 μάρτυρα
3696 4579 3891 4651 ζητῶν,

2226 4667 2344 4723 εἶτα
2370 4670 2473 4741 οὐχ
2501 4666 2645 4741 ὀρῶν
2682 4670 2819 4729 έκεῖ,
2861 4666 3065 4730 εὐθέως
3093 4668 3189 4721 ἐπὶ
3223 4667 3286 4722 τὸ
3319 4665 3551 4739 ζητῆσαι
3581 4668 3684 4739 τὴν
3716 4668 3891 4722 αἰτίαν

2224 4759 2465 4830 ἔρχεται,
2493 4757 2589 4810 καὶ
2616 4755 2761 4811 οῦτω
2790 4758 2970 4810 πᾶσαν
2998 4756 3098 4826 τὴν
3132 4756 3374 4827 ἱστορίαν
3411 4755 3657 4821 ἀκούσας
3685 4757 3882 4823 ἄπεισι,

2226 4848 2388 4901 πλέον
2424 4845 2754 4917 κερδάναςῆ
2792 4844 3056 4916 πρότερον
3076 4859 3089 4873 ·
3127 4842 3274 4898 οὕτω
3313 4843 3409 4897 καὶ¹
3447 4846 3884 4916 παραγενόμενος

2222 4937 2290 5006 τῇ
2342 4936 2548 5007 Δάφνῃ,
2584 4932 2680 4987 καὶ
2722 4932 2885 4986 πάλιν
2919 4931 3089 5002 αὐτὴν
3132 4930 3514 5002 ἐγκαταλιπὼν
3544 4931 3616 4985 τὰ
3659 4932 3881 5004 μέγιστα

2222 5022 2448 5091 ὀνίνησι.

2292 5112 2529 5183 Τοιαύτη
2561 5111 2595 5181 ή
2620 5110 2731 5163 τῶν
2766 5109 3058 5183 μαρτύρων
3111 5111 3285 5181 ἰσχὺς,
3334 5110 3430 5163 καὶ
3482 5107 3738 5173 ζώντων,
3792 5107 3880 5161 καί

2227 5198 2621 5263 τελευτώντων,
2664 5198 2759 5250 καὶ
2788 5203 2973 5261 τόποις
3014 5197 3430 5268 ἐφισταμένων,
3469 5199 3561 5250 καὶ
3596 5197 3759 5249 πάλιν
3792 5196 3881 5249 az}-

2222 5288 2347 5349 τοὺς
2372 5286 2915 5355 καταλιμπανόντων.
2943 5287 3053 5339 K'al
3074 5285 3188 5356 γὰρ
3214 5285 3273 5349 ἐξ
3303 5284 3481 5355 ἀρχῆς
3516 5283 3678 5355 μέχρι
3702 5283 3880 5344 τέλους

2226 5375 2498 5445 συνῆπται
2535 5374 2602 5427 τά
2657 5371 3059 5443 κατορθώματα
3098 5374 3320 5443 συνεχῆ.
3356 5372 3499 5443 Ὅρα
3534 5372 3676 5441 γὰρ,
3718 5371 3879 5441 ήμυνε

2223 5464 2336 5525 τοῖς
2361 5462 2455 5515 τοῦ
2488 5460 2624 5514 Θεοῦ
2650 5460 2837 5531 νόμοις
2872 5460 3268 5531 ὑϐριζομένοις,
3298 5458 3487 5511 ἐλαϐεν
3519 5459 3658 5528 ὑπὲρ
3685 5456 3774 5510 τοῦ
3802 5471 3881 5506 τε·

2223 5550 2611 5619 τελευτηκότος
2650 5548 2839 5618 δίκην,
2892 5548 2957 5617 ῆν
3008 5547 3114 5600 ἔδει
3140 5566 3151 5577 ·
3208 5547 3407 5610 ἔδειξεν
3435 5548 3559 5599 ὅσον
3594 5544 3877 5617 ἱερωσύνης

2224 5637 2316 5688 καί
2349 5635 2625 5704 βασιλείας
2647 5636 2709 5688 τὸ
2735 5636 2920 5705 μέσον,
2952 5636 3216 5687 κατέλυσε
3242 5635 3417 5688 πάντα
3441 5634 3532 5687 τὸν
3557 5632 3650 5687 τοῦ
3680 5632 3872 5699 κόσμου

2284 5739 2309 5776 (1
2338 5739 2430 5789 Alii
2450 5741 2788 5802 ἀποοχὸμενοι.

2290 5803 2318 5870 '_
2338 5801 2401 5870 lg
2414 5801 2581 5870 illm-el.
2607 5803 2663 5870 ἐξ,
2676 5803 2822 5865 ἀρχῆς
2840 5802 2999 5850 deest.

2300 5861 2318 5899 τ
2348 5865 2443 5912 Alii
2468 5864 2592 5923 παρὰ
2617 5866 2713 5912 τον.

2296 5927 2320 5963 8
2354 5926 2502 5974 Saul.
2533 5932 2585 5972 cl
2610 5938 2733 5974 unus
2758 5929 2820 5980 :i;
2843 5924 2894 5973 τὸ
2919 5926 3033 5987 ὑπὲρ
3059 5928 3229 5989 ἕτερον)
