4082 6428
102 375 193 434 569
868 369 957 427 DE
997 372 1056 428 S.
1099 368 1396 439 BABYLA,
1435 367 1660 428 CONTR

1768 370 2097 429 ιυιιΑΝωι
2137 371 2227 427 ET
2264 367 2631 430 GEN'I'ILES.

97 492 272 558 Datque
290 529 306 552 ,
345 501 406 542 se
433 495 554 556 post
585 483 817 547 reditum
853 499 955 540 nos
977 499 1168 539 omnes
1194 483 1432 538 funditus
1454 482 1672 538 deletu-.

96 598 197 637 rum
237 595 374 636 esse.
429 577 543 634 lloc
568 576 767 648 quippe
812 577 1011 632 bellum
1057 577 1274 631 Persico
1310 575 1413 632 sibi
1455 575 1671 646 gravius

93 675 344 728 videbatur
364 709 383 736 ,
429 670 573 726 unde
601 672 749 740 prius
780 668 1028 725 confecto
1056 670 1295 734 minore,
1337 677 1467 724 tunc
1494 667 1669 737 majus

90 767 176 819 hoc
200 761 295 817 sibi
321 761 722 831 suscipiendum
748 774 870 816 esse
897 759 1137 831 putabat.
1166 759 1294 818 Haec
1322 773 1485 828 porro
1503 758 1661 812 nobis

91 852 440 910 renuntiarunt
470 853 528 919 ii,
551 854 641 924 qui
673 852 772 922 ipsi
800 868 831 906 a
862 852 1103 906 consiliis
1131 858 1309 906 erant.
1336 850 1534 906 Contra
1567 863 1668 904 nos

93 946 230 1013 igitur
260 941 447 998 furore
473 944 706 1008 ardens,
741 953 796 998 et
823 942 1061 1013 quotidie
1084 941 1152 996 ad
1195 940 1455 1012 majorem
1491 939 1667 995 elatus

87 1037 320 1092 insaniam
343 1079 357 1100 ,
393 1051 686 1106 numquam
715 1037 768 1089 in
795 1035 982 1090 eadem
1008 1033 1274 1089 sententia
1306 1032 1662 1104 persistebat;

83 1127 158 1184 sed
202 1128 383 1198 priore
418 1127 648 1182 consilio
698 1125 872 1195 posito
900 1139 1086 1179 rursus
1114 1123 1268 1178 nobis
1295 1122 1668 1192 persequutio-

85 1237 182 1274 nem
209 1220 538 1274 minabatur.
588 1219 722 1273 Cum
749 1231 877 1272 vero
909 1217 1048 1272 Deus
1077 1217 1222 1271 illum
1260 1230 1547 1286 coercere,
1579 1230 1669 1268 ar-

83 1311 383 1379 dentemque
426 1309 790 1377 comprimere
831 1308 1030 1373 vellet,
1081 1307 1184 1362 hoc
1224 1306 1403 1362 denuo
1453 1306 1666 1376 signum

78 1402 286 1465 induxit,
321 1401 430 1472 igni
461 1401 516 1455 in
544 1399 799 1467 templum
835 1399 1083 1468 Daphnes
1115 1398 1377 1452 immisso.

134 1493 218 1557 23.
251 1493 345 1548 Ille
367 1505 503 1548 vero
533 1506 602 1546 ne
624 1495 702 1546 sle
731 1490 948 1560 quidem
988 1489 1223 1544 furorem
1264 1488 1511 1550 sedavit,
1557 1487 1666 1541 imo

78 1585 237 1651 potius
262 1598 387 1638 cum
413 1583 494 1638 rei
531 1591 729 1637 postne
766 1579 1108 1636 devastanda:
1134 1579 1388 1649 cupidine
1420 1579 1663 1633 disrum-

76 1682 272 1742 paretur
289 1713 306 1738 ,
354 1689 426 1728 ne
450 1673 669 1744 quidem
695 1681 907 1741 tempus
925 1713 940 1736 ,
984 1671 1127 1741 quod
1154 1671 1534 1725 comminando
1563 1669 1666 1724 sibi

76 1767 437 1834 przestituerat,
465 1766 824 1836 exspectavit;
853 1765 946 1819 sed
979 1764 1305 1834 Euphratem
1323 1763 1662 1832 trajectums,

72 1854 133 1908 de
169 1856 424 1911 militibus
459 1854 891 1925 experimentum
921 1855 1164 1909 sumebat
1193 1871 1207 1908 :
1253 1867 1317 1908 ac
1345 1852 1665 1924 quibusdant

75 1961 282 2002 numero
338 1948 527 2017 paucis
577 1947 887 2002 adulatione
937 1947 1243 2017 corruptis,
1303 1954 1665 2016 repugnantes

72 2039 163 2092 sibi
207 2053 542 2109 nequaquam
595 2039 835 2102 remisit,
875 2038 1076 2092 veritus
1117 2053 1185 2091 ne
1231 2037 1278 2092 si
1321 2047 1546 2091 caeteros
1577 2051 1666 2090 se-

71 2142 328 2200 gregasset
350 2171 367 2199 ,
415 2130 732 2185 debiliorem
759 2137 946 2184 contra
983 2127 1175 2184 Persas
1207 2127 1508 2182 exercitum
1536 2127 1664 2183 red-

73 2223 231 2275 deret.

131 2310 452 2388 Julianusin
475 2310 687 2366 Persico
716 2309 847 2365 ιειιο
874 2311 1022 2381 perit.
1069 2337 1142 2350 --
1170 2308 1302 2376 Quis
1347 2309 1503 2363 nobis
1544 2323 1665 2378 qua

71 2404 185 2458 hinc
204 2413 536 2474 consequuta
566 2415 690 2459 sunt
716 2410 996 2459 recenseat
1017 2443 1032 2468 ,
1072 2401 1230 2471 longe
1253 2402 1571 2456 terribiliora
1597 2401 1664 2456 iis

67 2512 176 2566 qua:
205 2499 255 2551 in
279 2498 499 2553 deserto
525 2537 542 2564 ,
586 2512 707 2568 qua:
735 2498 788 2551 in
819 2497 974 2562 mari,
1023 2511 1142 2565 qum
1173 2497 1224 2549 in
1256 2495 1492 2567 Egypto
1513 2538 1528 2560 ,
1554 2511 1663 2566 quo

71 2598 300 2656 tempore
328 2588 610 2642 induratus
639 2589 728 2642 ille
744 2587 958 2642 Pharao
983 2586 1336 2658 plectebatur,
1365 2601 1662 2657 omnesque

67 2680 148 2733 alii
164 2682 641 2750 subtnergcbantur
657 2682 682 2733 'i
707 2681 1165 2750 Quemadmodum
1191 2683 1332 2736 enim
1357 2691 1503 2750 tunc,
1524 2693 1664 2754 post-

67 2789 212 2840 quam
246 2774 410 2828 nullis
449 2773 754 2843 bujusmodi
784 2775 1182 2829 calamitatibus
1206 2775 1404 2830 cedere
1428 2815 1443 2838 ,
1486 2789 1660 2845 neque

68 2864 373 2933 resipiscere
403 2866 567 2920 voluit
608 2865 923 2937 Egyptius,
955 2867 1167 2921 tandem
1197 2867 1342 2921 illum
1374 2868 1513 2922 Deus
1534 2883 1657 2922 cum

67 2958 262 3024 reliquo
290 2957 529 3013 exercitu
559 2958 789 3026 perdidit
821 2975 834 3010 :
869 2959 940 3012 ita
965 2965 1020 3013 et
1049 2974 1193 3013 nunc
1216 2999 1233 3025 ,
1268 2970 1550 3028 postquam
1589 2958 1657 3013 ad

67 3049 230 3103 omnia
259 3049 354 3106 Dei
383 3050 626 3122 prodigia
649 3049 989 3120 impudenter
1016 3051 1105 3104 ille
1126 3051 1387 3116 constitit,
1416 3050 1658 3121 nihilque

67 3137 183 3195 inde
219 3139 352 3196 lucri
404 3141 676 3211 percepit,
726 3141 822 3196 sed
869 3141 986 3195 sine
1015 3141 1398 3195 emendatione
1437 3141 1656 3203 mansit,

67 3234 311 3286 extremis
341 3232 491 3286 illum
541 3233 680 3287 Deus
706 3233 863 3286 malis
889 3233 1144 3297 involvit,
1187 3242 1274 3296 ut,
1321 3232 1659 3303 quandoqui-

67 3319 180 3374 dem
210 3322 301 3376 ille
330 3323 560 3377 aliorum
589 3322 982 3377 calamitatibus
1018 3321 1085 3376 ad
1125 3323 1403 3377 meliorem
1447 3324 1654 3394 frugem

67 3411 240 3466 reduci
270 3413 535 3477 noluerat,
561 3413 680 3482 ejus
703 3413 868 3467 exitio
891 3413 1073 3469 cazteri
1092 3414 1528 3470 emendarentur.
1555 3416 1658 3482 Qui

67 3501 201 3553 enim
247 3511 325 3556 tot
370 3501 604 3557 militum
652 3503 919 3575 myriadas
965 3503 1254 3570 eduxerat,
1300 3516 1429 3574 quot
1479 3506 1659 3562 nullos

66 3599 212 3647 antea
239 3595 651 3662 lmperatorum,
683 3605 957 3665 totamque
982 3595 1259 3651 Persidem
1287 3597 1504 3652 incursu
1520 3613 1650 3667 quo-

66 3682 180 3736 dam
207 3694 265 3738 et
293 3687 412 3739 sine
438 3685 636 3741 sudore
672 3701 731 3740 se
757 3695 1037 3757 capturum
1065 3689 1336 3756 sperabat,
1360 3691 1431 3743 ita
1463 3690 1658 3746 misere

66 3783 116 3827 et
142 3773 426 3831 infeliciter
449 3791 564 3830 rem
594 3777 781 3847 gessit,
812 3792 876 3832 ac
902 3778 946 3832 si
977 3779 1264 3833 mulierum
1293 3779 1374 3834 vel
1406 3780 1658 3849 parvulo-

67 3879 179 3918 rum
205 3867 384 3935 potius
404 3909 419 3932 ,
447 3883 605 3938 quam
638 3869 873 3922 virorutn
902 3871 1200 3924 exercitum
1229 3885 1410 3926 secum
1438 3871 1657 3926 habuis-

67 3969 164 4012 set.
226 3960 464 4014 Primum
506 3976 737 4031 namque
765 3962 889 4016 illos
916 3963 1125 4016 consilii
1152 3962 1329 4032 inopia
1361 3964 1415 4016 in
1457 3974 1655 4020 tantam

69 4055 435 4107 necessitatem
460 4053 658 4122 adegit,
689 4062 746 4108 ut
774 4055 984 4124 equinis
1005 4055 1260 4110 carnibus
1286 4065 1656 4122 vescerentur,

69 4151 120 4194 et
141 4144 227 4196 alii
259 4143 433 4209 fame,
469 4145 556 4198 alii
586 4143 673 4198 siti
697 4144 962 4214 absumpti
983 4135 1007 4208 ,'
1028 4146 1287 4215 perirent.
1320 4145 1483 4211 Quasi
1513 4146 1656 4200 enim

72 4233 122 4287 in
153 4233 433 4289 Persarum
463 4237 687 4303 gratiam
728 4238 1022 4291 exercitum
1069 4251 1229 4308 agere
1253 4276 1270 4302 ,
1315 4251 1380 4292 ac
1407 4252 1512 4292 non
1539 4239 1659 4292 illos

68 4338 276 4395 capere,
317 4326 413 4380 sed
456 4341 582 4380 suos
613 4327 839 4395 prodere
869 4326 1071 4393 vellet,
1103 4329 1182 4382 sic
1211 4329 1264 4382 in
1288 4336 1512 4397 angusta
1543 4329 1656 4383 loca

68 4417 344 4476 conclusit.
371 4432 434 4471 ac
457 4427 660 4472 tantum
683 4433 788 4471 non
809 4417 1020 4473 vinctos
1037 4419 1176 4474 hosti
1207 4418 1442 4474 tradidit.
1458 4419 1660 4474 Omnes

71 4520 224 4573 porro
246 4523 368 4576 quae
404 4508 512 4562 illic
536 4509 808 4577 contigere
852 4509 1184 4564 calamitates
1204 4551 1221 4576 ,
1261 4526 1328 4565 ne
1352 4509 1514 4564 exiis
1543 4510 1662 4579 qui.

69 4597 206 4662 dem,
233 4599 325 4669 qui
356 4599 498 4653 illam
526 4599 773 4654 viderunt
799 4608 855 4655 et
882 4597 1088 4671 experti
1117 4611 1264 4665 sunt,
1297 4602 1473 4671 possit
1513 4603 1660 4671 quis-

70 4687 202 4753 piam
231 4704 551 4757 receusere,
594 4690 664 4743 ita
692 4705 906 4745 omnem
941 4692 1156 4746 modum
1183 4702 1522 4761 superarunt.
1551 4693 1657 4748 Sed

71 4786 124 4832 ut
149 4782 452 4836 summatim
482 4782 697 4868 dicam‘,
726 4783 820 4837 illo
844 4784 1067 4852 turpiter
1091 4799 1155 4839 ac
1182 4785 1376 4840 misere
1404 4795 1616 4840 mortuo
1641 4804 1654 4839 :

71 4872 155 4926 alii
178 4875 321 4929 enim
353 4874 538 4930 dicunt
579 4875 725 4930 illttm
769 4890 799 4930 a
828 4876 1015 4930 calone
1061 4877 1328 4945 quodam,
1368 4877 1436 4932 de
1479 4894 1658 4932 rerum

72 4975 205 5020 statu
251 4967 581 5038 indignante,
638 4983 949 5038 percussuro
998 4970 1296 5034 cecidisse;
1352 4971 1440 5025 alii
1497 4972 1659 5026 inter-

72 5052 320 5112 iectorem
351 5075 481 5111 non.
505 5060 750 5120 novisse.
799 5060 894 5114 sed
943 5062 1313 5115 tantummodo
1346 5077 1656 5132 percussuro

73 5145 246 5204 dicunt
287 5155 503 5221 rogasse
549 5161 605 5205 ut
651 5153 704 5205 in
749 5152 935 5208 Cilicia
978 5154 1326 5224 sepeliretur,
1379 5157 1468 5210 ubi
1517 5172 1659 5213 nunc

71 5235 203 5304 jacet
231 5257 247 5295 :
271 5256 394 5295 cum
425 5243 602 5312 itaque
642 5243 720 5297 sic
745 5244 834 5298 ille
855 5245 1082 5313 turpiter
1107 5247 1424 5311 cecidisset,
1460 5249 1660 5302 milites

75 5343 127 5381 se
153 5329 202 5384 in
227 5335 484 5388 extremis
511 5340 832 5389 constitutos
870 5352 992 5391 esse
1040 5348 1325 5392 cernentes
1349 5377 1365 5403 ,
1418 5339 1658 5393 hostibus

75 5421 334 5486 supplices
361 5424 622 5477 accedunt
646 5465 662 5490 ,
690 5425 935 5494 datisque
956 5425 1294 5494 juramentis,
1331 5445 1388 5483 se
1417 5431 1656 5483 omnium

77 5512 424 5565 munitissimo
455 5516 702 5582 prrcsidio
731 5531 999 5580 cessuros,
1029 5519 1169 5587 quod
1196 5520 1420 5584 partium
1452 5531 1660 5574 nostra-

78 5613 186 5653 rum
230 5618 328 5657 ceu
379 5619 564 5660 murus
609 5617 726 5662 erat
777 5609 1235 5677 inexpugnabilis,
1290 5610 1658 5681 humanosque

83 5698 208 5748 meti
241 5696 536 5762 barbaros,
585 5700 663 5754 sic
707 5711 1023 5763 evaserunt,
1069 5717 1136 5755 ex
1179 5702 1468 5772 multisque
1503 5705 1656 5774 pauci

85 5791 424 5858 reniigraiunt
444 5830 458 5856 ,
495 5790 587 5846 sed
613 5789 814 5848 al'fectis
836 5793 1171 5865 Corporibus,
1204 5795 1269 5852 de
1300 5796 1428 5852 inito
1457 5797 1657 5855 fmdere

3273 376 3383 432 B70
3410 421 3415 426 .

1781 481 2070 554 pudefacti,
2096 497 2196 555 per
2210 483 2585 554 jusjurandum
2611 498 2742 539 vero
2764 484 2935 556 coacti
2957 484 3198 556 paternis
3223 484 3380 541 bonis

1777 551 1998 630 cedere.
2030 551 2335 646 Videreque
2377 584 2494 630 erat
2520 575 2710 646 quavis
2738 551 3049 644 captivitate
3094 575 3380 631 miserabi-

1779 666 1883 748 lius
1915 667 2279 736 spectaculum
2314 683 2328 720 :
2358 681 2480 722 nam
2507 666 2660 722 urbis
2701 666 2846 721 illius
2891 669 3073 735 cives,
3115 683 3146 723 a
3185 668 3382 737 quibus

1774 763 2000 834 gratiam
2021 763 2438 834 exspectabant,
2491 762 2634 833 quod
2669 763 2838 817 instar
2866 761 3250 832 proliugnaculi
3284 778 3381 833 po.

1775 854 1864 908 siti
1893 869 1989 910 eos
2018 869 2230 919 omnes,
2258 854 2349 924 qui
2371 854 2506 908 intra
2536 853 2634 908 hos
2663 853 2861 909 limites
2890 865 3075 908 essent
3098 895 3114 920 ,
3137 853 3290 922 quasi
3329 854 3381 907 in

1777 954 1932 1014 portu
1961 945 2404 1010 constituissent,
2449 958 2548 1014 pro
2573 937 2824 998 omnibus
2854 958 3072 1014 semper
3098 943 3166 998 ad
3197 943 3382 997 omnia

1777 1034 2012 1104 pericula
2034 1035 2251 1104 objecti,
2283 1037 2350 1090 ab
2379 1027 2568 1089 iisdem
2598 1033 2810 1088 hostilia
2841 1035 2985 1104 passi
3012 1043 3160 1099 sunt,
3190 1043 3245 1088 et
3274 1034 3376 1087 do-

1723 1139 1725 1142 '
1775 1125 1951 1182 mibus
1979 1126 2234 1183 cedentes
2261 1137 2316 1182 et
2341 1128 2482 1197 agris
2505 1168 2522 1193 ,
2547 1135 2601 1181 et
2629 1142 2656 1179 a
2684 1127 2920 1196 paternis
2946 1124 3379 1204 possessionibus

1773 1217 1944 1272 avulsi
1968 1232 2120 1288 ,xqua
2147 1217 2454 1273 calamitate
2478 1233 2508 1273 a
2537 1218 2650 1273 suis
2677 1217 2852 1273 affecti
2885 1228 3032 1272 sunt.
3081 1217 3236 1284 llunc
3277 1232 3378 1273 nos

1773 1309 2003 1364 fructum
2024 1313 2093 1364 ab
2116 1311 2330 1381 egregio
2353 1309 2677 1382 imperatore
2701 1311 3060 1380 percepimus.
3085 1311 3203 1365 llaec
3215 1325 3377 1380 porro

1773 1419 1881 1457 non
1911 1412 2112 1459 temere
2137 1403 2273 1457 dicta
2303 1414 2462 1466 sunt,
2492 1402 2587 1457 sed
2614 1412 2670 1456 ut
2700 1401 3149 1470 rcspondercmus
3171 1400 3259 1466 iis,
3283 1402 3374 1470 qui

1771 1502 2112 1562 qumrerent,
2164 1509 2259 1548 cur
2304 1509 2409 1547 non
2448 1493 2518 1546 ab
2563 1494 2718 1547 initio
2757 1492 2839 1547 de.
2871 1492 3201 1562 Imperatore
3231 1491 3376 1548 Deus

1773 1599 1958 1654 pinnas
1983 1586 2288 1655 sumpserit.
2335 1585 2484 1639 Illum
2512 1586 2654 1640 enim
2681 1585 2830 1640 rabie
2856 1586 3075 1640 ductum
3104 1600 3250 1656 smpe
3278 1600 3372 1639 vo-

1771 1679 1871 1734 luit
1895 1680 1964 1734 ab
1990 1680 2246 1735 ulteriore
2272 1680 2475 1748 impetu
2503 1694 2778 1740 coercere.
2807 1677 3219 1748 alienorumque
3250 1693 3374 1732 ma-

1772 1769 1946 1825 lorum
1971 1771 2220 1841 exemplo
2244 1769 2534 1824 emendare
2568 1787 2580 1822 :
2613 1769 2734 1839 quia
2759 1783 2889 1824 vero
2916 1768 3387 1841 ille'repugnavit,.

1771 1859 1824 1914 in
1854 1870 2092 1915 extrema
2118 1875 2242 1914 eum
2289 1859 2426 1914 mala
2462 1859 2692 1928 conjecit
2723 1875 2737 1912 :
2776 1873 2960 1914 veram
2999 1858 3214 1929 quidem
3243 1872 3374 1928 pec-

1769 1959 2012 2005 catorum
2059 1949 2316 2006 ultionem
2353 1951 2405 2004 in
2433 1967 2683 2022 magnum
2710 1951 2861 2005 illum
2889 1950 3035 2005 diem
3063 1964 3370 2015 reservans,

1771 2043 2022 2116 pruenti
2067 2057 2195 2097 vero
2223 2057 2379 2112 pmna
2407 2043 2710 2112 supiniores
2738 2042 2979 2097 excitans
3008 2052 3064 2097 et
3086 2042 3155 2096 ad
3181 2042 3370 2097 melioo

1770 2147 1884 2208 gem
1908 2132 2112 2204 frugem
2141 2134 2424 2190 reducens.
2473 2133 2641 2188 Tanta
2669 2135 2813 2190 enim
2834 2143 2918 2189 est
2943 2133 3036 2187 Dei
3066 2132 3369 2198 tolerantia,

1768 2234 1829 2277 ut
1856 2224 1947 2295 qui
1974 2239 2036 2279 ea
2076 2240 2180 2293 non
2212 2234 2358 2280 recte
2403 2235 2657 2289 utuntur,
2709 2240 2804 2280 eos
2852 2208 3119 2294 graviore.
3153 2223 3368 2290 tandem

1771 2329 1926 2384 pinna
1946 2309 2147 2369 afficiat
2174 2332 2187 2368 :
2217 2330 2282 2370 ac
2308 2315 2759 2385 quemadmodum
2790 2313 3174 2385 ptenitentibus
3202 2315 3370 2379 utilis,

1769 2408 1840 2462 ita
1869 2407 2238 2477 pervicacibus
2263 2417 2317 2462 et
2344 2407 2628 2462 obstinatis
2671 2407 2889 2476 majoris
2932 2406 3179 2477 supplicii
3206 2420 3370 2462 causa

1767 2499 1964 2553 evadit.
2011 2497 2165 2566 Quod
2191 2499 2238 2554 si
2269 2498 2389 2568 quis
2418 2498 2562 2552 dicat
2587 2515 2602 2553 :
2632 2497 2770 2564 Quid
2803 2497 3001 2567 igitur?
3025 2513 3202 2552 annon
3231 2512 3366 2564 prte-

1767 2591 1975 2646 viderat
2002 2590 2142 2645 Deus
2165 2589 2278 2646 fore
2301 2631 2317 2656 ,
2357 2602 2412 2644 ut
2443 2598 2706 2661 tyrannus
2733 2605 3024 2659 numquam
3055 2587 3373 2644 emendare-

1765 2684 1886 2736 tur‘!
1937 2681 2063 2736 huic
2106 2680 2585 2751 respondebimus,
2634 2680 2948 2751 pmvidisse
2978 2679 3196 2749 quidem
3221 2719 3236 2742 ,
3270 2677 3364 2732 sed

1766 2788 2056 2843 numquam
2105 2781 2328 2844 propter
2364 2773 2582 2827 malitia:
2617 2781 2816 2826 nostra:
2843 2771 3220 2841 prmvisionem
3245 2755 3368 2824 cesi

1763 2871 2004 2918 saturum
2031 2879 2153 2918 esse
2176 2878 2301 2933 qua:
2323 2863 2388 2916 ad
2417 2878 2476 2918 se
2514 2872 2761 2931 spectant
2796 2863 2993 2916 facere.
3036 2860 3234 2915 Verum
3264 2858 3368 2913 etsi

1764 2970 1865 3008 nos
1900 2954 2321 3009 admonitionem
2351 2969 2458 3008 non
2489 2953 2836 3008 admittamus
2856 2993 2871 3017 ,
2904 2952 2996 3006 ille
3021 2950 3370 3005 nihilominus
3396 2986 3400 2990 -

1763 3043 2144 3114 benignitatem
2185 3059 2338 3097 suam
2377 3043 2748 3108 demonstrat;
2778 3042 2860 3096 sin
2887 3042 3049 3096 etiam
3079 3044 3132 3094 in
3165 3039 3366 3108 majora

1763 3134 2119 3205 impingamos
2147 3135 2306 3200 mala,
2336 3135 2466 3188 nihil
2493 3135 2594 3190 hoc
2618 3133 2685 3188 ad
2714 3148 2837 3189 eum
2865 3141 3070 3203 spectat
3091 3171 3110 3197 ,
3131 3132 3222 3202 qui
3261 3145 3368 3186 non

1765 3223 1886 3279 ideo
1916 3240 2014 3279 nos
2041 3234 2323 3294 peccantes
2345 3225 2438 3279 diu
2467 3225 2588 3279 tulit
2618 3235 2674 3279 ut
2701 3227 3035 3295 periremus,
3065 3222 3162 3278 sed
3191 3231 3248 3276 ut
3271 3236 3362 3276 sa-

1764 3317 1930 3371 lutem
1971 3333 2464 3387 consequeremur;
2515 3332 2704 3372 verum
2746 3326 2928 3371 nostra
2972 3317 3128 3386 culpa
3168 3315 3368 3381 evenit,

1762 3409 1854 3478 qui
1885 3408 2207 3464 ineﬂ'abilem
2242 3410 2361 3478 ejus
2405 3409 2744 3464 tolerantiam
2774 3409 3143 3478 despeximus.
3182 3408 3363 3478 Atque

1764 3500 1837 3554 ita
1884 3499 2146 3556 immensa
2173 3502 2290 3570 ejus
2335 3501 2633 3572 benignitas
2671 3500 2996 3555 declaratur.
3040 3499 3174 3555 Cum
3221 3501 3366 3554 enim

1764 3592 2015 3646 nolumus
2055 3608 2246 3663 magna
2272 3593 2392 3661 ejus
2427 3591 2534 3646 frui
2562 3593 2813 3662 patientia
2839 3633 2855 3657 ,
2891 3603 3014 3647 tunc
3042 3607 3161 3646 eam
3192 3591 3281 3645 ille
3313 3591 3364 3643 in

1761 3684 1990 3739 aliorum
2023 3685 2226 3739 lucrum
2255 3686 2540 3750 convertit,
2575 3683 2769 3754 ubique
2795 3672 2952 3737 simul
2981 3682 3364 3753 benignitatem

1762 3789 1818 3832 et
1843 3777 2118 3831 solertiam
2143 3789 2295 3829 suam
2338 3774 2590 3844 prodens.
2636 3773 2789 3841 Quod
2814 3774 2976 3827 etiam
3014 3784 3138 3828 tunc
3167 3772 3366 3827 factum

1763 3878 1870 3925 est.
1920 3868 1988 3924 Et
2034 3877 2292 3939 tyrannus
2317 3867 2537 3937 quidem
2566 3867 2645 3921 sic
2671 3868 2833 3920 vitam
2861 3865 3094 3930 clausit;
3137 3879 3204 3919 ac
3253 3875 3366 3919 tum

1764 3961 1987 4017 insaniae
2027 3964 2183 4030 ejus,
2236 3971 2347 4016 tum
2395 3961 2613 4032 Babylo:
2651 3961 2864 4015 virtutis
2901 3971 3244 4014 monumenta
3275 3974 3369 4014 ex-

1762 4063 1907 4108 stant
1948 4070 1960 4104 :
1995 4053 2251 4123 templum
2277 4093 2292 4116 ,
2344 4052 2472 4106 item
2499 4061 2555 4106 et
2582 4050 2942 4122 martyrium,
2992 4049 3120 4104 illud
3147 4048 3363 4119 quidem

1763 4140 2055 4210 desertum,
2083 4143 2184 4199 ltoc
2205 4144 2450 4201 eamdem
2478 4159 2637 4214 quam
2666 4144 2813 4212 prius
2831 4143 3079 4196 virtutem
3103 4141 3364 4197 retinens.

1764 4236 1940 4305 Capsa
1965 4249 2146 4290 autem
2177 4251 2283 4289 non
2316 4236 2453 4290 ultra
2483 4233 2713 4290 refertur
2732 4275 2748 4299 ,
2792 4233 2904 4287 Deo
2933 4233 3003 4286 ita
3032 4231 3363 4301 providente.

1764 4336 1822 4380 ut
1841 4325 2254 4380 adventantibus
2272 4326 2468 4380 clarior
2492 4325 2702 4396 Babylze
2724 4333 2994 4393 gestorum
3023 4321 3210 4376 notitia
3241 4337 3365 4376 eva-

1763 4417 1876 4472 dat.
1925 4418 2176 4487 Quisquis
2201 4418 2344 4472 enim
2375 4418 2690 4486 peregrinos
2721 4417 2896 4470 locum
2923 4415 3112 4469 adiens
3139 4425 3191 4469 et
3223 4431 3362 4468 mar-

1765 4517 1936 4579 tyrem
1965 4524 2238 4579 qna-rens,
2268 4523 2391 4563 cum
2420 4508 2567 4562 illum
2593 4507 2786 4562 abesse
2814 4507 2997 4574 videt,
3029 4505 3207 4560 statim
3235 4520 3367 4559 ean-

1762 4619 1878 4658 sam
1905 4604 2226 4668 sciscitatur,
2255 4611 2309 4657 et
2331 4602 2408 4668 sic
2425 4609 2588 4654 totam
2604 4599 2827 4655 edoctus
2846 4597 3122 4653 historiam
3143 4597 3364 4662 recedit,

1764 4696 1970 4764 majus,
2017 4711 2178 4764 quam
2213 4695 2397 4766 prius,
2445 4692 2650 4746 lucrum
2683 4701 3001 4762 reportans;
3051 4691 3128 4743 sic
3175 4699 3230 4743 ct
3262 4689 3368 4743 Da-

1766 4789 1943 4858 phnen
1975 4789 2290 4853 adventans,
2319 4797 2374 4841 et
2396 4786 2519 4840 inde
2543 4786 2824 4853 recedens,
2851 4785 3138 4840 maximam
3167 4783 3369 4837 utilitao

1767 4889 1874 4934 tem
1907 4880 2156 4948 percipit.

1839 4969 2126 5041 Martyrum
2157 4981 2260 5022 tam
2288 4970 2541 5030 vivorum,
2571 4985 2724 5037 quam
2753 4978 3070 5021 mortuorum
3097 4968 3275 5020 virttis.
3303 4995 3372 5006 —-

1766 5060 1844 5115 Ea
1886 5071 1969 5115 cst
2010 5072 2302 5130 martyrum
2350 5062 2556 5124 virtus,
2605 5059 2892 5112 viventium
2918 5098 2932 5119 ,
2990 5069 3323 5112 mortuorum
3351 5095 3370 5122 ,

1767 5153 2110 5222 praesentium
2154 5153 2321 5216 locis,
2362 5151 2685 5203 absentium.
2739 5150 2946 5203 Etenim
2993 5150 3060 5204 ab
3105 5150 3256 5204 initio
3305 5152 3371 5204 ad

1767 5248 1926 5299 liuent
1983 5246 2101 5312 ejus
2146 5246 2374 5298 facinora
2423 5245 2672 5296 continua
2723 5246 2872 5310 quasi
2923 5244 3064 5296 serie
3122 5243 3370 5310 copulata

1767 5336 1936 5392 fuere.
1993 5339 2048 5392 Si
2096 5338 2394 5406 perpendas
2442 5339 2618 5400 enim,
2669 5337 2892 5389 violatas
2924 5337 3016 5391 Dei
3048 5337 3191 5406 leges
3224 5337 3367 5389 ultus

1767 5441 1848 5484 est
1873 5472 1888 5494 ,
1939 5447 2036 5501 pro
2065 5432 2244 5484 occiso
2274 5431 2481 5484 debitas
2511 5444 2697 5496 pugnas
2733 5431 3000 5498 sumpsit,
3049 5438 3244 5497 quanta
3301 5429 3369 5480 sit

1767 5521 2125 5575 sacerdotium
2159 5523 2296 5574 inter
2343 5531 2396 5573 ct
2441 5521 2724 5586 imperium
2752 5518 3048 5572 differentia
3087 5519 3317 5571 ostendit
3348 5518 3367 5581 ',

1773 5617 1956 5670 mundi
1991 5615 2182 5669 fastum
2213 5629 2426 5668 omnem
2466 5613 2736 5674 dissolvit,
2773 5614 2952 5665 tnuudi
2978 5627 3223 5681 pompam
3255 5613 3368 5665 cal-

1767 5709 1941 5772 cmil,
1990 5708 2339 5777 Imperatores
2385 5705 2602 5767 docuit,
2664 5697 2900 5760 neultra
2931 5719 3237 5757 mensuram
3268 5702 3366 5756 sibi

1770 5815 1799 5852 a
1828 5799 1939 5856 fleo
1984 5798 2346 5869 pru'scriptam
2389 5804 2706 5867 potestatem
2749 5796 3137 5861 extenderent,
3183 5793 3330 5847 sat-er
