4082 6420
734 330 833 384 57]

736 447 885 500 dotes
913 443 1091 501 docutt
1111 487 1125 510 ,
1171 455 1228 500 ut
1248 444 1300 507 in
1328 446 1430 501 hoc
1456 446 1750 516 principatu
1796 462 2028 516 prreesse
2054 456 2313 516 Oporteat.

732 535 801 589 Et
829 535 942 589 base
971 535 1185 605 quidem
1218 536 1401 605 hisque
1427 537 1577 605 plura
1606 536 1733 590 dum
1763 528 1813 591 in
1840 553 2000 592 carne
2019 547 2161 591 esset
2189 555 2202 592 :
2227 537 2315 591 ubi

734 633 909 676 antem
963 626 1085 679 hinc
1128 626 1439 696 emigravit,
1485 626 1747 681 daemonis
1809 628 1967 681 robur
2011 631 2315 693 enervavit,

735 716 1010 784 gentilium
1048 718 1303 771 fallaciam
1330 716 1654 785 confutavit,
1698 718 1929 773 vaticinii
1967 721 2318 788 nugacitatem

686 784 995 877 ﬁdetexit;
1027 812 1142 881 ejus
1194 814 1391 866 larvam
1444 814 1735 878 contrivit,
1783 812 2145 867 histrionicam
2202 814 2322 881 ejus

735 917 949 956 omnem
991 902 1189 957 detexit
1214 914 1418 969 artem,
1470 918 1592 957 eum
1619 904 1706 973 qui
1737 905 1788 957 in
1817 917 1879 955 ea
1907 916 2140 972 praeesse
2178 902 2324 983 vide-

736 1004 887 1049 retur
941 994 1307 1049 obmutescere
1354 1009 1571 1065 cogens.
1634 1010 1699 1050 ac
1752 1009 1939 1063 magna
1988 993 2322 1048 vehementia

733 1083 1064 1153 upprimcns.
1115 1082 1269 1138 Stant
1312 1082 1573 1152 hodieque
1616 1083 1796 1151 templi
1854 1083 2028 1147 muri,
2065 1083 2323 1137 daemonis

735 1174 1077 1243 ignominiam
1125 1175 1370 1231 omnibus
1421 1175 1796 1246 praedicantes,
1844 1174 2010 1229 risum
2042 1174 2168 1230 item
2212 1173 2312 1227 im-

1438 335 1494 391 S.
1533 332 1809 391 JOAINNIS
1845 333 2317 392 CHRYSOSTOMI

2425 337 2671 394 lClllEP.
2712 338 3240 398 CONSTANTINOP.

3916 340 4023 389 57⁸1

2425 450 2905 524 becillitatemque;
2957 456 3204 527 martyris
3224 470 3351 511 vero
3376 469 3603 510 coronas
3625 496 3643 521 ,
3685 454 3980 509 victoriam
4008 496 4025 522 ,

2426 544 2698 610 virtutem.
2727 544 2895 599 Tanta
2925 554 3006 600 est
3030 556 3334 600 sanctorum
3364 546 3654 613 fortitudo,
3680 555 3791 603 tam
3814 546 4024 617 invicta

2426 644 2479 688 et
2504 634 2853 690 formidabilis
2872 678 2887 701 ,
2917 647 2970 691 ct
2994 637 3405 705 lmperatoribus
3426 647 3481 694 et
3497 638 3844 695 temonibus
3866 680 3883 706 ,
3916 639 4024 694 imo

2390 769 2396 779 .
2427 722 2525 792 ipsi
2551 740 2759 795 quoque
2784 725 3083 780 daemonum
3115 727 3339 796 principi
3362 728 3401 781 ί.

2474 940 2491 1004 ξ
2520 939 2571 1004 In
2593 939 2689 1004 line
2712 939 2951 1003 Opusculi
2971 940 3125 990 Savil.
3149 946 3203 990 et
3222 955 3353 1004 unus
3373 939 3563 1004 codex,
3586 946 3703 1004 post
3722 942 4011 991 diemme

2408 1000 2640 1069 prim‘ipi,
2664 1000 2933 1069 habebant;
2952 1004 3165 1069 Regnum
3180 1002 3309 1069 enim
3326 1008 3371 1053 et
3389 1001 3543 1069 virtus
3556 1000 3713 1053 solius
3724 1007 3756 1051 J
3763 1017 3853 1052 esu
3866 1004 4011 1055 Chri-

2409 1060 2470 1111 sti
2496 1060 2686 1110 Domini
2697 1062 2882 1129 nostri;
2901 1060 3061 1129 ipsum
3073 1066 3234 1129 solum
3247 1064 3381 1115 deret
3391 1063 3569 1129 gloria,
3583 1077 3697 1129 cum
3709 1072 3900 1115 (eterna
3918 1073 4013 1119 Pa-

2410 1130 2483 1189 tre
2503 1130 2545 1172 et
2567 1129 2808 1189 cowterno
2818 1125 3010 1188 Spiritu
3029 1127 3079 1175 in
3098 1124 3284 1189 inﬁnita
3300 1140 3380 1177 stet
3392 1124 3476 1175 itla
3488 1127 3810 1189 «regulorum.
3836 1135 4011 1181 Amen.

2414 1185 2536 1243 Quae
2560 1201 2588 1234 a
2610 1186 2825 1246 quodam
2846 1185 3067 1249 graculo
3091 1185 3299 1238 librario
3314 1189 3450 1237 haud
3466 1186 3619 1237 dubie
3644 1189 3851 1251 adjecta
3872 1202 4011 1242 sunt.

775 1562 3956 1607 Μ

1170 1799 1252 1863 ΙΝ
1296 1800 1674 1862 HOMILIAM
1712 1801 1795 1863 IN
1836 1801 1943 1862 SS.
1986 1803 2401 1867 MARTYRES
2439 1806 2932 1871 JUVENTINUM
2970 1810 3067 1871 ET
3107 1811 3575 1874 MAXIMINUM.

803 2046 872 2101 Ut
908 2044 1065 2099 initio
1086 2042 1246 2112 huius
1268 2006 1548 2098 conc‘ionts
1576 2040 1800 2123 dicitur,
1831 2041 2013 2096 habita
2036 2041 2151 2097 haec
2172 2041 2276 2096 fuit
2310 2041 2503 2111 paucis
2546 2050 2669 2112 post
2695 2041 2984 2097 [familiam
3040 2042 3094 2097 in
3128 2040 3185 2096 S.
3222 2040 3480 2111 Babylam
3511 2040 3714 2099 diebus
3744 2062 3757 2097 :
3791 2043 4010 2110 Nuper,

732 2145 1173 2228 inquiunptim,
1211 2169 1321 2210 non
1353 2164 1559 2218 autem,
1590 2155 1724 2221 lteri,
1778 2165 1838 2239 ut
1867 2164 2102 2210 verterat
2128 2156 2421 2226 Interpres,
2455 2154 2644 2224 Nuper
2688 2156 2870 2210 beatus
2900 2154 3135 2228 Babylo:
3161 2171 3281 2209 cum
3338 2154 3508 2208 tribus
3545 2155 3733 2224 pueris
3789 2170 3893 2208 nos
3930 2155 4013 2207 hic

730 2270 1078 2341 congregabat
1110 2287 1128 2322 :
1160 2268 1315 2324 hodie
1344 2286 1477 2349 vero,
1508 2287 1609 2340 par
1636 2280 1943 2325 sanctorum
1980 2273 2213 2326 militum
2252 2274 2309 2327 in
2334 2275 2449 2328 acie
2471 2262 2780 2327 exercitum
2811 2271 3012 2328 Christi
3041 2273 3334 2327 constituit.
3388 2271 3449 2326 Et
3476 2280 3659 2327 tamen
3717 2270 3834 2325 hoc
3892 2270 4019 2325 loco

733 2386 851 2441 fulti
882 2386 942 2452 ii,
975 2390 1067 2457 qui
1090 2386 1491 2458 Martyrologiis
1523 2402 1745 2458 operam
1775 2389 2062 2455 dederunt,
2094 2390 2147 2444 in
2176 2391 2247 2446 25
2274 2389 2522 2446 Januarii
2556 2392 2753 2446 horum
2804 2401 3106 2463 martyrum
3135 2366 3279 2450 diem
3309 2391 3541 2445 natalem
3576 2388 3916 2455 conferunt,
3942 2390 4010 2441 li-

644 2542 653 2547 -
729 2506 816 2551 cet
839 2511 946 2550 non
971 2496 1125 2551 initio
1154 2505 1387 2556 tantum.
1427 2498 1521 2552 sed
1547 2498 1709 2552 etiam
1744 2500 1907 2569 paulo
1952 2510 2139 2570 postea
2169 2494 2598 2573 Chrysostomus
2648 2502 2717 2557 de
2740 2501 2976 2559 Humilia
3002 2503 3057 2558 in
3086 2500 3145 2557 S.
3171 2502 3431 2573 Babylam
3456 2501 3714 2571 loquens,
3743 2516 3879 2556 eam
3908 2515 4014 2554 non

731 2617 860 2679 heri,
899 2615 991 2669 sed
1023 2631 1207 2684 nuper,
1240 2613 1450 2687 πρῴην,
1479 2617 1679 2673 dictam
1705 2619 1972 2674 enuntiet.
2004 2620 2133 2675 Inde
2167 2592 2365 2676 forsan
2400 2636 2531 2687 mos
2552 2621 2790 2677 obtinuit
2834 2630 2895 2676 ut
2937 2622 3028 2677 die
3054 2620 3251 2677 festum
3288 2619 3345 2675 S.
3386 2619 3601 2690 Babylie
3648 2619 4015 2689 insequente,

698 2726 835 2783 ‘SS.
870 2728 1145 2783 Juventini
1170 2738 1224 2782 et
1247 2726 1529 2784 Maximini
1558 2733 1875 2787 memoriam
1916 2735 2207 2789 enuntient
2244 2751 2257 2787 :
2290 2750 2398 2790 non
2431 2751 2499 2791 ex
2520 2735 2834 2792 Graecorum
2862 2735 3083 2794 Menaeis
3114 2735 3166 2790 id
3198 2736 3453 2791 mutuati:
3483 2734 3789 2804 siquidem,
3827 2743 3894 2787 ut
3923 2748 4016 2786 no-
4072 2726 4078 2846 ἱ

735 2854 810 2897 tat
840 2842 1041 2912 Optime
1069 2841 1384 2907 Bullandus,
1416 2845 1563 2899 nulla
1600 2845 1652 2899 in
1684 2845 1924 2913 Menaeis,
1948 2848 2284 2918 Meuologiis,
2316 2850 2663 2922 Anthologio,
2697 2851 2887 2906 aliisve
2917 2850 3075 2906 fastis
3104 2850 3275 2905 sacris
3294 2850 3609 2905 Grmcorum
3634 2887 3650 2911 ,
3679 2863 3894 2903 eorum
3924 2865 4013 2904 ex-

732 2975 841 3021 stat
888 2969 1168 3024 memoria.
1218 2968 1322 3023 Sed
1353 2984 1379 3019 a
1413 2970 1831 3038 recentioribus,
1887 2972 1964 3026 ait
1993 2946 2105 3039 ille,
2137 2974 2385 3041 postridie
2419 2972 2480 3028 S.
2514 2960 2731 3045 Babylo:
2759 2982 2810 3027 et
2839 2975 3001 3027 trium
3033 2971 3631 3041 puerorum-locantur;
3662 2972 3765 3039 qui
3801 2972 4014 3027 scilicet

739 3101 801 3136 ea
839 3085 891 3138 in
924 3101 981 3138 re
1023 3093 1257 3139 veterem
1288 3085 1432 3139 illam
1470 3084 1720 3141 Homiliaz
1752 3087 2127 3159 Chrysostomi
2187 3090 2242 3143 in
2285 3088 2386 3145 SS.
2422 3090 2687 3162 Martyres
2722 3089 3227 3160 interpretationem
3256 3098 3564 3159 sequuntur
3591 3107 3606 3142 :
3635 3086 3781 3142 Heri
3822 3087 4015 3140 beatus

735 3198 962 3269 Babylo:
994 3213 1111 3250 cum
1146 3198 1314 3251 tribus
1345 3199 1544 3267 pueris.
1588 3198 1821 3255 Videant
1861 3200 2026 3269 igitur
2057 3202 2091 3255 ii
2140 3201 2362 3280 quiSS.
2396 3201 2551 3256 lastis
2599 3201 2733 3254 dant
2766 3216 3009 3271 operam,
3045 3216 3175 3255 num
3207 3168 3312 3254 alia
3342 3201 3414 3256 sit
3456 3199 3757 3256 Statuenda
3820 3200 4017 3256 culeno

734 3316 817 3369 ιιω
844 3311 942 3367 SS.
970 3310 1315 3367 Juventiniet
1340 3309 1619 3367 Maximini
1643 3315 1921 3370 memoriae
1941 3316 2072 3370 dies.
2107 3313 2214 3370 llos
2248 3326 2511 3385 martyres
2538 3323 2937 3371 commemorat
2956 3314 3339 3371 Theodoretus
3360 3314 3398 3369 l.
3417 3315 3455 3370 5
3473 3315 3620 3371 Hist.
3651 3315 3811 3371 Eccl.
3839 3332 3895 3373 c.
3931 3318 4017 3371 Νι

736 3849 1021 3893 Εδυευιῑιί
1065 3850 1128 3892 IN
1174 3850 1259 3893 SS.
1306 3851 1642 3894 HABTYRES
1682 3852 2093 3895 JUVENTINUH

2146 3850 2225 3892 ET
2277 3848 2680 3900 MAXIMINUM,

2740 3847 2850 3899 QUI
2908 3848 3027 3891 SUB
3069 3848 3334 3892 JULIANO
3368 3849 3711 3892 ΔΡΟΒΤΔΤΔ
3765 3852 4027 3893 mann-

1685 3949 1845 3992 ιιιοΜ
1889 3950 2052 3992 ευκτ
2095 3948 2287 4002 PASSI,
2331 3946 2540 3989 SERMO
2583 3946 3035 3989 PANEGYBICUS.

1668 4136 1697 4155 ,
2134 4075 2542 4143 mm

805 4227 858 4280 Ι.
887 4225 1068 4294 Nuper
1090 4226 1278 4282 beatus
1307 4228 1533 4298 Bahylas
1552 4241 1672 4283 eum
1701 4229 1867 4285 tribus
1893 4233 2076 4302 pueris
2096 4249 2191 4288 nos
2230 4235 2317 4288 hic

734 4318 1087 4387 congregabat
1120 4335 1133 4369 :
1177 4319 1335 4373 hodie
1366 4335 1491 4374 vero
1537 4336 1629 4389 par
1654 4334 1954 4376 sanctorum
1988 4326 2215 4379 militum
2261 4328 2314 4380 in

735 4411 849 4463 acie
889 4412 1178 4463 exercitum
1227 4409 1421 4465 Christi
1483 4414 1802 4480 constituit;
1848 4433 2016 4483 nuper
2060 4419 2312 4489 quadriga

740 4509 1030 4568 martyrum
1051 4541 1066 4562 ,
1100 4500 1258 4556 hodie
1289 4502 1426 4571 biga.
1470 4502 1643 4572 Impar
1676 4520 1859 4560 eormn
1897 4518 1979 4561 est
2008 4517 2171 4575 aetas,
2219 4510 2315 4565 sed

738 4603 839 4641 una
873 4588 1041 4654 fides;
1069 4590 1209 4643 varia
1242 4592 1554 4657 certamina,
1584 4595 1675 4646 sed
1702 4594 1885 4649 eadem
1916 4596 2168 4652 fortitudo
2196 4615 2207 4650 :
2240 4600 2315 4653 illi

739 4690 978 4747 tempore
1021 4674 1349 4749 superiores,
1394 4683 1479 4736 isti
1527 4685 1867 4738 recentiores.
1915 4686 2184 4753 Ejusmodi
2232 4697 2317 4743 est

741 4772 1018 4824 thesaurus
1040 4771 1320 4835 Ecclesia},
1354 4788 1516 4827 novas
1550 4782 1605 4828 et
1634 4784 1841 4831 veteres
1876 4776 2032 4831 habet
2055 4780 2315 4847 margari-

738 4868 818 4911 tas
850 4876 864 4913 :
895 4860 989 4914 sed
1036 4876 1135 4915 una
1179 4862 1415 4915 omnium
1461 4873 1539 4917 est
1576 4864 1933 4932 pulchritudo.
1980 4866 2177 4921 Eorum
2219 4868 2317 4923 llos

738 4964 910 5018 neque
940 4952 1252 5017 marcescit,
1288 4968 1460 5021 neque
1484 4953 1667 5009 deﬂuit
1695 4966 1970 5026 tempore;
2014 4960 2183 5012 nescit
2227 4975 2321 5013 ve-

674 5094 693 5109 ,
739 5042 951 5095 tustatis
977 5042 1267 5111 rubiginem
1300 5044 1599 5112 splendoris
1627 5046 1776 5099 istius
1805 5057 2012 5100 natura.
2041 5046 2321 5118 Temporis

738 5132 1086 5186 diuturnitate
1130 5147 1284 5201 Opes,
1335 5151 1453 5203 qum
1476 5136 1541 5188 ad
1582 5152 1804 5205 corpora
1851 5149 2127 5208 spectant,
2165 5141 2321 5195 facile

742 5230 1008 5275 intereunt
1054 5240 1070 5276 :
1126 5226 1440 5278 vestimenta
1492 5226 1633 5279 enim
1680 5228 2069 5294 absumuntur,
2130 5229 2321 5285 domus

738 5310 1100 5379 destruantur,
1140 5324 1195 5369 et
1228 5330 1441 5368 aurum
1483 5316 1722 5385 rubigine
1762 5322 2129 5384 consumitur;
2174 5329 2227 5375 et
2267 5322 2317 5375 in

739 5414 942 5455 summa
965 5443 980 5467 ,
1011 5405 1247 5459 omnium
1274 5406 1603 5460 sensibilium
1634 5407 1940 5461 facultatum
1973 5420 2155 5463 natura
2188 5422 2321 5465 tem-

741 5506 869 5551 pore
906 5493 1118 5549 tan‘dem
1145 5495 1386 5551 aboletur
1414 5505 1469 5551 et
1488 5498 1779 5553 intercidit.
1808 5501 1879 5552 At
1909 5515 2010 5553 non
2040 5501 2117 5555 sic
2146 5516 2205 5554 sc
2231 5517 2319 5557 res

802 5622 1103 5690 ‘Vll‘l’n-banc
1125 5625 1365 5675 bomiliam
1390 5628 1594 5676 vidimus
1610 5629 1748 5676 Codd.
1771 5631 1976 5685 unicum.
1998 5633 2193 5690 Regium
2227 5648 2319 5684 set.

745 5682 993 5732 ιιιειῖὂιῦ
1020 5699 1031 5731 :
1059 5700 1165 5736 nam
1188 5691 1370 5747 portari
1394 5698 1507 5739 sunt
1530 5690 1674 5747 hujus
1694 5690 1902 5740 bomilim
1924 5682 2139 5742 (Iudiciis.

2426 4235 2586 4291 habet
2610 4235 2659 4289 in
2690 4234 3053 4305 spiritualibus
3081 4233 3344 4287 thesauris
3364 4274 3377 4297 ,
3429 4231 3496 4286 de
3522 4233 3871 4304 martyribus
3889 4277 3908 4301 ,
3964 4254 4029 4291 ur

2422 4341 2577 4394 quam
2603 4366 2619 4391 ,
2663 4328 2750 4394 qui
2776 4340 2990 4392 semper
3012 4326 3063 4378 in
3090 4324 3277 4378 eodem
3316 4324 3739 4392 manentvigore
3760 4368 3778 4389 ,
3812 4343 4029 4399 semp.

2425 4419 2476 4475 in
2506 4417 2691 4470 eodem
2720 4415 3022 4484 jnventntls
3042 4415 3176 4469 ﬂore
3203 4424 3328 4468 sunt
3353 4456 3369 4479 ,
3417 4429 3632 4483 semper
3674 4430 3799 4469 suae
3845 4420 4033 4487 gloria

2425 4510 2677 4577 fulgorem
2721 4508 2968 4560 emittunt
3012 4515 3066 4561 et
3105 4506 3301 4560 radios.
3350 4506 3500 4572 Quod
3525 4506 3762 4561 scientes
3792 4526 3899 4562 vos
3930 4527 4033 4565 non

2423 4602 2579 4654 aliter
2610 4600 2840 4667 priscos,
2880 4599 3035 4651 aliter
3062 4596 3384 4651 recentiores
3420 4598 3599 4652 colitis
3637 4608 3904 4664 sanctos,
3943 4602 4033 4655 ard

2423 4689 2608 4744 eadem
2639 4688 2940 4753 alacritate,
2971 4687 3157 4741 eodem
3188 4701 3368 4741 amore
3391 4728 3407 4751 ,
3450 4688 3641 4742 eodem
3684 4688 3895 4744 affectu
3941 4708 4031 4743 eo.

2424 4780 2529 4833 litis
2549 4794 2737 4833 omncs
2756 4788 2810 4831 et
2832 4777 3235 4831 commendatis.
3258 4776 3372 4831 Non
3394 4776 3535 4831 enim
3558 4779 3861 4847 exploratis
3886 4780 4030 4834 temo

2425 4886 2561 4937 pus,
2603 4869 2698 4923 sed
2746 4869 3020 4939 exquiritis
3062 4868 3225 4921 animi
3281 4868 3665 4931 fortitudinem,
3710 4869 3990 4937 pietatem
4018 4914 4031 4935 ,
4076 4868 4077 4935 l

2426 4964 2582 5018 fidem
2607 4964 2853 5017 invictam
2879 5003 2894 5029 ,
2926 4962 3094 5016 zelum
3124 4960 3398 5015 incitatum
3426 4975 3487 5014 ac
3508 4959 3783 5015 fervidum
3803 5001 3822 5025 ,
3846 4971 3904 5015 et
3934 4978 4033 5017 eas
4076 4946 4077 4989 Ῠ

2427 5053 2650 5106 virtutes
2670 5094 2684 5118 ,
2709 5067 2842 5121 quas
2874 5067 2983 5120 pra:
3010 5066 3069 5104 se
3100 5051 3276 5104 ferunt
3318 5049 3524 5113 sancti,
3570 5050 3634 5103 ad
3657 5066 3895 5119 quorum
3927 5054 4030 5106 ho~

2428 5158 2610 5195 norem
2636 5142 2794 5195 hodie
2820 5140 3187 5194 cenvenimus.
3228 5139 3289 5192 Hi
3322 5139 3465 5192 enim
3496 5147 3642 5191 tanto
3692 5155 3888 5196 amore
3928 5142 4029 5195 Dei

2427 5231 2760 5298 ﬂagrabant,
2814 5241 2872 5285 ut
2917 5232 3077 5284 etiam
3122 5241 3270 5284 extra
3322 5230 3753 5296 persequutionis
3807 5241 4029 5302 tempus

2428 5324 2663 5393 martyrii
2695 5338 2891 5377 curena
2921 5322 3153 5377 redimiti
3200 5320 3426 5383 fuerint,
3475 5319 3678 5388 absque
3705 5335 3886 5389 pugna
3913 5333 4029 5377 tro-

2429 5429 2598 5479 pmum
2621 5413 2887 5466 erexerint
2915 5452 2933 5477 ,
2978 5410 3178 5479 absque
3204 5410 3386 5477 pnelio
3413 5408 3629 5461 victoria
3668 5411 3845 5479 potiti;
3875 5414 3993 5467 sint
4011 5456 4025 5475 ,

2429 5505 2629 5572 absque
2669 5505 2961 5557 certamine
3005 5501 3245 5555 bravium
3292 5500 3584 5567 rapuerint.
3633 5498 3703 5553 Et.
3744 5506 4027 5569 quomodo

2428 5593 2526 5646 hoc
2550 5632 2565 5649 .
2613 5609 2713 5663 ego
2737 5594 2909 5648 dicam
2940 5611 2955 5649 :
2987 5591 3080 5647 sed
3123 5590 3257 5645 ferte
3296 5604 3379 5643 me
3415 5605 3528 5643 rem
3554 5590 3715 5658 paulo
3735 5591 3904 5645 altius
3927 5606 4019 5645 re-

2425 5696 2625 5753 petere.
