4082 6424
242 373 346 430 873

315 491 729 563 Persrquutionis
772 489 902 544 ratio
939 486 1031 542 sub
1050 485 1263 542 Iuliano
1291 487 1560 557 Apostata.
1596 513 1669 526 —
1710 483 1840 540 Erat

247 585 544 656 imperator
591 582 813 653 quidam
839 621 856 646 ,
907 580 1068 635 etiam
1111 588 1298 634 nostro
1324 591 1478 642 tevo,
1523 589 1712 631 omnes
1749 575 1840 646 qui

239 693 302 733 se
333 682 724 747 prmeesserant
748 673 1018 743 impietate
1041 670 1294 736 vincens,
1339 667 1409 723 de
1455 683 1564 738 quo
1593 677 1647 723 et
1675 681 1844 735 nuper

239 768 479 838 pluribus
506 780 534 817 τ
558 779 645 818 me
680 763 882 820 dictum
907 770 990 816 est
1020 779 1034 816 :
1076 760 1166 831 qui
1195 775 1317 815 cum
1361 758 1571 814 videret
1612 773 1699 812 res
1746 772 1846 811 no-

237 875 383 916 stras
407 868 703 927 martyrum
732 866 904 911 morte
929 855 1185 910 clariores
1206 854 1345 916 fieri.
1377 861 1433 908 et
1456 867 1518 908 ea
1547 866 1705 906 causa
1735 867 1840 904 nun

236 952 414 1004 solum
445 950 622 1015 viros,
665 948 760 1003 sed
789 958 846 1002 et
874 955 1088 1001 teneros
1137 959 1332 1016 pueros
1373 945 1714 1013 virginesque
1756 943 1841 996 in-

238 1054 440 1114 nuptas
463 1083 478 1107 ,
506 1051 562 1097 et
583 1040 636 1096 in
660 1056 867 1095 summa
893 1054 962 1095 es
986 1039 1133 1095 omni
1160 1053 1291 1093 sexu
1319 1048 1376 1093 et
1399 1045 1557 1092 aelate
1582 1035 1841 1107 quosdam
1892 1110 1894 1113 τ

235 1149 343 1206 pro
373 1134 634 1206 religione
653 1132 722 1187 ad
749 1140 980 1187 mortem
1007 1131 1259 1202 prosilire
1275 1170 1289 1195 ,
1310 1129 1649 1185 cruciabatur
1667 1137 1722 1182 et
1746 1128 1846 1181 do-

242 1225 428 1291 lebat;
473 1235 735 1280 caeterum
778 1237 996 1278 movere
1042 1223 1241 1277 bellum
1278 1221 1560 1276 manifeste
1606 1219 1839 1274 nolebat.
1865 1243 1874 1250 ~—

235 1315 444 1373 Omnes
481 1317 648 1379 enim,
700 1313 944 1380 dicebat,
995 1312 1061 1367 ad
1103 1313 1454 1385 martyrium,
1483 1311 1635 1382 quasi
1665 1311 1731 1365 ad
1759 1309 1842 1364 al-

239 1410 481 1462 vearium
532 1420 661 1475 apes
712 1405 988 1460 volabunt.
1039 1403 1166 1458 llaec
1212 1413 1392 1457 autem
1435 1418 1541 1457 non
1589 1402 1657 1457 ab
1697 1401 1841 1468 alio,

237 1514 404 1569 quam
445 1513 475 1550 a
519 1495 813 1566 majoribus
878 1495 991 1550 suis
1036 1493 1317 1549 didicerat.
1368 1492 1581 1548 Etenim
1631 1490 1842 1561 tytanni

238 1587 536 1644 Ecelesiam
587 1585 941 1649 infestarunt,
992 1593 1048 1638 et
1094 1585 1276 1656 populi
1321 1599 1536 1655 quoque
1583 1594 1844 1654 perpetuo

238 1680 686 1736 insurrexerunt‘
718 1694 840 1734 cum
867 1677 1044 1738 adhuc
1084 1692 1248 1749 parva
1292 1677 1571 1747 religionis
1609 1677 1841 1732 scintilla

237 1782 426 1837 esset;
459 1786 577 1827 eam
608 1779 787 1824 tamen
813 1785 921 1823 non
949 1770 1365 1832 exstinxerunt,
1402 1782 1582 1838 neque
1627 1766 1844 1822 destru-

236 1871 471 1928 verunt,
515 1859 612 1916 sed
665 1859 766 1931 ipsi
820 1859 1000 1930 potius
1041 1859 1300 1914 destructi
1343 1869 1488 1913 sunt.
1537 1857 1845 1929 Augebatur

237 1954 483 2025 quotidie
508 1953 734 2009 scintilla
775 1952 923 2018 hsce,
979 1950 1356 2022 ferebaturque
1394 1950 1450 2004 in
1491 1950 1755 2013 sublime,
1790 1956 1846 2005 et

238 2060 461 2101 omnem
490 2043 726 2112 undique
752 2043 939 2098 orbem
988 2042 1310 2108 invadebat,
1356 2056 1480 2096 cum
1520 2041 1842 2098 occideren-

239 2147 353 2204 tur,
393 2136 767 2200 adorerentur,
812 2135 1309 2205 suspenderentur,
1355 2135 1838 2206 prtecipitarentur,

238 2229 431 2287 bestiis
467 2230 833 2299 objicerentur
853 2244 1042 2283 omnes
1068 2227 1278 2285 ﬂdeles.
1325 2227 1536 2284 Etenim
1580 2228 1844 2307 carbones

237 2321 382 2376 sicut
409 2321 576 2376 lutum
608 2319 917 2386 calcabant,
946 2330 998 2373 et
1027 2334 1176 2390 mare
1200 2318 1502 2389 ﬂuctusque
1545 2317 1685 2373 sicut
1713 2334 1841 2389 pra-

236 2423 355 2468 tum
387 2412 752 2475 intuebantur,
782 2409 850 2464 ad
879 2409 1110 2479 gladium
1138 2411 1277 2465 sicut
1300 2409 1368 2464 ad
1394 2407 1641 2464 diadema
1669 2420 1725 2466 et
1749 2423 1844 2465 co-

237 2518 430 2558 ronam
457 2502 782 2567 currebant,
811 2501 1099 2571 omniaque
1128 2508 1519 2555 tormentorum
1545 2514 1744 2570 genera
1768 2500 1843 2553 ita

237 2596 604 2666 superabant,
661 2605 719 2650 ut
744 2609 807 2648 ea
849 2609 956 2648 non
1014 2592 1190 2646 solum
1236 2606 1500 2662 generose
1538 2602 1594 2645 et
1633 2592 1840 2646 fortiter

237 2691 478 2752 ferrent,
506 2688 601 2743 sed
622 2698 678 2743 et
697 2687 946 2742 alacriter
983 2695 1039 2741 et
1077 2699 1200 2740 cum
1225 2678 1520 2754 voluptate.
1551 2684 1842 2739 Enimvero

236 2781 381 2836 sicut
405 2781 601 2850 plantat
642 2780 824 2849 rigata:
855 2777 1024 2848 magis
1047 2785 1327 2858 crescunt,
1376 2777 1447 2831 ita
1475 2785 1531 2830 et
1558 2776 1694 2832 ﬁdes
1743 2792 1844 2831 no-

237 2884 355 2927 stra
379 2882 681 2943 oppugnata
710 2871 877 2941 magis
894 2868 1069 2933 ﬂoret,
1088 2878 1143 2926 et
1162 2878 1352 2924 vexata
1380 2868 1708 2924 incrementa
1730 2885 1845 2923 ma-

235 2963 357 3036 jora
385 2965 584 3028 sumit;
616 2979 792 3034 neque
824 2962 963 3016 horti
991 2961 1146 3031 aquis
1175 2961 1380 3032 lrrigati
1413 2961 1482 3014 ita
1513 2960 1839 3030 germinant,

235 3062 302 3109 et
327 3053 538 3109 fecundi
567 3065 691 3109 sunt
710 3094 726 3118 ,
754 3063 812 3107 ut
840 3050 1093 3107 Ecclesia:
1112 3092 1128 3118 ,
1159 3050 1207 3106 si
1236 3059 1529 3122 martyrum
1555 3049 1843 3120 irrigantur

236 3146 519 3219 sanguine.
570 3147 698 3202 Haec
739 3146 918 3202 omnia
954 3154 1117 3214 atque
1160 3142 1309 3213 plura
1347 3157 1472 3196 cum
1517 3142 1606 3197 ille
1641 3142 1838 3207 sciret,

239 3239 603 3295 tneticulosior
649 3246 808 3304 erat,
861 3250 1022 3306 quam
1061 3243 1121 3289 ut
1167 3234 1449 3289 manifeste
1493 3248 1617 3288 cum
1644 3234 1842 3288 nostris

239 3331 576 3402 conﬂigeret.
605 3329 685 3385 Ne
706 3329 1002 3384 efficiamus
1021 3368 1036 3393 ,
1067 3327 1273 3396 inquit,
1316 3333 1378 3380 ut
1403 3324 1700 3396 frequentia
1731 3327 1842 3380 eri-

235 3433 370 3494 gant
394 3432 590 3492 tropaea
611 3461 625 3484 ,
660 3421 941 3474 continuas
969 3427 1247 3487 reportent
1275 3417 1526 3470 victorias
1549 3458 1566 3484 ,
1608 3425 1661 3470 et
1689 3431 1844 3471 coro-

237 3531 339 3570 nas
357 3515 651 3570 obtineant.
684 3510 792 3567 Sed
821 3510 948 3582 quid
977 3508 1146 3564 facit?
1177 3507 1341 3575 Vide,
1379 3523 1504 3573 oro,
1537 3509 1841 3579 malignita-

238 3616 372 3660 tem.
404 3603 671 3669 Medicos,
702 3603 932 3665 milites,
979 3599 1249 3669 sophistas
1277 3608 1334 3652 et
1360 3609 1604 3655 oratores
1650 3616 1842 3656 omnes

239 3699 326 3754 vel
353 3713 386 3753 a
412 3697 833 3768 professionibus
883 3695 994 3749 suis
1041 3695 1318 3749 discedere
1358 3693 1443 3748 vel
1483 3692 1644 3749 ﬂdem
1688 3708 1840 3750 suam

237 3790 490 3860 ahjurare
507 3789 695 3858 jubet,
728 3787 1086 3855 excitavitque
1129 3786 1182 3839 in
1223 3786 1365 3842 hunc
1409 3785 1628 3839 modum
1655 3795 1841 3840 contra

240 3890 460 3937 nostros
501 3880 696 3936 bellant
736 3879 839 3933 tela
868 3879 1078 3932 eminus
1108 3879 1358 3948 mittens,
1402 3885 1461 3930 ut
1489 3877 1532 3930 si
1559 3891 1591 3930 a
1615 3876 1718 3931 ﬂde
1743 3877 1842 3932 de-

237 3976 496 4029 sisterent
521 4015 536 4039 ,
569 3971 792 4026 ridicule
821 3971 1184 4035 vincerentur,
1221 3978 1403 4038 utpote
1427 3969 1516 4038 qui
1547 3968 1706 4023 fidem
1728 3969 1846 4039 opi-

241 4067 348 4122 bus
377 4083 482 4119 non
518 4063 873 4136 praeferrent;
925 4063 1007 4116 ain
1044 4075 1306 4132 generose
1334 4069 1745 4130 perseverarent
1789 4069 1845 4115 et

238 4160 557 4224 vincerent,
603 4171 776 4227 neque
805 4157 884 4211 sic
921 4155 1133 4225 egregia
1173 4152 1312 4209 foret
1350 4154 1614 4218 victoria;
1669 4167 1843 4223 neque

241 4255 456 4323 insigne
501 4263 758 4321 tropmum
788 4267 803 4303 :
834 4248 966 4302 nihil
1014 4249 1156 4302 enim
1197 4261 1488 4315 magnum,
1541 4254 1713 4299 artem
1758 4247 1840 4301 vel
1889 4292 1894 4300 .

243 4348 634 4423 professionem
662 4360 759 4417 pro
784 4345 980 4414 pietate
1007 4351 1377 4397 contemnere.
1409 4341 1593 4412 Neque
1620 4343 1667 4398 is
1690 4343 1844 4398 δεηνί-

240 4445 331 4497 tite
359 4440 476 4511 ejus
498 4439 618 4494 linis
647 4447 763 4493 erat
799 4455 813 4491 :
843 4451 966 4490 nam
988 4435 1055 4490 ad
1081 4435 1196 4491 haec
1215 4477 1230 4502 ,
1261 4436 1306 4489 si
1335 4436 1456 4506 quis
1477 4437 1844 4505 superioribus

240 4533 402 4588 annis
425 4572 441 4596 ,
471 4547 592 4586 cum
620 4529 795 4599 adhuc
817 4529 885 4598 pii
931 4528 1288 4598 imperatores
1316 4543 1496 4582 rerum
1520 4530 1839 4598 potirentur,

239 4625 328 4680 vel
349 4623 534 4677 altaria
559 4609 846 4676 demolitus
877 4619 1101 4684 fuisset,
1146 4617 1232 4672 vel
1264 4618 1460 4687 templa
1497 4617 1838 4686 suﬂ'odissct,

242 4715 335 4770 vel
360 4713 583 4769 donaria
603 4711 948 4780 diripuisset,
996 4709 1080 4764 vel
1111 4708 1255 4764 aliud
1287 4710 1390 4763 tale
1415 4710 1668 4778 quiddam
1697 4711 1838 4780 egis-

242 4816 356 4871 set,
388 4801 785 4886 rapiebatur‘ad
815 4801 1084 4866 tribunal,
1133 4810 1188 4856 et
1228 4799 1593 4865 occidebatur,
1642 4815 1749 4856 non
1799 4802 1841 4855 is

241 4899 420 4954 solum
452 4897 540 4967 qui
568 4900 673 4950 tale
698 4893 824 4963 quid
867 4886 1105 4962 egisset,
1151 4891 1245 4945 sed
1291 4892 1382 4961 qui
1429 4891 1636 4946 delatus
1683 4892 1842 4947 dum-

244 4997 388 5044 taxat
427 4987 635 5042 fuisset.
669 4983 929 5054 Fingebat
947 4996 1160 5053 quoque
1189 4989 1245 5036 et
1266 4983 1398 5036 alias
1423 4984 1602 5036 varias
1628 4997 1840 5050 causas,

243 5086 318 5138 ita
345 5090 406 5136 ut
430 5081 522 5151 pie
543 5080 832 5132 viventium
862 5089 1023 5130 nemo
1048 5089 1153 5128 non
1181 5073 1406 5144 lugeret.
1435 5077 1641 5145 Agebat
1661 5086 1842 5131 autem

243 5174 393 5238 haec,
427 5181 486 5226 ut
509 5171 889 5225 Obscuraretur
913 5165 1155 5237 martyrii
1202 5180 1403 5219 corona
1427 5207 1442 5231 ,
1485 5177 1539 5221 et
1568 5166 1841 5222 nihilomi-

245 5283 346 5320 nus
365 5263 542 5319 caades
562 5272 616 5318 et
636 5271 843 5331 strages
873 5260 1064 5314 ﬂerent
1083 5299 1098 5322 ,
1130 5271 1304 5326 neque
1320 5257 1601 5325 splendida
1623 5261 1842 5328 praemia

243 5368 542 5428 martyrum
572 5359 892 5424 apparerent
925 5368 937 5403 :
972 5348 1105 5402 nihil
1133 5357 1311 5402 tamen
1332 5359 1454 5403 arte
1479 5349 1578 5404 hac
1597 5350 1842 5421 proﬁcie-

244 5454 357 5506 bat.
384 5447 514 5502 Nam
546 5447 634 5517 qui
662 5447 731 5498 ita
757 5443 1154 5513 alﬂigebantur,
1187 5455 1292 5495 non
1324 5443 1390 5493 ad
1416 5441 1553 5495 illius
1577 5443 1841 5497 calculum

253 5553 299 5599 3t
330 5538 715 5608 malignitatem
742 5534 1056 5605 spectabant
1081 5574 1099 5598 ,
1137 5531 1231 5586 sed
1259 5531 1326 5586 ad
1355 5532 1721 5604 incorruptum
1745 5535 1842 5591 Ju-

241 5636 420 5693 tlicem
445 5674 462 5701 ,
504 5649 533 5687 a
564 5649 668 5703 quo
691 5641 746 5686 et
776 5629 1046 5684 cmlestem
1076 5641 1331 5682 coronam
1361 5641 1679 5698 accepturos
1722 5643 1843 5686 sese

241 5725 605 5784 confidebant.

306 5842 322 5871 ι
348 5820 487 5888 δαΐα.
511 5835 560 5884 in
583 5847 756 5895 marg,
779 5831 918 5897 quasi
939 5832 1061 5895 fera:
1077 5828 1462 5880 insurrexerunt.

1143 367 1209 427 IN
1245 367 1688 428 JUVEN'IINUM
1717 367 1806 426 ΕΤ
1842 368 2246 428 HAXIMINUM
2284 369 2682 432 MARTYRES.

3444 383 3552 440 επ

2023 483 2079 539 2.
2122 484 2425 542 Juventius:
2467 499 2516 543 et
2555 488 2872 547 Maximinus
2913 492 2968 547 in
3014 497 3464 564 contremit-usi;
3504 513 3553 555 et

1948 563 2050 648 qua
2077 575 2142 632 de
2171 593 2346 634 causa.
2376 608 2450 621 —
2469 578 2677 637 interea
2705 597 2827 639 eum
2851 583 2969 640 hate
2997 585 3066 640 ita
3094 601 3153 642 se
3179 563 3469 656 haberent,
3499 601 3552 645 et

1948 666 2148 722 bellum
2169 667 2383 737 quidem
2412 669 2503 725 ille
2529 672 2818 742 parturiret
2845 675 3102 731 adversus
3141 688 3355 735 nostros
3375 720 3390 745 ,
3428 696 3550 736 ces-

1947 766 2095 811 saret
2117 751 2294 814 autem
2317 800 2334 827 ,
2362 761 2562 816 veritus
2589 777 2656 817 ne
2678 764 2983 821 vinceretur
3012 783 3026 820 :
3054 770 3250 825 accidit
3275 780 3332 826 ut
3353 773 3550 828 milites

1948 850 2217 919 quoddam
2262 853 2566 908 convivium
2594 853 2857 912 haberent
2884 899 2898 924 ,
2948 860 3002 913 in
3030 877 3136 931 quo
3164 873 3219 915 et
3245 874 3511 935 martyres
3530 907 3547 931 ,

1948 949 2082 1004 quos
2111 935 2271 991 hodie
2293 937 2541 1004 colimus,
2572 953 2749 995 erant.
2772 941 3038 998 Cteterum
3058 986 3074 1012 ,
3100 956 3158 1000 ut
3175 949 3560 1004 conviviorum

1949 1041 2066 1080 mos
2091 1038 2176 1090 est
2197 1069 2214 1095 ,
2245 1043 2372 1084 cum
2403 1031 2537 1086 varii
2559 1046 2840 1090 sermones
2877 1035 3003 1091 hinc
3051 1038 3175 1094 inde
3213 1040 3546 1124 dicerentur,

1948 1121 2148 1191 aliique
2174 1122 2278 1177 alia
2305 1132 2633 1192 tractarent,
2664 1125 2717 1182 bi
2747 1129 2884 1183 mala
2909 1131 2990 1184 sui
3019 1119 3278 1202 temporis
3298 1119 3550 1204 deplora-

1947 1213 2109 1282 bant,
2139 1214 2296 1286 longe
2317 1216 2556 1274 feliciora
2584 1217 2750 1277 fuisse
2774 1223 3051 1292 superiora
3081 1237 3386 1282 asserentes
3408 1269 3423 1293 ,
3457 1227 3548 1282 di-

1947 1305 2249 1378 cebantque
2285 1318 2340 1366 et
2384 1310 2526 1367 inter
2566 1326 2626 1369 se
2668 1324 2724 1370 et
2747 1313 2813 1369 ad
2840 1315 3051 1372 sodales
3084 1317 3294 1387 :Quem
3337 1320 3548 1391 jttvaret

1949 1399 2086 1455 ultra
2117 1401 2333 1470 vivere,
2365 1404 2451 1460 vel
2483 1405 2690 1476 spirare
2710 1446 2726 1474 ,
2771 1407 2855 1464 vel
2884 1409 3055 1466 solem
3086 1412 3283 1468 intueri
3312 1454 3328 1477 ,
3377 1417 3546 1470 sacris

1946 1489 2153 1561 legibus
2183 1493 2254 1548 ita
2280 1497 2608 1553 conculcatis
2635 1539 2650 1564 ,
2681 1499 2880 1570 pietate
2903 1501 2975 1558 ita
3002 1502 3197 1559 violata
3220 1547 3235 1573 ,
3268 1516 3544 1563 creatura-

1948 1596 2066 1636 rum
2099 1586 2338 1640 omnium
2369 1586 2596 1645 Domino
2625 1589 2696 1646 ita
2721 1594 3076 1662 contempto?
3118 1595 3309 1651 Omnia
3357 1598 3546 1656 nidore

1948 1673 2104 1743 plena
2135 1671 2260 1731 Sunt
2285 1686 2341 1733 et
2365 1677 2550 1746 fumo,
2597 1684 2778 1738 omnia
2803 1685 3082 1742 sacriﬁciis
3118 1688 3410 1747 immundis
3452 1709 3545 1756 re,-

1949 1764 2129 1822 ferta:
2163 1784 2231 1824 ne
2276 1785 2465 1839 purum
2494 1772 2710 1849 quidem
2754 1791 2935 1832 aerem
2980 1779 3190 1850 spirare
3239 1798 3542 1851 possumus.

1950 1855 2099 1912 Dicta
2130 1858 2246 1915 haec
2275 1876 2344 1916 ne
2383 1862 2748 1934 perfunctorie
2789 1876 3063 1937 transeas,
3096 1873 3190 1928 sed
3224 1875 3502 1932 considera
3524 1920 3541 1944 ,

1943 1949 2164 2019 quando
2185 1966 2250 2007 ea
2281 1953 2485 2024 loquuti
2511 1967 2752 2023 sunt,-et
2771 1969 2970 2030 quanta
3000 1963 3216 2032 pietate.
3263 1966 3397 2024 Nam
3418 1971 3462 2024 si
3491 1952 3544 2027 in

1949 2042 2164 2098 militari
2186 2047 2452 2111 convivio,
2484 2047 2573 2103 ubi
2597 2061 2823 2120 regnant
2841 2052 3075 2110 ebrietas
3096 2066 3148 2112 et
3175 2058 3539 2130 intemperan-

1950 2133 2058 2201 tia,
2114 2134 2224 2190 ubi.
2241 2145 2480 2194 certatur
2497 2139 2567 2197 de
2615 2143 3024 2214 prodigalitate,
3075 2148 3164 2204 ubi
3189 2165 3324 2222 agon
3351 2163 3437 2208 est
3478 2153 3546 2209 de

1947 2227 2262 2283 temulentis
2287 2237 2343 2283 et
2368 2229 2596 2299 insania,
2621 2234 2702 2289 sic
2732 2235 3153 2306 ingemiscebant
3179 2252 3232 2296 et
3259 2242 3542 2314 lugebant:

1946 2321 2132 2388 quales
2157 2330 2312 2375 erant
2339 2321 2483 2378 domi
2501 2365 2514 2388 ,
2543 2339 2664 2380 cum
2687 2329 2784 2382 soli
2812 2329 2952 2384 inter
2987 2345 3046 2385 se
3070 2337 3333 2401 agerent?
3355 2337 3546 2407 quales

1946 2419 2101 2465 erant
2123 2411 2174 2466 in
2203 2413 2452 2482 precibus
2476 2425 2532 2470 et
2553 2417 2774 2485 jejuniis
2796 2461 2811 2484 ,
2841 2421 2931 2491 qui
2963 2420 3271 2478 deliciarum
3305 2435 3546 2498 tempore

1947 2508 2056 2556 tam
2109 2511 2506 2573 temperantes,
2549 2508 2842 2577 apostolica
2895 2526 3006 2580 pra:
3051 2527 3111 2567 se
3156 2513 3401 2571 ferebant
3452 2534 3545 2588 pe-

1945 2594 2138 2647 ctora?
2181 2593 2457 2651 Cadebant
2502 2599 2614 2664 alii,
2647 2598 2701 2653 hi
2729 2615 2858 2656 vero
2887 2601 3182 2672 lugebant;
3229 2607 3392 2676 impie
3414 2623 3540 2678 age-

1947 2683 2076 2739 bant
2099 2685 2186 2740 alii
2211 2726 2227 2754 ,
2269 2687 2323 2741 hi
2349 2688 2482 2744 vero
2510 2690 2823 2746 urebantur.
2866 2695 3042 2764 Atque
3070 2695 3169 2764 ipsi
3223 2697 3292 2750 ob
3321 2697 3542 2754 fratrum

1945 2774 2312 2832 inlirmitatem
2339 2786 2490 2833 Suam
2517 2783 2802 2837 sanitatem
2835 2800 2939 2839 non
2968 2787 3268 2841 sentiebant
3303 2804 3318 2853 ;
3349 2788 3428 2845 sic
3449 2790 3544 2846 du-

1947 2866 2132 2923 lebant
2158 2877 2213 2923 et
2241 2868 2680 2940 lacrymabantur
2709 2874 2762 2928 in
2799 2875 2953 2930 malis
2976 2917 2992 2942 ,
3023 2892 3143 2948 quae
3168 2888 3293 2934 tunc
3317 2881 3545 2945 ﬂebant.

1945 2960 2098 3039 quasi
2119 2962 2374 3016 universo
2399 2963 2599 3018 mundo
2625 2973 2831 3021 tutores
2861 2965 2968 3021 dati
2989 2978 3189 3022 essent.
3232 2969 3417 3039 Neque
3455 2986 3544 3026 oc-

1944 3037 2144 3108 cultu'm
2187 3054 2282 3109 fuit
2330 3055 2455 3110 talia
2501 3071 2595 3111 eos
2644 3057 2847 3114 dixisse
2880 3078 2894 3113 :
2925 3075 3046 3114 nam
3094 3077 3158 3116 ex
3197 3037 3469 3119 sodalibus
3493 3075 3548 3121 et

1944 3145 2187 3201 convivis
2223 3145 2465 3202 adulator
2486 3157 2541 3202 et
2565 3148 2753 3204 irrisor
2777 3149 2995 3220 quidam
3021 3192 3036 3217 ,
3087 3155 3401 3224 obsequium
3443 3155 3548 3210 lm-

1945 3237 2178 3305 perato‘ri
2222 3233 2492 3304 facturus,
2524 3239 2702 3294 omnia
2752 3251 2810 3295 ut
2846 3241 2985 3296 dicta
3017 3253 3171 3298 erant
3201 3245 3408 3300 detulit.
3456 3245 3548 3300 Illo

1945 3336 2158 3396 arrepta
2185 3329 2466 3383 oceasione
2495 3329 2606 3398 jam
2646 3330 2736 3385 diu
2767 3332 2989 3402 quaesita
3010 3374 3026 3398 ,
3068 3345 3316 3389 causatus
3357 3346 3441 3390 est
3481 3355 3544 3391 ex

1945 3421 2125 3475 verbis
2154 3420 2262 3476 illis
2286 3420 2584 3476 affectatam
2619 3426 2955 3494 tyrannidem
2977 3468 2991 3492 ,
3038 3437 3096 3481 ut
3125 3428 3192 3480 ita
3221 3443 3314 3482 cos
3344 3440 3545 3501 marty-

1945 3511 2012 3566 rii
2040 3526 2236 3568 corona
2270 3514 2540 3582 privaret,
2589 3525 2646 3570 et
2679 3515 2839 3585 jussit
2882 3517 3165 3588 publieatis
3209 3519 3548 3575 facultatibus

1946 3618 2132 3659 eorum
2161 3604 2412 3660 omnibus
2434 3648 2451 3674 ,
2492 3607 2664 3674 nudos
2689 3609 2742 3664 in
2769 3626 3041 3666 carcerem
3071 3612 3279 3680 conjici.
3325 3611 3405 3669 llli
3453 3629 3549 3666 an-
3647 3631 3658 3636 -

1947 3703 2056 3750 tem
2088 3696 2392 3765 gaudebant
2412 3739 2426 3764 ,
2460 3708 2514 3753 et
2538 3700 2880 3756 exsultabant
2903 3703 3146 3760 dicentes
3178 3743 3191 3756 ο
3225 3703 3359 3782 Quid
3394 3719 3551 3773 nobis

1946 3786 2146 3843 divitiis
2191 3790 2532 3860 pretiosaque
2563 3801 2712 3847 veste
2757 3795 2932 3863 opus?
2973 3796 3018 3850 si
3041 3806 3095 3854 et
3124 3803 3389 3861 indusimn
3418 3809 3545 3864 inti-

1945 3894 2093 3934 mum
2111 3921 2125 3941 .
2154 3895 2350 3949 nempe
2378 3896 2504 3936 caro
2524 3923 2540 3948 ,
2568 3892 2786 3954 pr0pter
2810 3884 3081 3945 Christum
3113 3897 3414 3952 cxuendum
3442 3909 3548 3967 est,

1947 3985 2054 4025 non
2076 3971 2489 4036 obluctabimur,
2510 3974 2602 4028 sed
2623 3982 2814 4045 sponte
2833 3981 3214 4038 concedemus.
3235 3987 3384 4044 Tunc
3400 3991 3547 4060 signa

1946 4078 2135 4118 eorum
2179 4063 2428 4119 domibus
2471 4077 2833 4136 apponuntur,
2866 4073 3156 4145 omniaque
3200 4078 3544 4150 diripiuntur.

1947 4154 2118 4210 Porro
2145 4165 2203 4210 ut
2232 4155 2480 4212 homines
2509 4158 2564 4212 in
2592 4159 2815 4228 patriam
2851 4166 3034 4230 procul
3064 4169 3218 4222 sitam
3247 4171 3546 4241 migraturi,

1945 4247 2300 4303 substantiam
2337 4264 2551 4304 omnem
2583 4251 2636 4305 in
2668 4253 2946 4322 pecuniam
2968 4270 3346 4316 commutatam
3373 4278 3547 4337 szrpe-

1947 4354 2172 4394 numero
2220 4343 2550 4410 praemittunt
2589 4359 2604 4396 :
2646 4342 2717 4397 ita
2769 4353 2824 4398 et
2871 4345 2978 4401 illis
3027 4350 3240 4406 accidit.
3286 4353 3545 4420 Quoniam

1945 4435 2088 4490 enim
2111 4436 2164 4489 in
2185 4436 2348 4490 caelos
2369 4445 2525 4492 erant
2552 4425 2847 4504 transituri,
2874 4438 3104 4496 inimicis
3125 4443 3256 4514 ipsis
3276 4447 3544 4515 negotium

1947 4529 2226 4599 agentibus
2246 4569 2262 4595 ,
2305 4537 2358 4584 et
2389 4529 2441 4584 in
2484 4529 2586 4584 hoc
2613 4531 3039 4587 ministrantibus
3059 4574 3075 4601 ,
3117 4549 3248 4605 opes
3278 4553 3401 4593 suas
3423 4552 3547 4596 ante

1946 4637 2006 4677 se
2035 4617 2313 4677 miserunt.
2360 4621 2475 4676 Non
2506 4621 2649 4677 enim
2681 4622 2785 4676 illa:
2816 4631 3016 4678 tantum
3044 4641 3174 4695 Opes
3195 4669 3210 4694 ,
3241 4644 3374 4698 quas
3401 4633 3545 4686 etec-

1946 4731 2186 4787 mosynae
2213 4715 2431 4769 nomine
2471 4714 3183 4789 largimur,_transferuntnr
3222 4722 3273 4773 in
3313 4722 3501 4777 malum
3526 4767 3545 4789 ,

1945 4806 2041 4861 sed
2065 4785 2223 4861 etiam
2252 4821 2618 4877 quascumque
2655 4785 2810 4861 nobis
2862 4810 3040 4863 hostes
3072 4810 3194 4865 fidei
3231 4812 3548 4886 piorumque

1948 4910 2361 4971 perseqnulores
2391 4899 2636 4970 rapiunt.
2673 4900 2778 4954 illic
2813 4899 3045 4955 thesauri
3075 4902 3252 4957 erunt.
3282 4905 3376 4958 Est
3403 4907 3545 4960 enim

1947 4992 2052 5046 hoc
2081 5007 2189 5045 non
2216 4992 2393 5045 minus
2417 5006 2578 5061 quam
2603 4991 2728 5044 illud
2759 5007 2772 5043 :
2803 4991 2871 5045 de
2891 5006 2997 5060 quo
3036 4993 3160 5048 audi
3197 4995 3323 5064 quid
3352 4996 3548 5049 Paulus

1946 5085 2090 5141 dicat
2127 5103 2142 5140 :
2182 5084 2250 5140 Et
2291 5085 2556 5156 rapinam,
2590 5084 2791 5154 inquit,
2833 5077 3081 5139 bonorum
3113 5098 3387 5141 vestrorum
3433 5107 3546 5143 cum

1946 5179 2134 5250 gaudio
2155 5177 2338 5230 tulistis
2361 5217 2377 5242 ,
2419 5181 2765 5246 exspectantes
2794 5191 2881 5230 sos
2910 5176 3093 5230 habere
3121 5177 3381 5232 meliorem
3423 5180 3545 5233 sub-

1947 5269 2185 5324 stantiam
2205 5308 2222 5334 ,
2249 5275 2294 5320 et
2318 5276 2604 5319 manentem
2635 5267 2855 5320 inrclis
2882 5267 2908 5338 (
2921 5265 3174 5323 Heln-.10.
3201 5270 3264 5324 34
3281 5268 3327 5339 ).
3355 5269 3426 5326 Ut
3455 5286 3550 5324 an.

1949 5372 2057 5418 tem
2089 5360 2314 5433 ingressi
2332 5371 2457 5423 sunt
2481 5359 2534 5413 in
2563 5373 2858 5425 carcerem,
2877 5359 3136 5415 conﬂuxit
3157 5363 3224 5417 ad
3253 5378 3347 5418 eos
3372 5366 3548 5418 omnis

1948 5455 2136 5510 civitas
2160 5494 2176 5518 ,
2217 5452 2426 5506 tametsi
2456 5451 2638 5504 multis
2665 5447 2960 5505 terroribus
2980 5493 2994 5517 ,
3034 5453 3193 5507 minis
3218 5464 3272 5508 et
3298 5456 3545 5523 periculis

1949 5545 2290 5602 interdictum
2321 5553 2435 5598 erat
2459 5585 2473 5605 ,
2524 5557 2592 5596 ne
2618 5542 2736 5612 quis
2775 5543 2855 5595 vel
2885 5543 2950 5596 ad
2974 5557 3068 5598 eos
3116 5545 3429 5608 accederet,
3467 5549 3545 5601 vel

1949 5638 2031 5694 eis
2061 5637 2390 5706 loqueretur,
2413 5633 2496 5688 vel
2525 5634 2713 5704 quovis
2734 5633 2895 5687 modo
2919 5634 3360 5689 communicaret.
3385 5637 3542 5706 Atqui

1951 5729 2111 5783 timor
2136 5725 2230 5780 Dei
2257 5725 2346 5779 illa
2371 5724 2548 5778 omnia
2579 5724 2815 5779 exeussit
2841 5740 2854 5776 :
2885 5725 3026 5779 unde
3053 5725 3203 5778 multi
3224 5725 3295 5778 ob
3315 5741 3546 5780 consuc-

1954 5821 2226 5887 tudinem,
2259 5833 2416 5890 quam
2444 5833 2564 5874 cum
2594 5819 2701 5872 illis
2731 5817 3034 5884 habebant,
3075 5817 3195 5873 facti
3225 5829 3344 5873 sunt
3372 5830 3423 5874 et
3447 5821 3543 5892 ipsi
