4082 6422
544 378 652 437 ωδ
1255 370 1316 427 S.
1351 368 1632 426 JOANNIS
1668 366 2140 426 CIIRYSOSTOMI
2176 368 2494 425 ARCHIEP.
2535 371 3067 431 CONSTANTINOP.
3706 382 3816 438 576

545 502 843 563 martyres:
889 484 1038 542 multi
1074 483 1216 561 enim
1258 491 1560 551 contempta
1592 468 1837 552 pitesenti
1865 482 1967 534 vita
2010 482 2116 534 fre-

550 592 766 651 quenter
790 591 884 634 eos
910 574 1171 635 visitando
1188 613 1203 638 ,
1234 572 1554 643 psalmodias
1576 587 1829 641 sacraque
1848 570 2118 641 pervigiba

543 669 900 726 celebrabant.
930 667 1095 722 Erant
1120 664 1508 720 familiaritates
1537 664 1642 718 liliB
1682 664 1967 732 spiritualis
1993 678 2118 717 eru-

544 760 943 828 ditionisatque
979 756 1360 812 consolationis
1401 756 1571 824 plena:
1601 773 1613 808 :
1645 765 1695 808 et
1725 756 1900 808 clausa
1943 754 2119 808 eccle.

544 856 618 906 sia
639 892 656 920 ,
683 867 867 907 carcer
897 850 1121 905 ecclesia
1157 848 1329 902 factus
1374 856 1477 901 est.
1507 847 1688 916 Neque
1722 846 1755 899 ii
1794 847 1963 899 solum
1984 886 1998 910 ,
2031 845 2121 914 qui

543 941 934 1007 eosvisebant,
984 938 1080 994 sed
1115 948 1168 992 et
1206 940 1295 1007 qui
1322 938 1468 1013 intus
1507 952 1623 991 cum
1663 936 1742 990 eis
1786 935 2118 997 tenebantur,

546 1034 829 1087 maximam
859 1030 1169 1099 sapientiam
1215 1037 1270 1083 et
1310 1029 1556 1081 virtutem
1587 1041 1616 1080 a
1659 1021 1908 1094 patientia
1946 1036 1998 1078 ct
2021 1024 2123 1079 fide

546 1140 730 1179 eorum
772 1122 1067 1177 discebant.
1110 1120 1402 1188 Imperator
1446 1128 1502 1172 ut
1547 1117 1661 1172 haec
1689 1116 1924 1181 audivit,
1971 1116 2123 1170 valde

545 1213 904 1269 stomachatus
936 1222 1055 1269 est:
1098 1212 1318 1280 cupiens
1345 1221 1517 1264 tamen
1548 1225 1641 1264 eos
1680 1210 2041 1278 supplantare,
2071 1217 2126 1262 et

545 1309 613 1361 ab
640 1307 911 1359 alacritate
939 1320 1032 1358 sua
1079 1303 1342 1372 dejicere,
1377 1302 1547 1357 fiedos
1580 1303 1840 1372 quosdam
1882 1302 2155 1361 homines

545 1408 601 1451 et
623 1398 1035 1468 praestigiatores
1067 1394 1392 1457 subornavit,
1420 1395 1533 1462 qui,
1561 1394 1605 1447 si
1632 1393 1842 1462 quando
1866 1393 2124 1461 privatum

546 1487 866 1557 colloquium
894 1492 1012 1541 ses‘e
1035 1485 1271 1549 olferret,
1293 1501 1396 1537 non
1428 1493 1484 1537 ut
1508 1476 1578 1537 ab
1605 1482 1928 1553 lmperatore
1956 1482 2123 1546 missi,

547 1579 641 1633 sed
670 1578 819 1649 quasi
848 1577 1060 1647 proprio
1094 1576 1317 1629 consili'o
1363 1575 1413 1628 id
1444 1584 1659 1645 agentes
1678 1614 1693 1636 ,
1723 1575 2128 1628 adhortarentur

550 1682 607 1721 nt
637 1684 665 1720 a
708 1668 961 1737 religione
999 1666 1257 1738 desistant
1294 1674 1350 1719 et
1376 1664 1443 1718 ad
1470 1666 1793 1735 impietatem
1836 1673 2123 1719 transeant.

549 1758 801 1812 Dicebant
838 1758 978 1811 enim
1013 1756 1140 1821 :Sic
1187 1771 1291 1810 non
1328 1754 1497 1809 solum
1529 1756 1809 1809 imminens
1836 1756 2125 1823 periculum

545 1849 809 1919 effugietis
832 1889 847 1913 ,
899 1848 993 1902 sed
1040 1846 1225 1916 majori
1248 1847 1502 1915 dignitate
1527 1845 1791 1900 honestati
1816 1887 1831 1911 ,
1861 1847 2126 1912 majorem

547 1954 757 2008 quoque
798 1938 1145 2006 principatum
1182 1936 1420 2004 adepturi
1458 1936 1619 2001 estis,
1670 1934 2009 2002 Imperatoris
2053 1936 2129 1989 ira

548 2014 771 2085 feliciter
792 2028 1016 2098 placata.
1044 2026 1229 2080 Nonne
1259 2027 1465 2084 vidistis
1493 2035 1546 2080 et
1576 2026 1710 2078 alios
1733 2028 1895 2079 vestri
1926 2026 2129 2101 ordinis

549 2118 775 2189 idipsum
800 2117 1029 2173 fecisse?
1056 2118 1256 2186 Quibus
1284 2118 1357 2170 illi
1386 2116 1776 2185 responderunt
1801 2134 1813 2169 :
1848 2118 2003 2186 Atqui
2033 2132 2130 2173 nos

546 2209 646 2264 hac
676 2209 1005 2279 potissimum
1031 2210 1236 2265 ratione
1261 2209 1481 2263 viriliter
1517 2209 1777 2263 stabimus
1796 2250 1811 2275 ,
1853 2218 1909 2262 ut
1937 2224 2031 2278 pro
2063 2210 2128 2263 il-

547 2300 893 2369 lorum‘lapsu
925 2300 1277 2371 nosmetipsos
1308 2300 1359 2353 in
1389 2300 1645 2353 sacrificia
1672 2298 1979 2361 offeramus.
2025 2300 2129 2355 Be-

551 2390 742 2459 nignus
788 2390 939 2443 nobis
965 2390 1217 2443 Dominus
1244 2398 1324 2442 est
1358 2406 1372 2441 :
1402 2389 1538 2442 solet
1576 2390 1735 2443 etiam
1763 2405 1868 2443 uno
1909 2399 2129 2459 accepto

548 2477 809 2534 sacrificio
835 2478 932 2532 toti
954 2478 1071 2532 orbi
1095 2479 1388 2531 conciliari.
1416 2480 1486 2531 At
1513 2480 1649 2531 sicut
1674 2480 1800 2531 olim
1846 2489 1950 2533 tres
1980 2480 2127 2548 pueri

546 2569 798 2623 dixerunt
826 2586 839 2622 :
872 2568 992 2623 Non
1014 2580 1083 2622 est
1107 2570 1158 2621 in
1180 2578 1399 2639 tempore
1422 2570 1517 2622 hoc
1542 2570 1772 2640 princeps
1792 2580 1838 2623 et
1860 2574 2126 2642 propheta,

545 2672 594 2714 et
620 2661 757 2726 dux,
800 2676 959 2729 neque
1000 2660 1381 2726 holocaustum,
1415 2678 1573 2727 neque
1596 2665 1933 2730 sacriﬁcium,
1974 2682 2130 2733 neque

546 2753 685 2806 locus
714 2752 954 2818 afferendi
985 2768 1153 2805 coram
1192 2760 1271 2817 te,
1320 2762 1375 2804 ut
1401 2754 1647 2821 possimus
1690 2750 1909 2808 invenife
1936 2756 2131 2809 miseri-

545 2841 790 2903 cordiam,
837 2841 925 2893 sed
962 2840 1014 2893 in
1060 2842 1227 2893 animo
1272 2842 1485 2894 contrito
1527 2850 1574 2895 et
1612 2844 1793 2912 spiritu
1831 2843 2128 2899 [inutilitatis

544 2932 876 3002 suscipiantur
907 2931 1077 3002 (Dan.
1111 2934 1161 2987 5.
1190 2932 1279 2987 58.
1310 2932 1419 3002 59)
1448 2952 1460 2987 :
1489 2934 1559 2987 ita
1581 2942 1635 2986 et
1654 2946 1917 3006 martyres
1943 2938 2017 2990 illi
2044 2938 2125 2991 vi-

544 3023 731 3077 dentes
758 3022 944 3084 altaria
974 3025 1248 3088 subversa,
1279 3024 1487 3079 clausas
1515 3026 1789 3094 ecclesias,
1823 3028 2127 3085 sacerdotes

546 3113 727 3181 pulsos
748 3154 766 3179 ,
796 3113 977 3168 fideles
1014 3128 1201 3168 omnes
1234 3114 1468 3184 fugatos,
1498 3115 1779 3172 studebant
1805 3130 1856 3173 ut
1885 3135 1986 3190 pro
2013 3136 2128 3175 om-

547 3206 702 3259 nibus
727 3205 1044 3260 offerrentur
1067 3208 1311 3274 Domino,
1345 3210 1649 3281 relictisque
1676 3213 1991 3270 militaribus
2017 3225 2130 3271 tur-

545 3298 668 3360 mis,
699 3298 952 3366 angelicis
978 3313 1097 3354 sese
1126 3301 1307 3354 choris
1333 3301 1702 3371 adiungerent.
1725 3305 1943 3362 Etiamsi
1964 3324 2123 3376 nunc,

543 3386 788 3452 aiebant,
821 3402 924 3442 non
948 3389 1257 3455 moriamur,
1291 3390 1626 3447 moriendum
1653 3403 1827 3450 tamen
1854 3406 1907 3451 et
1924 3400 2127 3469 patien-

542 3476 666 3529 dum
691 3476 791 3529 hoc
816 3486 898 3530 est
930 3493 1033 3531 non
1066 3481 1233 3533 multo
1271 3480 1512 3550 posthac.
1558 3484 1733 3540 Satius
1767 3487 1933 3556 igitur
1972 3488 2126 3545 fuerit

546 3566 679 3618 mori
704 3581 798 3634 pro
822 3566 964 3636 Rege
988 3569 1317 3638 angelorum,
1342 3586 1499 3640 quam
1528 3588 1624 3642 pro
1651 3590 1773 3646 rege
1804 3586 1907 3631 tam
1932 3580 2119 3649 impio;

543 3657 709 3709 satius
737 3657 896 3711 fuerit
928 3674 1025 3727 pro
1048 3661 1213 3728 patria
1238 3663 1437 3718 caalesti
1462 3680 1607 3720 arma
1636 3667 1932 3737 deponere,
1964 3688 2120 3743 quam

545 3760 643 3813 pro
672 3755 882 3801 terrena
909 3757 965 3803 et
988 3766 1144 3818 quam
1176 3752 1396 3820 pedibus
1416 3756 1700 3818 calcamus.
1736 3760 1831 3816 llic
1868 3764 1966 3817 etsi
2004 3766 2122 3834 quis

543 3839 821 3904 moriatur,
866 3840 998 3894 nihil
1026 3843 1250 3912 accipiet
1295 3846 1362 3899 ab
1391 3844 1720 3925 Imperatqre
1769 3869 1863 3907 sua
1907 3856 2121 3925 dignum

540 3924 867 3982 fortitudine.
917 3930 984 3983 Et
1022 3933 1145 4000 quid
1201 3946 1384 4003 posset
1437 3936 1596 3992 homo
1640 3917 1891 3998 defuncto
1938 3917 2121 4015 gratia:

540 4016 828 4073 conferre?
853 4019 1013 4088 Atqui
1051 4021 1101 4075 ei
1127 4038 1493 4092 saepenumero
1519 4044 1587 4082 ne
1609 4031 1878 4098 sepultura
1908 4036 2119 4103 quidem

540 4107 828 4177 contingit,
870 4120 923 4163 et
953 4126 1055 4165 non
1077 4128 1198 4167 raro
1220 4130 1249 4166 a
1280 4117 1503 4172 canibus
1539 4118 1845 4177 devoratur.
1894 4126 2043 4192 Quod
2076 4130 2118 4182 si

541 4210 639 4265 pro
670 4197 826 4268 .Rege
861 4202 1168 4269 angelorum
1211 4207 1403 4260 mortui
1436 4210 1689 4266 fuerimus
1712 4253 1727 4277 ,
1775 4215 1905 4269 certi
1940 4232 2122 4274 sumus

542 4301 639 4339 nos
664 4297 974 4357 accepturos
1001 4277 1197 4363 corpus
1226 4297 1393 4351 multo
1411 4300 1716 4370 gloriosius,
1741 4305 1926 4375 majori
1956 4309 2119 4377 gloria

538 4378 806 4445 consnieui
828 4380 1027 4435 erimus
1046 4424 1061 4449 ,
1097 4384 1251 4455 longe
1281 4388 1477 4457 majora
1508 4392 1661 4446 nobis
1690 4408 1848 4450 erunt
1877 4398 2117 4454 laborum

541 4468 754 4533 jrmmia
774 4508 789 4534 ,
828 4480 883 4524 et
917 4488 1114 4527 corona
1144 4475 1507 4532 redimiemur.
1551 4482 1779 4539 Proinde
1806 4488 2119 4556 arripiamus

537 4571 685 4611 arma
725 4560 1017 4629 spiritualia
1054 4581 1067 4618 :
1102 4566 1208 4619 nOn
1254 4583 1386 4636 opus
1411 4564 1602 4639 jaculis
1627 4582 1680 4627 et
1719 4578 1946 4631 arcubus
1968 4620 1983 4645 ,
2013 4596 2116 4636 non

535 4646 654 4700 aliis
678 4651 839 4703 armis
866 4666 982 4720 qua:
1002 4655 1100 4708 sub
1125 4669 1312 4712 sensus
1339 4660 1534 4715 cadunt
1558 4680 1572 4727 ;
1606 4666 1798 4721 sufficit
1830 4683 1922 4735 pro
1948 4672 2118 4725 omni-

537 4738 635 4791 bus
658 4739 852 4809 lingua.
894 4742 1031 4798 Sunt
1062 4747 1203 4801 enim
1230 4759 1285 4802 et
1311 4760 1616 4807 sanctorum
1642 4770 1733 4811 ora
1761 4758 2020 4827 pharetra:
2042 4805 2056 4830 ,
2086 4780 2117 4819 e

534 4830 723 4898 quibus
750 4832 1010 4890 diabolico
1041 4840 1198 4907 capiti
1235 4841 1474 4899 continui
1500 4854 1555 4899 et
1581 4847 1753 4903 crebri
1805 4850 1940 4906 ictus
1977 4853 2113 4910 infe-

535 4932 743 4975 runtur.
1250 4932 1267 4944 ⁸

607 5014 660 5069 5.
701 5013 898 5069 ειυιὶαηὶ
927 5018 1183 5087 Apostata:
1207 5025 1476 5079 calliditas.
1506 5026 1807 5085 Juventinus
1859 5044 1905 5088 et
1934 5036 2079 5091 Mari
2098 5066 2111 5078 -

534 5106 696 5159 minus
722 5110 887 5178 capite
913 5120 1229 5168 trnncantur.
1261 5145 1328 5155 —
1352 5117 1600 5173 Nuntiata
1630 5132 1755 5177 sunt
1784 5132 1836 5179 et
1876 5128 1989 5182 hanc
2030 5141 2112 5185 at-

530 5212 633 5264 que
657 5199 848 5255 similia
877 5202 1205 5271 Imperatori,
1240 5210 1329 5277 qui
1360 5226 1459 5265 nec
1488 5212 1709 5282 destitit,
1732 5219 1826 5272 sed
1847 5220 2110 5279 illecebris

531 5286 721 5341 iterum
742 5298 901 5361 atque
923 5294 1111 5348 it‘cruni
1142 5298 1263 5352 illos
1292 5305 1539 5357 tentavit.
1560 5305 1630 5358 Ita
1656 5316 1831 5363 autem
1852 5312 2108 5371 subdolus

530 5377 620 5431 ille
648 5384 1015 5439 etcallidnsac
1046 5389 1258 5456 sapiens
1279 5391 1341 5445 ad
1374 5395 1511 5447 male
1530 5398 1789 5465 agendum
1824 5418 1933 5457 rem
1978 5420 2109 5459 con-

528 5470 800 5535 cinnavit,
850 5483 907 5528 ut
944 5477 989 5530 si
1028 5480 1463 5553 cederentvieti,
1508 5491 1607 5544 sub
1635 5492 1871 5548 omnium
1919 5500 2105 5556 oculos

534 5562 969 5631 producerentur,
993 5580 1047 5625 et
1072 5571 1323 5639 efficeret,
1356 5588 1410 5631 ut
1429 5583 1827 5640 sacriﬁcarent:
1855 5588 1937 5641 sin
1980 5606 2105 5660 per-

530 5666 858 5724 severarent,
883 5668 1187 5733 tantamque
1206 5668 1256 5720 in
1294 5683 1463 5739 pugna
1492 5670 1856 5732 fortitudinem
1884 5679 2104 5736 exhibe-

528 5752 665 5812 rem,
698 5760 805 5803 non
827 5752 1101 5809 manifesta
1122 5756 1255 5813 foret
1282 5760 1490 5816 illorum
1517 5765 1732 5821 victoria
1755 5807 1771 5834 ,
1826 5770 1918 5825 scd
1944 5777 2093 5843 quasi

2228 480 2487 546 affectata:
2543 484 2837 551 tyrannidis
2878 487 2953 539 rei
3000 497 3398 543 truncarentnr.
3432 491 3500 545 At
3532 493 3619 561 qui
3652 509 3817 551 reveo

2198 570 2299 623 flat
2322 571 2579 638 profunda
2604 584 2657 627 et
2689 575 2887 641 abdita,
2939 591 3045 630 non
3078 578 3341 645 permisit,
3372 588 3429 633 ut
3457 581 3813 639 machinatio-

2227 676 2322 715 nes
2348 662 2453 717 illa:
2480 664 2699 719 occulta:
2743 674 3055 735 manerent,
3094 677 3149 722 et
3180 670 3373 737 ignota:
3425 672 3670 730 insidiae:
3720 678 3815 731 sed

2227 754 2670 820 quemadmodum
2702 758 2788 811 illa
2822 760 3013 813 mulier
3042 759 3291 831 Egyptia
3329 756 3619 834 .Ioscphum
3648 768 3702 819 in
3731 784 3815 819 cu.

2228 841 2407 897 bieulo
2434 860 2496 899 ac
2520 847 2805 902 solitudine
2834 851 3000 903 multa
3051 852 3461 920 apprehendens
3508 854 3673 925 (Gen.
3722 859 3815 913 39.

2230 939 2319 1006 Η)
2341 978 2356 1003 ,
2388 939 2512 992 licet
2534 950 2777 1008 speraret
2806 941 3000 995 factum
3028 958 3181 997 suum
3227 946 3365 999 clam
3408 946 3526 1002 fore
3559 951 3819 1004 omnibus

2233 1028 2553 1092 hominibus,
2583 1048 2686 1084 non
2717 1032 2813 1085 fuit
2844 1044 3021 1087 tamen
3049 1035 3282 1100 occulta,
3316 1037 3397 1090 vel
3427 1042 3586 1093 oculo
3616 1041 3693 1094 illi
3722 1057 3785 1097 so
3805 1073 3819 1083 -

2234 1120 2376 1186 poris
2405 1122 2609 1186 nescio,
2632 1123 2713 1175 vel
2744 1125 3036 1191 poSIeritati
3059 1141 3072 1187 ;
3094 1125 3189 1179 sed
3210 1126 3349 1195 quod
3366 1128 3568 1198 absque
3590 1133 3822 1187 arbitrio

2232 1210 2320 1263 illa
2347 1210 2580 1280 Josepho
2607 1213 2756 1277 dixit,
2787 1215 2837 1267 id
2859 1232 2999 1270 nunc
3028 1216 3205 1287 ibi'que
3245 1228 3504 1274 terrarum
3555 1226 3769 1277 canitur
3805 1241 3821 1281 :

2232 1299 2302 1353 ita
2328 1309 2384 1355 et
2412 1318 2471 1355 ea
2494 1304 2610 1372 quze
2638 1319 2733 1371 per
2753 1305 3073 1359 subornatos
3097 1308 3433 1364 consiliarios
3454 1312 3542 1366 ille
3560 1313 3824 1383 loquebzk

2235 1402 2320 1446 tur
2355 1408 2579 1463 sperans
2599 1397 2803 1449 occulta
2833 1397 2966 1463 fore,
3000 1414 3330 1471 nequaquam
3382 1416 3693 1460 manserunt
3724 1418 3826 1463 oc-

2234 1487 2396 1540 culta.
2442 1488 2748 1542 Didicerunt
2776 1491 2916 1543 enim
2954 1492 3155 1561 posteri
3184 1509 3371 1548 omnes
3402 1507 3455 1549 et
3500 1499 3725 1553 insidias
3772 1516 3825 1556 et

2236 1581 2972 1649 triumphantiumvictorias.
3021 1584 3259 1653 Denique
3304 1600 3448 1650 cum,
3482 1589 3651 1643 multo
3684 1603 3823 1645 tem-

2235 1684 2364 1738 pore
2384 1679 2591 1735 elacto,
2620 1672 2948 1727 alacritatem
2970 1689 3153 1728 eorum
3178 1692 3282 1729 non
3306 1678 3477 1732 solum
3506 1697 3613 1734 non
3667 1683 3820 1737 fran-

2233 1769 2383 1829 geret
2405 1762 2743 1826 diuturnitas,
2778 1764 2869 1817 scd
2893 1766 3071 1835 potius
3094 1767 3328 1821 studium
3356 1779 3409 1824 et
3445 1772 3694 1827 ardorem
3724 1791 3822 1829 ex-

2235 1850 2445 1917 citaret,
2468 1854 2909 1924 aunulatoresqne
2930 1856 3127 1910 multos
3158 1857 3373 1923 faceret,
3402 1862 3561 1929 jussit
3606 1866 3824 1921 tandem

2236 1944 2412 1999 media
2440 1954 2596 1999 nocte
2639 1945 2691 1999 in
2754 1948 3065 2002 barathrum
3094 1966 3187 2004 eos
3230 1952 3439 2007 abduci.
3484 1954 3826 2012 Ducebantur

2237 2036 2412 2104 itaque
2430 2036 2482 2090 in
2508 2038 2695 2090 mediis
2720 2041 2953 2094 tenebris
2970 2042 3267 2108 luminaria,
3301 2056 3354 2098 et
3375 2046 3447 2099 illi
3475 2046 3826 2102 decollabar-

2238 2136 2346 2180 tur.
2375 2126 2636 2183 Caeterum
2669 2130 2842 2199 capita
2888 2132 3203 2187 detruncata
3246 2145 3371 2189 tunc
3410 2136 3624 2191 diabolo
3656 2145 3826 2209 magis

2237 2218 2493 2272 terribilia
2532 2230 2705 2286 erant,
2758 2237 3078 2289 quamcum
3117 2224 3289 2279 adhuc
3326 2241 3510 2281 vocem
3555 2229 3751 2285 darent
3810 2251 3822 2285 :

2234 2308 2374 2362 sicut
2447 2319 2501 2363 et
2574 2321 2733 2379 caput
2792 2312 3013 2368 Joannis
3092 2331 3196 2370 non
3254 2328 3457 2373 tantum
3527 2325 3822 2387 terrebat,

2235 2413 2354 2454 cum
2374 2399 2701 2469 loqueretur,
2740 2416 2995 2474 quantum
3025 2422 3147 2461 cum
3180 2410 3229 2463 in
3254 2410 3403 2466 disco
3426 2427 3631 2468 mutum
3666 2417 3827 2471 affer-

2235 2502 2403 2547 retur.
2437 2493 2605 2548 Habet
2621 2496 2762 2548 enim
2791 2506 2847 2550 et
2870 2508 3174 2553 sanctorum
3197 2504 3412 2570 sanguis
3432 2520 3583 2559 suam
3610 2522 3820 2569 vocem,

2233 2600 2352 2654 quae
2382 2601 2488 2638 non
2518 2603 2611 2655 per
2634 2602 2790 2642 aures
2818 2590 3053 2653 auditur,
3081 2593 3173 2646 sed
3201 2595 3559 2652 occidentium
3603 2602 3821 2653 consci-

2236 2675 2433 2728 entiam
2464 2677 2683 2731 invadit.
2724 2678 2852 2732 Post
2879 2681 3086 2735 beatam
3120 2684 3261 2737 illam
3307 2685 3510 2741 casdem
3552 2691 3773 2756 quidam
3808 2734 3825 2757 ,

2236 2766 2395 2819 etiam
2426 2781 2547 2821 cum
2567 2770 2753 2823 salutis
2776 2771 3035 2838 periculo,
3063 2774 3294 2829 athletas
3323 2776 3445 2832 illos
3465 2781 3703 2848 optimos
3742 2799 3827 2834 ra-

2237 2867 2484 2925 puerunt,
2506 2860 2662 2912 etiam
2682 2859 2780 2928 ipsi
2809 2862 2912 2913 vivi
2940 2875 3222 2933 martyres,
3244 2876 3301 2919 ut
3329 2868 3539 2923 illorum
3566 2872 3829 2940 reliquias

2232 2958 2483 3002 curarent
2513 2949 2785 3004 decenter.
2814 2951 2947 3006 Nam
2975 2957 3218 3023 quamvis
3249 2973 3354 3012 non
3391 2960 3783 3018 occidebantur
3810 3007 3825 3028 ,

2233 3038 2488 3105 aptabant
2516 3048 2693 3095 tamen
2722 3043 2858 3095 mori
2880 3060 2895 3107 ;
2920 3044 3117 3113 illoque
3137 3047 3295 3102 modo
3324 3048 3391 3103 ad
3414 3052 3672 3119 rapienda
3697 3070 3822 3108 cor-

2235 3142 2366 3196 pora
2393 3129 2615 3198 profecti
2638 3141 2779 3185 sunt.
2808 3134 2999 3188 Dicunt
3019 3137 3107 3203 qui
3141 3145 3265 3192 tunc
3296 3138 3516 3201 afl‘uere,
3541 3152 3597 3196 et
3613 3146 3816 3213 quibus

2236 3235 2461 3288 corpora
2494 3220 2580 3275 illa
2610 3238 2797 3277 recens
2821 3226 2999 3279 occisa
3040 3228 3226 3293 videre
3257 3229 3435 3286 datum
3478 3232 3576 3287 fuit
3604 3276 3618 3301 ,
3676 3240 3824 3306 quod

2238 3310 2545 3380 jacentib-us
2578 3315 2735 3369 simul
2768 3316 2867 3371 illis
2898 3326 3022 3373 ante
3042 3322 3389 3389 sepulturam,
3423 3326 3543 3381 talis
3570 3331 3823 3398 qua-dam

2233 3416 2297 3455 ex
2321 3416 2503 3455 eorum
2531 3405 2699 3459 oculis
2715 3416 2768 3460 et
2790 3408 2935 3461 vultu
2962 3412 3131 3478 gratia
3158 3414 3569 3485 resplenduerit,
3600 3422 3822 3491 qualem

2228 3492 2282 3545 in
2311 3492 2581 3561 Stephano
2632 3496 2830 3552 Judacis
2873 3515 3196 3570 responsum
3249 3503 3411 3561 fuisse
3458 3508 3630 3565 Lucas
3679 3514 3819 3568 dicit

2231 3584 2369 3654 (Act.
2393 3587 2446 3640 6.
2482 3588 2603 3657 l5);
2638 3606 2811 3659 neque
2834 3593 2971 3647 ullus
3008 3601 3109 3661 est,
3167 3597 3258 3665 qui
3289 3615 3393 3653 non
3451 3602 3536 3670 pio
3585 3606 3823 3674 quodam

2231 3691 2354 3729 cum
2381 3676 2604 3733 horrore
2629 3680 2732 3733 illis
2756 3681 3063 3739 adstiterit:
3097 3686 3231 3742 adeo
3245 3702 3493 3758 aspectus
3509 3694 3596 3748 ille
3611 3696 3823 3765 afficie-

2233 3766 2324 3821 bat
2348 3784 2559 3824 omnes.
2590 3770 2729 3837 Quin
2757 3782 2812 3828 et
2840 3789 3027 3830 omnes
3064 3778 3367 3836 clamabant
3396 3785 3447 3838 in
3478 3785 3689 3843 Iaudem
3724 3806 3814 3845 eu.

2231 3873 2346 3911 rum
2368 3901 2383 3923 ,
2442 3860 2491 3913 id
2513 3861 2655 3927 quod
2685 3877 2715 3915 a
2742 3864 2936 3920 Davide
2962 3867 3161 3922 dictum
3192 3888 3204 3923 :
3231 3870 3299 3924 In
3330 3874 3429 3926 vita
3450 3891 3541 3929 sua
3567 3894 3669 3931 non
3699 3894 3824 3935 sum

2194 4022 2197 4025 _
2227 3952 2468 4018 separati,
2502 3956 2623 4008 etin
2652 3966 2809 4009 morte
2836 3975 2934 4012 non
2965 3969 3081 4013 sunt
3106 3963 3251 4016 divisi
3296 3966 3372 4034 (‘3.
3428 3967 3553 4039 Reg.
3605 3971 3651 4024 1.
3696 3970 3821 4043 25).

2230 4044 2434 4100 Pariter
2472 4050 2611 4102 enim
2642 4051 2870 4107 confessi
2900 4065 3043 4119 sunt,
3074 4059 3272 4125 pariter
3299 4076 3566 4117 carcerem
3600 4064 3822 4121 inhabi-

2231 4146 2427 4201 tarunt,
2453 4141 2656 4208 pariter
2684 4143 2735 4195 in
2767 4143 3073 4201 barathrum
3100 4149 3312 4204 abducti
3336 4163 3479 4217 sunt,
3504 4156 3704 4223 pariter
3724 4174 3823 4212 ca-

2230 4227 2336 4293 pite
2368 4229 2606 4284 mulctati
2631 4241 2773 4299 sunt,
2806 4244 2861 4289 et
2887 4252 2993 4290 una
3021 4241 3234 4307 capsula
3269 4244 3545 4314 utriusque
3584 4263 3819 4316 corpora

2228 4328 2406 4375 tenet:
2436 4333 2490 4377 et
2533 4341 2695 4379 unum
2721 4343 2939 4397 quoque
2986 4333 3385 4391 tabernaculum
3434 4339 3484 4392 in
3524 4344 3669 4397 czelis
3716 4361 3821 4400 eos

2226 4412 2470 4479 excipiet,
2494 4416 2707 4483 quando
2739 4418 2927 4487 majori
2951 4432 3072 4476 sunt
3102 4424 3341 4500 illacum
3395 4430 3557 4499 gloria
3612 4449 3823 4489 resum-

2227 4501 2386 4568 pturi.
2423 4502 2548 4556 Illos
2583 4522 2686 4560 non
2712 4508 2983 4578 indignum
3014 4512 3171 4567 fuerit
3199 4528 3253 4570 et
3281 4521 3576 4586 columnas,
3606 4536 3657 4579 et
3686 4540 3817 4579 δρας

2225 4592 2395 4659 pulos,
2424 4604 2477 4648 et
2501 4604 2698 4660 turres,
2725 4611 2777 4653 et
2809 4601 3109 4667 luminaria,
3135 4617 3188 4659 et
3217 4618 3401 4665 tauros
3422 4614 3576 4671 simul
3621 4621 3817 4688 appel-

2225 4680 2353 4737 lare.
2382 4684 2513 4739 Nam
2544 4688 2836 4744 licclesiam
2863 4694 3285 4754 sicntcolumna:
3328 4706 3612 4769 sustinent,
3670 4712 3816 4767 sicut

2223 4784 2396 4833 turres
2419 4781 2692 4845 muniunt;
2726 4792 2779 4836 ct
2822 4785 2960 4839 sicut
2987 4792 3188 4857 scopuli
3227 4807 3414 4849 omnes
3455 4798 3672 4854 insidias
3719 4818 3812 4856 rc-

2222 4866 2444 4934 pellunt,
2476 4873 2696 4925 multam
2725 4874 2810 4937 iis,
2839 4878 2927 4944 qui
2954 4878 3099 4933 intus
3124 4893 3271 4944 sunt,
3320 4885 3605 4943 afferentes
3655 4900 3812 4945 tran-

2220 4960 2569 5027 quillitatem;
2598 4965 2735 5018 sicut
2772 4968 3055 5026 luminaria
3102 4977 3350 5032 tenebras
3390 4980 3677 5049 impietatis
3706 4987 3813 5041 dis-

2220 5062 2543 5118 cusserunt;
2576 5064 2629 5109 et
2658 5058 2796 5113 sicut
2832 5064 2963 5115 tauri
2990 5067 3164 5119 anima
3198 5076 3252 5121 et
3278 5084 3505 5139 corpore
3538 5081 3807 5145 prompti-

2220 5140 2502 5211 tudineque
2524 5146 2709 5200 eadem
2732 5164 2894 5205 suave
2910 5152 3106 5208 Christi
3131 5157 3317 5226 jugum
3349 5171 3577 5218 traxere.
3599 5165 3808 5222 Idcirco

2216 5245 2359 5300 swpe
2377 5250 2469 5289 eos
2498 5237 2807 5303 invisamus,
2839 5248 3106 5313 capsulam
3131 5252 3478 5322 attingamus,
3504 5273 3804 5329 magnaque

2217 5322 2319 5375 fide
2344 5326 2592 5395 reliquias
2610 5346 2804 5385 eorum
2842 5339 3265 5405 complectamur
3286 5386 3298 5405 ,
3333 5355 3389 5398 ut
3418 5348 3544 5403 inde
3575 5322 3797 5406 licnedi-

2213 5414 2442 5469 ctioncm
2460 5420 2690 5489 aliquam
2717 5440 3084 5495 asseqnanmr.
3108 5433 3312 5489 Etenim
3333 5439 3469 5492 sicut
3485 5442 3678 5496 milites
3695 5448 3797 5499 vnl-

2212 5520 2337 5559 nera
2360 5524 2477 5577 qua:
2505 5513 2553 5565 in
2582 5518 2774 5582 pra-liis
2798 5521 2897 5571 sibi
2922 5522 3114 5577 inﬂicta
3133 5536 3255 5581 sunt
3284 5533 3392 5599 regi
3415 5543 3795 5604 monstrantes,

2210 5595 2436 5653 fidenter
2461 5602 2749 5680 loquuntur
2776 5624 2788 5659 ε
2825 5611 2894 5661 ita
2926 5613 3073 5666 etilli
3106 5618 3155 5668 in
3190 5595 3438 5675 manibus
3473 5624 3682 5680 absecta
3705 5595 3792 5681 ea:

2210 5693 2318 5757 pita
2347 5704 2638 5761 chtantes,
2672 5710 2723 5751 et
2763 5700 2814 5753 in
2850 5704 3081 5759 medium
3110 5709 3414 5778 afferentes,
3444 5732 3792 5787 qumeumque

2217 5782 2479 5839 voluerint
2507 5789 2642 5858 apud
2677 5789 2879 5863 Regem
2904 5796 3158 5856 culorum
3203 5782 3491 5876 impetrare
3544 5782 3787 5881 possunt.
