4082 6426
159 387 266 444 ατε

68 545 73 550 -
188 501 460 563 τελοῦντο.
480 496 800 568 παννυχίδες
824 492 1012 565 -ίεραὶ,
1050 487 1337 545 συνουσίαι
1367 483 1719 546 διδασκαλίας
1745 481 1839 568 γέέ

161 607 364 662 μουσαι
421 567 821 656 πνευματικῆς,
851 580 947 635 καὶ
1002 579 1101 650 τῆς
1139 574 1434 646 ἐκκλησίας
1466 567 1845 662 ἀποκλεισθείῗ

162 657 267 753 σης
291 680 352 733 16
378 677 753 748 δεσμωτήριον
772 669 1039 744 ἐκκλησία
1065 667 1250 721 λοιπὸν
1277 664 1508 753 ἐγίνετο.
1538 661 1613 753 ρύ
1643 659 1756 753 γάρ
1778 657 1844 728 δὴ

164 747 329 841 μόνον
347 767 396 819 οἱ
422 747 621 831 ἔξωθεν
649 760 935 826 εἰσιόντες,
967 756 1104 812 ἀλλά
1143 753 1238 808 καὶ
1268 754 1327 841 οἱ
1363 751 1514 806 ἐνδον
1542 747 1846 841 διατρίϐονῗ

162 833 275 919 τες,
308 851 572 925 μεγίστην
593 846 940 907 διδασκαλίαν
966 843 1166 915 ἀρετῆς
1196 840 1290 894 καὶ
1317 835 1672 925 σωφροσύνης
1695 833 1846 925 παρά

161 946 263 1015 τῆς
301 921 579 1010 ὐπομονῆς
599 937 695 990 καὶ
725 935 826 1006 τῆς
856 933 1098 992 πίστεως
1123 929 1232 982 τῶν
1276 926 1445 1015 ἀγίων
1488 924 1696 1015 τούτων
1728 921 1845 1015 ἐδέῗ

161 1007 342 1104 χύντο.
386 1007 576 1082 Ἰλαῦτά
631 1022 848 1079 ἀκούων
889 1021 918 1074 6
957 1017 1209 1090 βασιλεὺς
1243 1014 1485 1104 ὠδυνᾶτο
1533 1010 1716 1104 πλέον,
1752 1007 1847 1104 καὶ

161 1095 491 1190 βουλόμενος
540 1113 740 1176 αὐτοὺς
794 1106 1177 1168 ὐποσκελίσαι,
1232 1101 1328 1156 καὶ
1378 1095 1848 1190 τῆςᾼπροθυμίας

159 1183 390 1262 ἐκλῦσαι
426 1202 661 1273 ἐκείνης,
698 1196 939 1270 καθῆκεν
964 1191 1291 1264 ἀνθρώπους
1319 1187 1550 1261 μιαρούς
1573 1203 1725 1249 τινας
1751 1183 1848 1237 καὶ

159 1297 366 1367 γόητας
386 1293 522 1364 πρὸς
538 1291 638 1362 τὴν
667 1285 964 1355 ἐπιϐουλήν
985 1299 1000 1316 ·
1026 1283 1077 1336 οῖ
1117 1278 1528 1367 συγκαθήμενοι
1559 1274 1844 1367 πολλάκις,

161 1362 221 1438 εῐ
253 1362 384 1436 ποτε
408 1362 587 1433 αὐτῶν
620 1375 966 1429 ἐπιλάϐοιντο
1004 1370 1180 1442 μόνων
1199 1409 1212 1429 .
1259 1367 1334 1430 ὼς
1367 1364 1579 1419 οἴκοθεν
1611 1362 1849 1432 συμϐου-

164 1469 450 1533 λεύοντες,
485 1465 600 1520 ἀλλ’
636 1464 732 1533 οὐχ
762 1461 838 1525 ώς
872 1459 1026 1531 παρά
1056 1455 1152 1511 τοῦ
1187 1453 1454 1525 βασιλέως
1507 1449 1850 1522 πεμφθέντες

163 1559 445 1631 παρῄνουν
478 1552 777 1623 ἀποστῆναι
801 1550 899 1620 μὲν
925 1548 1026 1619 τῆς
1057 1543 1362 1606 εὐσεϐείας,
1392 1540 1762 1631 αὐτομολῆσαι
1791 1537 1848 1589 δὲ

355 1643 454 1716 τὴν
484 1640 772 1696 ἀσέϐειαν.
810 1637 884 1690 Οὐ
920 1635 1034 1706 γάρ
1079 1633 1144 1702 δη
1182 1631 1342 1702 μόνον
1371 1630 1464 1683 τὸν
1503 1627 1850 1719 ἐπικείμενον

167 1717 310 1794 ούτω
337 1731 726 1807 διακρούσεσθε
751 1727 1028 1782 κίνδυνον·
1064 1723 1204 1778 ἀλλά
1255 1722 1350 1774 καὶ
1395 1718 1562 1789 τιμῆς
1606 1717 1850 1807 πλείονος

167 1829 265 1883 καὶ
291 1804 600 1898 κρείττονος
629 1815 959 1888 ἐπιλήψεσθε
993 1813 1095 1884 τῆς
1129 1812 1326 1882 ἀρχῆς,
1352 1807 1447 1898 τού
1468 1806 1731 1898 βασιλέως
1753 1804 1851 1898 τῆν

167 1893 344 1988 ὀργὴν
365 1911 506 1964 οὐτω
527 1904 958 1967 καταλύσαντες,
1006 1902 1120 1969 Οὐχ
1150 1899 1314 1971 ὁρᾶτε
1344 1896 1440 1950 καὶ
1491 1895 1712 1964 ἐτέρους
1743 1893 1851 1988 τών

172 1983 618 2070 συντεταγμένων
641 1996 770 2066 ὐμῖν
792 1992 854 2045 16
883 1989 1016 2044 αὐτὸ
1041 1988 1204 2043 τοῦτο
1231 1985 1602 2056 πεποιηκότας
1627 2000 1642 2048 ;
1671 1985 1734 2035 Ol
1770 1983 1850 2049 δὲ,

169 2092 267 2147 καὶ
285 2090 352 2144 δι’
371 2087 502 2144 αὐτὸ
538 2085 638 2157 μὲν
666 2079 760 2136 οὖν
794 2080 956 2134 τοῦτο
988 2078 1171 2150 ἡμεῖς,
1205 2075 1360 2144 φασὶ,
1393 2071 1706 2143 στησόμεθα
1728 2087 1853 2139 γεν-

168 2179 358 2242 ναίως,
390 2175 476 2230 ἴνα
505 2173 696 2242 ὥσπερ
725 2168 943 2241 θύματα
973 2166 1203 2227 ἐαυτούς
1241 2162 1380 2234 ὑπὲρ
1404 2160 1512 2214 τῶν
1544 2159 1854 2230 πτωμάτων

169 2266 395 2320 ἐκείνων
425 2259 889 2333 προσαγάγωμεν.
920 2253 1117 2308 Φιλάνο
1128 2269 1307 2322 ρωπον
1328 2250 1526 2320 ἔχομεν
1552 2247 1852 2316 Δεσπότην·

169 2350 280 2407 οἶδε
312 2352 406 2405 καὶ
447 2350 574 2421 μίαν
603 2345 793 2400 θυσίαν
813 2343 1127 2413 δεξάμενος,
1168 2339 1320 2411 πάσῃ
1350 2335 1760 2405 καταλλαγῆναι
1786 2335 1853 2404 τῇ

169 2439 488 2512 οἰκουμένῃ.
545 2435 657 2490 Kal
709 2433 961 2504 καθάπερ
1015 2431 1065 2483 οί
1095 2432 1242 2500 τρεῖς
1284 2426 1472 2489 παῖδες
1520 2424 1738 2512 ελεγον·
1772 2423 1856 2476 ὅτι

176 2532 301 2583 Οὐκ
330 2511 502 2582 ἐστιν
523 2526 591 2580 ὲν
611 2523 691 2590 τῷ
719 2519 904 2590 καιρῷ
933 2521 1122 2582 τούτῳ
1146 2517 1366 2586 ἄρχων,
1391 2515 1488 2568 καί
1521 2511 1854 2582 προφήτης,

171 2617 272 2670 καὶ
301 2615 650 2685 ἡγούμενος,
671 2610 811 2664 οὔτε
841 2607 1275 2670 όλοκαύτωσις,
1313 2604 1451 2657 οὔτε
1482 2603 1684 2662 θυσία,
1719 2601 1859 2654 οὔτε

172 2705 359 2768 τόπος
383 2700 490 2755 τοῦ
518 2697 831 2767 καρπῶσαι
854 2694 1113 2749 ἐνώπιόν
1141 2707 1282 2752 σου,
1301 2690 1398 2743 καὶ
1430 2687 1630 2756 εὑρεῖν
1661 2687 1856 2751 ἕλεος,

172 2792 311 2848 ἀλλ’
345 2791 416 2843 ἐν
434 2787 607 2858 ψυχῇ
627 2780 1100 2854 συντετριμμένῃ
1124 2779 1223 2835 καὶ
1252 2778 1546 2838 πνεύματι
1577 2773 1862 2828 ταπεινώ-

175 2897 332 2946 σεως
383 2874 930 2946 προσδεχθείημεν·
965 2868 1110 2923 οὓτω
1155 2867 1220 2939 δη
1252 2866 1345 2919 καὶ
1372 2867 1421 2918 οἱ
1458 2864 1737 2935 μάρτυρες
1792 2861 1862 2914 τά

178 2967 542 3037 θυσιαστήρια
567 2959 1070 3030 κατασκαπτόμενα
1095 2956 1406 3032 βλέποντες,
1433 2953 1531 3016 τάς
1562 2948 1861 3035 ἐκκλησίας

179 3051 335 3130 [582]
361 3050 813 3122 ἀποκλειομένας,
849 3049 974 3110 τοὺς
1011 3047 1176 3116 ἱερεῖς
1198 3041 1613 3130 ἐλαυνομένους,
1653 3038 1863 3130 πάντας

177 3125 567 3207 τούς-πιστοὺς
591 3135 1088 3208 φυγαδευομένους,
1123 3129 1456 3192 ἐσπούδαζον
1487 3127 1718 3188 ἑαυτοὺς
1741 3125 1863 3178 ἀντὶ

179 3232 400 3286 πάντων
457 3227 538 3300 τῷ
576 3224 830 3297 Δεσπότῃ
880 3221 1286 3293 προσαγαγεῖν·
1321 3217 1416 3270 καὶ
1467 3215 1862 3277 καταλιπόντες

179 3320 440 3389 τάγματα
474 3311 862 3386 στρατιωτικὰ,
899 3308 1160 3362 ἔσπευδον
1210 3302 1742 3393 ἐαυτούςχάναμίξαι
1771 3305 1863 3393 χο-

186 3409 301 3479 ροῖς
330 3404 664 3474 ἀγγελικοῖς.
694 3398 814 3454 Κάν
839 3397 946 3469 γὰρ
975 3397 1052 3468 μὴ
1085 3395 1182 3450 νῦν
1242 3389 1629 3462 ἀποθάνωμεν,
1675 3389 1862 3479 φησλν,

183 3477 608 3562 ἀποθανούμεθα
638 3487 857 3549 πάντως
892 3484 1023 3554 γοῦν
1061 3481 1256 3554 μικρὸν
1287 3481 1514 3552 ὕστερον
1534 3519 1548 3544 ,
1580 3480 1676 3532 καὶ
1707 3477 1866 3530 τοῦτο

183 3580 320 3635 αὐτὸ
348 3577 685 3648 πεισόμεθα·
721 3573 930 3645 βέλτιον
961 3572 1100 3644 ὐπέρ
1130 3569 1224 3623 τοῦ
1254 3568 1514 3640 βασιλέως
1553 3567 1662 3620 τῶν
1696 3563 1864 3634 ἀγγέ-

184 3671 297 3723 λων
328 3665 642 3727 ἀποθανεῖν,
682 3661 716 3734 ἢ
747 3661 889 3731 ὐπέρ
923 3657 1213 3730 ἀνθρώπου
1255 3656 1481 3710 τοιαῦτα
1511 3653 1862 3717 ἀσεϐοῦντος·

189 3757 402 3830 βέλτιον
429 3753 571 3824 ὐπέρ
598 3751 696 3823 τῆς
727 3749 840 3804 ἀνω
869 3746 1130 3819 πατρίδος
1155 3743 1343 3799 θέσθαι
1373 3743 1441 3797 τὰ
1471 3743 1631 3807 ὅπλα,
1665 3742 1698 3812 ἢ
1726 3741 1866 3813 ὑπὲρ

184 3846 286 3917 τῆς
316 3843 468 3897 κάτω
487 3841 582 3894 καὶ
606 3836 975 3908 πατουμένης.
1023 3832 1292 3888 Ἐνταῦθα
1324 3832 1426 3886 κᾶν
1457 3831 1704 3903 ἀποθάνῃ
1745 3846 1830 3893 τις
1848 3868 1864 3894 ,

188 3932 342 3986 οὐδὲν
368 3928 520 4002 παρά
561 3924 828 3997 βασιλέως
858 3922 1092 3994 λήψεται
1124 3925 1222 3992 τῆς
1265 3917 1576 3992 προθυμίας
1621 3917 1864 3982 ἐπάξιον.

189 4021 257 4073 Τί
287 4020 394 4090 γάρ
439 4016 516 4088 τῷ
559 4014 945 4085 τελευτήσαντι
1005 4012 1273 4082 χαριεῖται
1312 4007 1498 4061 λοιπὸν
1538 4006 1865 4078 ἀνθρωπος;

189 4107 458 4170 Πολλάκις
494 4105 593 4176 μὲν
615 4098 708 4157 οὖν
728 4101 852 4155 οὐδὲ
872 4100 1052 4170 ταφῆς
1075 4098 1329 4164 ἀξιωθεὶς
1351 4137 1366 4162 ,
1398 4099 1511 4160 τοῖς
1537 4095 1646 4150 τῶν
1690 4095 1868 4150 κυνῶν

190 4195 545 4268 προκείσεται
579 4193 863 4263 στόμιισιν.
885 4191 983 4242 Ἂν
1008 4188 1063 4242 δέ
1093 4186 1235 4259 ὐπέρ
1261 4185 1354 4240 τοῦ
1381 4184 1643 4256 βασιλέως
1665 4184 1871 4238 ἀποθάρ

189 4300 373 4355 νωμεν
398 4281 508 4334 τῶν
522 4279 728 4350 ἀγγέλι.
755 4296 792 4344 ι,
819 4277 958 4349 μετά
981 4276 1225 4339 πλείονος
1249 4274 1348 4346 τῆς
1371 4273 1532 4344 δόξης
1548 4273 1618 4327 τά
1641 4270 1871 4344 σώματα

190 4367 607 4440 ἀποληψόμεθα,
644 4367 782 4438 μετά
816 4364 1021 4435 πολλῆς
1053 4363 1155 4433 τῆς
1180 4361 1565 4434 λαμπρότητος
1604 4361 1873 4432 ἐπανήξο-

195 4476 320 4532 μεν,
341 4459 434 4511 καὶ
456 4455 638 4526 πολλῷ
666 4453 885 4525 μείζους
906 4450 1016 4505 τῶν
1044 4450 1222 4506 πόνων
1250 4449 1348 4514 τάς
1375 4448 1607 4521 ἀμοιϐἀς
1627 4447 1724 4503 καὶ
1745 4449 1872 4511 τοὺς

195 4545 496 4616 στεφάνους
527 4541 892 4614 κομιούμεθα.
924 4541 1196 4610 Αάϐωμεν
1222 4539 1415 4608 ,τοίνυν
1443 4537 1584 4591 ὅπλα
1627 4555 1874 4608 πνευμα-

190 4634 352 4689 τικά·
389 4633 452 4687 οὐ
483 4632 644 4706 χρεία
679 4629 850 4701 βελῶν
881 4629 978 4684 καὶ
1005 4627 1207 4695 τόξων,
1237 4628 1300 4681 οὐ
1330 4626 1488 4700 χρεία
1534 4626 1695 4680 ἀλλου
1728 4625 1874 4690 τινος

196 4720 457 4793 αἰσθητοῦ
511 4719 708 4774 ὅπλου·
755 4719 918 4788 ἀρκεῖ
949 4716 1087 4789 πρὸς
1144 4715 1323 4770 πάντα
1374 4717 1505 4787 ἡμῖν
1543 4717 1576 4786 ἡ
1631 4714 1872 4783 γλῶττα,

197 4807 355 4880 φησί.
385 4808 495 4862 Kal
530 4805 640 4879 γάρ
685 4810 800 4860 ἐστι
833 4803 1099 4876 βελοθήκη
1133 4805 1245 4858 τῶν
1285 4803 1458 4873 ἀγίων
1497 4802 1566 4856 τὰ
1602 4803 1872 4883 στόματα,

199 4898 444 4965 συνεχεῖς
471 4895 564 4948 καὶ
589 4883 928 4964 ἐπαλλήλους
955 4903 982 4933 ι
1011 4892 1249 4964 φέροντα
1287 4894 1353 4964 τῇ
1385 4891 1482 4945 τοῦ
1514 4891 1760 4945 διαϐόλου
1788 4911 1876 4946 κε-

199 4985 344 5054 φαλῇ
371 4984 470 5047 τὰς
501 4983 737 5054 πληγάς.

271 5077 342 5141 γ’.
365 5071 552 5125 Ταῦτα
581 5073 678 5125 καὶ
692 5071 763 5124 τά
790 5069 1000 5133 τούτοις
1018 5069 1233 5122 ἐοικότα
1248 5069 1276 5108 ιι
1293 5067 1668 5136 ἀπηγγέλλετο
1683 5068 1762 5138 τῷ
1778 5067 1875 5135 βα⁶

199 5161 338 5214 σιλεῐ
355 5176 367 5190 ⁸
399 5161 428 5212 6
453 5158 510 5213 δέ
537 5162 637 5213 οὐκ
665 5158 951 5229 ἀφίστατο,
973 5157 1090 5211 ἀλλ’
1111 5157 1387 5230 ἐπεχείρει
1419 5155 1582 5209 πάλιν
1608 5155 1679 5209 τά
1695 5156 1879 5210 δελέα-

199 5266 271 5303 τα
293 5248 358 5301 δι*
385 5247 609 5300 ἐκείνων
636 5246 826 5311 τιθείς.
861 5244 1050 5300 Ταῦτα
1075 5245 1205 5316 γοῦν
1239 5243 1636 5310 κατεσκεύαζεν
1659 5246 1687 5298 6
1718 5244 1881 5298 ὓπου-

200 5337 292 5400 λος
322 5336 414 5388 καὶ
441 5334 747 5406 πανοῦργος
781 5335 874 5388 καὶ
903 5335 1066 5403 σοφὸς
1091 5334 1170 5397 εἰς
1197 5333 1258 5386 16
1284 5334 1672 5402 κακοποιῆσαι,
1700 5332 1787 5386 ἵνα
1814 5333 1882 5392 ἂν

206 5424 307 5495 μὲν
347 5421 917 5493 καταμαλακισθέντες
963 5421 1190 5474 ἐνδῶσιν
1215 5462 1228 5486 ,
1290 5421 1396 5475 ὐπὸ
1451 5425 1562 5485 τοῖς
1623 5423 1880 5475 ἁπάντων

200 5511 501 5583 ὀφθαλμοῖς
525 5512 723 5575 αὐτοὺς
753 5511 1073 5579 ἐξαγάγοιεν
1115 5521 1161 5576 ο,
1196 5511 1290 5565 καὶ
1310 5510 1454 5565 οὓτω
1481 5511 1668 5564 λοιπὸν
1705 5528 1880 5582 παρα-

206 5600 452 5672 σκευάσῃ
480 5598 642 5653 θῦσαι
661 5617 674 5631 ·
706 5599 772 5653 ἂν
800 5599 856 5652 δέ
880 5599 1200 5670 ἐπιμείνωσι
1239 5599 1472 5670 σφοδράν
1504 5599 1602 5668 τὴν
1631 5597 1882 5670 ἀνδρείαν

204 5687 662 5758 ἐπιδεικνύμενοι,
696 5687 788 5740 καὶ
819 5688 956 5756 πρὸς
987 5686 1085 5757 την
1116 5687 1294 5756 πάλην
1341 5686 1604 5753 γενναίως
1654 5685 1880 5757 ἱστάμε-

270 5775 467 5835 fSavil.
499 5781 552 5823 ει
591 5776 711 5838 Heg.
738 5776 947 5837 συνεχεῖς
984 5775 1066 5822 καὶ
1102 5775 1410 5833 ἐπιλλήὶους,
1456 5773 1630 5823 Morel.
1672 5778 1882 5837 συνεχῶς

212 5841 269 5872 ια
278 5842 287 5864 τ
308 5837 610 5884 ἐπαλλήλους.

259 5844 287 5966 ξ’
792 5898 970 5946 εἰκότα.

257 5963 277 5989 ⁶
311 5959 455 6008 επξί.
486 5960 685 6021 ἐξαγάγῃ

595 6049 870 6110 PnnOL.
919 6048 1030 6108 ίῖιι.
1093 6047 1154 6107 Ι..

1042 369 1130 426 DE
1169 369 1228 425 S.
1273 368 1574 434 BABYLA,
1614 366 1898 423 CONTRA
1938 364 2290 426 ιυιξΑΝυΜ
2337 364 2424 420 ΕΤ
2464 360 2826 421 GENTILES.

3523 360 3625 417 516

1947 497 2047 544 νοι,
2081 479 2155 550 μὴ
2195 493 2404 551 φανερά
2447 477 2674 550 γένηται
2711 495 2779 532 τα
2810 475 2911 549 τῆς
2944 475 3100 546 νίκης
3138 474 3321 539 αὐτοῖς
3346 515 3359 538 ,
3391 474 3506 529 ἀλλ’
3550 481 3626 541 ώς

1946 569 2039 621 ἐπί
2069 569 2426 639 προσχήματι·
2438 567 2755 640 τυραννίδος
2785 567 2986 629 αὐτοὺς
3009 563 3317 634 ἀπαγαγὼν
3348 565 3626 635 ἀποτέμῃ.

1958 656 2100 708 Ἀλλ’
2124 657 2152 708 ό
2183 656 2586 710 ἀποκαλύπτων
2628 654 2799 726 βαθέα
2832 655 2926 708 καὶ⁵
2956 656 3270 725 ἀπόκρυφα,
3319 655 3420 708 οὐκ
3449 655 3629 724 ἀφῆκε

1946 744 2130 800 λαθεῖν
2182 746 2283 817 τήν
2322 744 2547 815 ἐνέδραν
2570 783 2585 808 ,
2623 744 2747 798 οὐδέ
2784 745 2885 815 τὴν
2919 743 3212 814 ἐπιϐουλὴν
3247 744 3428 814 ἀφανῆ
3475 743 3630 812 γενέ-

1949 833 2107 886 σθαι·
2140 833 2256 886 ἀλλ’
2308 833 2500 903 ὥσπερ
2535 835 2570 903 ή
2615 832 2889 901 Αίγυπτία
2926 832 3052 885 τότε
3097 833 3235 904 γυνὴ
3282 831 3376 885 τοῦ
3433 831 3632 900 Ἰωσὴφ

1947 921 2316 992 ἐπιλαϐομένη
2345 923 2402 974 ἐν
2425 921 2655 991 θαλάμῳ
2699 922 2790 974 καὶ
2819 920 3028 992 ἐρημίᾳ
3062 920 3231 990 πολλῇ
3261 919 3632 989 προσεδόκησε

1947 1008 2208 1082 λήσεσθαι
2241 1010 2452 1073 πάντας
2480 1007 2827 1080 ἀνθρώπους,
2860 1010 2960 1062 οὐκ
2995 1007 3157 1061 ἔλαθε
3184 1008 3242 1060 δέ
3277 1008 3369 1060 τὸν
3399 1007 3634 1076 ἀκοίμη-

1947 1115 2038 1151 τον
2058 1097 2354 1169 όφθαλμὸν,
2379 1098 2474 1150 καὶ
2504 1098 2566 1151 οὐ
2596 1097 2757 1167 μόνον
2781 1099 3010 1160 ἐκεῖνον,
3029 1096 3144 1149 ἀλλ’
3164 1096 3287 1149 οὐδέ
3311 1097 3408 1149 ἀνυ
3416 1094 3632 1166 ρώπους

1947 1187 2074 1249 τοὺς
2116 1185 2256 1258 μετά
2302 1186 2479 1239 ταῦτα
2502 1226 2517 1250 ,
2554 1186 2668 1239 ἀλλ’
2705 1186 2844 1257 ὅπερ
2877 1186 3061 1256 ἐκείνη
3114 1184 3250 1256 πρὸς
3279 1184 3370 1237 τὸν
3433 1183 3630 1252 Ἰωσὴφ

1950 1272 2124 1341 εἶπεν,
2166 1274 2379 1339 οὐδενὸς
2408 1276 2697 1346 παρόντος,
2732 1276 2893 1329 τοῦτο
2926 1273 3206 1345 πανταχοῦ
3249 1275 3348 1345 τῆς
3381 1275 3637 1342 οἰκουμξ·

1951 1382 2049 1435 νης
2083 1364 2297 1436 ᾄδεται·
2325 1365 2468 1420 οὓτω
2504 1363 2568 1434 δὴ
2590 1365 2684 1416 καὶ
2717 1359 2872 1427 οὗτος
2905 1364 3101 1434 ἤλπισε
3133 1363 3233 1433 μέν
3269 1363 3453 1433 λήσειν
3473 1363 3529 1413 ἐν
3549 1361 3636 1415 δε-

1953 1453 2251 1524 σμωτηρίῳ
2284 1453 2666 1524 διαλεγόμενος
2704 1453 2792 1507 διὰ
2826 1453 2936 1506 τῶν
2962 1451 3457 1522 ἐσχηματισμένων
3493 1466 3634 1518 συμ-

1951 1540 2158 1593 ϐούλων
2187 1539 2428 1602 ἐκείνων,
2461 1541 2561 1594 οὐκ
2589 1540 2744 1594 ἔλαθε
2769 1540 2825 1594 δέ
2850 1557 2863 1571 ·
2892 1540 3008 1594 ἀλλ’
3034 1539 3274 1602 ἀπαντες
3301 1538 3437 1608 μετά
3463 1536 3634 1590 ταῦτα

1952 1627 2154 1698 ἔμαθον
2191 1629 2290 1700 τὴν
2324 1629 2569 1701 ἐνέδραν,
2595 1629 2695 1701 τὴν
2719 1628 3032 1700 ἐπιϐουλὴν,
3059 1629 3160 1698 τὴν
3191 1627 3369 1697 νίκην,
3414 1626 3475 1678 τὸ
3508 1626 3635 1696 τρό-

1953 1734 2134 1771 παιον.
2173 1717 2263 1781 Ὠς
2289 1719 2397 1790 γὰρ
2452 1719 2642 1791 χρόνος
2686 1718 2935 1790 ἐτρίϐετο
2993 1717 3088 1771 καὶ
3123 1719 3392 1788 παρέρρει
3445 1715 3634 1776 πολὺς,

1953 1806 2048 1858 καὶ
2072 1805 2132 1858 τὺ
2166 1806 2372 1876 πλῆθος
2400 1808 2506 1861 τῶν
2535 1807 2758 1879 ἡμερῶν
2792 1808 2890 1860 οὐκ
2922 1804 3108 1871 ἐξέλυε
3151 1805 3250 1874 τὴν
3297 1803 3635 1874 προθυμίαν,

1953 1893 2070 1946 ἀλλ’
2102 1893 2376 1947 ἐπέτεινεν
2409 1893 2589 1948 αὐτῶν
2620 1894 2823 1966 μᾶλλον
2853 1892 2954 1963 τὴν
2979 1891 3239 1962 σπουδὴν,
3265 1891 3361 1944 καὶ
3385 1891 3640 1950 πλείονας

1955 1983 2326 2048 κατεσκεύαζε
2345 1983 2615 2054 ζηλωτὰς,
2643 1982 2858 2040 κελεύει
2886 1981 3074 2034 λοιπον
3107 1980 3289 2052 μέσων
3310 1979 3521 2034 νυκτῶν
3547 1979 3640 2032 ἐπὶ

1953 2071 2016 2125 τὸ
2056 2071 2331 2143 βάραθρον
2363 2073 2565 2135 αὐτοὺς
2597 2071 2932 2141 ἀπαχθῆναι.
2970 2070 3082 2122 Kal
3114 2070 3172 2121 ἐν
3206 2068 3356 2139 μέσῳ
3386 2068 3566 2121 σκότει
3592 2070 3636 2118 0‘

1957 2160 2246 2231 φωστῆρες
2270 2161 2548 2230 ἐξήγοντο,
2580 2161 2673 2212 καὶ
2695 2158 3084 2229 ἀπετέμνοντο.
3111 2158 3248 2211 Τότε
3279 2155 3371 2209 καὶ
3397 2155 3643 2226 φοϐερώ-

1957 2264 2113 2319 τεραι
2135 2247 2320 2300 λοιπὸν
2353 2243 2494 2318 ἦσαν
2527 2249 2580 2300 αί
2609 2246 2844 2315 κεφαλαὶ
2877 2246 2954 2316 τῷ
2977 2244 3210 2315 διαϐόλῳ
3261 2244 3462 2316 μᾶλλον
3492 2244 3524 2313 ἢ
3552 2245 3642 2296 ὅτε

1960 2336 2142 2408 φωνὴν
2169 2337 2400 2406 ἠφίεσαν
2420 2353 2432 2366 ·
2464 2337 2586 2389 ἐπεὶ
2606 2336 2700 2389 καὶ
2724 2338 2759 2407 ή
2805 2335 3052 2389 Ἰωάννου
3109 2334 3320 2405 κεφαλὴ
3373 2334 3470 2405 οὐχ
3500 2335 3634 2390 οὖτιι.

1962 2424 2168 2496 φοϐερά
2198 2421 2265 2494 ἦν
2296 2424 2663 2495 φθεγγομένη,
2697 2423 2772 2487 ώς
2804 2425 3017 2492 ἄφωνος
3033 2425 3126 2476 ἐπὶ
3151 2421 3245 2476 τοῦ
3273 2422 3499 2484 πίνακος
3526 2439 3643 2474 κει-

1965 2513 2124 2584 μένη.
2157 2515 2312 2585 Ἔχει
2348 2514 2456 2585 γὰρ
2509 2514 2602 2566 καὶ
2633 2513 2814 2583 φωνὴν
2843 2512 2954 2565 τῶν
2993 2512 3164 2580 ἁγίων
3195 2511 3256 2564 16
3285 2505 3446 2581 αἷμα,
3477 2511 3538 2562 οὐ
3575 2510 3641 2563 δι’

1960 2603 2114 2656 ὢτων
2149 2603 2507 2672 ἀκουομένην,
2532 2601 2670 2656 ἀλλά
2698 2603 2792 2654 τοῦ
2819 2600 3122 2663 συνειδότος
3146 2600 3255 2654 τῶν
3275 2601 3644 2670 ἀναιρούντων

1961 2691 2492 2761 ἐπιλαμϐανομένην.
2526 2690 2681 2743 Μετά
2711 2689 2768 2742 δέ
2797 2688 2896 2760 τὴν
2931 2688 3212 2759 μακαρίαν
3259 2687 3473 2757 ἐκείνην
3508 2704 3646 2754 σφα-

1961 2780 2083 2850 γῆν,
2109 2782 2157 2832 οἱ
2187 2779 2256 2832 τὰ
2280 2778 2506 2832 τοιαῦτα
2545 2777 2869 2849 θηρεύοντες
2894 2777 3126 2847 λείψανα
3153 2815 3167 2840 ,
3198 2775 3298 2847 τὴν
3513 2777 3645 2829 ἐαυ-

1962 2868 2070 2919 τῶν
2109 2867 2399 2931 ὑποθέντες
2427 2869 2725 2938 σωτηρίαν,
2757 2866 3034 2920 ἀνείλοντο
3066 2866 3193 2929 τοὺς
3224 2864 3483 2936 ἀριστέας
3524 2864 3648 2917 τού-

1961 2975 2115 3020 τους·
2143 2959 2238 3010 καὶ
2264 2953 2404 3027 ἦσαν
2428 2958 2671 3010 κάκεῖνοι
2707 2957 2988 3028 μάρτυρες
3018 2954 3242 3020 ζῶντες.
3299 2954 3410 3007 Kal
3447 2955 3553 3026 γαρ
3598 2956 3647 3006 εξ

1964 3046 2057 3097 καῖ
2090 3045 2162 3116 μὴ
2198 3045 2618 3116 ἀπετμήθησαν,
2649 3045 2764 3098 ἀλλ’
2795 3043 3041 3116 ἑλόμενοι
3072 3044 3337 3116 πρότερον
3366 3043 3526 3096 τοῦτο
3543 3060 3650 3097 παρ

1964 3134 2098 3197 θεῖν,
2129 3135 2300 3198 οὕτως
2332 3137 2424 3188 ἐπὶ
2447 3135 2546 3205 τὴν
2570 3135 2746 3206 ἄγραν
2779 3135 2888 3190 τῶν
2920 3134 3191 3205 σωμάτων
3222 3133 3509 3206 ὥρμησαν.
3547 3133 3652 3185 Λέ-

1964 3235 2123 3287 γουσι
2140 3219 2320 3271 τοίνυν
2348 3221 2396 3271 οἱ
2421 3219 2540 3272 τότε
2557 3218 2992 3290 παραγενόμενοι
3017 3216 3302 3270 καὶταῦτα
3326 3218 3392 3270 τά
3420 3217 3651 3286 σώματα

1967 3309 2242 3379 νεοσφαγῆ
2267 3305 2696 3371 καταξιωθέντες
2727 3307 2874 3372 ἰδεῖν,
2905 3307 2986 3358 ὅτι
3014 3306 3283 3376 κειμένων
3311 3305 3493 3360 αὐτῶν
3519 3305 3649 3376 παρ’

1967 3396 2212 3466 ἀλλήλων
2241 3396 2347 3466 πρὸ
2375 3396 2474 3466 τῆς
2505 3396 2705 3466 ταφῆς,
2739 3395 2978 3464 τοσαύτη
3014 3411 3099 3458 τις
3124 3393 3433 3465 ἐπήνθησεν
3467 3394 3652 3448 αὐτῶν

1965 3489 2085 3548 ταῖς
2115 3483 2271 3554 δ’,ιεσι
2299 3484 2478 3554 χάρις,
2507 3483 2625 3536 οἵαν
2648 3482 2740 3534 ἐπὶ
2765 3481 3039 3550 Στεφάνου
3068 3481 3232 3551 φησὶν
3260 3482 3288 3533 6
3318 3483 3534 3544 Λουκᾶς
3559 3499 3653 3550 γε·

1965 3574 2226 3646 γενῆσθαι
2258 3574 2541 3644 μέλλοντος
2563 3570 2949 3639 ἀπολογεῖσθαι
2971 3573 3083 3634 τοῖς
3123 3570 3418 3636 Ἰουδαίοις,
3439 3571 3532 3624 καὶ
3549 3573 3652 3624 οὐκ

1967 3662 2114 3716 ἐστιν
2142 3662 2316 3724 οὐδεὶς
2332 3661 2389 3725 ὃς
2420 3661 2589 3732 χωρὶς
2619 3660 2822 3731 φρίκης
2851 3659 3099 3730 παρέστη
3121 3660 3250 3727 τότε,
3274 3660 3475 3723 αὐτοῖς.
3497 3660 3656 3714 Οὖτω

1967 3751 2062 3805 καὶ
2092 3751 2232 3823 αὐτη
2267 3753 2300 3821 ή
2351 3749 2473 3820 δψις
2500 3750 2708 3808 πάντας
2745 3749 2882 3812 τοὺς
2915 3747 3159 3818 ὁρῶντας
3200 3747 3517 3820 ἐξέπληττε,
3560 3752 3655 3803 καὶ

1969 3839 2168 3902 πάντες
2198 3838 2442 3892 ἐπεϐόων
2463 3837 2643 3890 ἐκεῖνο
2683 3838 2745 3889 τὸ
2774 3835 2928 3907 παρά
2977 3835 3072 3888 τοῦ
3115 3835 3279 3890 Δαυῒδ
3326 3837 3650 3907 εἰρημένον·

1981 3929 2086 3982 Ἐν
2111 3926 2188 3996 τῇ
2220 3924 2334 3995 ζωῇ
2367 3924 2568 3980 αὐτῶν
2593 3927 2666 3980 οὐ
2694 3924 3144 3994 κεχωρισμένοι,
3168 3925 3278 3978 καὶ
3316 3925 3386 3978 ἐν
3439 3924 3520 3990 τῷ
3552 3930 3657 3980 0a-

1968 4018 2128 4080 νάτῳ
2156 4014 2356 4070 αὐτῶν
2388 4016 2459 4066 οὐ
2495 4013 2997 4083 διεχωρίσθησαν.
3035 4015 3205 4084 Κοινῇ
3241 4013 3351 4084 γὰρ
3379 4015 3475 4066 καὶ
3501 4015 3652 4085 ὠμο-

1968 4092 2208 4178 λόγησαν
2243 4104 2337 4159 καὶ
2367 4103 2428 4157 τὸ
2459 4102 2834 4174 δεσμωτήριον
2863 4101 3107 4174 ᾤκησαν,
3160 4103 3256 4154 καὶ
3282 4103 3361 4166 είς
3393 4102 3453 4155 τὸ
3478 4102 3652 4174 βάραο

1972 4193 2099 4267 θρον
2128 4191 2538 4263 ἀπηνέχθησαν,
2579 4192 2672 4244 καὶ
2700 4190 2797 4252 τάς
2826 4189 3067 4258 κεφαλάς
3098 4188 3381 4254 ἀπέθεντο,
3420 4192 3515 4244 καὶ
3556 4191 3656 4261 μία

1971 4281 2175 4354 λάρναξ
2203 4279 2530 4351 ἀμφοτέρων
2560 4276 2672 4348 ἔχει
2705 4276 2776 4331 τά
2810 4276 3066 4349 σώματα·
3098 4275 3290 4347 ὥσπερ
3318 4272 3411 4330 οὖν
3439 4279 3533 4329 καὶ
3557 4277 3657 4346 μία

1975 4369 2148 4442 σκηνὴ
2174 4369 2383 4435 δέξεται
2413 4367 2553 4420 αὐτά
2585 4365 2748 4419 πάλιν
2789 4366 2846 4417 ἐν
2875 4369 2988 4429 τοῖς
3014 4365 3296 4437 οὐρανοῖς,
3347 4366 3474 4418 ὅταν
3515 4366 3658 4420 αὐτά

1978 4459 2117 4529 μετὰ
2143 4457 2387 4518 πλείονος
2409 4454 2566 4525 δόξης
2593 4453 2878 4506 ἀνελέσθαι
2923 4452 3184 4523 μέλλωσι.
3223 4451 3462 4516 Τούτους
3507 4451 3658 4519 ἀξιον

1974 4548 2070 4600 καὶ
2094 4545 2340 4608 στύλους,
2375 4545 2470 4597 καὶ
2502 4542 2835 4608 σκοπέλους,
2865 4543 2959 4594 καὶ
2986 4541 3252 4613 πύργους,
3298 4541 3393 4594 καὶ
3435 4542 3659 4613 φωστῆ-

1978 4653 2098 4705 ρας,
2135 4635 2230 4688 καὶ
2260 4632 2494 4704 ταύρους
2543 4630 2680 4702 όμού
2712 4632 3051 4700 προσειπεῖν.
3086 4632 3194 4685 Kal
3222 4629 3334 4701 γάρ
3360 4629 3438 4693 ώς
3474 4630 3659 4685 στῦλοι

1975 4725 2076 4795 τήν
2107 4721 2434 4792 Ἐκκλησίαν
2467 4719 2744 4790 ἀνέχουσι,
2771 4719 2863 4772 καὶ
2891 4717 2966 4782 ώς
2999 4718 3199 4790 πύργοι
3225 4719 3544 4789 τειχίζουσι,
3565 4722 3661 4774 καὶ

1977 4811 2053 4875 ώς
2090 4811 2343 4864 σκόπελοι
2395 4810 2575 4862 πᾶσαν
2604 4806 2900 4878 ἐπιϐουλὴν
2946 4807 3380 4879 ἀποκρουόμενοι
3403 4848 3420 4874 ,
3457 4808 3660 4882 πολλὴν

1976 4902 2087 4963 τοῖς
2111 4897 2260 4951 ἔνδον
2295 4895 2508 4950 ποιοῦσι
2528 4895 2799 4967 γαλήνην·
2836 4895 2930 4946 καὶ
2957 4894 3032 4958 ώς
3060 4896 3348 4966 φωστῆρες
3381 4895 3443 4948 τὺ
3468 4896 3661 4960 σκότος

1978 4986 2265 5057 ἀπήλασαν
2286 4990 2386 5054 τῆς
2414 4982 2668 5046 ἀσεϐείας
2691 4982 2784 5037 καὶ
2809 4980 2884 5046 ὡς
2908 4981 3100 5052 ταῦροι
3119 4981 3266 5054 ψυχῇ
3298 4983 3391 5037 xal
3421 4983 3661 5053 σώματι,

1983 5074 2071 5146 ῐσῃ
2119 5077 2186 5146 τῇ
2217 5072 2528 5148 προθυμίᾳ,
2558 5073 2652 5126 τὸν
2699 5072 2937 5145 χρηστὸν
2971 5071 3227 5125 εἵλκυσαν
3281 5071 3372 5126 τοῦ
3418 5071 3661 5144 Χριστοῦ

1981 5162 2165 5231 ζυγόν.
2193 5160 2443 5231 Συνεχῶς
2468 5160 2646 5214 τοίνυν
2693 5161 2878 5223 αὐτοῖς
2910 5158 3389 5230 ἐπιχωριάζωμεν,
3436 5159 3531 5212 καὶ
3561 5159 3664 5230 τῆς

1981 5250 2250 5322 λάρνακος
2283 5247 2606 5320 ἁπτώμεθα,
2647 5248 2744 5302 καὶ
2783 5248 2922 5319 μετά
2954 5249 3193 5310 πίστεως
3229 5251 3344 5311 τοῖς
3386 5248 3663 5318 λειψάνοις

1983 5337 2162 5392 αὐτῶν
2193 5336 2676 5408 περιπλεκώμεθα,
2703 5335 2788 5390 ἵνα
2808 5336 3060 5405 εὐλογίαν
3086 5337 3208 5390 τινὰ
3225 5336 3665 5409 ἐπισπασώμεθα

1983 5425 2214 5480 ἐκεῖθεν.
2245 5424 2515 5497 Καθάπερ
2552 5424 2662 5496 γάρ
2685 5425 2735 5477 οἱ
2771 5425 3100 5493 στρατιῶται
3137 5425 3435 5495 τραύματα
3466 5425 3664 5480 ἐπιδεί-

1985 5513 2194 5579 ξαντες,
2227 5513 2370 5582 άπερ
2399 5513 2463 5565 ἐκ
2484 5511 2897 5582 τῶν-πολεμίων
2926 5512 3136 5576 ἐλαϐον,
3176 5513 3314 5584 μετὰ
3349 5515 3667 5584 παρρησίας

1983 5599 2062 5669 τῷ
2080 5598 2292 5670 βασιλεῖ
2322 5599 2686 5666 διαλέγονται·
2727 5598 2872 5653 οὓτω
2899 5599 2994 5654 καὶ
3017 5594 3165 5653 οὗτοι
3195 5601 3293 5663 τὰς
3329 5601 3571 5668 κεφαλὰς
3597 5600 3666 5665 ἀς

1985 5687 2382 5758 ἀπετμήθησαν
2415 5688 2508 5739 ἐπὶ
2539 5686 2649 5739 τῶν
2683 5688 2880 5757 χειρῶν
2915 5687 3297 5756 βαστάζοντες,
3332 5690 3427 5741 δαὶ
3461 5692 3538 5752 εἰς
3573 5688 3666 5758 μέ-

1990 5790 2081 5828 σον
2114 5776 2470 5845 παράγοντες,
2500 5774 2738 5840 εὐκόλως
2765 5775 3002 5838 ἆπαντα,
3027 5777 3129 5830 ὅσα
3166 5776 3232 5830 ἄν
3255 5776 3472 5837 θέλωσι,
3518 5777 3667 5843 παρὰ

1989 5864 2068 5935 τῷ
2099 5863 2310 5934 βασιλεῖ
2332 5863 2440 5917 τῶν
2463 5864 2707 5934 οὐρανῶν
2735 5863 2918 5917 ἀνύειν
2951 5863 3224 5918 δύνανται.
3274 5865 3430 5917 Μετά
3467 5864 3667 5932 πολλῆς

1990 5953 2166 6006 τοίνυν
2197 5951 2290 6020 τῆς
2324 5951 2579 6016 πίστεως,
2618 5952 2754 6022 μετὰ
2808 5953 3007 6023 πολλῆς
3047 5954 3146 6025 τῆς
3197 5953 3506 6025 προθυμίας
3551 5952 3669 6005 ἐκεῖ

3195 6052 3260 6111 11
