4082 6502
399 385 501 444 577
1218 388 1276 442 S.
1316 387 1606 457 JUANNIS
1642 389 2134 445 CHRYSUSIOMI
2173 390 2491 445 AhClllEP.
2537 392 3082 453 CONSTANTINOP.
3748 392 3854 447 578

401 499 729 571 βαδίζωμεν,
791 496 878 550 ἵνα
907 495 999 549 καὶ
1027 494 1142 548 ἀπδ
1163 496 1263 566 τῆς
1289 497 1466 566 ὅψεως
1513 499 1622 553 τῶν
1653 502 1824 570 ἁγίων
1869 504 2075 558 τούτων
2184 507 2556 562 καταπλεῦσαι
2579 507 2676 560 τὸν
2693 507 2906 576 λιμένα,
2925 505 3140 576 καὶτῆς
3169 503 3445 575 βασιλείας
3472 504 3583 558 τῶν
3609 504 3856 576 οὐρανῶν

403 589 722 660 μνημάτων,
751 583 846 637 καὶ
869 583 977 636 ἀπὸ
1010 583 1109 653 τῆς
1137 583 1347 648 ἐννοίας
1371 585 1481 639 τῶν
1509 585 1708 651 ἄθλων,
1742 591 1836 643 καὶ
1869 607 2094 643 παντα-ι·
2184 594 2481 662 ἐπιτυχεῖν,
2538 593 2721 664 χάριτι
2775 594 2866 647 καὶ
2899 591 3277 663 φιλανθρωπίᾳ
3309 590 3403 643 τοῦ
3451 591 3660 661 Κυρίου
3699 593 3856 661 ἡμῶν

397 676 556 749 χόθξν
591 670 819 734 πολλοὺς
863 671 960 724 καὶ
999 670 1270 741 μεγάλους
1302 671 1557 737 λαϐόντες
1587 674 1891 746 (θησαυροὺς
1917 718 1931 738 ,
1981 678 2078 731 καὶ
2197 675 2370 745 Ἰησοῦ
2403 676 2659 748 Χριστοῦ,
2707 675 2827 747 μεθ’
2856 668 2916 729 οὗ
2938 676 3017 746 τῷ
3048 675 3242 746 Πατρὶ,
3271 676 3386 745 ἅμα
3417 673 3494 744 τῷ
3523 675 3665 743 ἁγίῳ
3697 676 3860 728 IIst-

397 764 491 818 τὸν
543 759 783 831 παρόντα
848 758 963 830 βίον
1012 757 1326 829 δυνηθῶμειν
1366 759 1588 814 κατὰτὸ
1625 763 1702 833 τῷ
1728 763 1848 834 Θεῷ
1887 763 2076 818 δοκοῦν
2187 781 2338 834 ματ.,
2392 764 2540 829 δόξα,
2591 765 2815 835 κράτος,
2871 765 3005 835 τιμὴ
3057 763 3152 818 καὶ
3190 761 3584 836 προσκύνησις,
3619 762 3701 826 εἰς
3734 763 3858 823 τοὺς

400 847 668 911 διανύσαι,
721 846 817 901 καὶ
862 845 1002 917 μετὰ
1036 844 1239 917 πολλῆς
1287 847 1390 918 τῆς
1444 845 1717 920 ὲμπορὶας
1749 850 1831 915 εἰς
1869 852 2076 906 ἐκεῖνον
2181 852 2385 920 αἰῶνας
2408 853 2517 907 τῶν
2541 852 2773 908 αἰώνων.
2817 852 3011 923 Ἀμήν.

1417 1469 1526 1530 AD
1563 1469 1927 1530 HOMILIAS
1967 1469 2046 1529 IN
2091 1468 2439 1528 SANCTAM
2479 1468 2866 1530 PELAGIAM

552 1634 712 1709 [584]
745 1633 878 1700 Qua:
901 1633 1078 1704 prima
1116 1633 1342 1704 ponitur
1375 1632 1603 1687 homilia
1629 1631 2039 1688 Graeco-Latina
2071 1633 2124 1687 in
2154 1631 2212 1686 S.
2253 1632 2548 1702 Pclagiam,
2576 1631 2879 1687 Antiochiae
2909 1632 3053 1687 haud
3086 1633 3250 1713 dubie
3278 1636 3461 1693 habita
3493 1649 3617 1707 est;
3648 1658 3766 1713 qua

484 1732 539 1785 in
567 1731 703 1788 urbe
734 1746 895 1799 passa
918 1739 1001 1786 est
1023 1729 1261 1801 Pelagia.
1293 1728 1368 1783 De
1396 1745 1504 1814 qua
1527 1737 1714 1784 sancta
1741 1729 1950 1799 virgine
1994 1739 2049 1784 et
2076 1739 2313 1799 martyre
2340 1728 2523 1783 multa:
2552 1727 2915 1783 suboriuntur
2967 1711 3320 1799 quaestiones,
3371 1749 3511 1803 quas
3541 1711 3763 1792 erudite

481 1825 838 1894 prosequitur
865 1839 967 1879 suo
1001 1839 1152 1878 more
1182 1822 1388 1893 Fronto
1416 1823 1648 1877 Ducaens
1673 1822 1757 1876 his
1785 1823 1990 1878 verbis.

561 1935 580 1968 ι
622 1915 701 1969 Ex
721 1917 945 1971 duabus
971 1914 1232 1979 homiliis,
1276 1927 1414 1981 quas
1446 1911 1614 1966 edidit
1641 1911 1877 1981 primum
1909 1913 2163 1984 Aloysius
2216 1912 2573 1982 Lipomanus,
2609 1921 2651 1967 t.
2683 1913 2714 1965 7
2738 1913 2806 1981 de
2838 1913 2979 1969 Vitis
3029 1912 3360 1972 Sanctorum
3391 1918 3584 1978 Latine
3635 1935 3786 1980 tan-.

478 2017 618 2072 tum,
654 2001 944 2063 unam'hic
971 2015 1208 2076 utraque
1237 2006 1420 2075 lingua
1458 2017 1605 2058 nunc
1631 2003 1826 2060 damus
1847 2021 1912 2060 ex
1943 2006 2158 2060 duobus
2205 2004 2335 2060 Mss.
2375 2002 2594 2060 Henrici
2625 2002 2694 2059 IV
2728 2006 2894 2077 regis,
2949 2007 3006 2060 in
3036 2021 3271 2077 quorum
3307 2012 3480 2068 altero
3543 2016 3765 2074 adseri-

478 2112 606 2173 ptus
638 2103 868 2171 margini
901 2100 1002 2155 fuit
1025 2099 1144 2160 dies
1167 2097 1422 2153 Octobris
1474 2097 1509 2150 8
1544 2097 1646 2151 hoc
1680 2106 1860 2166 pacto,
1921 2098 2052 2168 μηνὶ
2088 2096 2404 2178 Ὀκτωϐρίίρ
2435 2103 2485 2167 η’
2521 2113 2534 2148 :
2569 2105 2622 2151 et
2652 2096 2911 2152 admonet
2956 2088 3364 2157 illustrissimus
3394 2103 3559 2161 Card.
3589 2107 3765 2165 Baro-

475 2198 604 2252 nius
645 2197 699 2249 in
727 2194 1031 2265 Menologio
1057 2192 1375 2248 Graecorum
1411 2193 1499 2261 agi
1536 2195 1602 2248 de
1628 2186 1734 2248 alia
1790 2192 2006 2261 Pelagia
2034 2191 2396 2255 Antiochena,
2429 2207 2553 2260 qua
2579 2199 2874 2261 antequam
2904 2201 3184 2250 teneretur
3228 2210 3260 2250 a
3286 2203 3764 2271 persecutoribus,

471 2306 650 2347 orans
677 2305 748 2344 ne
787 2288 1133 2358 dispendium
1158 2295 1439 2356 pateretur
1468 2285 1818 2356 virginitatis,
1854 2285 1907 2338 in
1940 2299 2074 2354 pace
2116 2284 2326 2353 quievit
2361 2301 2373 2331 τ
2409 2283 2504 2338 sed
2538 2283 2702 2354 hujus
2733 2283 2962 2355 Pelagize
2996 2283 3350 2342 festivitatem
3378 2290 3446 2345 ab
3479 2291 3587 2347 illis
3611 2297 3763 2354 cele-

480 2388 626 2442 brari
663 2397 858 2457 quarto
888 2386 1015 2441 ldus
1044 2385 1214 2448 Junii,
1260 2401 1385 2440 cum
1432 2387 1483 2440 in
1521 2377 1681 2442 Ro‘m.
1717 2386 2102 2455 Martyrologio
2158 2385 2458 2441 collocetur
2495 2386 2529 2441 5
2558 2383 2683 2441 ldus
2713 2383 3218 2470 ejusdem‘mensis,
3258 2389 3360 2442 hoc
3385 2395 3468 2442 est
3520 2385 3553 2436 9
3583 2385 3763 2443 Junii.

479 2483 694 2536 Rursus
723 2481 1018 2535 convenire
1056 2480 1132 2533 ait
1161 2479 1303 2533 inter
1331 2481 1683 2535 Ambrosium
1732 2491 1789 2534 et
1825 2477 2279 2549 Chrysostomum
2311 2478 2458 2548 quod
2490 2487 2717 2548 uterque
2746 2479 2920 2534 civem
2981 2481 3378 2536 Antiochenam
3415 2479 3587 2535 fuisse
3625 2481 3765 2536 velit

473 2572 776 2644 Pelagiam,
806 2582 860 2626 et
889 2588 958 2626 ne
990 2572 1264 2641 jacturam
1295 2570 1498 2626 faceret
1525 2571 1876 2642 virginitatis,
1921 2580 2150 2625 mortem
2191 2571 2558 2625 voluntariam
2586 2570 2883 2641 oppetiisse
2908 2589 2923 2638 ;
2950 2587 3139 2626 verum
3166 2586 3265 2627 eos
3295 2555 3436 2627 inter
3464 2585 3525 2626 se
3545 2573 3764 2628 discre-

473 2679 625 2732 pare,
651 2664 798 2734 quod
825 2664 1151 2718 Ambrosius
1178 2679 1284 2719 una
1311 2679 1437 2720 cum
1474 2673 1650 2718 matre
1678 2672 1734 2718 et
1760 2678 1949 2719 sorore
2013 2662 2179 2718 ﬂuvio
2210 2679 2447 2718 mersam
2482 2679 2603 2719 eam
2633 2670 2897 2731 testetur;
2930 2665 3361 2736 Chrysostomus
3390 2675 3572 2720 autem
3596 2681 3628 2721 e
3657 2681 3761 2720 suo

471 2757 628 2811 blimi
657 2767 801 2823 tecto
841 2772 899 2813 se
927 2758 1260 2828 praecipitem
1290 2759 1509 2814 dedisse
1542 2774 1556 2810 :
1593 2767 1758 2827 atque
1805 2757 1910 2812 hoc
1958 2757 2138 2828 ipsum
2171 2758 2236 2811 de
2264 2757 2484 2828 Pelagia
2534 2773 2716 2812 mersa
2775 2758 3065 2827 scripsisse
3107 2757 3460 2814 Ambrosium
3493 2757 3588 2814 lib.
3622 2756 3658 2811 ὅ
3690 2756 3763 2813 de

473 2854 794 2925 Virginibus
822 2855 1112 2910 annotavit
1139 2855 1279 2911 Lud.
1321 2855 1480 2910 Vives
1511 2855 1564 2908 in
1600 2854 1697 2909 lib.
1734 2853 1786 2921 l,
1818 2870 1867 2929 (ξ.
1898 2854 1991 2920 26,
2040 2854 2330 2925 Augustini
2371 2855 2438 2909 de
2461 2854 2706 2910 .Civitate
2736 2853 2833 2909 Dei
2870 2872 2883 2908 :
2915 2854 3075 2910 nobis
3107 2866 3289 2932 tamen
3345 2853 3605 2910 attentius
3635 2855 3763 2923 ejus

472 2947 844 3001 narrationem
871 2947 1359 3018 perpendentibus,
1392 2949 1526 3019 nihil
1559 2949 1664 3003 tale
1685 2946 1900 3003 videtur
1944 2949 2276 3005 Ambrosius
2301 2949 2543 3017 referre;
2581 2947 2675 3005 sed
2703 2948 3026 3004 absentibus
3051 2947 3236 3019 potius
3261 2956 3435 3002 matre
3455 2963 3518 3002 ac
3547 2949 3763 3002 sorori-

473 3043 597 3107 hns,
631 3040 818 3096 solam
842 3043 988 3097 domi
1018 3043 1438 3112 deprehensam,
1472 3059 1704 3102 vacuam
1735 3045 2012 3114 prasidio,
2044 3047 2138 3101 sed
2171 3045 2282 3102 Deo
2317 3045 2621 3116 pleniorem
2657 3043 2935 3114 Pelagiam
2965 3043 3116 3099 salva
3145 3043 3459 3112 virginitate
3482 3040 3553 3096 ad
3583 3056 3761 3112 spon-

469 3155 594 3194 sum
627 3139 908 3195 Christum
936 3155 1292 3210 properasse;
1335 3156 1436 3195 nec
1470 3141 1628 3196 aliter
1677 3157 1850 3211 genus
1876 3142 2070 3197 mortis
2101 3143 2359 3210 exprimit
2395 3160 2410 3197 :
2444 3151 2499 3197 at
2547 3147 2929 3221 persecutores
2956 3138 3051 3193 ubi
3094 3147 3336 3208 ereptam
3370 3138 3474 3194 sibi
3500 3137 3763 3191 viderunt

470 3236 712 3307 praedam
756 3235 1002 3305 pudoris,
1039 3243 1271 3291 matrem
1296 3245 1350 3289 et
1381 3249 1599 3290 sorores
1622 3235 1742 3305 ejus
1765 3236 1998 3305 ccepisse
2025 3250 2304 3306 quaerere;
2342 3249 2532 3290 verum
2565 3228 2709 3300 illas,
2733 3233 3004 3288 consertis
3038 3231 3293 3286 manibus
3319 3240 3596 3298 tamquam
3623 3228 3764 3283 cho-

472 3332 871 3396 ros~ducerent,
910 3331 963 3385 in
999 3330 1239 3384 medium
1271 3330 1486 3384 alveum
1531 3330 1777 3385 ﬂuminis
1835 3346 2158 3400 progressas
2199 3330 2474 3397 esse,-ubi
2536 3328 2684 3384 unda
2713 3328 3034 3392 torrentior,
3075 3325 3169 3380 ubi
3208 3323 3539 3396 profundum
3589 3324 3764 3378 abru-

467 3426 636 3494 ptius,
662 3425 887 3496 vestigia
903 3424 1221 3494 dirigentes.
1246 3421 1434 3494 Neque
1452 3439 1582 3479 vero
1603 3420 1969 3494 adstipulatur
1995 3426 2172 3480 eidem
2205 3423 2497 3479 Ambrosio
2528 3422 2865 3494 Augustinus
2892 3421 3082 3477 eodem
3113 3420 3252 3475 libro
3275 3419 3598 3489 jam'citato,
3627 3433 3761 3472 cum

468 3504 546 3568 ait
581 3527 802 3570 sanctas
850 3515 1082 3571 feminas
1115 3515 1408 3585 quasdam,
1467 3524 1528 3570 ut
1589 3516 1951 3572 insectatores
1993 3532 2107 3573 suae
2142 3516 2421 3588 pudicitiae
2443 3515 2772 3582 devitarent,
2795 3515 2850 3569 in
2881 3510 3208 3570 necaturum
3238 3527 3297 3568 se
3328 3511 3528 3565 flumen
3572 3509 3764 3579 proje-

465 3612 640 3675 cisse.
671 3619 838 3681 atque
868 3625 1056 3666 earum
1096 3594 1420 3668 memoriam
1452 3609 1506 3664 in
1548 3608 1794 3667 Ecclesia
1832 3609 2113 3670 Catholica
2169 3611 2521 3668 veneratione
2583 3609 2940 3666 celeberrima
2985 3605 3346 3680 frequentari.
3371 3604 3557 3672 Neque
3602 3607 3759 3662 enim

1856 4433 1876 4446 ρ
1890 4435 2040 4445 «αφ-ρον..
2057 4433 2305 4445 ,σιν-.-συνη-
