4082 6426
909 386 992 440 DE
1034 388 1091 442 S.
1136 387 1424 442 PELAGIA
1470 386 1752 444 VIRGINE
1796 387 1882 442 ET
1923 383 2281 442 MARTYRE.
2324 415 2390 426 -—
2429 380 2519 436 AD

1923 383 2281 442 MARTYRE.
2324 415 2390 426 -—
2429 371 2831 436 ΑΒΜΟΝΙἸἾΟ.
3396 372 3502 431 578

173 406 278 458 5⁵7

221 435 233 459 8

177 524 412 580 l'roinde
439 541 626 592 magna
659 527 760 582 tide
790 536 841 580 ct
861 526 1138 580 alacritate
1167 525 1271 578 huc
1313 523 1590 580 veniamus
1612 565 1629 591 ,
1679 538 1786 594 quo
1900 524 2174 582 mercibus
2203 525 2581 596 ingrcdiamur,
2605 534 2656 580 et
2682 538 2902 595 regnum
2924 521 3484 582 cmlorumconsequa-

176 627 230 674 et
261 623 389 672 visis
417 630 726 673 sanctorum
739 618 1124 682 monumentis,
1143 629 1197 671 et
1217 615 1574 672 consideratis
1592 629 1783 670 eorum
1899 632 2039 684 mur,
2062 617 2234 686 gratia
2262 624 2318 671 et
2341 611 2669 687 benignitate
2689 614 2900 670 Domini
2924 615 3091 668 nastri
3115 612 3242 668 .Iesu
3268 612 3489 676 Christi.

179 710 595 779 certaminibus,
627 709 753 765 inde
779 711 958 764 varios
982 709 1265 764 tl.esauros
1292 707 1651 778 undequaque
1671 707 1786 760 col-
1897 717 2019 764 cum
2042 724 2150 779 quo
2175 707 2319 764 Patri
2372 708 2639 779 simulque
2667 708 2886 777 Spiritui
2936 715 3124 762 sancto
3137 705 3304 777 gloria
3323 744 3341 771 ,
3398 706 3492 760 lmv

178 776 448 874 ﬁgamus;
480 815 534 859 et
560 820 656 874 per
675 813 996 874 praesentem
1019 805 1181 855 vitam
1225 803 1296 855 ita
1348 776 1642 854 secundum
1693 812 1787 853 νο-
1897 801 2144 870 perium,
2199 800 2372 856 honor
2422 810 2475 856 ct
2504 800 2748 855 adoratio
2799 799 2852 853 in
2908 798 3104 854 smeula
3151 797 3494 852 saeculorum.

172 895 438 950 luntatcm
472 895 568 952 Dei
599 907 956 963 transeamus,
985 898 1038 956 in
1067 907 1277 966 portum
1295 896 1445 950 illum
1462 910 1584 950 cum
1598 893 1780 948 multis
1898 895 2095 946 Amen.

1608 1477 2047 1544 ADMONITIO.

177 1631 461 1703 Pelagiam
490 1632 755 1696 nominat,
778 1643 873 1688 aut
900 1630 1290 1703 Sephroniam,
1316 1634 1410 1690 sed
1436 1636 1688 1706 exemplo
1729 1637 2018 1708 utriusque
2041 1638 2332 1710 desumpto
2359 1654 2425 1695 ex
2458 1641 2752 1699 Ambrosio
2777 1641 2940 1699 Vives
2965 1644 3258 1714 Augustini
3282 1662 3468 1703 narra-

176 1727 391 1782 tionem
415 1725 711 1780 illustravit
735 1743 748 1778 :
773 1726 866 1796 qui
893 1734 1077 1780 tamen
1128 1727 1234 1783 hoc
1273 1742 1369 1783 eas
1406 1727 1603 1784 fecisse
1642 1729 1903 1785 divinitus
1950 1732 2153 1802 jussas,
2196 1748 2305 1788 non
2357 1731 2679 1791 humanitus
2707 1736 2964 1806 deceptas
3009 1746 3183 1807 putat,
3220 1739 3364 1796 sicut
3394 1736 3467 1796 de

179 1818 459 1873 samsone
482 1817 628 1872 aliud
665 1814 748 1872 fas
780 1831 890 1871 non
925 1825 1010 1872 est
1042 1817 1264 1871 credere
1303 1832 1316 1868 :
1346 1819 1616 1873 neminem
1645 1825 1826 1875 tamen
1872 1835 2232 1891 spontaneam
2284 1833 2515 1880 mortem
2541 1826 2646 1882 sibi
2676 1826 2878 1884 inferre
2909 1827 3128 1895 debere,
3174 1830 3324 1886 velut
3375 1830 3437 1888 fu

179 1911 386 1979 giendo
419 1911 699 1966 molestias
726 1910 1080 1979 temporales,
1113 1925 1182 1965 ne
1212 1912 1266 1966 in
1296 1921 1586 1983 perpetuas
1617 1914 1840 1970 incidat.
1873 1913 2052 1988 Atque
2087 1919 2100 1962 i
2128 1940 2140 1973 ι
2165 1920 2267 1976 hac
2297 1921 2518 1991 quidem
2548 1921 2772 1979 homilia
2794 1931 3008 1978 tantum
3037 1924 3144 1980 hoc
3182 1927 3260 1981 ait
3289 1925 3465 2000 Chry-

180 2011 488 2066 sostomus,
523 2000 797 2072 Pelagiam
825 2002 1131 2072 ingressam
1169 2003 1313 2058 intro
1361 2012 1564 2060 vestem
1601 2015 1861 2071 mutasse,
1926 2008 2298 2082 ="corruptam
2333 2027 2433 2083 pro
2466 2023 2748 2083 corrupta,
2785 2021 2840 2070 et
2872 2014 3013 2070 infra
3043 2015 3179 2072 dicit
3197 2018 3402 2075 multos
3431 2037 3465 2075 ο

179 2093 408 2148 sublimi
441 2101 586 2148 tecto
613 2094 854 2164 dejectos
880 2095 1017 2149 nihil
1046 2095 1175 2149 mali
1203 2110 1420 2166 passos.
1451 2099 1521 2153 At
1549 2100 1604 2153 in
1629 2099 1820 2157 homil.
1854 2101 1908 2166 i,
1950 2119 2073 2174 qua:
2106 2114 2192 2161 est
2221 2115 2370 2163 tomo
2402 2109 2438 2163 '5
2459 2107 2602 2178 apud
2637 2107 2886 2173 Surium,
2921 2107 3142 2167 disertis
3167 2111 3352 2168 verbis
3383 2113 3462 2168 ita

179 2193 377 2240 narrat
408 2203 422 2239 :
453 2185 534 2251 Ad
555 2187 718 2254 ipsius
750 2187 875 2241 tecti
909 2186 1186 2257 fastigium
1217 2193 1484 2255 cucurrit;
1516 2199 1566 2245 et
1605 2191 1756 2247 illinc
1787 2195 2015 2264 seipsam
2045 2199 2368 2269 praecipitem
2401 2201 2565 2256 dedit.
2607 2199 2878 2272 Idemque,
2921 2203 2990 2258 de
3027 2217 3090 2260 ea
3130 2203 3370 2261 refertur
3404 2207 3464 2262 in

177 2275 334 2331 Actis
355 2275 582 2336 Luciani
607 2292 638 2332 a
656 2275 868 2333 Joanne
893 2276 1298 2337 Nicomediensi
1335 2283 1663 2355 conscriptis
1683 2287 1828 2357 apud
1859 2287 2081 2346 Surium
2111 2299 2246 2347 tom.
2271 2292 2322 2347 1.
2351 2293 2532 2364 Atque
2557 2293 2664 2350 hoc
2690 2303 2852 2364 pacto
2880 2294 3056 2351 videri
3087 2303 3270 2368 potest
3301 2297 3464 2353 intri-

177 2370 388 2427 lesisse
413 2372 736 2430 Ambrosius
761 2373 1039 2458 Pelagiam
1068 2385 1274 2433 sartam
1300 2386 1500 2436 tectam
1543 2397 1902 2442 conservasse
1957 2388 2349 2460 virginitatem,
2377 2406 2503 2447 cum
2532 2407 2563 2448 e
2594 2400 2739 2448 tecto
2762 2407 2822 2450 se
2845 2393 3201 2452 demisisset:
3237 2404 3295 2452 et
3341 2393 3460 2451 ﬁeri

177 2471 361 2534 potest
402 2474 462 2520 ut
489 2481 710 2524 sorores
742 2468 862 2539 ejus
892 2483 1003 2524 non
1040 2470 1160 2526 aliae
1184 2470 1410 2539 fuerint,
1438 2489 1602 2545 quam
1631 2475 1862 2533 Bernice
1888 2487 1942 2534 et
1963 2479 2260 2547 Prosdoce,
2299 2499 2532 2553 quarum
2560 2485 2795 2541 similem
2824 2487 3035 2542 exitum
3065 2491 3289 2559 exponit
3314 2489 3461 2546 idem

175 2556 610 2627 Cbrysostomus
640 2558 803 2614 infra.
841 2559 977 2615 Nam
1008 2569 1062 2616 et
1087 2561 1144 2616 in
1169 2561 1558 2635 Martyrologio
1581 2563 1746 2623 Rom.
1781 2568 1849 2623 l9
1895 2567 2148 2628 Octobris
2175 2575 2324 2644 passi
2348 2574 2607 2631 dicuntur
2651 2575 2973 2643 Beronicus,
3002 2556 3218 2652 Pelagia
3275 2589 3330 2637 et
3365 2584 3460 2638 alii

173 2657 451 2721 martyres
469 2650 792 2717 Antiochiae,
820 2650 915 2707 sed
939 2650 1139 2708 ibidem
1162 2653 1386 2712 alterius
1415 2654 1647 2726 Pelagia;
1679 2659 1999 2726 paenitentis
2035 2661 2234 2719 festum
2279 2665 2562 2722 confertur
2615 2667 2668 2721 in
2700 2677 2957 2724 octavum
2987 2650 3156 2727 diem
3182 2671 3458 2740 Octobris.

177 2740 266 2796 cui
294 2742 473 2812 patria
505 2744 634 2799 item
659 2742 766 2800 fuit
789 2745 1102 2816 Antiochia,
1136 2748 1233 2804 sed
1262 2749 1399 2806 obiit
1423 2748 1784 2826 Jerosolymis
1834 2758 2172 2827 temporibus
2217 2759 2511 2817 Theodosii
2538 2763 2797 2834 junioris,
2821 2767 3050 2837 ejusque
3079 2767 3332 2824 meminit
3358 2767 3461 2824 Ni-

175 2832 456 2902 cephorus
482 2834 578 2890 lib.
610 2835 667 2901 4,
703 2852 754 2893 c.
777 2835 870 2892 40.
904 2857 924 2891 ι

247 2920 328 2978 De
355 2931 602 2997 tempore
622 2927 874 2980 martvrii
909 2925 970 2982 S.
999 2926 1233 3000 Pelagia:
1264 2944 1374 2986 non
1407 2942 1624 2991 constat
1672 2954 1686 2990 :
1727 2937 1821 2993 alii
1855 2940 1958 2994 sub
1985 2939 2348 3010 Diocletiano,
2385 2946 2488 3001 sub
2512 2946 2812 3006 Maximino
2844 2952 2936 3006 alii
2979 2968 3198 3024 passam
3229 2956 3446 3014 volunt.

175 3009 316 3110 Vide
337 3028 460 3110 qum
493 3016 594 3072 hac
622 3019 690 3074 de
713 3034 774 3073 re
807 3020 1062 3076 dicantur
1092 3038 1123 3077 a
1146 3024 1396 3082 Bollandi
1423 3030 1900 3092 continuatoribus
1931 3036 2000 3090 ad
2037 3037 2180 3093 diem
2209 3040 2242 3094 9
2267 3009 2442 3103 Junii,‘
2481 3057 2534 3110 p.
2570 3041 2694 3098 159.

242 3100 445 3159 Incerti
468 3107 752 3176 cujusdam
777 3111 1303 3180 interpretationem,
1335 3125 1522 3189 utpote
1553 3135 1655 3177 nec
1702 3134 2043 3192 accuratam,
2076 3143 2180 3182 nec
2206 3129 2273 3184 ad
2299 3100 2506 3186 Graeci
2528 3134 2799 3191 orationis
2834 3133 2996 3192 ﬁdem
3038 3130 3452 3211 concinnatam,

169 3196 490 3265 respuimus
519 3214 826 3273 novamque
848 3206 1186 3274 paravimus.

242 3285 554 3368 Secundam
578 3307 808 3365 eamque
836 3287 1143 3355 breviorem
1173 3301 1458 3359 homiliam
1498 3306 1556 3361 in
1599 3309 1658 3362 δ.
1695 3306 1972 3381 Pelagiam
1998 3326 2064 3368 ex
2090 3312 2479 3386 Metaphraste,
2509 3326 2571 3374 ut
2599 3319 2742 3390 apud
2770 3318 2994 3376 Surlum
3037 3283 3206 3380 iatme
3231 3323 3453 3395 legitur,

169 3381 539 3486 desumptam,
566 3385 759 3444 Graeco
780 3389 1086 3460 deﬁciente,
1113 3394 1519 3469 subjungimus.
1565 3398 1642 3455 Ea
1679 3400 2061 3476 Chrysostomi
2109 3381 2307 3465 nomen
2340 3411 2582 3482 praefert,
2620 3381 2720 3470 nec
2753 3415 2958 3486 injuria
3003 3423 3064 3472 ut
3095 3381 3330 3473 videtur.
3391 3381 3454 3475 ni

171 3475 325 3584 nullo
343 3477 491 3532 enim
523 3480 959 3584 siChrvsost-omi
991 3490 1642 3566 stylo-concionandique
1690 3475 1809 3555 ritu
1825 3502 2104 3561 abhorret.
2150 3505 2209 3561 ld
2247 3475 2379 3563 vero
2414 3475 2592 3565 solum
2622 3475 2907 3582 quidpiam
2953 3525 3146 3583 parere
3199 3512 3449 3584 scrupuli

170 3570 374 3682 possit;
397 3571 898 3682 quqdlbrevior‘sit,
919 3594 1085 3649 quam
1118 3582 1473 3682 soleantcsse
1491 3589 1788 3672 conciones
1818 3593 1958 3666 ejus.
1999 3593 2199 3654 Verum
2223 3598 2343 3655 alia
2367 3570 2670 3661 occurrunt
2691 3570 2940 3675 ejusdem
2953 3570 3273 3677 brevitatis,
3306 3570 3454 3682 quas

171 3673 282 3716 non
322 3661 446 3719 ideo
479 3663 741 3724 debemus
769 3665 1162 3742 ()lnrysostomo
1184 3675 1524 3746 abjudicare.
