4082 6418
581 348 685 407 I79

929 465 1872 490 ...η-...Μ

578 478 928 494 Μ

1322 357 1383 420 5.
1418 360 1698 421 JOANNIS
1732 343 2210 417 CHRYSOSTOMI
2254 341 2568 400 ARCHlEP.
2611 325 3144 393 CONSTANTINOP.

1875 453 3552 478 Μ

3746 315 3849 371 ΒΜ

1437 550 1935 638 H’OMILIA
1990 531 2854 630 ENCOMIAS’I‘ICA
2915 529 3009 609 (ιι-ἒ

1432 728 1498 770 IN
1541 726 1594 770 8.
1638 720 1990 767 ΗΔΒἨΒΕΜ
2041 716 2356 760 νει-ΑΘΙΑΜ
2393 714 2869 759 ANTIOCHENAI.

2041 848 2095 897 (εἴ
2107 850 2302 891 «(0⁵)»
2314 848 2368 891 ΞΒ»

659 992 710 1046 1.
744 989 950 1060 Pelagia
971 1001 1060 1040 cur
1079 982 1282 1056 tyranni
1304 979 1549 1049 iudicium
1580 971 1906 1046 prwvmeril.
1924 968 2049 1023 Iesu
2067 983 2159 1020 usa

588 1059 880 1136 consiliario
907 1094 959 1132 re
989 1075 1300 1146 praecipitem
1328 1069 1479 1124 dedit.
1510 1095 1583 1107 —
1620 1061 1937 1119 Benedictus
1982 1059 2117 1112 Deus
2143 1074 2157 1110 :

588 1177 750 1228 etiam
776 1170 1046 1231 mulieres,
1076 1167 1183 1219 imo
1204 1161 1394 1234 puella:
1415 1159 1628 1213 demum
1659 1160 1886 1208 mortem
1916 1148 2158 1213 irrident,

589 1266 921 1335 virginesque
977 1258 1261 1314 admodum
1297 1257 1518 1324 juvenes
1541 1257 1596 1304 et
1649 1248 1882 1315 innupta:
1918 1244 1973 1298 in
2018 1242 2163 1310 ipsos

590 1333 779 1413 inferni
809 1353 1055 1409 stimulos
1103 1350 1363 1410 insiliunt,
1413 1342 1649 1410 nihilque
1687 1340 1958 1409 patiuntur
2000 1333 2166 1389 detri-

592 1447 775 1503 menti.
800 1445 925 1499 llaec
951 1455 1108 1512 porro
1133 1440 1268 1493 bona
1294 1433 1470 1489 omnia
1507 1446 1603 1501 per
1632 1429 1906 1484 Christum
1955 1439 2020 1481 ex
2045 1422 2162 1478 Vir-

589 1542 712 1609 gine
739 1547 916 1592 natum
947 1535 1100 1588 allata
1123 1530 1275 1585 nobis
1296 1534 1420 1581 sunt
1444 1543 1456 1578 :
1491 1539 1614 1578 nam
1640 1529 1762 1592 post
1806 1521 2015 1575 beatum
2041 1531 2166 1586 par-

590 1630 971 1692 temvillum,et
1025 1621 1387 1677 admirabilem
1428 1624 1627 1680 ortum,
1677 1611 1863 1667 mortis
1893 1607 2041 1665 nervi
2073 1622 2163 1661 so-

584 1723 702 1788 luti,
733 1718 924 1774 diaboli
951 1714 1182 1785 potentia
1213 1711 1376 1764 fracta
1408 1719 1510 1772 est,
1553 1705 1643 1776 qui
1684 1702 1935 1769 deinceps
1983 1714 2087 1752 non
2133 1711 2163 1750 a

587 1813 715 1868 viris
743 1819 967 1872 tantum,
1007 1805 1100 1858 sed
1130 1804 1288 1856 etiam
1328 1817 1357 1853 a
1412 1797 1724 1852 mulieribus
1761 1791 2162 1852 contemnitur;

589 1916 688 1957 nec
717 1916 746 1954 a
778 1895 1084 1952 mulieribus
1103 1893 1282 1955 modo,
1316 1890 1408 1944 sed
1434 1897 1489 1941 et
1534 1901 1562 1939 a
1592 1884 1798 1954 puellis.
1844 1881 1993 1935 Sicut
2022 1882 2163 1932 enim

590 2004 770 2063 pastor
798 2002 1044 2045 strenuus
1071 1988 1296 2040 leonem
1342 1981 1619 2050 pecoribus
1664 1974 2086 2046 formidolosum,
2114 1980 2167 2025 et

591 2094 757 2139 totum
784 2081 920 2135 ovile
943 2079 1309 2134 devastantem
1338 2071 1654 2141 corripiens,
1682 2067 1882 2121 avulsis
1899 2063 2165 2125 dentibus,

592 2173 820 2228 exsectis
849 2170 1127 2240 unguibus,
1159 2167 1382 2221 detonsa
1406 2162 1555 2232 juba,
1588 2160 1672 2214 vel
1695 2166 1963 2228 pastorum
1993 2154 2169 2224 pueris

591 2261 938 2318 deridendum
971 2259 1236 2330 propinat,
1271 2255 1378 2309 imo
1405 2253 1565 2307 etiam
1611 2249 1799 2319 puellis
1845 2245 2007 2299 tradit
2051 2242 2170 2296 illu-

591 2354 859 2410 dendum:
891 2352 959 2405 ita
985 2360 1041 2406 et
1064 2349 1305 2403 Christus
1334 2350 1560 2398 mortem
1592 2347 1794 2394 naturae
1837 2345 2031 2391 nostra:
2066 2335 2170 2388 for-

595 2445 922 2508 midabilem,
965 2440 1251 2512 generique
1298 2444 1482 2490 nostro
1531 2430 1818 2488 terribilem
1870 2426 2168 2496 corripuit,

591 2541 813 2608 ejusque
839 2545 1038 2590 metum
1062 2531 1324 2595 dissolvit,
1360 2529 1429 2581 ita
1462 2535 1518 2580 ut
1547 2526 1705 2579 etiam
1729 2521 1958 2590 virgines
2005 2521 2172 2586 ipsam

593 2631 887 2686 derideant.
918 2624 1274 2693 Quamobrem
1303 2622 1455 2675 beata
1487 2616 1697 2684 Pelagia
1727 2624 1870 2668 tanta
1910 2627 2029 2665 eum
2081 2608 2172 2662 vo-

597 2725 795 2793 lnptate
819 2719 882 2772 ad
910 2733 1026 2772 eam
1071 2714 1329 2777 cucurrit,
1387 2719 1446 2765 ut
1496 2724 1563 2764 ne
1606 2706 1911 2762 carnificum
1961 2703 2174 2772 quidem

597 2827 784 2866 manus
811 2816 1161 2879 exspectaret,
1193 2817 1366 2872 neque
1396 2801 1448 2854 in
1486 2799 1742 2869 judicium
1788 2793 2173 2864 ingrederetur,

597 2904 689 2960 sed
723 2902 930 2972 propria
956 2899 1115 2952 animi
1143 2893 1506 2963 magnitudine
1545 2891 1754 2943 illorum
1800 2885 2174 2942 crudelitatcnt

600 3001 960 3065 prmverteret.
1006 2989 1138 3043 Nam
1179 2985 1244 3040 ad
1299 2991 1559 3038 tormenta
1603 2979 1838 3050 quidem,
1889 2977 2175 3038 cruciatus,

596 3082 852 3156 supplicia
874 3090 1055 3152 parata
1083 3089 1239 3141 erat;
1269 3075 1363 3130 sed
1385 3071 1657 3128 metuebat
1688 3081 1863 3124 tamen
1911 3083 1978 3122 ne
2020 3066 2179 3135 virgi-

600 3178 780 3232 nitatis
820 3188 1071 3230 coronam
1117 3168 1386 3241 perderet.
1417 3164 1488 3220 Ut
1533 3170 1710 3217 autem
1757 3159 1896 3216 scias
1945 3175 2062 3213 eam
2114 3158 2180 3212 ab

601 3268 882 3337 impiorum
901 3264 1113 3318 libidine
1134 3259 1394 3323 timuisse,
1414 3252 1802 3326 praeoccupavit
1825 3251 1936 3316 illa,
1959 3263 2182 3318 seseque

599 3374 628 3412 a
655 3359 796 3430 turpi
846 3355 1168 3412 contumelia
1211 3350 1482 3407 subduxit.
1527 3345 1680 3413 Quod
1702 3359 1834 3399 sane
1884 3344 1964 3396 vir
2009 3341 2184 3395 nullus

601 3465 849 3521 umquam
876 3461 1157 3519 aggressus
1179 3452 1262 3499 est
1291 3461 1303 3496 :
1335 3453 1521 3496 omnes
1549 3437 1693 3492 enim
1721 3435 1788 3489 ad
1813 3433 2068 3504 judicium
2095 3447 2183 3486 se-

601 3544 750 3614 quuti
778 3543 1004 3602 fuerant,
1034 3538 1211 3607 ibique
1260 3530 1626 3590 fortitudinem
1671 3541 1824 3582 suam
1849 3524 2184 3580 demonstra-

603 3645 811 3693 verunt.
832 3636 900 3689 At
923 3631 1196 3696 mulieres,
1229 3634 1409 3696 utpote
1429 3633 1616 3679 natura
1638 3635 1733 3676 sua
1754 3617 1960 3689 injuria:
1985 3631 2184 3685 oppor-

603 3731 860 3789 tuniores,
892 3723 1034 3778 hunc
1061 3721 1162 3776 sibi
1185 3717 1371 3774 mortis
1390 3714 1605 3770 modum
1631 3709 2022 3789 excogitarunt.
2052 3706 2184 3761 Nam

604 3821 648 3874 si
681 3816 942 3889 potuisset
965 3811 1122 3866 simul
1147 3819 1201 3865 et
1227 3807 1582 3877 virginitatem
1628 3787 1843 3857 servare
1870 3807 1925 3854 et
1951 3796 2186 3867 martyrii

598 3888 859 3967 coronam
904 3903 1179 3974 consequi,
1231 3912 1564 3970 nequaquam
1614 3894 1680 3948 ad
1724 3890 1952 3947 tribunal
1983 3888 2188 3959 ingredi

597 4006 941 4062 :recusasset;
976 3997 1098 4066 quia
1126 4007 1253 4048 vero
1281 3994 1348 4045 ab
1393 3989 1650 4042 alterutro
1679 3983 1929 4038 excidere
1969 3993 2192 4034 necesse

613 4109 829 4167 prorsus
855 4099 986 4155 erat,
1012 4099 1265 4157 extrema:
1293 4083 1513 4153 putabat
1537 4079 1782 4133 amentiae
1820 4075 1952 4139 fore,
1999 4074 2042 4127 si
2070 4087 2191 4125 cum

616 4166 801 4254 posset
826 4191 1103 4250 utramque
1131 4177 1408 4232 victoriam
1458 4169 1733 4239 consequi,
1784 4166 2055 4222 dimidiam
2101 4179 2194 4218 so-

612 4275 723 4331 lum
751 4286 1004 4330 coronam
1034 4274 1353 4338 reportaret.
1385 4262 1518 4317 Jdeo
1545 4260 1713 4315 noluit
1739 4258 1790 4312 in
1819 4256 2078 4326 judicium
2110 4270 2197 4308 ao-

613 4368 829 4431 cedere,
862 4378 1034 4432 neque
1060 4359 1270 4414 lascivis
1300 4355 1467 4411 oculis
1489 4348 1794 4420 spectaculo
1812 4361 1951 4407 esse,
1975 4346 2057 4400 vel
2082 4345 2196 4412 pati

616 4470 673 4515 nt
709 4460 1119 4524 intemperantes
1172 4447 1418 4502 homines
1461 4450 1680 4510 aspectu
1726 4453 1825 4493 suo
1869 4438 2192 4500 fruerentur,

613 4561 963 4618 sanctumque
1004 4543 1130 4599 illud
1168 4553 1364 4611 corpus
1421 4535 1695 4590 ameerent
1719 4529 2075 4593 contumelia;
2105 4527 2199 4583 sed

612 4660 680 4700 ex
707 4641 938 4695 thalamo
963 4643 1018 4690 et
1036 4645 1289 4704 gynzeceo
1331 4628 1385 4682 in
1427 4626 1586 4681 alium
1634 4623 1948 4686 thalamum,
1999 4619 2113 4674 sive
2143 4618 2195 4671 in

615 4733 811 4791 calum
834 4769 852 4795 ,
880 4727 1059 4782 venit.
1086 4723 1330 4793 Magnum
1353 4718 1546 4789 quippe
1573 4724 1656 4769 est
1683 4712 1958 4769 carnifices
1982 4711 2202 4764 circum-

618 4832 822 4881 stantes
846 4820 1047 4883 videre,
1075 4826 1130 4872 et
1185 4816 1349 4867 latera
1381 4810 1673 4872 fodientes;
1714 4804 1810 4861 sed
1835 4803 2000 4858 nihilo
2029 4803 2204 4856 minus

620 4916 714 4971 illo
738 4914 840 4967 hoc
865 4921 1078 4980 quoque
1105 4911 1223 4960 est:
1257 4901 1364 4957 illis
1391 4899 1531 4954 enim
1556 4913 1675 4952 cum
1697 4895 1807 4966 jam
1842 4906 2034 4948 sensus
2071 4906 2204 4944 veru-

618 5008 854 5061 ciatunm
884 4999 1140 5054 varietate
1168 4999 1514 5060 consumptus
1536 4988 1631 5054 sit,
1659 5001 1765 5041 non
1793 4985 1930 5038 ultra
1954 4981 2207 5037 formida-

620 5095 905 5152 bilismors
933 5088 1161 5151 videtur,
1190 5083 1284 5139 sed
1306 5081 1481 5152 potius
1506 5079 1805 5149 urgentium
1848 5073 2107 5127 malorum
2135 5071 2203 5125 li-

625 5185 828 5242 heratio
851 5190 1009 5251 atque
1029 5175 1289 5239 cessatio;
1319 5175 1434 5226 haec
1461 5185 1588 5225 vero
1609 5165 1870 5221 nihildum
1902 5161 2206 5230 hujusmodi

629 5293 806 5350 passa,
830 5289 949 5332 cum
979 5284 1170 5340 corpus
1199 5269 1459 5336 integrum
1481 5262 1724 5322 haberet,
1745 5256 1980 5326 nihilque
2009 5255 2208 5308 doloris

631 5345 952 5441 pertulisset,
991 5373 1254 5434 generoso
1286 5367 1582 5425 magnoque
1610 5350 1789 5404 animo
1818 5362 1950 5415 opus
2003 5345 2206 5406 habuit,

632 5437 689 5513 nt
708 5459 934 5512 violenta
975 5461 1144 5508 morte
1164 5465 1229 5502 ex
1258 5454 1358 5501 hac
1383 5446 1485 5499 vita
1514 5458 1572 5497 se
1600 5441 1939 5496 subduceret.
1967 5438 2140 5505 Quare
2165 5437 2210 5489 si

634 5548 843 5606 miraris
866 5547 1074 5601 illorum
1104 5539 1430 5613 patientiam,
1458 5534 1616 5605 hujus
1642 5533 1836 5587 mirare
1861 5529 2140 5594 virtutem;
2166 5527 2209 5583 si

696 5707 771 5771 tu)
801 5703 1094 5756 Contulimus
1114 5699 1312 5752 Codices
1332 5695 1505 5758 Regios
1524 5691 1650 5745 2029
1669 5697 1722 5744 et
1741 5688 1886 5740 2343.

2268 977 2448 1036 stupes
2476 983 2660 1022 eorum
2689 968 3047 1033 tulerantiam,
3066 967 3182 1038 ejus
3207 975 3362 1038 stupe
3387 983 3710 1038 generosum
3741 970 3854 1023 ani-

2268 1072 2435 1121 tnum,
2458 1073 2566 1128 quo
2597 1058 2756 1113 talem
2785 1057 2936 1113 adire
2961 1067 3186 1114 mortem
3217 1073 3345 1113 ausa
3367 1059 3455 1114 sit.
3489 1059 3566 1114 Ne
3583 1075 3717 1115 vero
3744 1075 3859 1114 cur»

2269 1147 2368 1200 sim
2397 1163 2509 1202 rem
2537 1157 2858 1217 prmlereas;
2890 1147 2983 1203 sed
3013 1148 3183 1217 cogita
3206 1162 3312 1218 quo
3335 1162 3498 1203 sensu
3529 1149 3690 1204 fuerit
3707 1152 3860 1219 virgo

2270 1247 2474 1304 tenera,
2503 1253 2622 1308 quae
2651 1237 2940 1292 thalamum
2960 1247 3163 1293 tantum
3187 1248 3425 1306 noverat,
3451 1239 3713 1294 militibus
3737 1255 3864 1294 eon-

2268 1329 2441 1382 fertim
2477 1329 2914 1397 irrumpentibus,
2952 1339 3076 1383 ante
3109 1328 3251 1384 fores
3299 1330 3582 1397 stantibus,
3612 1331 3680 1385 ad
3715 1331 3864 1400 judi-

2269 1423 2409 1476 cium
2433 1420 2762 1486 vocantibus,
2795 1421 2845 1474 in
2872 1420 3042 1474 furum
3066 1435 3163 1490 pro
3193 1421 3388 1475 talibus
3409 1422 3675 1492 tantisque
3697 1422 3861 1478 rebus

2271 1513 2625 1568 trahentibus.
2657 1512 2774 1567 Non
2806 1521 2955 1581 pater
2980 1515 3144 1578 intus,
3171 1527 3279 1566 non
3308 1521 3478 1568 mater
3501 1513 3712 1581 aderat,
3753 1531 3858 1571 non

2272 1605 2471 1671 nutrix,
2497 1619 2603 1658 non
2622 1605 2836 1669 ancilla,
2868 1619 2973 1658 non
3001 1605 3192 1668 vicina,
3228 1619 3331 1658 non
3359 1606 3526 1660 amica
3547 1647 3564 1672 ,
3611 1607 3709 1661 sed
3746 1608 3862 1662 sola

2273 1699 2414 1751 inter.
2435 1697 2711 1751 carnifices
2733 1697 2850 1752 illos
2870 1706 3004 1750 erat.
3038 1696 3191 1763 Quod
3215 1698 3358 1752 enim
3381 1698 3530 1752 exire
3555 1707 3610 1753 et
3635 1714 3866 1769 respon-

2272 1788 2400 1842 dere
2420 1785 2755 1841 carniﬁcibus
2780 1787 2882 1841 illis
2907 1785 3165 1840 militibus
3183 1787 3434 1855 potuerit,
3457 1787 3599 1857 quod
3625 1787 3864 1856 hiscere,

2273 1878 2413 1949 quod
2443 1891 2630 1932 vocem
2661 1879 2927 1942 emittere,
2957 1877 3098 1946 quod
3146 1877 3437 1946 respicere,
3465 1877 3606 1947 quod
3651 1882 3864 1933 consis-

2277 1981 2388 2025 tere
2407 1986 2469 2024 ac
2499 1969 2786 2038 respirare,
2845 1984 2951 2039 quo
2977 1983 3083 2023 non
3129 1977 3349 2037 stupore
3402 1978 3458 2023 et
3506 1969 3868 2024 admiratione

2275 2064 2491 2132 dignum
2521 2062 2718 2116 fuerit?
2745 2061 2860 2116 Non
2891 2072 3046 2117 erant
3077 2060 3191 2118 haec
3239 2060 3488 2114 humanae
3513 2071 3741 2126 naturae,
3771 2059 3867 2115 sed

2277 2157 2536 2226 majorem
2563 2155 2659 2210 Dei
2686 2163 2843 2209 nutus
2869 2163 3074 2223 partem
3104 2151 3386 2208 inferebat.
3417 2152 3598 2224 Neque
3630 2163 3744 2207 tum
3778 2153 3868 2208 illa

2276 2249 2451 2302 stabat
2477 2246 2668 2313 otiosa,
2702 2245 2796 2300 sed
2825 2244 2968 2314 quod
3015 2245 3066 2298 in
3117 2253 3318 2299 seerat
3368 2252 3535 2298 totum
3584 2243 3868 2312 επακ-ὠσί,

2276 2340 2629 2406 alacritatem,
2657 2353 2978 2410 generosum
3022 2338 3283 2404 animum,
3332 2339 3682 2402 voluntatem,
3743 2353 3874 2407 pro-

2277 2433 2530 2503 positum,
2556 2431 2975 2496 festinationem,
3018 2431 3301 2497 ardorem;
3356 2445 3546 2485 eorum
3569 2444 3698 2484 vero
3745 2429 3875 2485 finis

2280 2525 2372 2579 Dei
2399 2539 2500 2594 ope
2523 2533 2578 2578 et
2623 2537 2852 2592 superna
2901 2521 3274 2576 benevolentia
3318 2530 3576 2590 sequutus
3618 2529 3744 2576 est:
3801 2522 3876 2576 ita

2281 2625 2337 2672 ut
2364 2615 2509 2670 illam
2533 2624 2588 2669 ct
2609 2613 2865 2668 admirari
2889 2622 2945 2668 et
2973 2614 3182 2683 beatam
3206 2613 3498 2683 praedicare
3533 2612 3874 2676 debeamus;

2280 2705 2491 2776 beatam
2517 2705 2805 2775 praedicare
2834 2706 2903 2760 ob
2921 2681 3291 2760 commilitium
3328 2703 3445 2770 Dei,
3473 2702 3751 2768 admirari,
3805 2705 3879 2758 ob

2282 2798 2553 2869 propriam
2577 2797 2739 2866 animi
2795 2797 3148 2852 alacritatem.
3205 2796 3337 2865 Quis
3391 2797 3535 2852 enim
3587 2811 3696 2851 non
3750 2796 3880 2865 jure

2281 2893 2624 2959 Obstupescat
2647 2888 2872 2944 audiens
2902 2888 3044 2944 illam
3073 2887 3330 2959 temporis
3389 2897 3665 2942 momento
3695 2888 3883 2942 consi-

2285 2981 2412 3034 lium
2461 2980 2661 3044 iniisse,
2709 2978 3058 3033 confirmasse
3095 2986 3149 3032 et
3188 2977 3258 3032 ad
3307 2977 3507 3032 exitum
3551 2975 3877 3032 deduxisse!

2284 3069 2462 3124 Nostis
2484 3070 2682 3139 quippe
2709 3083 2896 3123 omnes
2916 3082 3062 3138 saepe
3091 3066 3354 3133 accidere,
3385 3076 3446 3122 ut
3470 3081 3590 3137 quas
3613 3066 3707 3121 diu
3755 3081 3881 3121 me-

2285 3159 2436 3214 ditati
2467 3174 2673 3222 sumus,
2703 3158 2932 3212 instante
2957 3157 3211 3227 temporis
3226 3157 3528 3224 occasione,
3556 3156 3886 3228 modicoque

2288 3260 2522 3305 mentem
2546 3249 2830 3304 invadente
2860 3257 3026 3315 metu,
3055 3248 3278 3302 consilia
3308 3248 3487 3302 omnia
3513 3248 3676 3301 missa
3707 3247 3883 3302 facia-

2290 3358 2426 3406 mus,
2456 3341 2696 3410 angustia
2729 3339 3011 3393 confestim
3041 3338 3302 3393 deterriti.
3337 3337 3426 3390 llla
3458 3353 3589 3393 vero
3617 3347 3726 3392 tam
3753 3335 3888 3392 hor-

2290 3433 2534 3496 rendum,
2587 3440 2692 3485 tam
2735 3430 3074 3484 formidabile
3124 3429 3405 3485 consilium
3460 3445 3567 3483 uno
3618 3428 3890 3500 temporis

2291 3531 2561 3577 momento
2577 3522 2866 3589 suscipere,
2885 3519 3198 3585 decernere,
3218 3534 3382 3589 opere
3399 3519 3654 3589 perficere
3671 3518 3854 3588 potuit
3873 3531 3887 3568 :

2293 3630 2398 3667 non
2425 3612 2769 3684 przesentium
2817 3623 3008 3676 terror,
3047 3609 3433 3665 nouceleritas
3465 3609 3742 3678 temporis,
3775 3625 3892 3666 non

2292 3707 2522 3762 solitudo
2549 3707 2687 3760 inter
2715 3704 2955 3770 insidias,
2984 3719 3088 3758 non
3115 3703 3257 3773 quod
3277 3702 3392 3756 sola
3422 3702 3564 3778 intus
3584 3711 3749 3768 esset,
3777 3718 3893 3757 non

2292 3801 2434 3857 aliud
2458 3800 2728 3872 quidpiam
2756 3796 3059 3868 hujusmodi
3087 3795 3297 3851 beatam
3321 3795 3463 3848 illam
3496 3793 3758 3859 turbavit;
3791 3794 3893 3850 sed

2295 3894 2444 3965 quasi
2475 3891 2828 3962 praesentibus
2847 3889 3034 3944 amicis
3079 3897 3134 3943 et
3170 3887 3334 3952 notis,
3377 3886 3456 3941 sic
3478 3901 3601 3941 cum
3632 3885 3899 3942 libertate

2297 3984 2472 4039 omnia
2505 3982 2665 4045 fecit;
2698 3995 2760 4034 ac
2779 3980 2899 4048 jure
2919 3978 3132 4048 quidem
3165 3977 3379 4031 merito.
3410 3976 3527 4031 Non
3577 3977 3723 4030 enim
3771 3976 3898 4032 sola

2300 4075 2440 4129 intus
2465 4083 2600 4136 erat,
2633 4071 2726 4126 sed
2751 4071 2932 4125 .lcsum
2954 4069 3183 4124 habebat
3207 4068 3568 4123 consiliarium
3601 4086 3615 4122 :
3648 4069 3762 4136 ipse
3795 4069 3900 4124 ad-

2300 4178 2435 4233 erat,
2467 4168 2584 4236 ipse
2610 4180 2704 4219 cor
2729 4164 2844 4234 ejus
2876 4162 3147 4233 tangebat,
3175 4161 3288 4232 ipse
3330 4161 3565 4214 animum
3595 4158 3900 4214 confirma~

2300 4262 2414 4326 bat,
2446 4260 2559 4329 ipse
2587 4265 2785 4311 metum
2813 4253 3064 4325 pellebat.
3091 4251 3223 4307 Illud
3251 4261 3427 4306 autem
3456 4266 3561 4305 non
3591 4249 3709 4305 sine
3728 4265 3898 4304 causa

2304 4348 2552 4415 faciebat,
2580 4347 2673 4402 sed
2706 4347 2825 4416 quia
2851 4346 2963 4415 ipsa
2992 4351 3195 4414 martyr
3219 4355 3281 4397 se
3317 4350 3474 4396 antea
3526 4341 3745 4410 dignam
3775 4341 3900 4410 ejus

2302 4443 2482 4498 auxilii
2504 4441 2821 4510 praebuerat.

2373 4535 2428 4588 2.
2457 4534 2680 4603 Egi-esea
2723 4531 2898 4600 itaque
2923 4542 2952 4580 a
2984 4524 3248 4580 militibus
3279 4522 3452 4595 petiit,
3483 4530 3544 4577 ut
3570 4521 3672 4576 sibi
3699 4522 3900 4578 liceret

2305 4625 2509 4697 ingredi
2537 4632 2591 4678 et
2616 4631 2820 4677 vestem
2856 4627 3065 4675 mtuare
3096 4635 3110 4671 :
3137 4624 3296 4686 atque
3323 4615 3558 4684 ingressa
3596 4612 3768 4667 induit
3809 4613 3900 4667 in-

2293 4716 2703 4785 corruptionem
2751 4727 2850 4782 pro
2891 4708 3255 4778 corruptione,
3304 4704 3758 4760 immortalitatem
3801 4720 3916 4773 pro.

2306 4821 2500 4875 morte,
2557 4808 2718 4863 vitam
2771 4802 3166 4860 interminatam
3220 4815 3318 4870 pro
3361 4808 3727 4868 temporanea.
3781 4795 3900 4868 Ego

2308 4917 2437 4959 vero
2463 4908 2659 4972 prmter
2683 4913 2768 4961 ea,
2796 4910 2913 4965 quae
2933 4894 3072 4948 dicta
3093 4899 3238 4955 sunt,
3266 4899 3321 4945 et
3347 4889 3450 4944 hoc
3479 4886 3734 4950 admiror,
3758 4902 3899 4957 quo-

2311 4996 2470 5051 modo
2497 4993 2693 5048 milites
2713 5004 2831 5043 eam
2864 4987 2938 5042 illi
2966 4983 3331 5040 concesserint
3349 4981 3596 5053 gratiam,
3624 4980 3898 5051 quomodo

2311 5087 2504 5142 mulier
2528 5085 2672 5137 viros
2708 5079 2998 5148 deceperit,
3042 5073 3312 5146 quomodo
3359 5073 3494 5128 nihil
3539 5086 3749 5137 eorum,
3780 5085 3900 5141 qua

2309 5186 2564 5233 eventura
2605 5183 2779 5233 erant,
2818 5168 3070 5237 suspicati
3102 5166 3230 5232 sint,
3272 5162 3540 5234 quomodo
3569 5160 3750 5215 dolum
3792 5176 3896 5215 non

2313 5265 2695 5324 intellexerint.
2726 5261 2909 5329 Neque
2942 5259 3084 5313 enim
3132 5264 3218 5312 est
3245 5253 3386 5325 quod
3429 5253 3597 5319 dicas,
3629 5252 3898 5306 neminem

2316 5346 2566 5430 umquam
2599 5371 2712 5410 rem
2745 5352 2972 5406 similem
3011 5349 3199 5404 fecisse
3231 5365 3245 5400 :
3293 5345 3475 5400 multa:
3506 5344 3648 5398 enim
3676 5341 3899 5399 fortasse

2317 5472 2375 5512 se
2402 5451 2702 5525 prsecipitcs
2727 5446 2988 5501 dederunt
3014 5485 3029 5509 ,
3061 5455 3286 5510 seseque
3328 5439 3379 5492 in
3410 5437 3623 5507 pelagus
3653 5437 3900 5504 ronjecc-

2317 5558 2462 5613 runt,
2487 5545 2567 5601 vel
2593 5552 2774 5613 peetus
2797 5536 2972 5609 gladio
3002 5533 3342 5603 trajecerunt,
3365 5530 3448 5584 vel
3470 5529 3660 5596 laqueo
3687 5541 3744 5579 se
3771 5541 3905 5594 pm'-

2323 5641 2564 5694 focarunt
2593 5654 2604 5688 :
2635 5645 2844 5701 tempus
2871 5629 3066 5700 quippe
3092 5623 3218 5681 illud
3248 5620 3550 5692 hujusmodi
3574 5616 3901 5671 dramatibns

2329 5709 2538 5803 plenum
2567 5735 2704 5782 erat.
2738 5725 2803 5778 At
2825 5723 2964 5778 Deus
2989 5733 3083 5775 cor
3112 5711 3623 5778 eorum'exczccavit,
3653 5720 3707 5763 ut
3727 5707 3898 5762 dolum
