4082 6446
252 366 365 429 879

1155 388 1246 448 DE
1286 390 1343 446 S.
1379 386 1677 445 PELAGIA
1717 383 2000 442 VIRGINE
2036 383 2123 439 ΕΤ
2164 378 2522 438 ΜΑίὶΤῒΙὶΕ.
2568 373 2801 433 HOMIL.
2850 371 2889 426 I.

3580 367 3699 425 580

396 502 3632 536 Μ

1230 582 1378 658 [⁵⁸⁵]
1453 590 1847 681 ΟΜΙΛΙΑ
1897 589 2749 678 ΕΓΚΩΜΙΑΣΤΙΚΗ

1029 737 1136 803 Εἰς
1185 734 1302 804 τὴν
1355 734 1532 806 ἁγίαν
1580 729 1854 805 μάρτυρα
1904 729 2211 800 Πελαγίαν
2240 741 2267 771 ι
2319 729 2435 799 τὴν
2479 731 2550 784 ἐν
2593 731 2937 816 Ἀντιοχείᾳ.

320 918 723 993 α’έΕύλογητδς
748 918 779 974 ό
805 918 936 984 Θεὸς
961 935 974 948 ·
1029 919 1124 974 καὶ
1173 920 1425 988 γυναῖκες
1471 916 1719 972 θανάτου.
1740 916 1929 972 λοιπὸν

242 1006 645 1074 καταπαίζουσι
670 1050 687 1074 ,
731 1006 827 1063 καὶ
876 1006 1036 1078 κόραι
1089 1006 1443 1075 καταγελῶσι
1489 1006 1782 1077 τελευτῆς,
1836 1007 1932 1060 καὶ

240 1094 509 1167 παρθένοι
537 1095 736 1167 κομιδῇ
769 1096 891 1150 νέαι
936 1096 1032 1149 καὶ
1077 1096 1455 1167 ἀπειρόγαμοι
1490 1095 1571 1159 εἰς
1602 1094 1742 1148 αίιτά
1774 1111 1930 1168 σκιρ-

237 1183 382 1237 τῶσι
407 1183 436 1225 δ
462 1182 558 1238 τοῦ
599 1183 727 1255 ᾅδου
758 1182 828 1237 τά
861 1184 1089 1257 κέντρα,
1129 1183 1226 1238 καὶ
1251 1182 1406 1237 ούδέν
1436 1183 1704 1254 πάσχουσι
1735 1181 1927 1238 δεινόν.

237 1274 434 1328 Ταῦτα
465 1276 531 1348 δὴ
576 1276 757 1329 πάντα
785 1276 878 1331 διά
910 1276 1002 1330 τὸν
1044 1277 1110 1331 ἐκ
1139 1276 1410 1349 παρθένου
1442 1276 1679 1348 Χριστὸν
1709 1277 1932 1346 γέγονεν

221 1364 377 1434 -ήμῖν
414 1362 483 1417 τά
519 1362 733 1433 ἀγαθά·
777 1364 920 1435 μετά
949 1364 1059 1436 7&9
1099 1363 1201 1427 τάς
1243 1364 1522 1435 μακαρίας
1556 1363 1756 1428 ὠδῖνας
1789 1363 1933 1417 ἐκεί-

237 1467 364 1515 νας,
389 1451 484 1506 καὶ
512 1451 604 1503 τὸν
630 1450 1071 1521 φρικωδέστατον
1103 1451 1263 1504 τόκον
1292 1449 1521 1523 ἐξελύθη
1562 1450 1657 1504 τοῦ
1692 1450 1928 1505 θανάτου

238 1537 314 1592 τά
336 1538 523 1609 νεῦρα,
547 1536 830 1610 παρελύθη
860 1539 893 1610 ή
928 1535 1295 1592 τοῦδιαϐόλου
1330 1538 1709 1610 δύναμις,καί⁵
1741 1538 1930 1592 λοιπὸν

236 1626 344 1680 οὐκ
381 1626 607 1697 ἀνδράσι
649 1625 835 1693 μόνον,
867 1623 1016 1679 ἀλλά
1037 1625 1137 1679 καὶ
1171 1624 1420 1694 γυναιξὶν
1449 1626 1932 1697 εὐκαταφρόνητος

196 1704 203 1708 ”
237 1715 457 1783 γέγονε,
479 1715 575 1768 καὶ
593 1714 654 1767 ού
682 1713 899 1783 γυναιξὶ
926 1713 1106 1786 μόνον,
1122 1712 1291 1777 ἀλλά,
1305 1714 1403 1777 καὶ
1424 1713 1634 1786 κόραις.
1665 1713 1932 1785 Καθάπερ

236 1802 351 1874 γάρ
382 1818 467 1867 τις
513 1802 720 1874 ποιμὴν
751 1802 971 1873 ἀριστος
1018 1800 1213 1854 λέοντα
1268 1800 1608 1871 ἐκφοϐοῦντα
1639 1800 1712 1854 τά
1757 1800 1931 1873 θρέμ-

243 1907 399 1960 ματα
438 1890 535 1945 καὶ
578 1892 647 1962 τῇ
702 1890 913 1963 ποίμνῃ
959 1888 1113 1963 πάσῃ
1156 1885 1556 1961 λυμαινόμενον
1588 1887 1793 1955 λαϐὼν,
1839 1891 1933 1944 καὶ

239 1979 373 2042 τοὺς
415 1977 637 2042 ὀδόντας
665 1977 944 2045 ἐκκόψας,
988 1976 1241 2040 καὶτοὺς
1279 1975 1479 2048 όνυχας
1524 1978 1796 2050 ἐκτεμὼν,
1836 1976 1933 2033 καὶ

238 2066 344 2135 τὴν
386 2066 565 2136 κόμην
602 2063 929 2135 ἀποκείρας,
976 2061 1458 2135 εὔκαταφρόνητον
1494 2063 1589 2117 καί
1621 2064 1930 2133 καταγέλα-

242 2168 371 2206 στον
400 2154 565 2217 ποιεῖ,
611 2152 706 2206 καὶ
745 2149 981 2215 παιδίοις
1028 2154 1366 2222 ποιμενικαῖς
1405 2152 1500 2205 καὶ
1537 2150 1730 2223 κόραις
1756 2169 1931 2224 παρα-

239 2239 424 2294 δίδωσι
456 2238 824 2303 καταπαίζειν
866 2236 1081 2292 λοιπόν·
1115 2237 1258 2292 οὕτω
1294 2237 1359 2311 δὴ
1388 2239 1483 2293 καὶ
1507 2242 1536 2294 ὁ
1563 2240 1799 2313 Χριστὸς
1840 2241 1932 2294 τὸν

240 2326 475 2382 θάνατον
501 2318 730 2397 φοϐερὸν
758 2325 887 2378 ὅντα
909 2327 975 2395 τῇ
1004 2324 1165 2394 φύσει
1188 2327 1253 2397 τῇ
1283 2326 1529 2398 ἡμετέρᾳ
1550 2328 1643 2380 καὶ
1663 2326 1932 2398 φοϐοῦντα

239 2413 307 2467 τὸ
323 2413 478 2483 γένος
506 2406 662 2484 ήμῶν
688 2412 833 2466 ἀπαν
861 2409 1061 2476 λαϐὼν,
1075 2411 1282 2465 καὶτὸν
1312 2412 1473 2481 φόϐον
1489 2412 1653 2468 αὑτοῦ
1675 2412 1932 2478 διαλύσας

239 2497 462 2556 ἅπαντα
524 2499 863 2571 παρέδωκεν,
903 2497 1045 2553 ὥστε
1087 2497 1182 2553 καὶ
1224 2499 1527 2572 παρθένους
1571 2501 1932 2568 καταπαίζειν

239 2588 429 2645 αὑτοῦ.
455 2588 554 2643 Διά
585 2588 745 2642 τοῦτο
774 2588 869 2643 καὶ
894 2588 927 2658 ἡ
960 2588 1205 2660 μακαρία
1228 2587 1471 2656 Πελαγία
1499 2588 1640 2658 μετὰ
1663 2588 1932 2661 τοσαύτης

239 2678 332 2733 ἐπ’
349 2678 513 2732 αὐτὸν
537 2677 771 2749 ἔδραμεν
796 2675 987 2747 ἡδονῆς
1008 2676 1084 2739 ώς
1113 2675 1246 2746 μηδὲ
1272 2676 1560 2746 ἀναμεῖναι
1586 2676 1798 2748 δημίων
1822 2680 1935 2749 χεῖ.

240 2783 366 2840 ρας,
395 2766 531 2839 μηδὲ
559 2768 639 2829 εἰς
665 2765 1013 2835 δικαστήριον
1039 2763 1319 2829 εἰσελθεῖν,
1349 2765 1484 2819 ἀλλά
1513 2769 1578 2837 τῇ
1604 2770 1704 2837 τῆς
1728 2767 1933 2831 οἰκείας

238 2853 553 2927 προθυμίας
576 2851 850 2923 ὑπερϐολῇ
885 2852 1090 2920 φθάσαι
1117 2850 1215 2923 τήν
1234 2852 1458 2906 ἐκείνων
1484 2852 1764 2925 ὠμότητα.
1794 2856 1935 2924 Παρ-

240 2942 547 2998 εσκεύαστυ
581 2942 681 3013 μὲν
711 2942 820 3011 7&9
844 2942 940 2994 καὶ
969 2941 1107 3013 πρὸς
1138 2941 1426 3012 βασάνους,
1449 2945 1544 2996 καὶ
1576 2942 1929 3017 κολαστήρια,

243 3031 342 3087 καὶ
383 3029 533 3085 ἀπαν
562 3028 845 3101 τιμωριῶν
889 3024 1061 3094 εἶδος,
1106 3027 1220 3081 ἀλλ’
1267 3029 1546 3095 ἐδεδοίκει,
1584 3030 1660 3102 μὴ
1698 3031 1790 3084 τὸν
1812 3020 1934 3102 ,τῆς

240 3122 548 3195 παρθενίας
567 3120 813 3193 ἀπολέσῃ
834 3118 1121 3189 στέφανον.
1140 3119 1253 3173 Καὶ
1281 3118 1368 3173 ῖνα
1395 3118 1574 3192 μάθῃς
1596 3121 1679 3174 ὅτι
1700 3120 1801 3192 τὴν
1824 3119 1934 3174 τῶν

238 3209 755 3278 ἀσεϐὦνάσέλγειαν
784 3206 1060 3273 ἐδεδοίκει,
1092 3206 1488 3279 προλαμϐάνει,
1513 3209 1609 3261 καὶ
1635 3208 1733 3278 τῆς
1763 3211 1933 3280 ἀσχή-

242 3316 409 3372 μονος
441 3298 651 3369 ὕϐρεως
684 3294 886 3367 ἑαυτὴν
914 3294 1352 3368 προεξαρπάζετ·
1379 3295 1408 3347 ὀ
1431 3294 1735 3367 ἀνθρώπων
1758 3297 1933 3361 οὐδεὶς

240 3387 504 3442 οὐδέποτε
544 3384 784 3439 τοιοῦτον
818 3383 972 3437 οὐδὲν
1006 3376 1383 3454 ἐπεχείρησεν,
1416 3382 1532 3437 ἀλλ’
1557 3383 1930 3455 ἠκολούθησαν

239 3475 484 3538 ἅπαντες
507 3474 587 3537 εἰς
618 3472 680 3526 τὸ
711 3472 1085 3544 δικαστήριον,
1114 3472 1277 3524 κάκεῖ
1306 3470 1407 3541 τὴν
1438 3472 1690 3543 ἀνδρείαν
1717 3472 1929 3526 ἐπεδεί-

241 3564 439 3631 ξαντο·
471 3564 728 3633 γυναῖκες
773 3562 833 3615 δέ
866 3560 957 3615 διά
996 3560 1058 3614 τὸ
1088 3560 1191 3631 τῆς
1239 3560 1454 3630 φύσεως
1495 3561 1927 3634 εύεπηρέαστον,

240 3652 432 3707 τοῦτον
472 3651 773 3721 ἐπενόησαν
804 3651 1025 3713 ἐαυταῖς
1065 3649 1159 3703 τὸν
1188 3648 1389 3720 τρόπον
1423 3650 1522 3720 τῆς
1554 3649 1830 3721 τελευτῆς.
1865 3650 1929 3704 Εἰ

245 3740 349 3811 μιν
375 3739 484 3811 7&9
512 3735 580 3810 ῆν
602 3739 699 3792 καὶ
724 3737 823 3809 τὴν
850 3735 1146 3810 παρθενίαν
1164 3735 1551 3803 διασώσασθαι,
1579 3738 1675 3792 καὶ
1700 3738 1807 3792 τῶν
1832 3739 1927 3793 τοῦ

245 3827 550 3903 μαρτυρίου
588 3830 867 3897 στεφάνων
893 3827 1195 3897 ἐπιτυχεῖν,
1222 3825 1323 3879 οὐκ
1350 3824 1416 3880 ἀν
1446 3826 1803 3899 παρῃτήσατο
1829 3828 1929 3900 τήν

242 3919 325 3982 εἰς
361 3918 423 3971 τὸ
457 3917 808 3988 δικαστήριον
859 3916 1096 3971 εἴσοδον·
1142 3912 1332 3986 ἐπειδὴ
1364 3913 1421 3967 δὲ
1450 3914 1666 3986 ἀνάγκη
1700 3914 1928 3987 θατέρου

242 4006 468 4067 πάντως
508 4000 577 4075 ῆν
617 4005 909 4069 ἐκπεσεῖν,
941 4002 1179 4073 ἐσχάτης
1217 3999 1467 4072 ἐνόμιζεν
1491 4016 1513 4041 ε
1544 3999 1688 4057 εἰναι
1718 4002 1926 4068 ἀνοίας,

244 4094 423 4165 παρὸν
458 4091 727 4162 ἑκατέρας
756 4091 894 4161 αύτῇ
925 4091 1025 4161 τῆς
1057 4089 1215 4161 νίκης
1245 4088 1547 4160 ἐπιτυχεῖν,
1582 4087 1642 4154 ἐξ
1671 4089 1930 4161 ἡμισείας

243 4181 686 4251 στεφανωθεῖσαν
726 4179 1006 4234 ἀπελθεῖν.
1059 4180 1161 4232 Διά
1202 4176 1364 4233 τοῦτο
1408 4178 1516 4232 οὐκ
1548 4177 1813 4249 ἠθέλησεν
1848 4180 1927 4243 εἰς

243 4269 307 4323 τὺ
331 4268 685 4339 δικαστήριον
709 4266 989 4332 ἀπελθεῖν,
1022 4266 1145 4329 οὐδὲ
1178 4265 1434 4335 γενέσθαι
1463 4264 1694 4336 θέατρον
1727 4264 1929 4319 ἀκολά-

246 4375 397 4423 στοις
454 4356 782 4426 ὀφθαλμοῖς,
835 4355 957 4408 ούδέ
1006 4356 1311 4426 παρασχεῖν
1346 4352 1635 4423 ἀσελγέσιν
1686 4353 1931 4425 ὄμμασιν

243 4446 587 4517 ἐντρυφῆσαι
618 4446 687 4515 τῇ
720 4443 822 4513 τῆς
854 4441 1063 4507 οἰκείας
1091 4440 1269 4512 δῲεως
1304 4440 1529 4511 θεωρία,
1558 4441 1652 4495 καὶ
1684 4442 1744 4494 τὸ
1776 4444 1932 4510 ἆγιον

244 4533 426 4586 ἐκεῖνο
480 4529 818 4603 καθυϐρίσαι
867 4527 1060 4601 σῶμα·
1108 4528 1225 4583 ἀλλ’
1269 4527 1379 4582 ἀπὸ
1413 4528 1509 4582 τοῦ
1554 4527 1802 4599 θαλάμου
1836 4530 1932 4583 καὶ

242 4620 346 4692 τῆς
387 4617 826 4689 γυναικωνίτιδος
857 4618 943 4689 ἐφ’
965 4617 1154 4691 ἓτερον
1186 4612 1318 4689 ῆλθε
1346 4615 1609 4687 θάλαμον,
1634 4617 1727 4669 τὸν
1768 4617 1924 4689 οὐρα-

243 4709 358 4763 νόν.
392 4708 556 4778 Μέγα
599 4706 701 4778 μὲν
749 4705 856 4776 γάρ
885 4706 980 4759 καὶ
1023 4705 1085 4758 τὸ
1117 4704 1344 4775 δημίους
1379 4703 1503 4757 ἰδεῖν
1534 4704 1929 4774 περιεστῶτας,

245 4792 344 4851 καὶ
394 4793 495 4858 τάς
546 4792 791 4865 πλευρὰς
837 4791 1253 4863 διορύττοντας·
1301 4791 1402 4844 οὑκ
1437 4789 1656 4853 ἐλαττον
1700 4789 1757 4843 δὲ
1808 4790 1931 4843 οὐδὲ

239 4880 408 4936 τοῦτο
446 4881 675 4936 ἐκείνου.
708 4881 835 4943 Τοῖς
871 4880 979 4951 μὲν
1011 4877 1120 4948 γὰρ
1166 4878 1266 4948 τῆς
1308 4877 1616 4948 αἰσθήσεως
1656 4877 1757 4948 ήδη
1796 4894 1933 4951 προ-

243 4967 619 5038 αναλωθείσης
659 4968 728 5038 τῇ
780 4965 1025 5036 ποικιλίᾳ
1060 4964 1173 5018 τῶν
1213 4964 1485 5035 βασάνων,
1534 4964 1655 5017 οὐδέ
1702 4964 1933 5034 φοϐερὸς

244 5057 337 5113 ιιι
371 5055 625 5128 φαίνεται
654 5057 683 5110 ὀ
714 5055 964 5119 θάνατος,
1013 5053 1128 5109 ἀλλ’
1179 5051 1466 5125 ἀπαλλαγή
1512 5069 1599 5119 τις
1626 5053 1723 5107 καὶ
1750 5052 1934 5116 ἄνεσις

245 5144 358 5199 τῶν
391 5144 759 5214 ἐπικειμένων
787 5142 1010 5196 δεινῶν·
1039 5143 1075 5212 ή
1112 5140 1171 5195 δέ
1209 5140 1374 5211 μηδὲν
1417 5139 1647 5211 μηδέπω
1683 5140 1936 5194 παθοῦσα

246 5230 512 5295 τοιοῦτον,
542 5230 681 5284 ἀλλά
706 5228 967 5300 ἀκέραιον
996 5229 1078 5281 ἐτι
1109 5227 1171 5281 τὸ
1214 5227 1374 5298 σῶμα
1402 5225 1623 5298 ἐχουσα,
1654 5226 1749 5280 καὶ
1780 5226 1931 5299 [586]

252 5317 529 5389 μηδεμιᾶς
556 5316 748 5388 ὀδύνης
780 5315 1078 5387 αἰσθομένη
1118 5315 1363 5386 μηδέπω,
1398 5312 1637 5385 μεγάλου
1664 5314 1808 5377 τινὸς
1840 5315 1936 5367 καὶ

245 5405 498 5476 γενναίου
549 5406 897 5476 φρονήματος
947 5403 1141 5469 δεῖται,
1181 5402 1230 5455 εἰ
1279 5402 1463 5474 μέλλοι
1510 5400 1670 5473 βιαίῳ
1723 5399 1936 5472 θανάτῳ

245 5494 351 5565 τῆς
395 5493 678 5565 παρούσης
722 5492 922 5563 ἑαυτὴν
961 5490 1181 5560 ἐξάγειν
1231 5490 1397 5559 ζωῆς.
1429 5489 1592 5542 ’Ὥστε
1630 5488 1761 5542 ὅταν
1809 5490 1937 5541 θαυ-

250 5579 434 5653 μάζῃς
473 5579 715 5644 ἐκείνους
760 5579 861 5652 τῆς
899 5577 1216 5650 καρτερίας,
1268 5576 1551 5648 θαύμασον
1596 5575 1803 5648 ταύτην
1838 5576 1937 5648 τῆς

313 5698 332 5720 ⁸
356 5695 476 5745 Hec
503 5697 552 5744 In
574 5695 738 5757 titulo,
761 5695 848 5753 τήν
890 5695 936 5743 ἐν
966 5692 1251 5757 Ἀντιοχείᾳ,
1277 5690 1523 5742 habentur
1546 5692 1596 5740 in
1621 5703 1719 5741 uno
1759 5690 1937 5755 Regio,

248 5760 305 5808 et
329 5757 459 5807 lecta
480 5763 597 5807 sunt
616 5752 679 5807 ab
700 5752 1001 5819 ἱίιιθτρτοιε.
1124 5752 1157 5756 ’⁷
1214 5752 1224 5757 ’
1578 5786 1583 5791 .
1839 5752 1861 5755 ⁷
1924 5752 1931 5754 '

310 5817 340 5859 1»
366 5819 519 5868 Savil.
544 5819 593 5868 in
625 5824 765 5869 textu
792 5818 945 5869 habet
963 5817 1176 5875 πηδῶσι,
1204 5816 1252 5865 in
1279 5828 1432 5879 marg.
1456 5816 1710 5879 σκιρτῶσι,
1745 5819 1806 5869 υι
1833 5814 1940 5869 Mo-

242 5880 335 5945 rel:
372 5887 624 5945 ctprpn‘es
640 5894 758 5930 mss.
784 5882 837 5933 In
859 5894 955 5932 uno
980 5879 1099 5932 infra
1124 5878 1357 5945 μακαρίας
1379 5878 1541 5929 deest.

313 5943 337 5974 ⁸
361 5942 462 5994 Alﬁ
497 5942 729 6007 ἐνόμισεν.

2031 917 2316 991 ἀνδρείας·
2342 917 2473 972 ὅταν
2517 916 2800 989 ἐκπλαγῇς
2834 916 3075 981 ἐκείνους
3120 917 3269 989 ὑπὲρ
3287 916 3691 991 τῆςρύπομονῆ,

2032 1004 2345 1078 ἐκπλάγηθι
2374 1005 2471 1059 καὶ
2507 1005 2716 1078 ταύτην
2750 1006 2890 1078 ὑπὲρ
2927 1006 3022 1060 τοῦ
3060 1008 3312 1074 γενναίου
3349 1009 3691 1079 φρονήματος

2030 1096 2116 1151 δτι
2154 1093 2533 1166 κατετόλμησε
2567 1093 2823 1166 τελευτῆς
2859 1092 3136 1165 τοιαύτης.
3170 1094 3281 1148 Καὶ
3315 1097 3390 1166 μὴ
3443 1095 3720 1166 παραδρά·

2036 1199 2143 1255 μῃς
2196 1180 2387 1245 ἁπλῶς
2429 1180 2490 1235 τὸ
2544 1180 2783 1252 συμϐὰν,
2831 1181 2949 1235 ἀλλ’
2996 1181 3253 1253 ἐννόησον
3294 1183 3413 1247 πῶς
3456 1178 3719 1262 ἦνθείκός

2032 1270 2202 1343 κόρην
2235 1266 2548 1337 διατεθῆναι
2594 1268 2837 1340 άπαλιίινςΔ
2879 1268 2974 1322 τοῦ
3029 1268 3275 1341 θαλάμου
3323 1270 3484 1324 πλέον
3515 1270 3718 1324 εἰδυῖαν

2032 1357 2215 1422 οὐδὲν,
2240 1356 2589 1428 στρατιωτῶν
2619 1354 2835 1427 ἀθρόως
2874 1358 3236 1422 ἐπιστάντων,
3279 1358 3389 1431 πρὸ
3420 1358 3518 1427 τῆς
3548 1357 3717 1427 θύρας

2033 1444 2307 1510 ἑστώτων,
2360 1442 2675 1498 καλούντων
2704 1445 2785 1506 ε’ἱς
2816 1443 3192 1517 δικαστήριον,
3243 1447 3324 1511 εἰς
3373 1446 3583 1520 ἀγορὰν
3632 1445 3720 1500 ἐλο

2033 1534 2239 1588 κόντων
2290 1532 2431 1603 ὑπὲρ
2491 1531 2751 1587 τοιούτων
2805 1533 2899 1587 καὶ
2954 1533 3292 1605 τηλικούτων
3343 1534 3714 1605 πραγμάτωνε

2033 1621 2109 1675 ού
2148 1619 2329 1692 πατὴρ
2364 1618 2536 1684 ἐνδον,
2573 1620 2634 1673 οὐ
2669 1621 2853 1692 μήτηρ
2886 1622 3089 1693 παρῆν,
3116 1623 3179 1675 ού
3211 1622 3436 1693 τροφὸς,
3463 1623 3524 1674 ού
3559 1621 3726 1691 οεραπ

2034 1707 2239 1783 παινὶς,
2275 1707 2337 1761 ού
2370 1706 2590 1776 γείτων,
2620 1708 2681 1760 οὐ
2710 1708 2863 1779 φίλη,
2900 1708 3036 1763 ἀλλά
3079 1710 3217 1781 μόνη
3250 1709 3452 1779 μεταξὺ
3485 1708 3596 1762 τῶν
3626 1708 3721 1777 δη-

2037 1797 2178 1869 μίων
2224 1798 2453 1850 ἐκείνων
2491 1796 2817 1866 ἀπείληπτο.
2854 1798 2974 1851 Ὀτι
3018 1798 3127 1870 7&9
3167 1796 3402 1862 ἐξελθεῖν
3448 1797 3720 1851 καί-ἀποὲ

2034 1884 2467 1957 κρίνασθαι..τοῖς
2495 1881 2712 1954 δημίοις
2752 1883 2987 1948 ἐκείνοις
3032 1887 3141 1949 τοῖς
3177 1884 3541 1955 στρατιώταις
3578 1884 3721 1955 ἰσχυο

2036 1988 2150 2037 σεν,
2180 1970 2263 2024 ὅτι
2305 1971 2487 2041 διᾶραι
2536 1970 2749 2040 στόμα,
2798 1970 2895 2024 καὶ
2943 1970 3127 2043 φωνὴν
3179 1973 3429 2041 ἀφεῖναι,
3476 1974 3557 2025 ὅτι
3609 1971 3729 2044 7&9

2038 2058 2185 2121 ἰδεῖν,
2208 2060 2291 2112 ὃτι
2328 2058 2522 2127 στῆναι
2564 2057 2660 2111 καὶ
2711 2057 3084 2119 ἀναπνεῦσαι,
3134 2058 3251 2123 πῶς
3297 2060 3397 2113 οὐκ
3439 2059 3591 2123 ἀξιον
3623 2061 3721 2113 ἐκ-

2036 2144 2367 2216 πλήττεσθαι
2393 2144 2489 2198 καὶ
2518 2142 2853 2214 θαυμάζειν;
2897 2145 3013 2199 Οὐκ
3051 2141 3118 2216 ῆν
3149 2146 3324 2200 ταῦτα
3368 2146 3720 2221 ἀνθρωπίνης

2034 2231 2283 2303 φύσεως·
2333 2230 2395 2285 τὸ
2447 2230 2547 2301 μὲν
2605 2230 2716 2301 7&9
2772 2231 2935 2285 πλέον
2986 2231 3307 2304 εἰσήνεγκεν
3364 2236 3396 2305 ή
3438 2233 3529 2288 τοῦ
3581 2234 3719 2288 Θεοῦ

2037 2320 2201 2391 ῥοπή.
2234 2308 2309 2373 υύ
2347 2317 2451 2389 μὴν
2484 2317 2602 2371 οὐδὲ
2633 2317 2775 2389 αῦτη
2810 2319 2930 2373 τότε
2973 2319 3224 2391 ἀργοῦσαι
3270 2321 3537 2391 εἱστήκει,
3584 2320 3722 2376 άλλά

2033 2405 2101 2461 τά
2140 2407 2270 2479 παρ’
2300 2405 2499 2476 ἐαυτῆς
2535 2404 2711 2459 πάντα
2757 2407 3128 2472 ἐπεδείκνυτο,
3164 2410 3263 2479 τὴν
3296 2408 3627 2481 προθυμίαν,
3658 2410 3719 2463 τὸ

2034 2494 2314 2566 φρόνημα,
2356 2493 2420 2546 τὸ
2451 2495 2721 2560 γενναῖον,
2757 2493 2819 2547 τὸ
2855 2493 3218 2566 βουληθῆναι,
3265 2496 3324 2548 τὸ
3366 2494 3717 2566 προελέσθαι,

2032 2580 2094 2634 τὺ
2124 2579 2387 2644 σπεῦσαι,
2431 2581 2494 2634 τὸ
2543 2580 2896 2651 ἐπειχθῆναι·
2942 2580 3100 2651 τὸδὲ
3146 2582 3227 2644 εἰς
3278 2581 3452 2653 πέρας
3503 2581 3719 2635 ἅπαντα

2033 2666 2206 2723 ταῦτα
2239 2667 2435 2731 ἐλθεῖν,
2466 2667 2565 2739 τῆς
2605 2666 2701 2720 τοῦ
2732 2667 3159 2746 Θεοῆβοηθείας
3202 2669 3450 2737 ἐγίγνετο
3481 2671 3577 2723 καὶ
3616 2670 3735 2740 τῆς.

2033 2756 2239 2812 ἄνωθεν
2269 2755 2483 2819 ευνοίας
2503 2772 2517 2786 ·
2550 2754 2691 2809 ὥστε
2725 2756 2822 2811 καὶ
2860 2754 3163 2826 θαυμάζειν
3192 2758 3365 2828 αὐτὴν
3395 2758 3491 2812 καὶ
3533 2776 3717 2829 μακα-

2038 2843 2206 2916 ρίζειν
2236 2842 2384 2910 ἀξιον
2405 2860 2417 2872 '
2454 2841 2783 2916 μακαρίζειν
2814 2844 2913 2915 μὲν
2944 2845 3086 2915 ὺπέρ
3132 2844 3230 2914 τῆς
3262 2845 3355 2898 τοῦ
3394 2844 3531 2898 Θεοῦ
3578 2863 3720 2916 συμο

2037 2930 2261 3002 μαχίας,
2299 2929 2602 3002 θαυμάζειν
2632 2931 2689 2983 δὲ
2721 2930 2864 3002 ὑπὲρ
2894 2931 2993 3002 τῆς
3019 2932 3228 2995 οἰκείας
3264 2931 3593 3004 προθυμίας.
3625 2933 3735 2999 Τίς

2034 3019 2144 3089 7&9
2193 3018 2294 3072 οὐκ
2333 3018 2401 3073 ἂν
2448 3018 2755 3088 ἐκπλαγείη
2793 3018 3019 3083 δικαίως
3067 3018 3341 3083 ἀκούσας,
3389 3020 3471 3072 ὅτι
3516 3022 3577 3074 ἐν
3618 3025 3728 3094 ’μιᾷ

2034 3105 2230 3177 καιροῦ
2274 3108 2414 3178 ῥοπῇ
2458 3105 2687 3178 γνώμην
2744 3106 3017 3177 τοσαύτην
3061 3106 3153 3159 καὶ
3210 3106 3575 3162 ἐϐουλεύσατο
3629 3115 3724 3164 καὶ

2033 3195 2317 3268 ἐκύρωσε,
2366 3193 2459 3247 καὶ
2497 3195 2577 3256 εἰς
2624 3192 2785 3266 ἔργον
2836 3192 3141 3264 ἐξήγαγενς
3180 3195 3327 3248 ’Ἱστε
3380 3194 3487 3267 γὰρ
3519 3196 3720 3267 δήπου,

2036 3284 2256 3348 πάντες,
2303 3282 2385 3337 ὅτι
2429 3280 2500 3335 τά
2533 3280 2792 3345 πολλάκις
2823 3283 2957 3352 ἡμῖν
3004 3283 3063 3335 ἐν
3099 3282 3299 3355 μακρῷ
3356 3283 3725 3355 μελετηθέντα

2035 3370 2232 3443 χρόνῳ,
2275 3369 2541 3437 παρόντος
2572 3366 2667 3422 τοῦ
2698 3368 2893 3440 καιροῦ
2924 3366 3019 3422 τοῦ
3058 3368 3159 3440 τὴν
3200 3372 3395 3441 πεῖραν
3428 3370 3724 3425 ἀπαιτοῦν-

2036 3477 2127 3531 τος
2156 3460 2324 3531 ἡμᾶς,
2356 3457 2451 3512 καὶ
2479 3455 2647 3527 φόϐου
2685 3456 2885 3528 μικροῦ
2916 3455 3015 3528 τήν
3041 3455 3284 3511 διάνοιαν
3321 3458 3725 3525 καταλαϐόντος

2038 3554 2254 3607 ἅπαντα
2307 3550 2603 3621 ἐξεχέαμεν
2645 3548 2715 3603 τὰ
2763 3546 3112 3619 βουλεύματα
3164 3548 3270 3601 ὑπὸ
3326 3549 3426 3619 τῆς
3480 3550 3727 3618 ἀγωνίας

2036 3640 2232 3712 ἀθρόον
2265 3637 2613 3709 πτοηθέντες.
2645 3636 2797 3708 Αὕτη
2830 3636 2887 3690 δὲ
2924 3636 3120 3708 βουλὴν
3152 3634 3298 3690 οὕτω
3348 3638 3586 3709 φρικτὴν
3630 3640 3725 3694 καὶ

2038 3727 2276 3799 φοϐερὰν
2303 3727 2361 3780 ἐν
2400 3727 2501 3798 μιᾷ
2530 3724 2725 3798 καιροῦ
2762 3727 2903 3796 ῥοπῇ
2940 3725 3035 3779 καὶ
3071 3723 3457 3792 ὑποδέξασθαι,
3488 3730 3581 3781 καὶ
3614 3727 3724 3799 ψη-

2039 3815 2321 3886 φίσασθαι,
2368 3814 2612 3879 καὶτοῖς
2652 3812 2837 3885 ἔργοις
2886 3811 3180 3885 πληρῶσαι
3215 3812 3428 3883 ῐσχυσε,
3469 3815 3565 3869 καί¹
3600 3813 3725 3869 οὗτε

2036 3905 2097 3958 τὸ
2142 3902 2374 3975 φοϐερὸν
2406 3900 2518 3955 τῶν
2554 3900 2861 3973 παρόντων,
2911 3900 3012 3971 οὐχ
3042 3902 3076 3971 ή
3117 3898 3317 3973 ὀξύτης
3359 3900 3455 3955 τοῦ
3506 3890 3722 3976 καιροῦ,

2036 3994 2135 4064 οὐχ
2170 3996 2204 4063 ή
2233 3991 2441 4063 ἐρημία
2479 3990 2579 4062 τῆς
2616 3988 3130 4061 ἐπιϐουλευομένης,
3166 3990 3230 4043 ού
3261 3989 3321 4043 τὸ
3367 3991 3538 4062 μόνην
3575 3991 3724 4045 ενδον

2037 4080 2408 4151 ἀπειλῆφθαι,
2453 4080 2555 4133 οὐκ
2606 4077 2734 4132 ἄλλο
2771 4076 2925 4131 ούδέν
2972 4068 3216 4132 τοιοῦτόν
3277 4077 3580 4153 ἐθορύϐησε
3623 4081 3724 4151 τὴν

2040 4168 2317 4240 μακαρίαν
2345 4166 2592 4237 ἐκείνην·
2642 4164 2756 4219 ἀλλ’
2806 4163 2997 4236 ὥσπερ
3042 4165 3211 4235 φίλων
3240 4164 3405 4219 τινῶν
3438 4168 3735 4238 παρόντων-

2038 4257 2133 4313 καὶ
2170 4257 2487 4328 γνωρίμων,
2514 4254 2659 4308 οὕτω
2690 4254 2830 4323 μετά
2858 4254 3043 4317 ἀδείας
3072 4255 3289 4310 ἅπαντα
3318 4255 3555 4327 ἔπραττε
3578 4273 3591 4286 ·
3629 4257 3725 4311 καὶ

2040 4345 2186 4417 μάλα
2218 4346 2463 4409 εἰκότως.
2508 4344 2584 4399 Ού
2626 4344 2737 4414 7&9
2770 4339 2838 4414 ῆν
2879 4344 3028 4399 ἔνδον
3060 4345 3220 4417 μόνη,
3264 4344 3377 4399 ἀλλ’
3420 4341 3534 4417 εἶχε
3581 4344 3731 4417 σύμ-

2039 4435 2225 4488 ϐουλον
2265 4433 2507 4505 Ἰησοῦν·
2536 4434 2747 4497 ἐκεῖνος
2780 4434 2916 4503 αὐτῇ
2954 4432 3171 4504 παρῆν,
3202 4435 3409 4496 ἐκεῖνος
3450 4435 3550 4504 τῆς
3590 4451 3726 4505 καρ-

2037 4523 2158 4587 δίας
2202 4522 2374 4592 αύτῆς
2405 4522 2631 4593 ἥπτετο,
2674 4523 2880 4585 ἐκεῖνος
2917 4522 3015 4591 τὴν
3052 4520 3231 4593 ψυχὴν
3284 4520 3741 4593 παρεθάρρυνεν..

2038 4612 2245 4675 ἐκεῖνος
2276 4610 2556 4681 μόνος.τὸν
2606 4609 2773 4679 φόϐον
2805 4610 3049 4675 ἐξέϐαλε.
3082 4609 3268 4665 Ταῦτα
3297 4610 3355 4665 δέ
3394 4612 3493 4682 ούχ
3536 4612 3725 4677 ἁπλῶς

2038 4698 2234 4762 ἐποίει,
2259 4696 2377 4751 ἀλλ’
2400 4697 2587 4769 ἐπειδὴ
2617 4697 2883 4769 πρότερον
2912 4697 3114 4771 ἑαυτὴν
3149 4697 3307 4764 ἀξίαν
3343 4700 3725 4772 παρεσκεύασε

2034 4786 2134 4855 τῆς
2159 4784 2366 4838 ἐκείνου
2403 4783 2656 4855 βοηθείας
2686 4786 2721 4855 ἡ
2762 4785 2995 4856 μάρτυς.

2109 4871 2176 4942 β’.
2212 4870 2536 4937 Ἐξελθοῦσα
2567 4872 2747 4926 τοίνυν
2774 4871 2934 4945 χάριν
2967 4873 3135 4943 ᾔτησε
3182 4873 3310 4936 τοὺς
3343 4875 3684 4946 στρατιώτας
3708 4916 3747 4940 ,ν

2036 4960 2178 5014 ὥστε
2222 4960 2508 5024 εἰσελθεῖν,
2560 4963 2657 5015 καὶ
2704 4962 3230 5032 μεταμφιάσασθαι·
3275 4963 3371 5017 καὶ
3409 4964 3727 5020 εἰσελθοῦσα

2040 5047 2462 5119 μετημφιάσατο
2494 5048 2807 5121 ἀφθαρσίαν
2841 5050 2964 5103 ἀντὶ
2994 5049 3226 5122 φθορᾶς,
3262 5050 3563 5106 ἀθανασίαν
3603 5053 3729 5107 ἀντὶ

2038 5134 2295 5201 θανάτου,
2332 5135 2479 5207 ζωὴν
2517 5136 2878 5215 ἀτελεύτητον
2918 5138 3042 5192 ἀντὶ
3084 5138 3425 5210 προσκαίρου
3462 5139 3731 5211 περιϐαλ-

2036 5224 2238 5295 λομένη
2275 5223 2443 5295 ζωῆς.
2481 5224 2625 5292 Ἐγὼ
2656 5224 2713 5278 δὲ
2747 5225 2885 5296 πρὸς
2931 5227 3045 5289 τοῖς
3082 5225 3399 5298 εἰρημένοις
3433 5227 3527 5281 καὶ
3567 5227 3728 5282 τοῦτο

2038 5310 2327 5381 θαυμάζω,
2362 5311 2481 5375 πῶς
2530 5312 2742 5367 ἔδωκαν
2772 5313 2870 5386 τήν
2916 5314 3079 5386 χάριν
3116 5316 3165 5368 οἰ
3218 5314 3574 5387 στρατιῶται.
3609 5314 3729 5379 πῶς

2038 5399 2290 5469 ἠπάτησε
2328 5400 2457 5463 τοὺς
2490 5399 2690 5471 ἄνδρας
2730 5402 2764 5473 ἡ
2798 5401 2958 5473 γυνὴ,
2996 5402 3115 5466 πῶς
3151 5403 3305 5456 ούδέν
3354 5402 3465 5456 τῶν
3504 5399 3727 5472 μελλόν-

2039 5505 2151 5542 των
2205 5487 2585 5558 συμϐήσεσθαι
2623 5490 2905 5545 ὑπείδοντο
2955 5493 3187 5555 ἐκεῖνοι,
3236 5491 3353 5555 πῶς
3381 5491 3442 5544 οὐ
3488 5492 3728 5559 συνῆκαν

2038 5576 2132 5631 τὸν
2162 5577 2335 5631 δόλον.
2365 5577 2501 5631 Ούδὲ
2536 5578 2647 5650 7&9
2678 5579 2800 5633 ἐστι
2828 5579 2988 5634 τοῦτο
3017 5582 3212 5649 εἰπεῖν,
3436 5580 3518 5633 ὅτι
3550 5579 3727 5641 οὐδεὶς

2042 5664 2193 5718 οὐδὲν
2234 5662 2477 5718 τοιοῦτον
2534 5666 2862 5739 εἰργάσατο·
2918 5667 3111 5722 πολλαὶ
3156 5668 3266 5741 7&9
3315 5668 3447 5732 ἰσως
3496 5668 3592 5721 καὶ
3647 5667 3727 5729 είς

2041 5751 2287 5825 κρημνὸν
2332 5748 2533 5817 ἑαυτάς
2560 5754 2802 5826 ἀφῆκαν,
2846 5757 2940 5810 καὶ
2968 5759 3048 5821 εἰς
3080 5756 3315 5827 πέλαγος
3348 5755 3601 5828 ἔρριψαν,
3632 5754 3731 5807 καὶ

2040 5841 2196 5909 ξίφος
2232 5840 2321 5894 διὰ
2351 5840 2447 5895 τοῦ
2482 5842 2717 5915 στήθους
2751 5846 2979 5916 ἤλασαν,
3013 5848 3105 5901 καὶ
3143 5846 3335 5918 βρόχον
3366 5844 3600 5917 ἀνῆψαν,
3633 5842 3728 5897 καὶ

1966 5934 1969 5935 ⁷
2047 5928 2256 5985 πολλῶν
2305 5929 2559 5986 τοιούτων
2609 5932 2906 6006 δραμάτων
2946 5938 2972 5992 ὁ
3008 5937 3195 6011 καιρὸς
3243 5936 3439 6009 ἔγεμεν
3486 5934 3714 5989 ἐκεῖνοι·
