4082 6422
637 330 743 385 533

625 444 792 499 dere:
819 458 1003 500 verum
1023 443 1067 498 si
1093 440 1359 502 senserint
1383 455 1468 507 ea,
1500 455 1618 509 quso
1653 440 1704 494 in
1738 439 1836 493 hac
1904 438 2209 494 celebritate

627 535 998 598 admittuntur,
1022 545 1214 604 magna
1244 530 1457 586 laudum
1485 540 1634 600 parte
1659 529 1978 585 carebimus.
2002 526 2133 582 Nam
2164 529 2208 582 si

631 624 765 688 haec,
807 638 925 693 quae
949 636 1090 677 nunc
1134 623 1406 686 convenit,
1435 619 1720 674 multitudo
1768 620 1845 672 sic
1870 632 1991 671 eum
2029 617 2209 671 debito

626 715 815 769 ordine
833 713 1073 779 accedat,
1101 712 1154 769 id
1191 726 1382 782 magno
1409 711 1566 767 nobis
1605 712 1709 766 erit
1737 717 2089 774 ornamento;
2127 709 2208 764 sin

628 820 749 860 cum
791 804 1016 876 segnitia
1055 819 1119 860 ac
1164 803 1504 874 negligentia,
1545 803 1795 874 probrum
1845 799 1998 854 nobis
2022 799 2122 854 erit
2149 815 2211 855 ac

627 896 963 970 vituperium.
1955 900 1968 914 '

697 990 752 1043 4.
791 987 971 1042 Honor
997 986 1307 1058 Martyribus
1333 986 1544 1041 debitus.
1569 1015 1642 1027 —
1675 984 1745 1040 Ut
1783 985 1941 1054 igitur
1968 985 2212 1039 caritatis

629 1088 823 1134 vestra:
851 1078 1146 1153 frequentia
1170 1079 1383 1147 gloriari
1415 1077 1678 1148 possimus
1702 1117 1716 1141 ,
1743 1090 1864 1129 cum
1886 1075 2070 1130 eadem
2098 1091 2213 1130 mo-

632 1169 806 1225 destia
848 1169 1064 1223 domum
1108 1167 1420 1223 recedamus
1443 1206 1460 1232 ,
1499 1181 1603 1236 qua
1641 1181 1738 1236 par
1766 1173 1848 1220 est
1883 1180 1979 1220 eos
2021 1166 2167 1220 abire
2194 1207 2208 1230 ,

631 1261 723 1330 qui
751 1274 871 1315 cum
900 1259 998 1314 hac
1025 1267 1258 1331 martyre
1285 1266 1674 1313 convenerunt.
1705 1255 1836 1310 Nam
1876 1257 1919 1310 si
1954 1257 2076 1326 quis
2103 1271 2209 1309 non

634 1356 736 1406 hoc
764 1352 868 1406 ritu
894 1351 1148 1416 discedat,
1177 1365 1281 1404 non
1309 1347 1480 1402 solum
1513 1347 1639 1401 nihil
1671 1349 1992 1417 profecerit,
2025 1363 2210 1401 vermn

629 1443 787 1496 etiam
810 1441 1102 1511 periculum
1123 1441 1220 1496 sibi
1238 1440 1523 1493 maximum
1542 1439 1835 1494 attraxerit.
1857 1439 1978 1494 Scio
1998 1441 2209 1510 quidem

633 1550 734 1590 vos
759 1535 860 1590 hoc
880 1535 1199 1599 morbdgron
1224 1534 1488 1599 laborare,
1517 1532 1610 1586 sed
1641 1532 1692 1585 id
1718 1547 1822 1586 non
1852 1531 1917 1586 ad
1942 1533 2210 1587 defensio-

631 1642 753 1680 nem
786 1624 935 1680 vobis
971 1622 1247 1679 satis‘est:
1293 1632 1504 1694 oportet
1546 1623 1689 1678 enim
1714 1623 1872 1678 etiam
1903 1622 2092 1678 fratres
2117 1640 2211 1680 ve-

630 1725 793 1782 stros,
816 1716 904 1785 qui
927 1714 1174 1770 indecore
1190 1729 1249 1769 se
1269 1723 1479 1785 gerunt,
1501 1713 1567 1769 ad
1593 1714 1877 1768 maximam
1900 1714 2210 1769 modestiam

631 1820 686 1861 et
705 1808 769 1860 ad
791 1809 1065 1862 decentem
1093 1816 1289 1862 statum
1316 1806 1589 1861 reducere.
1617 1805 1898 1860 Honorasti
1923 1817 2212 1878 martyrem

634 1898 948 1968 prmseutia?
963 1898 1110 1952 Illam
1128 1898 1286 1953 etiam
1309 1882 1640 1966 propriorum
1663 1897 2022 1951 membrorum
2039 1913 2214 1952 emen-

634 1989 850 2044 datione
879 1989 1104 2042 honora.
1133 1987 1188 2043 Si
1215 1986 1412 2042 videris
1439 1987 1844 2041 immoderatum
1875 1987 2062 2052 risum,
2093 2003 2215 2042 cur-

634 2097 753 2136 sum
781 2080 1110 2135 indecentem
1139 2119 1154 2144 ,
1196 2081 1460 2136 incessum
1492 2080 1826 2145 illiberalem,
1861 2079 2096 2134 habitum
2127 2082 2212 2135 in-

635 2171 918 2235 decorum,
952 2169 1175 2236 accede,
1204 2178 1259 2225 ct
1287 2168 1378 2224 tali
1402 2169 1620 2226 alfectos
1640 2171 1799 2225 modo
1828 2171 2133 2226 terribiliter
2160 2181 2215 2227 ct

636 2271 784 2316 torve
823 2259 1050 2314 intuere.
1091 2260 1160 2314 At
1203 2268 1254 2315 te
1293 2258 1625 2328 despiciunt,
1661 2260 1930 2329 magisque
1955 2260 2213 2316 irrident?

633 2352 797 2407 Sume
830 2359 1004 2406 tecum
1041 2350 1177 2405 duos
1204 2359 1377 2405 tresve
1400 2392 1415 2415 ,
1447 2358 1539 2404 aut
1573 2351 1752 2421 plures
1789 2351 1981 2407 fratres
2005 2393 2020 2418 ,
2053 2363 2110 2407 ut
2146 2367 2212 2408 ex

636 2458 860 2498 numero
897 2444 1085 2514 majori
1115 2444 1167 2498 in
1208 2445 1548 2500 veneratione
1592 2445 1728 2500 sitis.
1767 2445 1918 2512 Quod
1959 2447 2004 2501 si
2046 2463 2113 2501 ne
2142 2448 2213 2502 ita

633 2533 846 2602 quidem
872 2547 1057 2588 eorum
1081 2535 1368 2588 amentiam
1396 2535 1673 2604 reprimas,
1701 2550 1802 2595 eos,
1821 2535 1886 2590 ad
1909 2537 2214 2594 sacerdotes

634 2625 865 2681 deferas.
890 2626 959 2679 At
980 2626 1062 2680 vix
1087 2634 1310 2696 possunt
1339 2626 1412 2680 illi
1439 2627 1491 2680 in
1525 2635 1728 2683 tantum
1754 2628 2096 2698 impudentiae
2122 2629 2216 2685 de-

635 2717 820 2771 venire
844 2756 861 2782 ,
891 2726 950 2772 ut
974 2717 1228 2786 increpati
1253 2727 1308 2772 et
1340 2718 1526 2772 moniti
1555 2733 1658 2772 non
1688 2727 1902 2773 cessent
1921 2760 1936 2786 ,
1965 2733 2066 2774 nec
2092 2735 2213 2775 eru-

634 2809 874 2872 bescant,
902 2822 1074 2877 neque
1099 2807 1165 2862 ab
1192 2807 1490 2864 inordinata
1515 2815 1569 2863 et
1592 2807 1796 2864 ludicra
1824 2809 2019 2865 chorea
2047 2825 2106 2866 se
2131 2825 2216 2865 re-

637 2899 869 2964 trahant.
901 2899 955 2954 Si
982 2901 1062 2954 vel
1090 2899 1301 2966 decem,
1328 2901 1374 2977 si
1403 2900 1486 2955 vel
1517 2909 1646 2965 tres,
1677 2902 1761 2956 vel
1789 2901 1913 2968 duo,
1941 2903 2023 2956 vel
2054 2918 2214 2956 unum

636 2989 869 3045 lucratus
898 2990 1077 3055 fueris,
1113 3005 1347 3045 mercem
1372 2991 1595 3045 multam
1627 2992 2003 3060 reportaveris.
2027 2992 2215 3061 Magna

638 3089 722 3134 est
751 3080 849 3132 viae
888 3078 1198 3148 longitudo:
1233 3079 1335 3133 viae
1371 3079 1530 3150 igitur
1557 3080 1884 3149 longitudine
1908 3080 1972 3134 ad
2007 3096 2070 3136 ea
2099 3098 2216 3150 qua:

636 3169 774 3223 dicta
799 3177 923 3223 sunt
950 3168 1246 3239 colligenda
1276 3178 1487 3223 utamur
1519 3185 1535 3234 ;
1571 3169 1930 3224 odoramentis
1967 3171 2216 3227 suavibus

635 3261 776 3314 viam
805 3259 1125 3329 repleamus.
1157 3259 1337 3330 Neque
1363 3259 1507 3314 enim
1539 3259 1608 3315 ita
1639 3270 1822 3316 ornata
1849 3261 1932 3315 via
1958 3276 2215 3332 apparue-

636 3352 745 3416 rit,
774 3350 819 3405 si
845 3350 1204 3406 odoramentis
1234 3366 1352 3406 eam
1384 3352 1599 3421 replens
1625 3353 1884 3422 quispiam
1925 3354 2075 3408 suavi
2107 3353 2214 3408 fra-

636 3441 841 3512 grantia
864 3455 1042 3495 aerem
1072 3439 1379 3511 perfuderit,
1410 3451 1469 3497 ut
1489 3442 1711 3496 honesta
1743 3458 1881 3496 nunc
1902 3444 2210 3513 apparebit,

637 3533 682 3589 si
709 3545 893 3586 omnes
921 3541 1179 3602 quotquot
1207 3531 1367 3587 hodie
1387 3548 1482 3603 per
1502 3532 1643 3587 illam
1672 3533 1942 3599 incedunt,
1969 3535 2216 3604 martyris

638 3620 929 3674 certamina
960 3619 1097 3674 inter
1127 3635 1184 3676 se
1209 3631 1485 3676 narrantes
1515 3621 1731 3676 domum
1755 3622 2012 3689 redeant,
2039 3623 2213 3693 lingua

639 3727 734 3767 sua
761 3713 950 3783 singuli
980 3727 1076 3768 ceu
1105 3712 1370 3769 lhuribulo
1398 3722 1623 3770 mentes.
1657 3717 1846 3770 Annon
1874 3714 2084 3782 videtis,
2113 3717 2216 3770 lm-

641 3813 885 3875 peratore
930 3801 982 3857 in
1021 3804 1204 3859 urbem
1250 3803 1579 3873 ingrediente
1602 3845 1617 3870 ,
1658 3803 1855 3874 quanto
1880 3821 1999 3860 cum
2028 3806 2216 3860 ordine

641 3893 836 3946 milites
863 3894 1108 3961 utrinque
1134 3894 1288 3964 positi
1317 3895 1504 3948 armati
1533 3893 1840 3963 gradiantur
1863 3937 1878 3963 ,
1918 3896 2055 3950 alter
2080 3897 2212 3951 alte-

640 4001 755 4041 rum
789 3986 1127 4041 cohortantes
1153 4027 1167 4051 ,
1199 3996 1255 4041 ut
1292 3987 1470 4055 quiete
1503 3996 1556 4042 et
1585 4000 1706 4040 cum
1735 3988 2032 4042 reverentia
2068 3989 2214 4046 ince-

1368 334 1421 390 S.
1451 334 1733 392 JOANNIS
1763 334 2240 392 CHRYSOSTOMI
2270 335 2586 392 ARCIIIEP.
2619 334 3159 392 CONSTANTINOP.
3769 330 3864 388 581

2316 434 2466 500 dant,
2496 449 2602 506 quo
2631 443 2871 505 spectato
2901 435 3045 505 digni
3075 434 3395 491 videantur?
3423 435 3554 492 illos
3585 438 3754 509 itaque
3779 427 3887 494 imi-

2319 537 2496 583 temur
2524 545 2538 582 :
2564 538 2619 583 et
2647 544 2742 583 nos
2780 529 2977 599 quippe
3002 527 3382 598 Imperatorem
3415 529 3757 596 deducimus;
3794 532 3885 587 lm-

2317 627 2619 688 pcratorem
2641 661 2656 684 ,
2686 620 2920 688 inquam,
2955 633 3057 672 non
3094 619 3426 688 scnsibilem,
3455 636 3563 676 non
3595 629 3883 688 terrenum,

2317 709 2412 765 sed
2444 710 2749 778 angelorum
2783 695 3085 766 Dominum.
3112 712 3200 767 Sic
3228 726 3356 782 ergo
3387 722 3439 766 et
3461 727 3560 766 nos
3600 720 3739 766 recto
3777 728 3882 767 cum

2316 803 2503 856 ordine
2532 802 2912 869 ingrediamur,
2945 818 3043 856 nos
3073 812 3256 856 mutuo
3277 803 3644 867 cohortantes,
3669 811 3724 856 ut
3745 805 3880 858 modo

2317 894 2528 961 rituque
2567 891 2776 947 decenti
2825 893 3267 964 progrediamur,
3310 902 3365 947 ut
3410 909 3521 947 non
3568 893 3882 949 multitudine

2318 991 2541 1046 tantum,
2571 983 2663 1037 sed
2685 984 2844 1037 etiam
2871 992 3060 1038 ornatu
3097 992 3426 1054 spectatores
3458 991 3679 1053 stupore
3702 976 3881 1038 afficia-

2317 1089 2455 1128 mus.
2487 1074 2595 1129 lrno
2625 1089 2751 1127 vero
2778 1076 2875 1128 ntsi
2913 1090 3070 1130 nemo
3095 1075 3308 1131 adesset
3341 1075 3513 1140 alius,
3546 1074 3642 1130 sed
3679 1076 3774 1129 soli
3799 1077 3884 1131 iter

2317 1163 2611 1220 faceremus
2632 1207 2645 1229 ,
2671 1181 2736 1220 ne
2765 1167 2842 1220 sic
2865 1166 3076 1237 quidem
3108 1166 3358 1221 indecore
3386 1181 3445 1222 se
3473 1182 3664 1236 gerere
3691 1181 3884 1239 operte.

2317 1266 2417 1317 ret.
2441 1257 2511 1311 ob
2537 1258 2839 1327 pervigilem
2872 1259 3014 1311 illum
3050 1259 3261 1312 oculum
3295 1259 3492 1330 ubique
3517 1272 3822 1330 praesentem
3841 1275 3888 1321 et

2315 1349 2493 1401 omnia
2522 1348 2808 1403 videntem.
2829 1347 2980 1404 Nunc
2997 1363 3126 1402 vero
3145 1349 3484 1404 considerate
3515 1353 3715 1406 multos
3739 1353 3886 1409 haere-

2316 1439 2451 1493 ticos
2489 1454 2606 1494 esse
2645 1440 2797 1494 nobis
2838 1439 3168 1512 permixtos;
3199 1444 3288 1511 qui
3329 1441 3374 1495 si
3417 1457 3520 1498 nos
3569 1444 3793 1500 viderint
3827 1447 3881 1501 ita

2316 1528 2542 1584 choreas
2565 1538 2802 1599 agentes,
2835 1531 3091 1597 ridentes,
3121 1531 3432 1598 clamantes,
3469 1534 3672 1601 ebrios,
3703 1552 3883 1592 summe

2317 1632 2415 1672 nos
2443 1619 2758 1674 damnantes
2803 1621 3077 1677 recedent.
3109 1622 3261 1690 Quod
3291 1623 3335 1677 si
3369 1624 3413 1678 is
3437 1666 3453 1690 ,
3483 1625 3580 1695 qui
3607 1627 3687 1680 vel
3714 1627 3884 1681 unici-

2317 1709 2583 1766 fendiculo
2603 1711 2782 1779 fuerit,
2808 1713 3098 1770 inevitabili
3126 1730 3280 1785 pinna
3302 1716 3572 1785 plectetur
3596 1736 3609 1772 :
3639 1719 3725 1789 qui
3749 1719 3797 1773 in
3822 1728 3886 1774 tot

2317 1803 2589 1859 hominum
2634 1803 2985 1861 offensionem
3031 1807 3388 1875 incurrimus,
3435 1812 3628 1881 quales
3668 1812 3885 1868 dabimus

2318 1895 2546 1966 poenas?
2587 1895 2691 1950 Sed
2733 1897 2904 1966 absit,
2947 1908 3006 1953 ut
3042 1910 3163 1971 post
3206 1910 3284 1954 tot
3325 1916 3609 1957 sermones
3648 1904 3886 1974 talemque

2316 1987 2742 2042 adhortationem
2782 1989 3043 2058 quispiam
3086 1992 3594 2067 reperiatugsupra
3635 1993 3782 2049 dictis
3806 1995 3886 2049 ob-

2317 2078 2507 2133 noxius
2530 2078 2721 2149 culpis.
2749 2078 2880 2134 Nam
2901 2079 2948 2135 si
2977 2081 3206 2136 antehae
3231 2081 3362 2137 tales
3389 2097 3556 2139 ausus
3580 2085 3732 2139 venia
3759 2084 3887 2154 digni

2316 2182 2421 2223 non
2450 2177 2642 2237 erant,
2681 2178 2800 2240 post
2840 2169 3142 2239 hujusmodi
3182 2172 3465 2228 consilium
3507 2183 3562 2228 et
3591 2173 3888 2243 increpatio-

2317 2275 2437 2314 nem
2468 2260 2636 2314 multo
2675 2261 3027 2317 inevitabilior
3056 2262 3157 2316 erit
3183 2276 3338 2332 poena
3367 2272 3473 2316 tam
3515 2265 3580 2317 iis
3606 2305 3620 2327 ,
3663 2264 3748 2332 qui
3785 2263 3888 2318 haec

2315 2359 2644 2421 perpetrant,
2667 2367 2822 2422 quam
2851 2353 2935 2420 iis,
2965 2353 3056 2423 qui
3084 2353 3204 2408 talia
3231 2354 3551 2425 despiciunt.
3578 2356 3648 2413 Ut
3671 2357 3820 2425 igitur
3841 2366 3889 2410 et

2317 2457 2411 2498 eos
2431 2459 2461 2498 a
2487 2443 2747 2514 supplicio
2773 2445 3026 2508 liberetis,
3054 2461 3115 2501 ac
3144 2446 3297 2502 vobis
3323 2447 3452 2516 ipsis
3474 2448 3732 2518 majorem
3758 2463 3889 2503 com-

2317 2537 2515 2606 paretis
2548 2537 2849 2592 mercedem
2882 2577 2898 2604 ,
2942 2535 3168 2592 fratrum
3195 2548 3495 2594 vestrorum
3526 2556 3708 2595 curam
3738 2541 3891 2596 susci-

2317 2627 2448 2695 pite,
2477 2641 2572 2681 eos
2597 2627 2664 2681 ad
2690 2628 2779 2682 illa
2794 2627 3089 2697 colligenda
3116 2636 3171 2683 et
3198 2629 3494 2704 enarranda
3528 2630 3764 2685 inducite
3795 2647 3808 2682 :
3836 2639 3887 2683 ut

2318 2719 2434 2776 hmo
2456 2734 2553 2789 per
2581 2728 2746 2775 totam
2770 2721 2909 2774 viam
2940 2721 3288 2788 meditantes,
3315 2732 3475 2792 atque
3505 2723 3571 2778 iis
3595 2764 3612 2791 ,
3640 2724 3726 2794 qui
3755 2723 3885 2778 domi

2317 2822 2692 2868 remanserunt
2726 2826 2790 2868 ac
2820 2813 2989 2867 relicti
3028 2821 3154 2867 sunt
3181 2854 3196 2878 ,
3230 2812 3388 2883 hujus
3417 2829 3622 2870 mensae
3651 2815 3886 2884 reliquias

2317 2903 2622 2968 afferentes,
2645 2902 2979 2973 splendidum
3004 2912 3057 2958 et
3078 2904 3187 2958 illic
3207 2905 3508 2959 convivium
3538 2905 3795 2960 habeatis.
3823 2903 3888 2958 Its

2316 2995 2458 3049 enim
2489 3003 2543 3050 et
2569 2994 2727 3064 hujus
2762 2993 2880 3049 festi
2915 3009 3131 3049 sensum
3174 2995 3468 3050 maximuru
3506 2997 3776 3066 capiemus
3800 3037 3814 3063 ,
3841 3004 3888 3052 et

2318 3093 2553 3139 sanctam
2593 3094 2883 3156 martyrem
2913 3084 2982 3139 ad
3021 3085 3277 3155 majorem
3319 3086 3745 3142 benevolentiam
3774 3102 3887 3159 pro-

2318 3178 2625 3232 vocabimus
2649 3217 2664 3242 ,
2688 3191 2816 3231 vero
2842 3175 2984 3230 illam
3015 3178 3217 3232 honore
3245 3189 3634 3247 prosequentes
3666 3198 3680 3232 :
3713 3178 3885 3247 majori

2317 3268 2513 3338 quippe
2539 3268 2638 3336 ipsi
2669 3266 2926 3335 voluptati
2956 3267 3097 3335 erit,
3141 3268 3186 3322 si
3231 3269 3600 3338 spiritualibus
3645 3271 3889 3325 fructibus

2318 3356 2442 3411 hinc
2466 3357 2643 3411 onusti
2671 3355 3001 3420 recedamus,
3021 3371 3179 3426 quam
3211 3359 3253 3411 si
3279 3357 3383 3412 huc
3409 3373 3532 3413 eum
3563 3363 3785 3415 tumultu
3810 3376 3890 3416 ve-

2319 3447 2524 3501 neritis.
2558 3446 2769 3502 Utinam
2790 3462 2918 3502 vero
2943 3456 3052 3502 tum
3078 3456 3275 3502 sancite
3303 3448 3461 3519 hujus
3485 3492 3498 3516 ,
3535 3459 3646 3505 tum
3677 3467 3853 3507 eorum
3874 3493 3886 3515 ,

2318 3539 2406 3609 qui
2432 3539 2676 3593 similiter
2699 3547 3070 3605 certaverunt,
3103 3539 3369 3610 precibus,
3398 3551 3451 3596 et
3477 3541 3667 3597 horum
3691 3553 3744 3600 et
3770 3544 3893 3598 alio-

2319 3645 2459 3695 rum,
2488 3645 2606 3699 qua:
2631 3629 2772 3684 dicta
2801 3638 2943 3695 sunt,
2975 3633 3285 3685 memoriam
3317 3633 3614 3701 retineatis,
3645 3644 3697 3689 et
3723 3634 3888 3702 operi-

2321 3722 2417 3775 bus
2442 3720 2618 3774 omnia
2647 3720 2958 3775 exhibentes
2982 3761 2997 3786 ,
3039 3721 3092 3775 in
3132 3722 3381 3777 omnibus
3417 3724 3526 3778 Deo
3549 3740 3763 3794 semper
3783 3725 3890 3795 pla-

2319 3812 2485 3866 ceatis
2511 3854 2524 3879 ,
2553 3811 2636 3866 cui
2665 3810 2833 3881 gloria
2859 3819 2911 3866 et
2941 3811 3217 3882 imperium
3246 3813 3297 3868 in
3333 3816 3523 3870 saecula
3555 3815 3885 3872 saeculorum.

2322 3905 2507 3959 Amen.
