4082 6478
219 412 331 470 583

207 526 464 582 τοσοῦτον
493 525 630 598 κόρη
674 525 772 597 μία
800 524 1174 594 τελευτήσασα
1206 523 1339 594 πρὸς
1364 521 1561 592 ἑαυτήν
1591 522 1890 577 ἐπισπᾶται

209 614 335 667 καθ’
365 612 597 666 ἕκαστον
630 611 893 675 ἐνιαυτὸν,
924 609 1020 663 καὶ
1055 609 1194 681 μετὰ
1223 609 1459 662 τοσαῦτα
1489 609 1605 680 ἐτη,
1643 610 1736 661 καὶ
1766 608 1884 680 χρό-

209 717 301 764 νος
329 699 504 763 οὐδεὶς
530 700 630 770 τὴν
683 697 1008 752 ἀκολουθίαν
1039 698 1138 768 τῆς
1179 697 1346 767 τιμῆς
1390 695 1608 766 διέκοψε
1654 695 1881 765 ταύτης-

211 788 333 842 ἀλλ’
360 789 455 842 ἐὰν
483 788 776 842 αἴσθωνται
802 787 911 839 τῶν
945 787 1002 839 ἐν
1034 789 1098 857 τῇ
1134 785 1442 857 πανηγύρει
1485 785 1804 854 γινομένων,
1831 784 1893 838 τὸ

210 877 380 932 πλέον
412 873 748 948 ἀφῄρήμεθα
773 873 884 927 τῶν
915 873 1227 942 ἐγκωμίων.
1259 873 1333 925 Τὸ
1357 871 1466 943 γὰρ
1496 871 1701 942 πλῆθος
1729 873 1891 926 τοῦτο

205 963 274 1016 τὸ
307 961 750 1033 παραγενόμενον
776 959 892 1024 νῦν,
924 960 990 1014 ἀν
1021 960 1120 1030 μὲν
1153 961 1269 1029 μετ’
1299 958 1552 1025 εὐταξίας
1584 958 1891 1030 παραγενη-

204 1069 326 1115 ται,
359 1050 562 1118 κόσμος
599 1052 733 1120 ημῖν
779 1049 1064 1120 μέγιστος
1100 1047 1168 1101 ἀν
1195 1048 1253 1100 δέ
1285 1046 1425 1117 μετά
1456 1045 1750 1120 ῥᾳθυμίας,
1798 1047 1889 1100 καὶ

206 1137 505 1205 ὀλιγωρίας
538 1136 759 1205 πολλῆς,
785 1136 987 1198 δνειδος
1011 1136 1107 1187 καὶ
1137 1133 1460 1204 κατηγορία.

290 1226 356 1281 δ’.
389 1224 506 1279 Ἵνα
534 1221 628 1279 οὖν
660 1223 1090 1295 ἐναϐρυνώμεθα
1119 1223 1196 1294 τῷ
1226 1222 1423 1293 πλήθει
1471 1225 1568 1292 τῆς
1615 1221 1890 1295 ὑμετέρας

207 1314 459 1384 ἀγάπης,
492 1312 633 1384 μετὰ
658 1312 760 1383 τῆς
789 1313 961 1384 αὐτῆς
991 1312 1176 1365 οῖκαδε
1213 1311 1467 1374 εὐταξίας
1495 1311 1887 1380 ἀναχωρῶμεν,

209 1397 481 1465 μεθ’ὃσης
506 1397 653 1459 εἰκὸς
679 1397 921 1467 μάρτυρι
953 1394 1180 1468 τοιαύτῃ
1203 1394 1631 1464 συγγινομένους
1648 1394 1888 1448 ἀπιέναι.

205 1485 274 1538 Εἰ
312 1485 420 1555 γάρ
459 1501 544 1547 τις
581 1483 655 1554 μὴ
700 1482 874 1546 οὕτως
926 1483 1109 1536 οἴκαδε
1157 1484 1408 1544 ἀπέλθοι,
1444 1483 1506 1534 οὐ
1552 1483 1713 1552 μόνον
1738 1483 1893 1535 οὐδὲν

206 1573 443 1640 ὤνησεν,
474 1571 610 1624 ἀλλά
637 1573 732 1624 καὶ
781 1570 1025 1623 κίνδυνον
1061 1571 1182 1623 καθ’
1226 1570 1421 1624 ἐαυτοῦ
1478 1572 1736 1642 μέγιστον
1765 1571 1890 1622 ἐπε-

209 1661 480 1714 σπάσατο.
527 1653 658 1711 Οἶδα
726 1659 808 1710 ὃτι
865 1657 1100 1729 καθαροὶ
1155 1657 1267 1738 τῶν
1315 1659 1641 1728 νοσημάτων
1686 1656 1892 1710 τούτων

209 1749 393 1818 ὑμεῖς,
422 1745 537 1800 ἀλλ’
568 1745 668 1798 οὐκ
701 1746 865 1815 ἀρκεῖ
897 1744 1057 1797 τοῦτο
1101 1746 1182 1808 εἰς
1221 1745 1519 1813 ἀπολογίαν
1564 1747 1722 1815 ὑμῖν·
1758 1744 1894 1797 ἀλλά

207 1835 410 1887 δεῖκαὶ
438 1833 566 1896 τοὺς
606 1832 874 1901 ἀδελφοὺς
919 1830 1302 1900 ἀκοσμοῦντας
1333 1834 1416 1895 εἰς
1455 1832 1707 1897 εὐταξίαν
1740 1831 1893 1902 μεγί-

213 1939 349 1992 στην
400 1923 557 1988 ἄγειν
612 1920 709 1973 καὶ
754 1919 1019 1990 καθιστᾷν
1072 1922 1131 1973 ἐν
1188 1920 1268 1990 τῷ
1316 1921 1582 1991 πρέποντι
1628 1920 1888 1989 σχήματι.

223 2009 529 2080 Ἐτίμησας
554 2008 654 2078 τὴν
691 2009 946 2078 μάρτυρα
975 2009 1040 2076 τῇ
1076 2008 1387 2078 παρουσία;
1434 2007 1670 2077 τίμησον
1724 2007 1892 2077 αὐτὴν

209 2098 309 2151 καὶ
335 2100 403 2167 τῇ
447 2095 732 2167 διορθώσει
766 2094 874 2147 τῶν
904 2094 1122 2146 οἰκείων
1161 2094 1342 2164 μελῶν
1364 2110 1378 2124 °
1431 2094 1496 2146 ἂν
1538 2094 1654 2164 ἴδῃς
1683 2093 1895 2160 γέλωτα

209 2184 471 2246 ἄτακτον,
504 2181 601 2235 καὶ
632 2181 833 2253 δρόμον
866 2180 1175 2250 ἀσχήμονα,
1213 2180 1309 2233 καὶ
1362 2179 1576 2250 βάδισιν
1607 2178 1894 2232 ἀνελεύθε-

214 2290 330 2344 ρον,
353 2274 449 2326 καὶ
483 2273 670 2343 σχῆμα
699 2272 975 2342 ἀπρεπὲς,
1001 2270 1288 2342 πρόσελθε,
1315 2272 1410 2323 καὶ
1443 2269 1635 2339 βλέψον
1665 2270 1745 2331 εἰς
1768 2268 1896 2330 τούς

209 2360 390 2415 ταῦτα
422 2359 706 2423 ποιοῦντας
740 2360 906 2430 οριμὺ
939 2359 1036 2412 καὶ
1091 2358 1347 2429 φοϐερόν.
1401 2357 1565 2410 Ἀλλὰ
1615 2372 1896 2426 καταφρο-

207 2448 366 2503 νοῦσι
389 2449 484 2501 καὶ
505 2446 848 2516 καταγελῶσι
885 2445 1185 2517 μειζόνως;
1212 2446 1361 2499 Λαϐὲ
1395 2445 1533 2514 μετά
1558 2444 1653 2497 σοῦ
1685 2444 1778 2496 δύο
1803 2443 1900 2495 καὶ

210 2537 364 2607 τρεῖς
380 2532 719 2604 ἀδελφοὺς,ή
745 2533 840 2587 καὶ
862 2533 1106 2596 πλείους,
1125 2532 1266 2586 ὥστε
1295 2534 1387 2586 καὶ
1406 2531 1512 2586 ἀπὸ
1537 2531 1630 2584 τοῦ
1661 2529 1899 2600 πλήθους

209 2619 470 2689 γενέσθαι
495 2621 954 2692 αἰδεσιμωτέρους
973 2633 998 2660 ι
1015 2636 1028 2650 ·
1051 2622 1100 2672 εἰ
1125 2620 1182 2674 δὲ
1208 2621 1344 2690 μηδέ
1367 2619 1510 2673 οὕτω
1533 2617 1780 2672 καθίκοιο
1800 2618 1900 2686 τῆς

209 2709 401 2771 ἀνοίας
421 2707 669 2772 ἐκείνων,
701 2710 814 2770 τοῖς
847 2707 1054 2778 ἱερεῦσι
1084 2706 1311 2769 τούτους
1328 2707 1556 2776 ποίησον
1591 2703 1897 2773 φανερούςο

216 2799 422 2871 μᾶλλον
462 2796 519 2849 δὲ
565 2797 848 2866 ἀμήχανον
880 2798 960 2858 εἰς
990 2795 1265 2865 τοσαύτην
1298 2795 1475 2847 ἐλθεῖν
1508 2793 1900 2863 ἀναισχυντίαν

211 2885 434 2947 αὐτοὺς,
454 2884 595 2937 ῶστε
633 2885 1096 2954 ἐπιτιμωμένους,
1120 2882 1641 2954 παρακαλουμένους
1666 2884 1740 2954 μὴ
1765 2879 1900 2948 εἶξαι

210 2973 313 3028 καὶ
342 2970 494 3043 [590]
520 2970 858 3041 ἐντραπῆναι
894 2973 989 3023 καὶ
1041 2971 1359 3040 καθυφῆναι
1391 2972 1489 3042 τῆς
1537 2972 1773 3024 ἀτάκτου
1806 2971 1901 3022 καὶ

212 3058 478 3128 παιδικῆς
509 3059 749 3129 χορείας.
787 3057 905 3111 Κᾶν
943 3058 1098 3122 δέκα,
1130 3057 1235 3110 κᾶν
1270 3061 1441 3128 τρεῖς,
1499 3058 1602 3110 κᾶν
1647 3057 1762 3118 δύο,
1795 3056 1899 3109 κᾶν

210 3152 314 3206 ἕνα
341 3145 609 3218 κερδάνῃς
640 3145 1043 3214 μόνον.πολλὴν
1067 3143 1246 3196 λαϐὼν
1280 3145 1565 3218 εἰσελεύση
1600 3146 1698 3215 τὴν
1731 3145 1903 3214 ἐμπο-

222 3234 365 3306 ρίαν.
398 3232 542 3285 Πολὺ
574 3233 672 3303 τῆς
699 3232 819 3284 ὁδοῦ
851 3232 913 3284 τὸ
952 3233 1126 3302 μῆκος
1147 3250 1160 3262 ·
1190 3231 1266 3302 τῷ
1304 3234 1470 3302 μήκει
1508 3232 1690 3284 τοίνυν
1725 3230 1903 3300 τούτῳ

217 3319 360 3390 πρὸς
393 3318 661 3388 συλλογήν
694 3317 804 3369 τῶν
837 3318 1148 3387 εἰρημένων
1183 3315 1665 3387 ἀποχρησώμεθα’
1707 3317 1906 3387 θυμια-

222 3407 411 3479 μάτων
469 3406 838 3476 ἐμπλήσωμεν
894 3407 993 3474 τὴν
1044 3405 1338 3476 λεωφόρον.
1393 3405 1528 3458 Οὐδὲ
1591 3405 1700 3476 γάρ
1760 3403 1904 3458 οὐτω

222 3494 412 3580 σεμνὴ-
428 3496 674 3580 φανεῖται
763 3493 900 3580 ὁδδς,
938 3494 986 3580 εἰ
1019 3493 1106 3544 διὰ
1139 3493 1324 3580 πάσης
1343 3492 1526 3580 αὐτῆς
1558 3491 1905 3580 θυμιατήριά

217 3576 310 3641 τις
336 3577 508 3640 τιθεὶς
543 3577 643 3647 τῆς
675 3576 904 3652 εὐωδίας
943 3576 1282 3646 ἀναχρώσειε
1307 3578 1399 3630 τὸν
1439 3577 1598 3647 ἀέρα,
1627 3577 1704 3640 ὡς
1727 3578 1902 3648 σεμνὴ

222 3665 478 3733 φανεῖται
529 3662 644 3727 νῦν,
683 3665 731 3715 εἰ
777 3663 980 3724 πάντες
1029 3665 1076 3715 οἰ
1107 3665 1356 3734 τήμερον
1408 3663 1577 3733 αὐτὴν
1621 3663 1905 3727 ὁδεύοντες

219 3752 350 3814 τοὺς
375 3751 574 3814 ἀθλους
617 3752 718 3820 τῆς
762 3752 1042 3822 μάρτυρος
1081 3751 1219 3822 πρὸς
1250 3753 1478 3814 ἑαυτοὺς
1512 3752 1862 3823 διηγούμενοι
1887 3791 1903 3816 ,

224 3837 492 3907 βαδίζοιεν
549 3837 769 3900 οἶκαδε,
824 3837 1189 3907 θυμιατήριον
1243 3838 1344 3909 τήν
1397 3837 1596 3890 ἑαυτοῦ
1655 3839 1904 3907 γλῶτταν

222 3923 454 3985 ῑκαστος
483 3922 675 3975 ποιῶν.
707 3923 819 3992 Οὐχ
851 3924 1016 3994 ὁρᾶτε
1049 3924 1316 3993 βασιλέως
1340 3924 1600 3988 εἰσιόντος
1621 3928 1702 3989 εἰς
1725 3925 1900 3991 πόλιν,

224 4013 349 4087 μεθ’
373 4014 505 4084 ὅσης
535 4012 789 4077 εὐταξίας
814 4015 865 4067 οἰ
900 4015 1234 4085 στρατιῶται
1259 4016 1536 4087 στοιχηδὸν
1560 4017 1904 4085 ἑκατέρωθεν

221 4101 667 4171 καθωπλισμένοι
720 4101 1050 4171 βαδίζουσιν,
1085 4104 1348 4172 ἀλλήλους
1397 4103 1904 4174 παρακελευόμενοι

286 4205 330 4312 εί
345 4201 440 4250 Alii
462 4205 874 4268 αἰδεσιμωτέρους,
901 4207 981 4268 afji
1005 4207 1292 4269 αἰδεσίμους.
1321 4206 1431 4256 Mox
1456 4207 1540 4256 alii
1566 4207 1802 4266 καθίκοιο,
1819 4205 1903 4257 alii

331 4280 486 4312 κοιτο.

219 4280 486 4315 καθικοιτο.

1097 412 1186 469 DE
1225 415 1281 469 δ.
1325 407 1622 465 PELAGIA
1665 405 1948 461 VlllGlNE
1989 403 2074 460 ΕΤ
2117 403 2455 460 ΜᾹΒΤΥΒΕ
2495 396 2727 456 HOMIL.
2777 400 2819 454 1.

3541 411 3646 466 5η

1991 523 2208 594 ἠρέμα,
2263 521 2357 573 καὶ
2411 517 2551 590 μετά
2600 519 2768 589 φόϐου
2825 515 3022 571 πολλοῦ
3067 518 3300 588 χωρεῖν,
3356 516 3498 570 ὥστε
3552 519 3667 582 τοῖς

1993 609 2293 681 θεωροῦσιν
2319 608 2514 670 αὐτοὺς
2539 605 2843 673 ἀξιοθέατοι
2873 605 3155 676 φαίνεσθαι
3183 621 3198 669 ;
3231 604 3504 668 Ἐκείνους
3531 603 3668 674 γοῦν

1995 696 2219 768 μιμησὼ
2227 695 2366 768 μεθα
2380 714 2394 728 ·
2420 695 2515 750 καὶ
2542 696 2650 766 γὰρ
2673 695 2768 749 καὶ
2785 696 2948 765 ἡμεῖς
2965 693 3228 765 βασιλέως
3250 693 3492 768 προηγού
3502 693 3667 764 μεθα,

1994 784 2262 854 βασιλέως
2313 783 2413 836 οὐκ
2469 781 2754 852 αἰσθητοῦ,
2796 782 2898 834 οὐκ
2931 782 3199 851 ἐπιγείου,
3232 781 3370 836 ἀλλά
3411 781 3506 836 τοῦ
3555 781 3669 835 τῶν

1971 872 2242 940 ἀγγέλων
2274 872 2568 924 Δεσπότου.
2598 869 2756 922 Οὐτω
2783 870 2965 922 τοίνυν
2994 867 3329 940 εἰσέλθωμεν
3356 870 3451 924 καὶ
3482 869 3666 940 ἡμεῖς,

1996 960 2114 1030 μετ’
2142 959 2398 1025 εὐταξίας
2432 956 2698 1028 ἀλλήλους
2727 957 2755 997 b
2795 957 3296 1027 παρακελευόμενοι
3352 957 3545 1029 ῥυθμῷ
3574 958 3670 1012 καὶ

1991 1048 2141 1114 τάξει
2168 1047 2504 1117 προϐαίνειν,
2540 1047 2628 1099 ἰνα
2659 1045 2735 1116 μὴ
2766 1044 2844 1115 τῷ
2879 1045 3073 1116 πλήθει
3103 1045 3286 1115 μόνον,
3324 1044 3570 1098 ἀλλὰκαὶ
3591 1044 3670 1116 τῷ

1991 1136 2182 1206 κόσμῳ
2212 1136 2339 1198 τοὺς
2363 1133 2673 1204 θεωμένους
2700 1132 3083 1203 ἐκπλήξωμεν.
3135 1132 3390 1186 Μάλιστα
3419 1133 3519 1204 μέν
3558 1133 3671 1204 γὰρ

1999 1226 2046 1279 εἰ
2073 1241 2160 1276 και
2212 1221 2402 1293 μηδεὶς
2447 1221 2608 1285 ἀλλος
2644 1220 2852 1291 παρῆν,
2885 1219 3021 1273 ἀλλὰ
3056 1219 3208 1290 μόνοι
3236 1219 3380 1274 κατὰ
3406 1219 3508 1292 τὴν
3547 1220 3670 1274 δδδν

1993 1310 2338 1379 ἐϐαδίζομεν,
2373 1309 2494 1362 οὐδὲ
2551 1307 2727 1372 οὕτως
2783 1309 3117 1379 ἀσχημονεῖν
3179 1309 3370 1379 ἐχρῆν,
3429 1308 3519 1362 διά
3577 1307 3672 1363 τὸν

1993 1399 2293 1469 ἀκοίμητον
2323 1397 2602 1467 ὀφθαλμὸν
2631 1397 2724 1450 τὸν
2757 1395 3036 1466 πανταχοῦ
3068 1396 3316 1466 παρόντα
3346 1397 3441 1450 καὶ
3486 1398 3670 1450 πάντα

1996 1485 2262 1554 βλέποντα
2283 1502 2294 1517 ·
2345 1483 2438 1539 νῦν
2476 1484 2533 1538 δέ
2577 1485 2870 1553 ἐννοήσατε
2898 1483 2980 1536 ὅτι
3008 1483 3194 1537 πολλοὶ
3223 1483 3332 1537 τῶν
3375 1485 3671 1555 αίρετικῶν

1995 1575 2134 1625 εἰσιν
2190 1573 2321 1642 ἡμῖν
2366 1571 2841 1641 ἀναμεμιγμένοι·
2901 1571 3006 1624 κᾶν
3062 1571 3246 1624 ῖδωσιν
3297 1573 3493 1642 ἡμᾶςε
3527 1571 3672 1624 οὕτω

1995 1660 2340 1732 χορεύοντας,
2378 1659 2674 1728 γελῶντας,
2711 1658 2968 1728 βοῶντας,
3003 1658 3326 1728 μεθύοντας,
3359 1659 3427 1712 τὰ
3469 1659 3674 1730 ἔσχατα

1995 1748 2533 1819 καταγνόντεςήμῶν
2560 1748 3054 1802 ἀπε).εύσονται.Εί
3075 1749 3130 1801 δὲ
3157 1749 3252 1802 ἕνα
3276 1766 3361 1811 τις
3389 1749 3676 1802 σκανδαλίο

1995 1838 2100 1900 ζων
2131 1836 2507 1906 ἀπαραίτητον
2543 1836 2807 1906 ὑπομένει
2850 1835 3094 1899 κόλασιν,
3123 1836 3170 1888 οἱ
3195 1835 3482 1898 τοσούτους
3511 1852 3676 1890 σκαν-

1991 1923 2322 1987 δαλίζοντες.
2352 1923 2512 1975 ποίαν
2541 1921 2787 1991 δώσομεν
2807 1921 2997 1991 δίκην;
3031 1919 3166 1975 ἀλλά
3199 1922 3273 1992 μὴ
3298 1920 3510 1990 γένοιτο
3536 1924 3675 1993 μετὰ

1993 2011 2117 2072 τοὺς
2141 2009 2332 2074 λόγους
2351 2009 2574 2072 τούτους
2591 2009 2684 2061 καί¹
2711 2007 2804 2078 τὴν
2822 2008 3145 2078 παραίνεσιν
3165 2007 3299 2060 ταύτ
3312 2025 3370 2078 ην
3387 2007 3677 2081 εὑρεθῆναί

1993 2111 2114 2148 τινα
2158 2096 2460 2168 ὑπεύθυνον
2501 2097 2632 2150 ὅντα
2659 2099 2770 2159 τοῖς
2799 2098 3133 2167 εἰρημένοις.
3181 2095 3246 2148 Εἰ
3287 2095 3398 2165 γὰρ
3433 2095 3526 2148 καὶ
3570 2096 3678 2166 πρὸ

1993 2183 2186 2236 τούτου
2242 2183 2418 2238 ταῦτα
2473 2183 2803 2254 τολμώμενα
2853 2183 3218 2252 ἀσύγγνωστα
3256 2177 3347 2254 ἦν,
3399 2183 3539 2252 μετά
3574 2181 3676 2254 τὴν

2002 2271 2313 2344 συμϐουλὴν
2340 2270 2548 2343 ταύτην
2573 2271 2669 2324 καί
2698 2271 2799 2341 τὴν
2826 2270 3120 2341 ἐπίπληξιν
3150 2269 3330 2342 πολλῷ
3395 2269 3559 2326 πλέον
3615 2273 3680 2326 ἀ-

1998 2360 2335 2429 παραίτητον
2389 2358 2649 2430 ποιεῖτὴν
2667 2358 2956 2429 τιμωρίαν,
2988 2359 3083 2412 καὶ
3121 2361 3231 2422 τοῖς
3260 2359 3402 2412 αὐτά
3429 2358 3678 2423 ποιοῦσι,

2000 2445 2232 2507 καὶτοῖς
2265 2445 2560 2515 περιορῶσι
2598 2444 3075 2520 γιγνόμεναηἾνα
3116 2439 3210 2498 οὖν
3243 2444 3534 2507 κάκείνους
3578 2445 3678 2515 τῆς

2000 2531 2275 2593 κολάσεως
2307 2531 2679 2600 ἀπαλλάξητε,
2717 2531 2812 2585 καὶ
2839 2532 2968 2602 ὑμῖν
2993 2529 3019 2571 ιι
3050 2531 3272 2586 πλείονα
3305 2531 3680 2603 προξενήσητσ

2000 2619 2091 2671 τὸν
2115 2619 2324 2689 μισθὸν,
2361 2618 2713 2674 ἀντιλάϐεσθε
2735 2618 2836 2689 τῆς
2858 2618 2968 2672 τῶν
2996 2618 3242 2688 ἀδελφῶν
3263 2619 3371 2673 τῶν
3395 2616 3682 2690 ἡμετέρων

2003 2707 2360 2777 κηδεμονίας,
2402 2708 2483 2770 εἰς
2515 2706 2614 2777 τὴν
2642 2705 2909 2778 συλλογὴν
2941 2707 3141 2767 αὐτοὺς
3176 2706 3271 2760 καὶ
3297 2706 3396 2776 τὴν
3424 2707 3682 2776 διήγησιν

2002 2794 2110 2847 τῶν
2156 2795 2464 2865 εἰρημένων
2520 2795 2851 2865 ἐμϐάλλετε,
2890 2795 2978 2848 ἵνα
3017 2794 3107 2849 διά
3162 2795 3264 2865 τῆς
3319 2794 3442 2848 ὀδοῦ
3499 2795 3681 2865 πάσης

2007 2880 2406 2950 μελετήσαντες
2435 2883 2631 2945 ταῦτα,
2659 2884 2753 2936 καὶ
2781 2885 2895 2944 τοῖς
2924 2881 3062 2936 οίκοι
3092 2883 3309 2953 μείνασι
3340 2882 3435 2936 καὶ
3457 2882 3686 2935 ἀπολει-.

2012 2967 2193 3035 φθεῖσι
2246 2968 2475 3038 λείψανα
2528 2968 2630 3039 τῆς
2677 2969 2962 3040 τραπέζης
2999 2970 3210 3041 ταύτης
3259 2969 3680 3038 άπενεγκόντες,

2003 3055 2265 3124 λαμπρὰν
2299 3058 2463 3108 κάκεῖ
2488 3057 2755 3127 ποιήσητε
2786 3057 2884 3127 τὴν
2922 3056 3181 3127 εὐωχίαν.
3225 3056 3382 3110 Οὐτω
3436 3058 3545 3128 γάρ
3586 3056 3684 3109 καὶ

2003 3142 2103 3211 τῆς
2152 3143 2348 3213 ἑορτῆς
2395 3143 2602 3213 ταύτης
2635 3143 2906 3213 μεγίστην
2953 3144 3208 3214 αἴσθησιν
3248 3143 3551 3214 ληψόμεθα,
3588 3146 3684 3198 καὶ

2004 3228 2102 3300 τὴν
2146 3230 2405 3301 μάρτυρα
2436 3231 2534 3302 τὴν
2556 3231 2716 3298 άγίαν
2748 3232 2827 3294 εἰς
2873 3231 3096 3284 πλείονα
3138 3231 3558 3302 ἐπισπασόμεθα
3594 3229 3688 3284 εὐε-

2005 3333 2176 3380 νοιαν,
2204 3318 2374 3388 τιμὴν
2400 3317 2499 3387 τὴν
2530 3317 2705 3387 ἀληθῆ
2738 3315 3008 3387 τιμῶντες
3057 3317 3249 3394 αὐτήν.
3300 3316 3407 3370 Τοῦ
3441 3316 3558 3388 ’γάρ
3601 3320 3686 3370 ἐν·

2005 3400 2182 3454 ταῦθα
2209 3402 2620 3474 παραγενέσθαι
2661 3403 2756 3455 καὶ
2787 3403 3089 3474 θορυϐῆσαι
3124 3402 3310 3473 πολλῷ
3341 3401 3512 3473 μείζω
3544 3403 3684 3475 αὐτῇ

2005 3489 2104 3561 τὴν
2135 3491 2334 3562 ήδονὴν
2363 3493 2499 3544 οῐσει
2533 3491 2595 3544 τὸ
2639 3491 3110 3563 καρπωσαμένους
3160 3492 3253 3544 καὶ
3299 3491 3688 3560 ὠφεληθέντας

2007 3579 2389 3650 πνευματικήν
2423 3595 2547 3633 τινα
2576 3579 2847 3647 ὠφέλειαν
2865 3579 3142 3632 ἀπελθεῖν.
3175 3579 3395 3633 ι’ένοιτο
3423 3579 3478 3631 δέ
3503 3579 3688 3648 εὐχαῖς

2006 3668 2106 3736 τῆς
2157 3665 2319 3734 ἁγίας
2349 3666 2574 3738 ταύτης,
2623 3667 2718 3721 καί⁷
2749 3667 2860 3720 τῶν
2892 3669 2960 3721 τά
2994 3667 3136 3722 αὐτά
3165 3667 3484 3737 ήθληκότων
3522 3668 3685 3740 αὐτῇ,

2006 3755 2100 3806 καὶ
2128 3753 2358 3817 τούτων,
2386 3756 2482 3808 καὶ
2510 3755 2618 3809 τῶν
2651 3754 2828 3809 ἀλλων
2874 3756 2984 3809 τῶν
3020 3754 3330 3826 εἰρημένων
3354 3756 3558 3827 ἀκριϐῆ
3592 3757 3692 3826 τήν

2012 3841 2232 3912 μνήμην
2263 3843 2406 3911 ὑμᾶς
2437 3845 2754 3912 κατασχεῖν,
2810 3844 2904 3897 καὶ
2951 3842 3039 3896 διὰ
3085 3845 3196 3896 τῶν
3251 3845 3427 3917 ἔργων
3474 3845 3694 3898 ἅπαντα

2007 3927 2473 3998 ἐπιδειξαμένους,
2528 3932 2586 3981 ἐν
2633 3931 2801 3982 πᾶσιν
2837 3929 3272 4001 εὐαρεστοῦντας
3319 3932 3581 3985 διατελεῖν
3614 3931 3694 4002 τῷ

2008 4014 2149 4085 Θεῷ,
2203 4011 2247 4083 ᾧ
2303 4017 2336 4087 ἡ
2383 4016 2509 4083 δόξα
2556 4017 2653 4070 καὶ
2700 4017 2762 4070 τὸ
2809 4018 3010 4090 κράτος
3049 4021 3129 4084 εἰς
3175 4021 3300 4083 τοὺς
3349 4019 3553 4083 αἰῶνας
3582 4017 3694 4074 τῶν

2009 4121 2241 4158 αιωνων.
2297 4105 2493 4175 ’Δμήν.

2073 4204 2220 4271 um
2245 4207 2493 4271 ἀλλήλους,
2517 4208 2599 4259 alii
2622 4211 2860 4271 ἀλλήλοις.

3021 4214 3044 4242 ⁶
3070 4209 3168 4262 Alii
3187 4213 3320 4274 ὑμᾶς,

2072 4264 2100 4306 ἀ
2122 4268 2222 4318 Alii
2247 4264 2372 4332 ὑμῖν,
2399 4264 2489 4321 alii
2507 4273 2638 4335 ἡμῖν.
