4082 6426
702 345 808 399 Βὸὄ

711 546 1516 577 ιμ’-ο--σ--ι-ν--ι-νι--φ--γ

1389 349 1442 404 S.
1480 348 1768 406 JUANNlS
1807 350 2307 408 CHRYSOSTOMI
2349 349 2674 407 ARClilEP.
2722 348 3275 417 CONSTANTINOP.

1590 799 2040 878 HOMILIA
2102 801 2178 879 Il
2241 798 2349 879 IN
2405 802 2489 880 S.
2547 802 3100 882 PELAGIAM.

761 1525 960 1596 Ilnjure
993 1523 1204 1594 quidem
1243 1523 1453 1580 theatro
1479 1525 1664 1593 sancta
1688 1525 1840 1597 virgo
1869 1525 2078 1598 Pelagia
2107 1527 2263 1599 digna

688 1628 832 1674 esset
861 1634 874 1671 :
903 1631 1092 1686 magna
1131 1615 1272 1671 enim
1309 1615 1466 1686 hujus
1504 1616 1691 1686 puella:
1723 1618 2014 1673 certamina
2052 1622 2269 1675 exstite-

688 1721 812 1764 runt
833 1750 848 1774 ,
879 1709 950 1764 ob
992 1708 1149 1778 idque
1178 1708 1530 1775 copiosiorem
1564 1707 1754 1762 theatri
1797 1709 2141 1779 frequentiam
2180 1727 2268 1768 re-

686 1803 922 1871 quirunt.
955 1781 1038 1855 At]
1051 1800 1180 1854 satis
1205 1798 1278 1852 illi
1302 1808 1474 1852 tamen
1496 1810 1578 1852 est
1596 1797 1857 1865 Christus,
1881 1801 1971 1869 qui
1997 1802 2140 1856 solus
2170 1818 2265 1868 pro

689 1894 836 1949 omni
865 1901 1182 1948 ornamento
1205 1890 1362 1960 hujus
1384 1890 1603 1961 virginis
1622 1891 1937 1962 pauegyrim
1965 1908 2028 1947 ac
2053 1893 2267 1948 celebri-

690 1995 848 2040 tatem
869 1974 1102 2054 praesens
1118 1990 1348 2037 exornat
1369 2000 1382 2036 :
1401 1997 1504 2051 quo
1525 1983 1667 2036 enim
1691 1983 1806 2036 loco
1828 1982 2068 2038 Christus
2091 1986 2262 2053 adest,

663 2076 796 2148 ‘illic
825 2075 1066 2128 omnium
1093 2073 1400 2144 angelorum
1421 2073 1616 2126 chorus
1643 2083 1837 2142 przesto
1858 2083 1960 2129 est.
1989 2075 2056 2128 Et
2081 2091 2265 2132 omnes

688 2165 902 2234 quidem
949 2171 1215 2236 martyres
1257 2177 1352 2216 sua
1395 2177 1621 2232 corpora
1675 2163 1996 2220 cruciatibus
2045 2166 2264 2222 fortiora

688 2253 1083 2324 praestiterunt,
1126 2253 1196 2306 ob
1231 2245 1388 2322 idque
1425 2267 1670 2323 magnum
1699 2255 1962 2324 quoddam
2000 2255 2264 2311 theatrum

689 2345 945 2400 adversus
969 2343 1238 2398 diabolum
1265 2343 1364 2399 sibi
1394 2353 1746 2413 paraverunt,
1774 2359 1894 2399 eum
1925 2346 2265 2416 incorporeos

687 2435 907 2506 spiritus
942 2447 1169 2505 corpore
1203 2433 1319 2503 ipso
1358 2434 1723 2501 superaverint
1744 2473 1758 2499 ,
1785 2443 1839 2488 ct
1861 2450 2074 2490 carnem
2114 2451 2263 2492 suam

688 2541 809 2600 cum
849 2522 992 2578 ferro
1037 2523 1445 2579 contendentem
1491 2521 1701 2579 fortiter
1741 2524 2100 2582 exhibuerint.
2132 2525 2264 2583 Cum

691 2631 817 2670 vero
841 2615 999 2671 etiam
1028 2613 1231 2682 puellas
1271 2614 1412 2681 ipsas
1439 2613 1594 2668 video
1624 2629 1722 2684 pro
1749 2615 1957 2670 Christo
2005 2618 2264 2674 cruciﬁxo

689 2706 824 2760 mori
854 2703 1141 2776 gestientes
1163 2743 1180 2770 ,
1208 2711 1334 2758 tunc
1368 2703 1562 2758 diaboli
1595 2707 1945 2761 temeritatem
1984 2709 2150 2778 magis
2192 2710 2266 2763 ri-

689 2793 824 2860 deo,
843 2795 931 2864 qui
956 2809 1078 2849 cum
1101 2792 1360 2863 permulta
1385 2794 1701 2849 vaticinandi
1730 2794 1844 2850 loca
1871 2796 1971 2850 sibi
1999 2798 2265 2867 excogita-

686 2887 826 2942 verit
847 2926 865 2952 ,
891 2885 1041 2957 quasi
1082 2900 1170 2943 res
1198 2884 1401 2944 futuras
1428 2886 1482 2940 in
1509 2885 1613 2940 illis
1655 2886 1783 2956 ipsis
1816 2886 2263 2957 praenuntiaturus

684 2991 848 3049 esset,
869 2994 974 3035 non
1000 2978 1129 3033 illud
1155 2979 1456 3048 praeviderit
1478 2988 1542 3032 ‘ac
1562 2980 1871 3034 vaticinatus
1893 2981 1980 3048 sit,
2003 2991 2259 3051 quantum

661 3072 914 3128 -dedecus
935 3109 953 3136 ,
979 3071 1170 3140 quovis
1195 3069 1303 3123 risu
1333 3068 1574 3139 dignum,
1605 3068 1866 3124 hodierno
1891 3070 1977 3125 die
2005 3086 2260 3140 passurus

683 3171 846 3219 esset.
893 3161 1029 3228 Quid
1068 3161 1210 3216 enim
1244 3161 1420 3230 magis
1463 3160 1738 3215 ridendum
1774 3161 1964 3230 aliquis
2002 3163 2240 3242 duceret,

682 3269 840 3323 quam
869 3253 1007 3321 quod
1048 3252 1206 3307 hodie
1233 3266 1419 3321 passus
1454 3261 1537 3308 est
1573 3252 1855 3309 diabolus?
1879 3253 1969 3322 qui
2006 3255 2128 3309 licet
2156 3257 2264 3310 vir-

681 3344 858 3413 ginem
884 3344 1140 3398 irretitam
1164 3342 1400 3407 haberet,
1428 3356 1456 3395 a
1487 3341 1664 3411 praeda
1693 3344 2008 3414 tamen'ipSa
2039 3344 2257 3412 excidit,

683 3447 737 3491 et
765 3435 990 3504 puellam
1016 3477 1031 3500 ,
1063 3449 1222 3506 quam
1262 3433 1653 3504 apprehendit,
1689 3443 1872 3490 tenere
1911 3450 2016 3491 non
2046 3440 2246 3515 potuit,

682 3529 836 3598 quasi
863 3527 1102 3581 umbram
1127 3567 1142 3590 ,
1175 3542 1282 3580 non
1312 3527 1568 3595 virginem
1593 3565 1609 3591 ,
1637 3526 2097 3595 apprehendisset.
2127 3528 2258 3583 Nam

683 3636 804 3674 cum
849 3618 936 3672 illa
975 3616 1366 3686 simplicitatem
1396 3616 1655 3671 columba:
1682 3632 1804 3672 cum
1847 3619 2108 3688 serpentis
2140 3636 2264 3689 pru-

682 3709 861 3765 dentis
887 3708 1225 3778 conjunctam
1252 3707 1507 3773 haberet,
1541 3717 1596 3762 ut
1624 3708 1866 3763 columba
1896 3710 2111 3780 quidem
2133 3712 2263 3765 sim-

683 3803 806 3872 plex
828 3801 1212 3871 comprehensa
1243 3809 1324 3854 est
1352 3840 1366 3863 ,
1396 3799 1489 3854 sed
1520 3807 1578 3853 ut
1605 3799 1841 3869 prudens
1859 3815 2082 3870 serpens
2105 3801 2261 3856 diffu-

684 3894 761 3962 git
792 3909 806 3946 :
832 3892 1072 3960 quamvis
1112 3891 1255 3945 enim
1298 3899 1442 3944 esset
1476 3891 1857 3960 comprehensa
1882 3932 1896 3958 ,
1938 3892 2006 3948 de
2040 3894 2261 3949 victoria

684 3993 864 4038 tamen
909 3997 1014 4036 non
1057 3981 1362 4050 desperavit
1405 3998 1420 4046 ;
1462 3996 1636 4050 neque
1679 3983 1858 4040 animo
1895 3994 1986 4040 aut
2038 3987 2264 4041 consilio

688 4082 840 4143 capta
880 4071 1019 4136 fuit,
1065 4073 1191 4127 licet
1231 4086 1454 4142 corpore
1486 4072 1699 4127 detenta
1737 4082 1922 4130 esset:
1952 4075 2046 4130 sed
2095 4086 2263 4133 artem

685 4163 966 4233 quamdam
986 4149 1142 4233 atque
1167 4163 1448 4217 consilium
1474 4163 1830 4240 excogitavit,
1861 4181 1966 4236 quo
1990 4181 2173 4223 eorum
2189 4208 2204 4234 ,
2232 4181 2265 4222 a

687 4255 880 4322 quibus
903 4252 1285 4322 comprehensa
1311 4252 1508 4320 fuerat,
1538 4257 1888 4313 temeritatem
1917 4257 2176 4324 eluderet,
2209 4269 2264 4315 et

689 4357 786 4398 eos
811 4354 1077 4414 tamquam
1123 4343 1365 4413 stupidos
1405 4344 1668 4400 redderet.
1722 4346 1831 4424 Sed
1869 4348 2117 4416 quidnam
2163 4349 2268 4406 hoc

691 4431 830 4487 fuit?
854 4434 923 4489 Se
943 4435 1221 4490 consilium
1242 4445 1476 4492 mutasse
1495 4436 1671 4507 puella
1699 4437 1966 4493 simulavit
1990 4455 2006 4494 :
2037 4439 2194 4510 idque
2222 4449 2280 4495 ut

688 4523 942 4578 credibile
977 4525 1266 4594 videretur,
1292 4527 1535 4597 quamvis
1561 4527 1612 4580 in
1643 4536 1805 4583 tanta:
1836 4527 2198 4585 ﬂuctuationis
2226 4538 2281 4584 et

671 4614 952 4698 ’naufragii
985 4616 1220 4684 periculo
1248 4619 1535 4672 constituta
1561 4627 1739 4684 esset,
1771 4619 1921 4673 vultu
1953 4628 2127 4675 tamen
2162 4621 2278 4690 ipso

688 4704 1004 4761 hilaritatem
1053 4707 1396 4776 prmferebal.
1437 4708 1720 4778 Figmento
1765 4710 1924 4779 igi‘ur
1963 4711 2053 4765 illo
2082 4711 2276 4766 milites

685 4797 846 4864 capti,
877 4807 930 4851 et
956 4799 1142 4866 puella:
1174 4799 1440 4862 hilaritate
1465 4800 1694 4872 decepti,
1727 4802 2014 4858 humanius
2045 4804 2098 4857 in
2131 4805 2274 4858 illam

685 4901 744 4940 se
773 4902 962 4956 gerere
1004 4900 1304 4958 cmperunt.
1338 4891 1469 4957 Quae
1494 4906 1614 4946 cum
1645 4892 1712 4947 ab
1743 4893 1872 4961 ipsis
1907 4895 2145 4967 petiisset
2171 4936 2185 4960 ,
2220 4904 2276 4950 ut

687 4976 888 5031 tamdiu
918 4978 1103 5033 liceret
1126 4981 1336 5046 abesse,
1360 4981 1533 5050 quoad
1559 4991 1810 5036 ornatum
1841 4998 2052 5054 sponsa:
2077 5000 2276 5041 conve-

683 5067 916 5122 nientem
959 5069 1061 5123 sibi
1102 5069 1346 5125 indueret
1373 5112 1389 5137 ,
1428 5072 1588 5126 eundi
1631 5081 1946 5144 potestatem
1995 5077 2188 5131 milites
2223 5079 2275 5134 ci

685 5147 1068 5215 concesserunt
1097 5164 1324 5231 :quippe
1350 5164 1439 5232 qui
1462 5178 1524 5218 ea
1554 5180 1612 5219 re
1635 5181 1739 5219 non
1770 5167 1942 5221 solum
1973 5168 2048 5222 illi
2081 5170 2270 5238 virgini

684 5262 891 5320 gratum
923 5253 1111 5307 facturi
1143 5265 1343 5317 essent,
1374 5256 1466 5309 sed
1490 5255 1728 5310 futurum
1753 5260 1912 5312 etiam
1945 5261 2266 5330 cogitabant,

683 5352 739 5395 ut
775 5359 802 5396 a
840 5344 1018 5413 judice
1060 5345 1176 5414 ipso
1203 5345 1371 5416 magis
1402 5346 1759 5414 laudarentur,
1791 5349 1834 5402 si
1864 5351 2094 5420 puellam
2122 5367 2269 5409 veSIe

680 5443 921 5494 ornatam
951 5437 1246 5491 duxissent.
1276 5437 1365 5493 Illa
1395 5453 1519 5493 vero
1544 5440 1751 5494 consilii
1779 5441 1860 5495 sui
1881 5457 2101 5512 compos
2133 5443 2267 5500 facta

679 5527 857 5579 statim
885 5543 944 5581 se
963 5540 1107 5582 veste
1129 5530 1314 5595 induit,
1336 5547 1455 5602 quae
1475 5548 1600 5588 vere
1620 5533 1815 5589 decora
1837 5545 1937 5591 est.
1962 5536 2093 5590 Cum
2122 5540 2265 5593 enim

679 5615 839 5668 animi
872 5617 1178 5674 fortitudine
1206 5661 1221 5684 ,
1250 5630 1304 5676 et
1333 5624 1740 5680 resurrectionis
1769 5639 1862 5695 spe
1907 5627 2067 5681 multa
2099 5643 2157 5682 se
2187 5631 2266 5684 in-

678 5705 878 5765 duisset
903 5723 1061 5781 atque
1090 5715 1483 5772 corroborasset
1509 5759 1522 5785 ,
1555 5717 1620 5772 ad
1653 5718 1816 5787 ipsius
1848 5721 1968 5776 tecti
2000 5717 2261 5789 fastigium

2354 1527 2624 1592 cucurrit,
2663 1536 2718 1582 ct
2760 1525 2901 1580 illinc
2941 1524 3169 1594 seipsam
3212 1523 3540 1593 pramipitetn
3571 1523 3736 1577 dedit.
3769 1523 3918 1588 Ιειιυιιιε

2354 1617 2614 1688 palaestrae
2638 1631 2804 1686 genus
2840 1615 2968 1670 illud
2995 1616 3172 1685 exegit
3197 1656 3213 1681 ,
3242 1616 3382 1685 quod
3415 1624 3472 1669 ut
3517 1630 3766 1685 magnum
3790 1617 3918 1684 quid-

2356 1709 2497 1777 piam
2515 1706 2801 1776 aliquando
2821 1705 3061 1760 diabolus
3084 1705 3311 1760 Domino
3337 1705 3436 1774 ipsi
3465 1719 3768 1773 pr0ponere
3784 1718 3922 1756 ausus

2356 1797 2546 1864 fuerat,
2575 1812 2696 1851 cum
2723 1797 2862 1852 dixit
2886 1814 2900 1852 :
2932 1797 2992 1852 Si
3021 1795 3190 1850 Filius
3224 1795 3320 1849 Dei
3345 1812 3417 1863 es,
3458 1796 3605 1849 mitte
3645 1807 3693 1848 te
3717 1795 3922 1848 deorsum

2358 1887 2382 1962 ς
2395 1889 2586 1944 Matth.
2611 1891 2665 1944 4.
2692 1889 2786 1958 6).
2816 1887 2982 1959 Hujus
2999 1889 3201 1959 puellas
3227 1887 3384 1942 fidem
3413 1897 3465 1942 et
3493 1887 3661 1941 animi
3689 1886 3924 1955 magnitu-

2357 1981 2535 2040 dinem
2565 1981 2720 2036 valde
2759 1981 3098 2049 obstupesco.
3130 1979 3266 2045 Quid
3305 1981 3449 2034 enim
3491 1989 3620 2034 tunc
3660 1978 3759 2032 alia
3797 1979 3924 2046 virgo

2355 2084 2536 2125 secum
2580 2071 2692 2139 ipsa
2742 2085 2847 2124 non
2886 2060 3225 2140 cogitasset?
3271 2069 3502 2124 Dixisset
3550 2069 3764 2139 quidem
3803 2085 3815 2120 :
3855 2060 3924 2121 Do

2355 2161 2614 2231 meipsam
2644 2176 2708 2216 ex
2738 2159 2841 2216 hoc
2870 2161 2988 2215 loco
3016 2160 3341 2230 praecipitem
3367 2201 3382 2225 ,
3411 2174 3534 2215 eum
3579 2160 3630 2213 id
3680 2159 3845 2213 facere
3869 2173 3924 2211 eu

2355 2253 2472 2322 ipso
2497 2262 2678 2306 coacta
2705 2253 2804 2307 sim
2833 2292 2849 2318 ,
2873 2251 3016 2322 quod
3046 2261 3289 2322 stuprum
3317 2263 3514 2306 metuo.
3548 2251 3831 2305 Laudabile
3857 2258 3926 2303 est

2357 2343 2690 2413 propositum
2719 2385 2733 2409 ,
2772 2343 2932 2398 modo
2961 2358 3142 2399 casum
3173 2344 3341 2413 ipsum
3373 2356 3519 2396 mors
3545 2353 3922 2410 consequalur:

2355 2435 2600 2504 quamvis
2627 2432 2767 2488 enim
2790 2433 2842 2487 in
2872 2448 2959 2488 me
2990 2441 3250 2487 mortuam
3281 2432 3462 2486 hostes
3489 2431 3796 2486 debacchati
3827 2428 3924 2482 fuc-

2352 2525 2478 2588 rint,
2509 2525 2561 2580 id
2593 2533 2765 2580 tamen
2791 2540 2890 2595 ego
2916 2540 3018 2580 non
3051 2525 3310 2589 sentiam,
3342 2537 3537 2594 meque
3563 2523 3816 2578 insciente
3841 2522 3927 2575 hoc

2355 2613 2574 2669 facient.
2609 2615 2683 2669 Ac
2709 2617 2754 2670 si
2781 2615 2833 2669 in
2859 2624 3052 2670 terram
3073 2615 3274 2669 collisae
3296 2615 3539 2682 corporis
3567 2615 3800 2668 membra
3821 2626 3924 2680 pcr-

2355 2705 2519 2761 fracta
2550 2707 2774 2773 fuerint,
2803 2708 2978 2760 anima
3003 2721 3130 2761 vero
3172 2706 3225 2760 in
3269 2707 3523 2760 membris
3553 2703 3924 2775 permanserit,

2353 2801 2595 2868 corporis
2625 2799 3005 2870 turpitudinem
3031 2799 3257 2855 moleste
3288 2797 3465 2853 ferens
3495 2814 3559 2852 ac
3586 2798 3793 2862 dolens,
3819 2808 3926 2848 tunc

2354 2891 2696 2947 nihilominus
2726 2893 2792 2947 ad
2813 2892 3048 2963 judicem
3075 2892 3253 2958 ducta,
3283 2908 3344 2946 ea
3373 2893 3563 2962 patiar,
3594 2907 3713 2962 qua:
3737 2905 3926 2957 seraper

2356 2984 2509 3038 timui
2543 3003 2556 3038 :
2591 2984 2802 3038 tradent
2838 2985 2980 3039 enim
3025 2993 3212 3054 stupro
3243 2998 3439 3052 corpus
3480 2983 3656 3052 ipsum
3696 2981 3925 3036 membris

2357 3073 2541 3129 la:sum
2568 3115 2584 3141 ,
2613 3089 2676 3129 ae
2715 3089 2801 3128 me
2827 3074 3074 3128 violatam
3120 3073 3393 3128 dimittent
3426 3092 3438 3126 :
3469 3076 3654 3143 sicque
3683 3072 3923 3142 duplicem

2354 3168 2523 3224 feram
2537 3168 2914 3234 calamitatem,
2944 3177 3052 3222 tum
3077 3167 3351 3237 corporeis
3373 3169 3631 3222 membris
3658 3167 3801 3228 lmsa,
3830 3175 3923 3218 tum

2354 3262 2655 3332 virginitate
2694 3263 2936 3330 spoliata.
2983 3261 3109 3315 Hac
3160 3261 3290 3314 satis
3334 3259 3552 3330 quidem
3598 3259 3926 3320 fuissent,ut

2353 3350 2510 3404 aliam
2553 3352 2786 3420 puellam
2824 3352 3211 3420 perturbarent.
3250 3352 3319 3404 At
3358 3352 3443 3403 illa
3475 3351 3547 3407 ita
3586 3350 3789 3406 confisa
3819 3358 3922 3411 est,

2354 3441 2506 3510 quasi
2533 3441 2655 3495 ﬁnis
2685 3442 2848 3509 ipsius
2873 3457 3185 3510 sponsorem
3211 3442 3439 3511 aliquem
3465 3441 3692 3496 haberet
3718 3458 3731 3493 :
3761 3440 3826 3493 ob
3852 3437 3922 3490 id-

2354 3547 2461 3601 que
2491 3542 2736 3600 prompto
2771 3530 2949 3586 animo
2987 3533 3054 3587 ad
3080 3549 3198 3588 eum
3227 3547 3409 3588 casum
3440 3531 3731 3588 festinavit.
3765 3531 3925 3598 itaque

2355 3622 2548 3692 puellis
2574 3631 2627 3675 et
2657 3621 2872 3692 virginis
2901 3622 3209 3677 fortitudine
3235 3633 3393 3692 atque
3431 3623 3614 3677 animo
3657 3622 3746 3676 illo
3774 3621 3924 3672 victus

2355 3725 2414 3767 es
2436 3753 2453 3778 ,
2481 3712 2708 3768 diabole.
2736 3713 2864 3781 Qua:
2889 3713 3030 3766 enim
3064 3713 3287 3767 Domino
3313 3713 3414 3782 ipsi
3438 3712 3566 3766 olim
3598 3709 3918 3782 pr0posuisti,

2356 3793 2425 3848 ad
2451 3809 2511 3850 ea
2542 3795 2715 3865 puella
2739 3796 2981 3866 quaedam
3007 3838 3022 3864 ,
3047 3797 3162 3868 ejus
3186 3795 3412 3864 famula,
3444 3795 3498 3853 te
3525 3798 3823 3867 provocavit
3841 3837 3854 3860 ,
3878 3805 3922 3848 ct

2355 3882 2424 3937 ad
2455 3885 2580 3939 tecti
2609 3885 2875 3956 fastigium
2913 3901 3219 3954 accurrens,
3253 3888 3399 3942 illinc
3442 3887 3676 3956 seipsam
3712 3886 3918 3957 jaculata

2358 3983 2441 4028 est
2470 3992 2497 4055 ί
2516 3991 2744 4048 cumque
2781 3993 2813 4033 a
2852 3977 3030 4048 judice
3074 3989 3259 4034 vocata
3296 3987 3479 4046 esset,
3523 3978 3618 4034 tibi
3649 4019 3663 4042 ,
3704 3976 3790 4047 qui
3835 3975 3923 4028 huc

2357 4067 2662 4139 suggessisti
2683 4109 2697 4135 ,
2729 4084 2834 4123 non
2864 4070 3285 4138 obtemperavit,
3331 4084 3502 4139 neque
3530 4067 3807 4124 subdolam
3835 4080 3918 4134 pu-

2355 4170 2514 4227 gnam
2540 4137 2714 4214 'subiit
2745 4177 2758 4213 :
2791 4161 2937 4216 novit
2963 4137 3106 4216 enim
3135 4137 3380 4216 versatas
3410 4137 3761 4232 cogitationes
3787 4167 3918 4212 tuas:

2357 4262 2477 4302 cum
2511 4263 2654 4318 saepe
2701 4250 2932 4320 virgines
2978 4253 3118 4321 ipsas
3159 4251 3228 4306 ad
3266 4251 3507 4321 judices,
3558 4261 3820 4322 tamquam
3864 4245 3919 4297 ad

2356 4339 2560 4410 flagella
2596 4341 2905 4411 excipienda
2932 4383 2948 4409 ,
2979 4357 3172 4398 vocare
3213 4342 3394 4401 soleas
3422 4359 3436 4407 ;
3465 4353 3648 4412 postea
3675 4355 3796 4396 vero
3821 4342 3920 4391 sine

2357 4447 2530 4503 pugna
2568 4433 2632 4486 iis
2651 4474 2666 4500 ,
2695 4434 2785 4502 qui
2816 4448 3050 4503 pugnare
3079 4433 3397 4500 subierunt,
3428 4434 3675 4489 acerbius
3699 4431 3920 4487 detentas

2357 4528 2525 4597 ejicis.
2549 4528 2618 4582 At
2639 4528 2682 4582 si
2705 4543 2830 4583 vere
2842 4527 2908 4582 ad
2930 4542 3157 4598 pugnam
3178 4528 3258 4582 vel
3279 4526 3345 4582 ad
3367 4527 3539 4582 Studia
3562 4526 3786 4595 puellam
3815 4534 3916 4590 pro-

2357 4635 2537 4688 vocas,
2563 4620 2890 4691 congredere
2915 4636 3056 4676 nuuc
3074 4635 3195 4676 cum
3224 4620 3312 4673 illa
3335 4635 3366 4674 e
3394 4629 3532 4673 tecto
3556 4633 3615 4673 se
3640 4615 3914 4686 dejicienle,

2356 4727 2580 4784 eamque
2616 4713 2761 4768 illinc
2787 4711 3115 4768 decidentem
3147 4712 3385 4767 sustine:
3415 4710 3613 4765 audeas
3636 4717 3828 4790 'contra
3866 4702 3916 4756 il-

2356 4804 2460 4858 lam
2486 4814 2650 4869 stare,
2677 4814 2732 4859 et
2751 4805 3049 4874 palaestram
3071 4803 3321 4874 experiri.
3345 4802 3529 4857 Excita
3553 4807 3916 4872 quamcumque

2355 4897 2487 4952 velis
2510 4897 2781 4952 astutiam.
2811 4895 2985 4950 Habes
3009 4903 3207 4950 terram
3235 4909 3330 4964 pro
3356 4891 3548 4963 pugnae
3570 4906 3786 4962 campo:
3809 4899 3917 4952 urge

2358 5005 2498 5044 nunc
2521 4989 2724 5059 gladios
2754 4988 2914 5056 ipsos,
2948 4996 3007 5040 ut
3033 4995 3258 5042 mortem
3291 4985 3520 5049 inferas;
3549 4984 3821 5038 substerne
3845 4978 3912 5030 iu-

2356 5082 2676 5138 tcrliciendis
2703 5080 3006 5135 hominibus
3035 5079 3166 5133 dura
3193 5078 3354 5132 czedis
3383 5079 3765 5138 instrumenta;
3808 5081 3912 5139 pm

2355 5175 2617 5231 decidenti
2647 5173 2836 5244 puellae
2878 5171 3314 5227 confractionem.
3357 5169 3554 5224 Omnes
3589 5169 3728 5221 enim
3765 5175 3910 5231 quan-

2357 5269 2548 5322 tumvis
2587 5267 2860 5320 abstrusas
2905 5271 3064 5332 atque
3104 5262 3311 5316 abditas
3358 5270 3500 5314 artes
3531 5268 3650 5313 tuas
3679 5258 3811 5312 velut
3847 5253 3911 5303 in-

2355 5360 2686 5414 !irmissimas
2713 5359 2800 5412 illa
2831 5357 3104 5427 superavit
3128 5375 3140 5409 :
3166 5353 3410 5424 quodque
3439 5353 3609 5422 majus
3636 5359 3733 5415 est,
3765 5358 3910 5414 neque

2356 5451 2484 5506 illud
2529 5466 2559 5504 a
2599 5451 2708 5505 Deo
2740 5449 2958 5520 exegit,
2989 5447 3129 5517 quod
3169 5448 3423 5515 scriptum
3455 5454 3536 5498 cst
3566 5462 3578 5496 :
3607 5441 3798 5513 Angelis
3831 5436 3911 5487 luis

2354 5542 2543 5596 manda
2570 5543 2633 5596 de
2658 5558 2736 5595 me
2756 5583 2771 5607 ,
2811 5540 3054 5603 Domine,
3087 5554 3148 5590 ne
3178 5553 3400 5607 unquam
3431 5535 3684 5600 o/fendam
3710 5531 3770 5585 ad
3797 5525 3908 5592 ίαμίο

2351 5635 2468 5689 dem
2498 5651 2682 5704 corpus
2708 5650 2869 5687 meum
2895 5630 3056 5703 (Luc.
3088 5630 3141 5683 ι.
3176 5630 3263 5682 10.
3296 5630 3382 5698 ll)
3413 5646 3426 5680 :
3459 5625 3552 5682 sed
3585 5627 3634 5681 id
3668 5624 3802 5695 petiit
3825 5660 3836 5682 ,
3862 5624 3905 5666 Ill

2356 5722 2521 5782 animi
2551 5728 2857 5797 prmcipcrct
2888 5733 3002 5793 post
3032 5739 3211 5776 casum
3247 5723 3415 5791 ipsum
3447 5736 3474 5769 σε
3504 5735 3721 5790 corpore
3758 5714 3897 5768 disces
