4082 6426
251 373 365 430 585
1148 368 1214 425 IN
1256 369 1314 426 6.
1355 365 1691 438 IGNATIUM
1737 362 2150 424 MARTYREM.
2194 359 2634 439 —_MONITUM.
3396 357 3502 416 586

240 473 395 528 dere.
420 471 467 528 Ο
496 477 729 546 puellam
753 510 771 538 ,
816 484 1013 541 genere
1040 469 1255 544 quidem
1285 477 1340 525 et
1375 484 1504 524 sexu
1545 468 1796 524 feminam
1822 509 1839 538 ,
1933 465 2000 518 ad
2035 463 2282 538 pietatem
2314 460 2635 539 servandam
2667 460 3117 524 currohorcmus;
3146 457 3352 528 judiccs
3387 460 3531 528 ipsmt

240 568 422 620 animo
446 574 625 620 autem
661 566 780 635 ipso
812 565 1047 620 marem!
1080 578 1115 627 ρ
1140 563 1398 633 virginem
1424 556 1633 628 duobus
1659 564 1840 623 nomi-
1934 571 1964 610 a
2007 553 2386 618 teutatiouibus
2431 551 2844 607 subula-eamus
2869 590 2883 616 ,
2916 558 2972 605 et
3007 564 3131 604 cum
3168 558 3530 618 opportunum

241 658 400 712 nibus
428 655 810 721 extollendam,
835 654 976 727 quod
1005 655 1057 709 in
1082 654 1348 726 virginum
1378 669 1540 725 grege
1563 695 1577 720 ,
1608 663 1665 707 et
1691 668 1834 708 mar—
1931 657 2031 713 est,
2065 662 2170 702 non
2196 644 2454 724 abjectos,
2485 643 2579 698 sed
2606 642 2835 702 audaces
2865 657 2962 697 nos
2991 649 3308 712 praestemus
3333 658 3348 707 ;
3379 639 3535 696 deni-

242 759 419 818 tyrum
448 745 616 800 choro
644 755 920 809 numerata
947 745 1021 812 sis
1048 747 1061 801 !
1101 760 1136 797 η
1177 746 1405 825 puellam
1446 745 1516 799 ita
1559 745 1835 807 continet».
1932 755 2036 820 que
2067 738 2304 799 membra
2336 745 2540 807 nostra,
2570 751 2690 813 quae
2715 744 2839 799 sunt
2867 749 3029 807 super
3054 741 3273 798 terram,
3301 734 3536 789 mortiﬁ-

237 846 370 900 tern,
397 845 452 892 ut
479 850 652 907 neque
678 844 896 905 aspectu
917 835 1130 907 quidem
1161 835 1276 906 ipso
1296 833 1501 898 fruendi
1534 833 1837 896 facultatem
1931 845 2117 895 ccmus
2140 873 2156 898 ,
2186 833 2248 893 ut
2269 829 2527 894 Dominus
2556 830 2669 898 ipse
2701 829 2802 881 hoc
2832 827 3032 883 humile
3058 841 3255 897 corpus
3289 835 3536 883 nostrum

235 926 773 998 iutempqratojudici
794 926 1111 996 praebueris!
1136 925 1303 994 llujus
1325 925 1484 995 igitur
1505 925 1693 993 puclla:
1713 933 1840 978 tem-
1931 924 2034 976 tale
2063 921 2269 986 reddat,
2293 931 2347 976 et
2367 921 2420 975 in
2445 934 2564 975 eam
2594 918 2955 975 conditionem
2986 919 3292 984 transferat,
3325 926 3383 973 ut
3408 932 3533 973 σοι-ιο

233 1019 534 1090 perantiam
560 1029 615 1074 et
642 1034 738 1074 nos
766 1019 1057 1078 imitemur,
1087 1025 1142 1072 et
1162 1025 1347 1071 contra
1370 1017 1669 1086 voluptates
1695 1016 1837 1094 ipsa:
1929 1017 2076 1085 poris
2109 1013 2202 1068 sui
2223 1013 2446 1067 formam
2475 1026 2596 1066 cum
2623 1025 2689 1065 eo
2715 1010 3076 1065 communicet
3105 1026 3118 1064 :
3146 1009 3232 1066 cui
3261 1010 3332 1064 sit
3358 1009 3528 1081 gloria

231 1111 474 1167 victoria:
513 1119 711 1181 tropum
751 1111 1067 1181 erigamus;
1108 1109 1506 1164 incontinentia:
1543 1118 1703 1179 atque
1751 1109 1836 1162 in-
1928 1118 1983 1164 et
2013 1107 2318 1178 imperium,
2349 1106 2402 1160 in
2426 1104 2641 1160 smcula.
2671 1105 2865 1159 Amen.

232 1205 607 1276 temperantia:
645 1203 902 1273 impetum
935 1201 1245 1273 frangamus
1268 1243 1284 1268 ,
1314 1211 1368 1256 et
1396 1201 1632 1255 animum
1664 1200 1832 1271 ipsum

1642 1747 2147 1827 MONITUM

982 1927 1086 1989 AD
1125 1925 1507 1989 HOMILIAM
1548 1924 1631 1986 IN
1686 1925 1748 1985 S.
1805 1915 2185 1987 IGNATIUM
2223 1927 2788 1993 THEOPHORUM.

309 2086 467 2162 [592]
505 2086 661 2144 Hanc
685 2083 968 2143 homiliam
1000 2081 1308 2138 Antiochiae
1343 2079 1537 2138 habuit
1561 2079 1990 2152 Chrysostomus
2038 2082 2229 2153 paucis
2269 2093 2394 2154 post
2421 2083 2759 2150 Coneionem
2805 2085 2861 2142 in
2898 2085 2956 2142 S.
2988 2085 3262 2158 Pelagiam
3312 2085 3534 2149 diebus,

232 2183 316 2237 De
345 2196 492 2236 anno
513 2195 581 2235 ne
618 2178 933 2249 conjectura
959 2175 1178 2246 quidem
1207 2172 1426 2245 quidvis
1459 2181 1701 2228 statuere
1750 2182 2067 2242 possumus,
2103 2187 2230 2230 cum
2265 2174 2416 2230 nulla
2456 2175 2588 2231 hinc
2610 2176 2875 2247 temporis
2903 2185 3033 2234 nota
3060 2177 3180 2232 erui
3209 2178 3404 2248 possit.
3432 2176 3537 2232 Fe-

233 2287 386 2334 stum
416 2274 493 2329 S.
517 2273 711 2345 Ignatii
741 2272 1047 2328 celebratur
1072 2270 1216 2340 apud
1246 2284 1345 2324 nos
1380 2269 1404 2322 l
1443 2267 1749 2334 Februarii,
1781 2269 1929 2340 apud
1961 2267 2185 2326 Graecos
2217 2278 2403 2327 autem
2437 2272 2705 2342 vigesima
2748 2273 2837 2333 die
2867 2272 3201 2329 Decembris.
3236 2273 3377 2341 Quia
3403 2289 3536 2330 vero

234 2382 303 2422 ea
340 2366 460 2435 ipsa
488 2365 605 2421 dies
630 2363 703 2418 90
751 2361 1065 2419 Decembris
1095 2368 1319 2428 notatur
1352 2357 1519 2414 etiam
1545 2357 1599 2413 in
1643 2357 1776 2413 Mss.
1828 2357 2235 2429 antiquissimis
2259 2399 2274 2424 ,
2325 2361 2625 2425 verisimile
2654 2377 2885 2433 prorsus
2913 2362 3128 2420 videtur
3156 2377 3220 2419 ea
3261 2363 3383 2434 ipsa
3445 2363 3539 2418 die

237 2460 486 2515 habitam
511 2459 679 2514 fuisse
699 2458 844 2513 hanc
869 2454 1153 2512 homiliam
1188 2474 1202 2510 :
1238 2469 1349 2530 πω]
1383 2462 1564 2509 autem
1608 2454 1674 2509 i7
1712 2454 2052 2520 Decembris,
2082 2471 2192 2526 qua
2223 2457 2313 2512 die
2365 2459 2652 2515 translatio
2683 2461 2806 2530 ejus
2853 2459 3164 2516 celebratur
3199 2461 3255 2517 in
3287 2459 3537 2518 Ecclesia

241 2552 516 2620 Romana,
552 2561 613 2607 ut
641 2559 792 2606 recte
821 2557 977 2605 notat
1011 2548 1220 2604 Fronto
1254 2547 1508 2614 Ducaeus,
1540 2548 1636 2618 qui
1688 2557 1801 2604 tres
1830 2548 1952 2618 ejus
1984 2550 2375 2607 translationes
2396 2565 2836 2622 commemorat,
2902 2554 3136 2623 primam
3207 2568 3319 2624 qua
3361 2552 3538 2610 Roma
3631 2564 3642 2572 '

235 2646 608 2711 Antiochiam,
654 2654 714 2701 ut
759 2645 1074 2716 putabatur,
1116 2659 1148 2698 a
1194 2643 1479 2714 discipulis
1514 2643 1608 2714 qui
1663 2643 1783 2714 ejus
1815 2652 1937 2698 acta
1971 2645 2334 2714 scripserunt,
2393 2643 2657 2716 Reliquias
2686 2647 2806 2717 ejus
2860 2646 3143 2714 translatae
3195 2654 3364 2701 sunt:
3409 2644 3553 2700 nam‘

237 2743 637 2812 Chrysostomo
666 2739 721 2793 in
751 2739 853 2794 hac
878 2737 1106 2792 nomilia
1134 2743 1300 2807 atque
1321 2736 1656 2809 Hieronymo
1690 2737 1945 2799 testibus.
1980 2751 2111 2793 ossa
2142 2738 2264 2807 ejus
2310 2738 2616 2794 Antiochia:
2638 2739 3021 2810 quiescebant,
3053 2747 3106 2794 et
3127 2738 3351 2809 quidem
3380 2748 3557 2818 extra

245 2847 465 2908 portam:
503 2834 882 2905 Daphniticam
942 2833 998 2889 in
1028 2834 1381 2903 Cmmeterio,
1411 2835 1486 2890 ait
1540 2834 1912 2908 Hieronymus
1958 2835 2026 2891 de
2055 2834 2432 2906 Scriptorihus
2479 2836 2908 2893 Ecciesiasticis.
2958 2837 3210 2904 Secunda
3252 2838 3545 2894 translatio

242 2934 548 3002 imperante
573 2927 883 2984 Theodosio
919 2928 964 2984 ll
1000 2928 1160 3006 “faeta
1189 2936 1293 2993 est,
1349 2944 1476 2983 cum
1506 2927 1627 2998 ejus
1654 2928 1812 2998 jussu
1868 2944 1934 2984 ex
1984 2928 2314 2984 Coemeterio
2345 2931 2400 2984 in
2454 2931 2721 3001 templum
2750 2929 3010 2986 Fortuna:
3039 2931 3160 3001 ejus
3191 2945 3320 2987 ossa
3352 2942 3543 2986 trans.

242 3028 355 3080 lata
408 3031 556 3089 sunt,
582 3033 636 3078 et
658 3022 922 3093 templum
953 3023 1085 3078 olim
1129 3022 1472 3078 daemonibus
1521 3022 1788 3087 dicatum,
1846 3022 2074 3094 Martyri
2123 3032 2511 3079 consecratum
2543 3033 2647 3092 est,
2712 3023 2895 3096 inquit
2939 3023 3229 3095 Evagrius.
3286 3022 3537 3083 Tertiam

243 3115 662 3172 translationem
686 3115 978 3172 Antiochia
1007 3114 1238 3171 Romam
1260 3125 1530 3171 memorat
1557 3114 2010 3189 Martyrologium
2040 3116 2375 3185 Romanum,
2401 3132 2527 3173 cum
2578 3118 2634 3173 in
2659 3117 2893 3174 ecclesia
2919 3117 2979 3180 S.
3017 3118 3318 3175 Clementis
3343 3118 3542 3175 noon.

244 3210 363 3264 dita
398 3217 547 3264 sunt.

322 3302 826 3373 Interpretationcm
854 3303 1140 3364 Francisci
1163 3304 1282 3369 Zini
1313 3305 1518 3376 passim
1544 3306 1892 3362 emendatam
1929 3321 1960 3363 e
1989 3305 2211 3376 regione
2240 3305 2416 3362 Graeci
2450 3314 2631 3363 textus
2649 3305 2886 3363 edimus.
