4082 6422
608 390 711 446 587

1311 381 1371 439 5.
1411 377 1687 437 JOANNIS
1725 369 2191 433 CHRYSOSTOMl
2232 369 2552 426 ARCHIEI‘.
2582 368 3123 428 "CONSTANTINOP.

3765 363 3882 420 588

647 503 3866 540 ________________________..___________________________—.__

1365 595 1488 678 ΙΝ
1561 576 1666 676 S.
1706 586 2369 673 MARTYREM
2439 584 3033 669 IGNATIUM

607 776 962 835 υιιηιιωί,
994 772 1227 821 ΠΛΟΠΒ
1255 767 1616 813 ΔΠἸἸΟΟΒῙΕ
1661 759 2202 808 ΔΒΟΒῘΕΡῘδΟΟΡυΗ
2232 759 2460 804 ROMLM
2489 760 2858 816 ABDUCTUM,
2904 760 3122 814 [BIQUB
3149 760 3479 807 MARTYIIO
3507 759 3882 818 AIYBC‘I'UH,

1159 867 1366 922 non:
1409 866 1561 910 mox
1605 860 1843 906 sensus
1887 857 2285 905 unoculus
2327 858 2770 917 runsu'wu,
2816 859 3136 904 unouno
3166 846 3183 877 ¹
3219 842 3332 924 (α).
3805 835 3809 837 ’

2047 1002 2419 1059 eam»

668 1175 719 1228 ί.
747 1169 847 1240 Qui
873 1162 1194 1234 sumptuosis
1218 1176 1280 1217 ac
1307 1155 1593 1229 splendidis
1618 1152 1874 1210 conviviis
1899 1151 2174 1208 delectan-

597 1278 702 1332 tur,
730 1279 790 1320 ea
818 1261 1010 1317 crebro
1035 1266 1089 1312 et
1117 1256 1418 1325 frequenter
1440 1249 1728 1311 celebrant,
1750 1256 1860 1300 tum
1889 1253 1945 1298 ut
1969 1243 2178 1298 divitias

597 1361 866 1411 ostentent
895 1364 1050 1415 suas,
1082 1357 1190 1401 tum
1229 1352 1284 1399 ut
1310 1339 1729 1396 benevolentiam
1759 1337 1812 1391 in
1842 1335 2041 1390 amicos
2069 1348 2177 1403 pne

597 1462 656 1501 se
683 1445 876 1500 ferant.
905 1440 1048 1494 Talis
1073 1445 1151 1492 est
1175 1434 1335 1490 etiam
1365 1431 1594 1500 Spiritus
1635 1427 1804 1497 gratia
1832 1469 1847 1492 ,
1880 1442 1997 1495 qua:
2025 1424 2177 1480 nobis

597 1546 652 1591 et
673 1534 919 1604 proprias
945 1543 1071 1598 opes
1101 1523 1331 1579 ostendit
1371 1532 1530 1591 atque
1555 1517 1772 1574 exhibet
1799 1559 1813 1582 ,
1842 1524 1895 1570 et
1932 1529 2175 1584 magnam

598 1642 722 1696 erga
759 1623 956 1677 amicos
997 1617 1087 1672 Dei
1125 1616 1398 1670 caritatem
1426 1612 1662 1666 declarat
1689 1651 1705 1677 ,
1730 1625 1849 1664 cum
1881 1608 2180 1696 frequentes

601 1695 753 1769 nobis
778 1718 1068 1780 martyrum
1102 1718 1313 1760 mensas
1341 1702 1576 1772 apponit.
1609 1699 1787 1767 Nuper
1822 1697 1993 1767 puella
2023 1695 2180 1764 plane

599 1805 911 1861 adolescens
931 1808 985 1854 et
1007 1798 1173 1867 virgo,
1193 1796 1344 1851 beata
1366 1803 1564 1864 martyr
1589 1790 1821 1859 Pelagia,
1848 1803 2034 1856 magna
2058 1801 2179 1841 cum

601 1894 783 1948 l;etitia
809 1889 1107 1946 convivium
1137 1867 1290 1940 nobis
1319 1883 1557 1938 exhibuit
1590 1899 1603 1934 :
1638 1881 1794 1935 hodie
1819 1879 2180 1933 celebritatem

601 1985 740 2038 illius
763 1985 948 2037 beatus
976 1978 1063 2032 hic
1089 1991 1152 2030 ac
1177 1988 1467 2046 generosus
1508 1979 1711 2041 martyr
1752 1970 1981 2040 lgnatius
2021 1968 2184 2021 vicis-

601 2076 700 2129 sim
730 2072 955 2141 excepit.
989 2069 1220 2123 Diversae
1249 2064 1462 2135 quidem
1494 2077 1758 2132 personae,
1787 2059 1879 2114 sed
1907 2073 2005 2112 una
2036 2073 2184 2111 men-

602 2183 660 2222 sa
686 2184 700 2233 ;
731 2166 890 2219 varia:
922 2177 1128 2231 pugnm,
1161 2159 1252 2213 sed
1280 2171 1476 2212 corona
1505 2154 1689 2209 eadem
1712 2171 1726 2217 ;
1752 2150 1983 2219 disparia
2009 2158 2185 2204 certa-

604 2263 766 2327 mina,
789 2260 881 2314 sed
904 2259 1042 2312 idem
1067 2256 1325 2310 bravium.
1359 2252 1414 2305 In
1441 2247 1818 2305 certaminibus
1839 2245 1980 2299 enim
2009 2252 2185 2297 exter-

603 2353 687 2407 nis
711 2392 726 2418 ,
758 2351 875 2420 quia
902 2349 1110 2402 labores
1139 2353 1264 2399 sunt
1290 2355 1570 2410 corporum
1588 2381 1603 2405 ,
1641 2338 1831 2392 merito
1858 2334 1954 2388 viri
1984 2342 2184 2388 tantum

603 2442 988 2502 admittuntur;
1019 2437 1104 2490 hic
1129 2442 1305 2488 autem
1335 2431 1583 2500 quoniam
1616 2437 1781 2482 totum
1814 2435 2083 2480 certamen
2115 2422 2182 2477 ad

605 2533 841 2588 animum
865 2535 1088 2598 spectat,
1115 2524 1322 2594 utrique
1349 2521 1497 2576 sexui
1525 2519 1753 2574 stadium
1781 2517 2033 2586 aperitur,
2057 2513 2190 2568 utri-

602 2639 705 2693 que
726 2621 908 2692 generi
934 2617 1212 2674 consident
1236 2621 1585 2683 spectatores.
1608 2610 1717 2666 Nec
1746 2610 1842 2662 viri
1873 2617 2076 2661 tantum
2102 2621 2191 2660 ac-

606 2715 826 2783 cingunt
865 2727 959 2776 se,
1004 2724 1070 2763 ne
1098 2706 1164 2761 ad
1196 2716 1396 2760 natura:
1425 2702 1783 2756 infirmitatem
1816 2698 2025 2752 femina:
2056 2711 2189 2750 con-

607 2807 862 2876 fugientes
890 2801 1212 2873 probabilem
1241 2798 1433 2852 habere
1460 2794 1735 2849 videantur
1753 2791 2185 2846 excusationem:

606 2915 705 2955 nec
733 2897 859 2952 sola:
885 2894 1093 2949 feminae
1121 2907 1179 2947 se
1207 2889 1413 2944 fortiter
1437 2894 1647 2957 gerunt,
1672 2899 1737 2938 ne
1761 2884 1993 2936 virorum
2021 2895 2189 2951 genus

606 2991 800 3044 rubore
827 2984 1185 3056 perfundant;
1217 2979 1311 3035 sed
1342 2988 1394 3035 et
1435 2978 1555 3031 hinc
1584 2986 1635 3030 et
1677 2974 1799 3028 inde
1828 2973 1978 3026 multi
2012 2970 2188 3040 publi-

607 3087 797 3135 cantur
822 3077 1071 3137 victores,
1104 3082 1157 3127 et
1185 3083 1410 3124 coronas
1438 3073 1811 3135 assequuntur.
1843 3075 1892 3116 ut
1919 3078 1983 3115 ex
2009 3061 2188 3130 operi-

608 3170 706 3224 bus
730 3165 1009 3234 intelligas,
1035 3163 1084 3216 in
1113 3161 1324 3216 Christo
1345 3158 1468 3213 Jesu
1502 3171 1671 3225 neque
1695 3153 1990 3208 masculum
2019 3165 2191 3218 neque

607 3257 856 3315 feminam
883 3271 999 3310 esse
1030 3251 1220 3324 (Galat.
1247 3253 1301 3306 ὃ.
1327 3251 1443 3319 28),
1475 3264 1572 3302 nec
1597 3261 1805 3310 sexum,
1831 3258 1928 3298 nec
1951 3242 2191 3311 corporis

608 3347 1022 3406 imbecillitatem
1046 3387 1060 3409 ,
1103 3358 1272 3411 neque
1307 3349 1518 3394 aetatem
1542 3378 1557 3403 ,
1605 3352 1703 3391 nec
1730 3335 1872 3390 aliud
1904 3333 2190 3404 quidquam

609 3436 868 3510 ejusmodi
908 3433 1115 3503 pietatis
1143 3445 1358 3485 cursum
1399 3425 1798 3482 conticientihus
1839 3423 2189 3492 impedimen-

610 3521 720 3586 tum
747 3528 937 3583 afferre
968 3539 1140 3594 posse,
1168 3521 1326 3575 modo
1353 3533 1609 3590 generosa
1637 3516 1904 3581 alacritas,
1933 3527 1986 3569 et
2010 3528 2192 3585 prom-

611 3637 733 3698 ptus
758 3625 966 3685 animus
985 3663 999 3687 ,
1030 3629 1084 3676 et
1115 3619 1206 3673 Dei
1235 3619 1392 3672 timor
1419 3614 1612 3668 ardens
1641 3621 1798 3681 atque
1834 3609 2193 3665 inflammatus

612 3721 665 3773 in
695 3716 946 3772 cordibus
972 3711 1169 3767 nostris
1193 3709 1397 3764 radices
1417 3706 1602 3777 egerit.
1634 3704 1835 3759 ldeirco
1857 3711 1911 3757 et
1938 3702 2189 3770 virgines,

611 3819 665 3866 et
694 3807 903 3879 puellm,
927 3814 983 3861 et
1004 3803 1100 3858 viri
1121 3843 1135 3868 ,
1162 3808 1218 3857 et
1236 3801 1478 3870 juvenes,
1498 3806 1552 3853 et
1579 3811 1755 3884 senes,
1781 3804 1836 3848 et
1863 3793 2020 3858 servi,
2043 3801 2096 3847 et
2127 3792 2191 3846 li-

612 3902 748 3967 beri,
775 3907 828 3954 et
852 3897 1025 3951 omnis
1049 3893 1202 3956 ordo,
1227 3903 1384 3962 atque
1409 3899 1538 3943 atlas
1566 3887 1757 3952 omnis,
1785 3893 1843 3941 et
1865 3899 2024 3938 sexus
2050 3894 2193 3938 uter-

613 4006 717 4060 que
753 3988 819 4041 ad
849 3987 960 4040 ha:c
988 3982 1277 4038 certamina
1305 3982 1685 4049 accinguntur;
1727 3990 1824 4030 nec
1854 3975 1947 4029 ulli
1976 3974 2196 4028 omnino

615 4098 708 4138 sua
742 4079 1062 4134 frustrantur
1092 4088 1188 4144 spe
1213 4115 1226 4138 ,
1254 4073 1344 4144 qui
1374 4081 1646 4125 strenuum
1672 4067 1836 4122 animi
1865 4066 2192 4137 propositum

614 4172 679 4225 ad
707 4170 803 4224 has
832 4181 1032 4238 pugnas
1059 4163 1352 4220 attulerint.
1382 4161 1614 4230 Tempus
1640 4159 1801 4229 igitur
1823 4157 1936 4227 jam
1962 4156 2028 4211 ad
2056 4171 2197 4227 prae-

619 4263 763 4317 clara
792 4259 1012 4327 hujusce
1038 4256 1139 4311 viri
1168 4255 1402 4309 facinora
1428 4250 1744 4307 declaranda
1773 4264 1872 4304 nos
1899 4257 2070 4313 vocat,
2103 4248 2200 4303 sed

619 4357 916 4409 deterretur
944 4350 1150 4404 animus
1179 4362 1244 4402 ac
1268 4344 1623 4416 perturbatur,
1653 4343 1777 4396 dum
1804 4343 1857 4396 in
1889 4349 2052 4406 tanta,
2080 4355 2200 4410 qua:

622 4461 720 4501 nos
753 4443 984 4513 undique
1010 4438 1365 4504 circumﬂuit,
1397 4436 1610 4492 laudum
1635 4435 1786 4504 copia
1826 4433 2036 4493 haesitat
2073 4431 2199 4502 quid

618 4536 847 4606 primum
868 4574 883 4599 ,
911 4531 1034 4602 quid
1062 4528 1350 4586 secundum
1371 4568 1385 4590 ,
1417 4527 1538 4598 quid
1567 4524 1777 4580 tertium
1805 4525 1985 4580 dicere
2010 4537 2199 4593 aggre-

618 4630 813 4685 diatur.
845 4628 1017 4695 Atque
1041 4622 1180 4678 idem
1207 4620 1361 4675 nobis
1386 4618 1581 4686 evenit,
1605 4626 1664 4672 ut
1691 4616 1736 4672 si
1764 4617 1880 4686 quis
1909 4615 1961 4670 in
1994 4623 2198 4685 pratum

619 4717 925 4790 ingressus,
956 4723 1012 4770 et
1037 4714 1228 4768 multas
1257 4724 1423 4777 rosas,
1459 4709 1624 4763 violas
1650 4709 1863 4773 multas,
1894 4721 1958 4760 ac
1986 4706 2114 4771 lilia,
2146 4713 2202 4760 et

623 4812 754 4866 alios
781 4821 973 4864 vernos
1001 4806 1159 4860 ﬂores
1182 4803 1355 4858 varios
1384 4817 1446 4857 ac
1472 4801 1716 4856 diversos
1743 4800 1962 4854 intuitus
1979 4840 1992 4863 ,
2027 4797 2202 4852 ambi-

617 4910 707 4970 gat
726 4914 883 4970 quem
916 4897 1085 4967 primo
1110 4897 1248 4961 loco,
1272 4909 1428 4965 quem
1451 4891 1686 4948 secundo
1704 4890 2050 4961 perspexerit,
2073 4889 2199 4943 dum

621 4991 815 5061 singuli
845 4988 1005 5044 flores
1030 4988 1215 5043 oculos
1239 4987 1305 5041 ad
1333 5001 1392 5041 se
1417 4985 1647 5055 rapiunt.
1683 4983 1881 5038 Eodem
1920 4981 2079 5035 modo
2105 4997 2202 5036 nos

619 5084 750 5138 item
775 5081 1057 5148 alticimur,
1079 5079 1204 5135 dum
1230 5078 1332 5133 hoc
1351 5077 1628 5148 spirituale
1650 5083 1854 5145 pratum
1885 5071 2069 5143 lgnatii
2098 5072 2206 5125 vir-

622 5181 791 5227 tutum
821 5169 1064 5241 ingressi,
1093 5176 1147 5224 et
1174 5182 1282 5222 non
1311 5181 1503 5222 vernos
1532 5165 1712 5230 ﬂores,
1739 5162 1833 5220 sed
1866 5165 2008 5233 ipsos
2032 5162 2204 5231 Spiri-

625 5271 709 5316 tus
739 5260 940 5316 fructus
962 5261 1138 5313 varios
1165 5273 1229 5313 ac
1250 5257 1497 5312 diversos
1526 5256 1577 5309 in
1603 5256 1717 5324 ejus
1755 5257 1928 5308 anima
1957 5263 2202 5309 contem-

625 5354 834 5424 plantes
853 5348 1268 5417 commovemur,
1288 5364 1352 5405 ac
1376 5348 1676 5405 dubitamus
1702 5347 1841 5403 unde
1869 5347 2202 5418 potissimum

623 5443 986 5507 exordiantur,
1017 5443 1144 5498 dum
1172 5441 1376 5514 singula
1403 5457 1522 5512 qum
1545 5441 1919 5510 conspeximus
1939 5483 1954 5509 ,
1991 5441 2057 5494 ab
2087 5439 2204 5494 aliis

629 5549 728 5590 nos
753 5542 995 5602 avocant,
1020 5543 1073 5589 et
1097 5532 1164 5588 ad
1191 5533 1463 5604 proprium
1486 5531 1695 5586 decoris
1721 5531 2057 5600 splendorem
2083 5546 2204 5586 ocu-

696 5686 716 5716 ι
746 5684 920 5734 Collata
940 5698 1048 5734 cum
1072 5684 1261 5735 duobus
1281 5683 1530 5745 codicibus
1551 5683 1710 5745 Regiis
1737 5682 1854 5732 1832
1873 5689 1924 5733 et
1944 5682 2088 5734 2543.

691 5747 772 5809 (a)_
796 5746 1000 5795 Titulum
1035 5747 1106 5795 sic
1124 5746 1319 5809 habent,
1347 5743 1487 5793 Savil.
1512 5743 1714 5809 et‘unus
1740 5745 1898 5798 Codex
1925 5746 2133 5809 Regius;
2159 5746 2207 5797 iu

622 5805 792 5861 Morel.
809 5821 935 5880 vero
957 5815 1201 5874 postrema
1225 5808 1373 5859 verba
1397 5819 1494 5858 non
1512 5805 1771 5858 habentur.

2285 1148 2368 1204 los
2394 1150 2557 1204 animi
2586 1160 2640 1206 et
2667 1152 2862 1208 mcntis
2885 1151 3053 1208 aciem
3073 1151 3430 1207 invitant.Vos
3449 1153 3590 1207 enim
3622 1153 3726 1222 ipsi
3755 1170 3895 1208 con-

2287 1241 2520 1296 siderate
2547 1260 2560 1296 :
2591 1242 2885 1298 Ecclesiam
2919 1253 3159 1298 nostram
3188 1244 3274 1298 hic
3300 1245 3436 1298 rexit
3461 1252 3570 1297 tant
3599 1258 3893 1314 generose,

2287 1341 2341 1386 et
2368 1342 2509 1388 tanta
2553 1349 2675 1389 cum
2705 1335 2975 1405 diligentia
3001 1377 3017 1402 ,
3059 1345 3310 1405 quantam
3354 1334 3600 1390 Christus
3638 1336 3890 1404 requirit.

2285 1423 2452 1490 Quam
2483 1426 2624 1480 enim
2649 1426 2736 1481 ille
2766 1426 3049 1480 maximam
3076 1441 3321 1480 normam
3345 1434 3398 1481 et
3419 1426 3658 1496 regulam
3688 1429 3888 1496 cpisco-

2286 1517 2369 1583 pis
2407 1518 2622 1582 statuit,
2652 1533 2767 1572 eam
2807 1518 2893 1572 hic
2933 1517 3084 1572 factis
3116 1517 3244 1588 ipsis
3268 1516 3550 1586 expressit.
3595 1517 3734 1572 Nam
3769 1533 3886 1570 cum

2286 1605 2554 1660 Christum
2586 1607 2877 1662 audivisset
2902 1608 3167 1663 dicentem
3200 1627 3213 1661 :
3247 1607 3421 1662 Bonus
3459 1618 3636 1677 pastor
3661 1610 3894 1660 animum

2287 1713 2431 1749 suam
2459 1698 2599 1766 ponit
2625 1699 2913 1768 pro,ovibus
2941 1697 3127 1770 (Joan.
3150 1699 3238 1754 10.
3269 1700 3382 1767 Η),
3407 1699 3550 1753 omni
3579 1698 3900 1754 fortitudine

2288 1799 2404 1839 eam
2433 1800 2529 1854 pro
2557 1787 2745 1840 ovibus
2772 1785 3028 1855 profudit.

2359 1872 2590 1943 Ignatius
2617 1891 2731 1928 cum
2758 1874 3012 1945 Apostolis
3033 1886 3275 1930 versatus.
3309 1875 3509 1932 Lauda
3527 1877 3890 1948 Episcopatu.

2291 1965 2389 2054 Qui
2413 1965 2676 2034 indignum
2702 1968 2920 2028 ordinat,
2953 1975 3267 2035 peccatorum
3295 1969 3404 2037 ejus
3429 1967 3487 2035 ﬁt
3509 1968 3794 2038 particeps.
3827 1995 3900 2010 --

2290 2055 2422 2109 Cnm
2454 2055 2708 2124 apostolis
2733 2065 2951 2112 strenue
2977 2064 3218 2111 versatus
3244 2068 3326 2110 est
3349 2095 3365 2122 ,
3397 2066 3452 2110 et
3480 2057 3677 2111 ﬂuenta
3711 2057 3892 2112 hausit

2291 2147 2603 2215 Spiritualia.
2636 2147 2856 2214 Qualem
2886 2148 3044 2217 igitur
3068 2161 3190 2202 eum
3219 2161 3338 2202 esse
3366 2161 3458 2216 par
3489 2146 3610 2210 fuit,
3646 2147 3740 2216 qui
3771 2163 3901 2201 cum

2292 2236 2394 2290 illis
2420 2238 2673 2292 educatus
2702 2245 2802 2302 est,
2829 2248 2882 2293 et
2908 2238 3103 2307 ubique
3128 2238 3277 2305 vixit,
3309 2248 3365 2293 et
3387 2237 3650 2304 omnium,
3677 2254 3808 2307 quae
3831 2239 3904 2293 ab

2291 2331 2394 2384 illis
2421 2330 2504 2385 vel
2546 2330 2685 2385 dicta
2725 2331 2807 2385 vel
2849 2346 2954 2385 non
2984 2330 3120 2384 dicta
3164 2339 3325 2396 sunt,
3358 2330 3626 2399 particeps
3669 2329 3776 2384 fuit
3801 2370 3818 2394 ,
3848 2340 3906 2384 et

2293 2430 2440 2474 tanto
2465 2422 2763 2491 principatu
2779 2421 2970 2490 dignus
2991 2421 3060 2474 ab
3081 2420 3211 2488 ipsis
3230 2430 3312 2475 est
3329 2419 3632 2490 judicatus?
3658 2421 3903 2475 Rursum

2293 2509 2458 2565 adfuit
2485 2520 2713 2580 tempus,
2743 2510 2883 2580 quod
2915 2508 3276 2565 fortitudinem
3305 2510 3550 2581 exigebat
3573 2519 3630 2564 et
3653 2510 3905 2564 animum

2295 2602 2473 2656 omnia
2516 2602 2796 2672 praesentia
2828 2599 3209 2671 despicientem
3234 2640 3251 2666 ,
3283 2601 3477 2671 quique
3505 2615 3689 2656 amore
3714 2601 3909 2655 divino

2294 2693 2561 2758 ferveret,
2605 2701 2660 2747 et
2703 2691 2988 2747 invisibilia
3015 2691 3311 2747 visibilibus
3333 2691 3629 2747 anteferret
3655 2708 3670 2745 :
3703 2701 3764 2746 et
3795 2699 3906 2745 tam

2293 2785 2447 2840 facile
2495 2801 2710 2841 carnem
2759 2785 3044 2856 deposuit,
3093 2799 3251 2855 quam
3295 2784 3470 2855 quivis
3512 2784 3648 2838 alius
3687 2792 3907 2840 vestem

2295 2877 2552 2930 exuisset.
2581 2875 2715 2943 Quid
2751 2875 2911 2945 igitur
2952 2875 3180 2945 primum
3227 2873 3652 2945 persequemur?
3675 2882 3910 2944 aposto-

2297 2965 2471 3021 lorum
2496 2963 2813 3030 doctrinam,
2836 2979 2994 3034 quam
3026 2964 3080 3018 in
3106 2964 3357 3018 omnibus
3380 2963 3644 3029 exhibuit,
3670 2978 3744 3018 an
3775 2979 3909 3035 pra

2297 3055 2464 3109 sentis
2501 3055 2622 3109 vitae
2667 3053 3078 3122 contemptum?
3107 3067 3174 3107 an
3221 3052 3430 3107 virtutis
3475 3053 3860 3122 praestantiam
3886 3094 3935 3130 ,_

2295 3161 2398 3216 qua
2449 3144 2743 3199 Ecclesiam
2793 3142 3236 3197 administravit?
3283 3142 3452 3210 Quem
3503 3142 3909 3198 laudabimus?

2297 3234 2638 3307 martyrem?
2683 3233 3046 3304 episcopum?
3093 3247 3160 3294 an
3214 3233 3563 3303 apostolum?
3603 3233 3910 3304 Triplieem

2297 3327 2440 3383 enim
2470 3341 2719 3381 coronam
2748 3326 2916 3395 gratia
2940 3324 3168 3395 Spiritus
3195 3323 3487 3389 contexuit,
3518 3340 3622 3395 qua
3649 3334 3907 3381 sanctum

2298 3417 2442 3473 illius
2467 3425 2629 3488 caput
2656 3416 2926 3471 redimivit
2945 3457 2961 3480 ,
2994 3418 3101 3470 imo
3127 3431 3256 3470 vero
3283 3415 3651 3485 multiplicem.
3684 3415 3745 3470 Si
3782 3417 3907 3485 quis

2300 3511 2441 3565 enim
2465 3509 2749 3578 diligenter
2772 3522 2997 3563 coronas
3027 3507 3262 3578 singulas
3285 3506 3632 3575 consideret,
3659 3507 3912 3564 inveniet

2299 3611 2356 3658 et
2385 3604 2514 3656 alias
2542 3601 2695 3655 nobis
2723 3601 3108 3670 germinantes.

2369 3695 2424 3748 Ξ.
2459 3697 2535 3747 Ac
2556 3692 2837 3762 principio,
2864 3692 2908 3746 si
2935 3691 3087 3746 vobis
3115 3692 3304 3761 placet,
3322 3691 3389 3746 ab
3405 3690 3746 3761 episcopatus
3769 3691 3898 3747 lau-

2299 3785 2457 3840 dibus
2503 3783 2842 3853 incipiamus.
2871 3783 3162 3848 Videturne
3190 3781 3341 3836 vobis
3373 3781 3487 3836 haec
3525 3782 3766 3851 simplex
3808 3798 3909 3838 co-

2299 3875 2471 3929 rona?
2499 3875 2610 3944 Age
2640 3873 2799 3942 igitur
2821 3873 3222 3927 consideremus
3241 3913 3257 3939 ,
3286 3881 3340 3928 et
3367 3872 3500 3926 duas
3523 3913 3537 3935 ,
3561 3880 3616 3926 et
3644 3882 3757 3928 tres
3780 3915 3795 3938 ,
3828 3881 3912 3927 at-

2301 3982 2406 4037 que
2430 3966 2562 4020 adeo
2591 3966 2771 4036 plures
2814 3965 2937 4018 inde
2967 3965 3122 4019 nobis
3161 3974 3342 4034 partas
3381 3965 3748 4034 conspicietis.
3797 3965 3909 4021 Ne-

2302 4072 2407 4120 que
2448 4057 2590 4111 enim
2621 4071 2719 4126 ego
2744 4055 2914 4110 virum
2956 4055 3098 4110 hunc
3140 4057 3544 4121 tantummodo,
3575 4057 3721 4127 quod
3752 4067 3911 4114 tanto

2306 4146 2526 4201 honoris
2557 4146 2721 4217 gradu
2747 4145 2937 4215 dignus
2964 4145 3035 4200 sit
3067 4145 3280 4202 habitus
3301 4187 3316 4211 ,
3339 4146 3594 4212 admiror,
3626 4147 3724 4203 sed
3755 4149 3910 4219 quod

2305 4251 2335 4291 a
2365 4237 2562 4292 sanctis
2591 4236 2694 4290 illis
2728 4235 3042 4306 dignitatem
3073 4236 3404 4302 obtinuerit,
3436 4237 3685 4308 quodque
3709 4241 3908 4294 beato-

2305 4346 2424 4386 rum
2453 4329 2811 4399 apostolorum
2841 4343 3033 4384 manus
3071 4344 3283 4384 sacrum
3327 4329 3456 4385 illud
3498 4338 3656 4400 caput
3704 4333 3909 4402 attige-

2307 4423 2432 4475 rint.
2464 4419 2574 4475 Nec
2609 4419 2872 4473 modicum
2912 4418 2963 4474 id
2991 4418 3057 4474 ad
3096 4418 3213 4489 ejus
3255 4419 3467 4474 laudem
3511 4420 3720 4476 confert
3751 4436 3770 4476 :
3797 4437 3906 4476 non

2309 4512 2482 4566 solum
2512 4509 2652 4580 quod
2679 4509 2936 4580 majorem
2966 4525 2997 4565 e
3029 4510 3161 4565 cado
3185 4512 3409 4580 gratiam
3437 4512 3504 4565 sit
3538 4522 3904 4582 assequutus.

2309 4617 2399 4658 aut
2424 4602 2566 4672 quod
2596 4602 2648 4656 in
2678 4601 2850 4671 ipsum
2882 4601 2958 4656 illi
2989 4601 3247 4672 majorem
3275 4604 3381 4657 vim
3411 4602 3639 4672 Spiritus
3666 4604 3904 4661 induxe-

2247 4708 2249 4710 '
2309 4694 2435 4757 rint,
2464 4695 2556 4749 sed
2583 4693 2723 4765 quod
2749 4709 2936 4749 omnes
2960 4736 2974 4760 ,
3006 4710 3124 4765 qua:
3159 4695 3213 4750 in
3241 4695 3545 4750 hominibus
3568 4707 3730 4761 sunt,
3755 4698 3812 4753 in
3840 4714 3909 4754 eo

2309 4789 2530 4842 virtutes
2558 4802 2679 4842 esse
2708 4787 2884 4842 testati
2921 4788 3046 4842 sint.
3079 4787 3192 4842 Hoc
3229 4797 3408 4844 autem
3453 4788 3577 4859 quid
3609 4789 3712 4843 sibi
3739 4791 3904 4856 velit,

2311 4892 2540 4947 expono.
2573 4877 2769 4931 Paulus
2799 4877 2866 4932 ad
2889 4877 3062 4932 Titum
3090 4878 3332 4933 scribens
3357 4895 3370 4931 :
3398 4893 3520 4934 cum
3549 4889 3730 4935 autem
3760 4880 3908 4935 Pau-

2312 4969 2419 5025 lnm
2441 4970 2581 5036 dico,
2608 4984 2712 5024 non
2743 4968 2883 5024 hunc
2911 4969 3079 5024 solum
3101 4970 3364 5040 intelligo,
3386 4969 3480 5025 sed
3501 4979 3554 5026 et
3583 4971 3828 5038 Petrum,
3853 4982 3907 5027 et

2310 5062 2604 5128 Jacubum,
2639 5070 2694 5115 et
2720 5060 2977 5116 Joannem
2998 5102 3012 5127 ,
3041 5070 3205 5131 atque
3243 5077 3457 5116 omnem
3506 5061 3741 5130 ipsorum
3769 5064 3904 5117 eho-

2315 5169 2453 5207 rum.
2487 5151 2944 5220 Quemadmodum
2972 5152 3114 5207 enim
3144 5153 3197 5207 in
3226 5152 3338 5224 lyra
3374 5168 3494 5208 cum
3536 5152 3766 5208 diversa:
3798 5154 3905 5207 sint

2313 5245 2562 5310 chordae,
2607 5259 2745 5299 unus
2789 5253 2964 5298 tamen
3014 5251 3306 5299 concentus
3357 5252 3477 5298 est:
3506 5243 3583 5297 sic
3635 5243 3796 5297 etiam
3853 5245 3903 5297 in

2315 5337 2674 5405 apostolorum
2706 5335 2874 5390 choro
2893 5374 2910 5400 ,
2941 5335 3183 5405 quamvis
3209 5333 3316 5388 sint
3355 5333 3581 5388 diversa:
3619 5349 3866 5403 persona:
3888 5376 3902 5398 ,

2316 5444 2417 5482 una
2458 5439 2634 5482 tamen
2683 5428 2924 5484 doctrina
2969 5436 3079 5493 est,
3109 5426 3231 5497 quia
3271 5435 3326 5481 et
3366 5440 3504 5480 unus
3553 5426 3743 5479 artifex
3789 5436 3904 5479 erat

2313 5521 2544 5590 Spiritus
2572 5529 2805 5585 sanctus,
2838 5519 2927 5589 qui
2960 5520 3193 5587 ipsorum
3219 5518 3428 5572 animos
3456 5517 3904 5587 movebathidquo

2315 5611 2513 5667 Paulus
2556 5599 2880 5673 ostendens,
2909 5608 3029 5663 Sive
3055 5608 3232 5678 igitur,
3264 5609 3464 5676 inquit,
3506 5607 3604 5669 illi,
3647 5608 3750 5661 sive
3772 5624 3898 5677 ego,

2313 5705 2386 5759 sic
2416 5703 2748 5774 prazdicamus
2778 5704 2854 5772 (ί.
2885 5700 3003 5756 Cor.
3034 5701 3118 5754 15.
3144 5700 3256 5768 lt).
3287 5700 3382 5753 llic
3411 5714 3538 5769 ergo
3567 5699 3806 5754 scribens
3831 5697 3896 5751 ad

2317 5797 2533 5863 Titum,
2579 5804 2633 5852 et
2680 5795 2876 5854 docens
2924 5793 3097 5866 qualis
3146 5793 3426 5864 cpiscopus
3483 5806 3604 5848 esse
3660 5791 3897 5857 debeat,
