4082 6424
172 361 284 419 589

176 473 391 540 Oportet
418 477 572 544 enim,
603 477 793 549 inquit,
819 479 1108 550 episcopum
1141 477 1247 531 sine
1274 475 1483 531 crimine
1512 493 1638 547 esse,
1668 476 1770 532 sic-

171 576 228 623 ut
265 567 368 624 Dei
390 569 827 642 dispensatorem;
855 589 956 626 non
981 572 1270 642 superbum,
1303 587 1406 624 non
1428 569 1731 624 iracundum
1752 611 1769 640 ,

167 672 273 712 non
305 663 638 730 vinolentum,
669 681 771 719 non
799 680 1144 736 percussorem
1166 706 1182 730 ,
1210 680 1312 719 non
1334 664 1494 736 turpis
1523 665 1652 718 lucri
1677 681 1771 718 cu-

174 751 354 818 pidum
379 768 400 806 :
420 753 510 806 sed
535 755 856 825 hospitalem,
878 755 1163 827 benignum,
1182 755 1494 827 prudentem,
1526 754 1769 822 sobrium,

166 846 401 914 iustum,
432 856 664 910 sanctum
682 888 697 913 ,
723 849 1076 925 continentem,
1105 847 1484 918 amplectentem
1504 864 1615 901 eum
1640 889 1654 915 ,
1686 848 1773 919 qui

166 937 447 991 secundum
468 938 748 994 doctrinam
768 949 860 1006 est,
886 942 1085 1010 ﬁdelem
1107 957 1403 1004 sermonem,
1429 947 1484 994 ut
1509 950 1682 1005 potens
1706 941 1773 994 sit

165 1035 216 1078 et
236 1027 367 1081 alios
382 1029 640 1084 exhortari
650 1029 703 1082 in
716 1025 960 1087 doctrina
968 1041 1167 1100 sana,et
1184 1048 1286 1098 eos,
1300 1032 1385 1102 qui
1396 1032 1766 1100 contradicunt,

163 1135 384 1189 arguere
426 1120 557 1194 (Tit.
589 1123 642 1177 i.
676 1124 813 1193 7-9).
848 1122 915 1178 Et
937 1122 1002 1177 ad
1029 1121 1370 1179 Timotheum
1392 1123 1582 1178 eadem
1609 1123 1676 1177 de
1710 1138 1770 1178 re

163 1212 410 1266 scribens
435 1232 446 1265 :
473 1213 533 1267 Si
552 1215 684 1282 quis,
707 1215 897 1285 inquit,
919 1217 1260 1287 episcopatum
1285 1217 1555 1282 desiderat,
1585 1215 1770 1269 bonum

161 1321 299 1373 opus
343 1304 595 1358 desiderat
623 1328 642 1361 ;
670 1317 864 1377 oportet
907 1309 1061 1378 igitur
1105 1309 1396 1379 episcOpuin
1455 1307 1772 1377 irreprelten-

161 1398 364 1451 sibi/em
384 1415 508 1461 esse,
533 1399 684 1454 unius
719 1401 896 1454 uxoris
931 1400 1117 1468 virum,
1153 1400 1408 1466 sobrium,
1431 1399 1765 1469 prudentem,

162 1501 406 1544 ornatum
423 1534 437 1558 ,
464 1493 766 1562 hospitalem
785 1535 800 1560 ,
824 1495 1079 1548 doctorem
1099 1533 1115 1560 ,
1144 1511 1244 1547 non
1275 1492 1584 1546 vinolentum
1606 1533 1619 1558 ,
1666 1508 1769 1546 non

165 1599 536 1651 percussorem;
558 1585 647 1639 sed
683 1586 963 1641 modestum
983 1627 999 1653 ,
1031 1602 1134 1638 non
1165 1584 1468 1655 litigiosum,
1495 1583 1768 1653 noncupi-

165 1673 293 1726 dum
323 1676 370 1745 (ἱ
410 1673 542 1744 Tim.
570 1677 623 1731 5.
665 1676 808 1746 1-3).
841 1675 1006 1731 Vides
1044 1683 1299 1745 quantam
1339 1675 1550 1730 virtutis
1584 1672 1770 1729 excel-

165 1768 390 1824 lentiam
431 1773 483 1823 iu
531 1770 789 1840 episcopo
814 1767 1571 1840 requiratiQuemadmodum
1617 1766 1764 1821 enim

165 1860 343 1930 pictor
387 1861 631 1932 egregius
668 1861 877 1916 colores
906 1860 1083 1915 varios
1123 1860 1455 1926 commiscet,
1485 1867 1544 1912 ut
1574 1872 1762 1912 exem-

165 1953 290 2022 plar
320 1953 568 2024 imaginis
592 1953 753 2025 regini
775 1995 790 2019 ,
818 1969 976 2025 quam
1006 1967 1361 2023 expressurus
1400 1962 1519 2018 est,
1549 1951 1619 2005 ita
1641 1951 1765 2005 dilio

171 2055 364 2115 genter
403 2024 691 2112 conﬁciat,
730 2054 790 2101 ut
812 2046 901 2115 qui
940 2024 1059 2100 eam
1103 2044 1368 2115 depicturi
1411 2052 1555 2111 sunt,
1578 2056 1768 2098 omnes

166 2131 404 2190 habeant
443 2134 586 2206 quod
631 2129 909 2191 imitentur
939 2153 953 2188 :
981 2135 1060 2190 sic
1097 2150 1228 2190 sane
1257 2141 1314 2189 et
1340 2133 1526 2190 beatus
1573 2132 1768 2188 Paulus

164 2237 442 2299 tamquam
461 2229 661 2299 regiam
683 2227 966 2299 qiiamdam
983 2227 1210 2298 efﬁgiem
1236 2227 1482 2298 pingens,
1503 2235 1558 2282 et
1580 2240 1766 2281 exem-

163 2318 289 2388 plar
339 2319 507 2389 ipsius
558 2319 880 2386 conﬁciens,
907 2319 1086 2374 varios
1127 2319 1338 2374 virtutis
1393 2320 1585 2373 miscet
1619 2318 1768 2372 colo-

164 2424 288 2476 res,
333 2409 596 2481 nobisque
641 2409 872 2465 formam
911 2409 1271 2481 episcopalem
1320 2409 1386 2463 ad
1442 2408 1762 2463 imitandum

163 2502 482 2572 proposuit,
516 2511 575 2559 ut
610 2504 699 2574 qui
729 2503 794 2558 ad
841 2503 980 2558 hanc
1021 2501 1334 2573 dignitatem
1377 2501 1764 2574 provehuntur,

161 2593 234 2648 ad
262 2593 410 2648 illam
430 2593 780 2666 respicientes
802 2593 990 2650 eadem
1011 2594 1354 2648 accuratione
1373 2593 1612 2648 actiones
1631 2608 1763 2649 suas

161 2699 358 2741 omnes
410 2685 778 2740 moderentur.
837 2685 1026 2740 Ausim
1075 2685 1236 2754 igitur
1282 2682 1551 2738 afﬁrmare
1601 2693 1766 2739 totam

163 2775 312 2847 hanc
329 2773 560 2831 formam
587 2775 641 2829 in
672 2774 852 2829 animo
885 2789 986 2830 suo
1021 2774 1234 2829 beatum
1258 2773 1517 2846 ignatium
1545 2788 1767 2844 expres-

160 2866 306 2920 sisse
336 2881 351 2920 :
374 2878 500 2918 nam
528 2873 583 2918 et
611 2863 1097 2932 irreprehensibilis
1121 2862 1250 2931 fuit,
1280 2872 1336 2918 et
1358 2864 1474 2919 sine
1498 2864 1723 2919 crimine
1745 2903 1786 2930 ,.

163 2969 277 3009 non
307 2961 486 3008 autem
512 2953 775 3023 superbus
801 2994 816 3020 ,
843 2968 1018 3024 neque
1045 2953 1334 3026 iracundus
1353 2993 1369 3019 ,
1400 2968 1500 3008 nec
1524 2953 1766 3008 vinolen-

164 3057 286 3111 tus,
316 3059 417 3099 nec
449 3033 751 3115 percussor,
778 3059 878 3099 nec
921 3045 1185 3114 litigiosus
1205 3086 1222 3110 ,
1249 3059 1352 3099 nec
1378 3043 1605 3114 cupidus
1629 3086 1645 3111 ,
1671 3043 1768 3099 sed

163 3139 347 3208 justus
364 3177 380 3203 ,
412 3144 627 3192 sanctus
646 3177 660 3200 ,
684 3136 967 3192 continens
987 3178 1001 3201 ,
1023 3136 1356 3206 amplectens
1374 3150 1498 3190 eum
1519 3176 1534 3202 ,
1565 3135 1656 3206 qui
1679 3150 1767 3190 se-

166 3229 411 3288 cundum
432 3229 730 3285 doctrinam
763 3238 878 3294 est,
913 3229 1123 3285 ﬁdelem
1153 3244 1457 3286 sermonem
1481 3271 1496 3298 ,
1528 3229 1764 3291 sobrius,

170 3322 416 3395 prudens
437 3362 453 3386 ,
489 3329 740 3385 ornatus,
769 3329 826 3376 et
852 3334 1046 3375 caetera
1065 3361 1080 3386 ,
1110 3335 1228 3390 quae
1254 3320 1452 3374 Paulus
1475 3319 1670 3389 exegit.
1701 3317 1769 3373 Et

165 3413 388 3484 quinam
418 3421 543 3467 sunt
573 3407 764 3467 horum
796 3410 997 3468 testes?
1022 3411 1186 3466 Iidem
1229 3411 1329 3482 ipsi
1349 3411 1438 3482 qui
1476 3411 1590 3466 lucc
1614 3410 1767 3466 dixe-

165 3512 318 3571 runt,
341 3503 431 3574 qui
453 3503 597 3559 hunc
633 3503 795 3558 etiam
820 3503 1117 3574 elegerunt.
1149 3501 1335 3573 Neque
1373 3502 1516 3558 enim
1542 3502 1632 3571 qui
1660 3510 1766 3555 tam

166 3595 460 3666 diligenter
483 3602 709 3649 ceteros
736 3602 1094 3660 monuerunt,
1121 3601 1182 3648 ut
1204 3592 1494 3662 probarent
1517 3604 1614 3646 eos
1633 3632 1649 3657 ,
1677 3592 1766 3662 qui

168 3689 227 3742 in
255 3685 414 3755 hujus
434 3684 707 3755 dignitatis
741 3683 991 3739 thronum
1027 3691 1211 3738 essent
1246 3682 1521 3738 ascensuri
1545 3722 1561 3747 ,
1590 3681 1769 3736 obiter

167 3778 276 3850 ipsi
317 3786 409 3832 aut
435 3777 768 3848 negligenter
806 3775 859 3831 id
890 3775 1255 3847 peregissent;
1281 3773 1377 3828 sed
1407 3773 1509 3827 nisi
1542 3781 1766 3827 cunctas

169 3870 227 3924 in
253 3867 502 3938 martyris
520 3866 702 3922 animo
726 3867 949 3922 virtutes
973 3865 1399 3937 conspexissent,
1419 3879 1526 3919 non
1551 3865 1686 3919 hanc
1713 3863 1766 3919 in

173 3961 344 4022 illum,
386 3959 700 4029 dignitatem
746 3957 1122 4013 contulissent.
1167 3956 1372 4011 Norant
1421 3957 1565 4010 enim
1611 3955 1768 4026 plane

171 4066 335 4122 quam
380 4050 681 4121 periculose
730 4057 954 4120 agerent
996 4048 1087 4118 qui
1133 4048 1190 4102 in
1229 4045 1297 4102 iis
1343 4045 1768 4102 ordinationibus

168 4157 298 4200 sese
332 4149 582 4213 gererent
623 4139 982 4212 negligenter.
1025 4136 1180 4206 Quod
1221 4135 1437 4208 quidem
1467 4150 1651 4192 rursus
1674 4151 1766 4191 os-

172 4232 400 4288 tendens
426 4231 622 4287 Paulus
645 4273 663 4300 ,
689 4230 759 4287 ad
791 4230 1042 4288 eumdem
1083 4227 1425 4284 Timotheum
1473 4226 1714 4284 scribens
1745 4245 1759 4282 :

172 4322 389 4391 Manus,
410 4322 612 4393 inquit,
639 4321 739 4376 cito
767 4321 957 4377 nemini
992 4320 1294 4390 imposueris
1313 4361 1329 4384 ,
1361 4334 1518 4390 neque
1541 4335 1768 4372 commu-

169 4413 420 4468 nicaveris
435 4414 634 4486 peccatis
658 4408 930 4484 alienisﬂ.
953 4406 1284 4482 Tim.5.22).
1313 4409 1451 4477 Quid
1476 4408 1604 4479 ais‘l
1628 4409 1767 4467 alius

172 4504 433 4575 peccavit,
462 4515 518 4559 et
542 4517 643 4576 ego
670 4504 954 4558 criminum
972 4511 1027 4559 et
1054 4501 1304 4573 supplicii
1331 4502 1600 4572 particeps
1627 4501 1767 4557 ero?

167 4593 406 4662 Quidni,
428 4594 629 4665 inquit,
655 4607 780 4650 cum
819 4592 1068 4664 improbo
1113 4591 1360 4649 dederis"
1379 4593 1766 4648 occasionem?

167 4686 323 4743 Sicut
348 4685 493 4741 enim
519 4684 611 4755 qui
631 4683 837 4740 furioso
860 4693 1020 4755 atque
1048 4684 1247 4740 amenti
1285 4693 1499 4740 acutum
1528 4683 1765 4754 gladium

175 4775 404 4848 praebet,
433 4791 542 4848 quo
564 4777 654 4833 ille
678 4775 864 4832 furens
899 4775 1103 4831 caedem
1134 4771 1314 4843 faciat,
1341 4775 1388 4831 is
1417 4770 1578 4830 cadis
1605 4775 1766 4830 sustio-

174 4877 270 4932 ne;
286 4869 496 4940 cuipam
521 4885 536 4925 :
560 4869 639 4926 sic
665 4870 829 4925 etiam
864 4868 956 4940 qui
986 4867 1229 4940 improbe
1253 4868 1452 4924 viventi
1492 4867 1765 4938 dignitatis

173 4962 335 5034 hujus
356 4963 576 5019 exhibet
600 4963 904 5018 facultatem
923 5002 942 5030 ,
969 4971 1139 5018 totum
1165 4971 1506 5037 peccatorum
1533 4961 1674 5019 illius
1711 4971 1766 5019 ct

170 5056 468 5112 [acinorum
505 5056 694 5126 ignem.
709 5053 877 5110 trahit
919 5065 1083 5126 super
1109 5061 1272 5125 caput
1299 5068 1486 5119 suum;
1519 5068 1643 5108 nam
1668 5051 1760 5123 qui

161 5146 373 5203 'radieis
415 5153 502 5203 est
536 5159 728 5213 causa,
759 5145 806 5201 is
833 5145 1074 5201 omnium
1116 5159 1186 5200 ex
1227 5144 1407 5200 radice
1446 5144 1764 5214 provenien-

172 5242 308 5296 tium
333 5248 522 5296 auctor
557 5247 659 5295 est.
690 5237 878 5307 Videu'
916 5237 1176 5310 piomodo
1202 5234 1398 5309 duplex
1424 5251 1620 5293 corona
1648 5239 1764 5308 epi-

171 5339 426 5401 scopatus
455 5337 747 5402 appareat,
773 5336 829 5386 et
854 5327 998 5400 quod
1023 5329 1253 5409 dignitas
1276 5343 1463 5386 eorum
1485 5369 1502 5395 ,
1529 5327 1617 5397 qui
1645 5343 1762 5382 ma-

171 5436 276 5477 nus
304 5421 383 5477 illi
425 5420 828 5490 imposuerunt,
869 5420 986 5491 ejus
1028 5420 1379 5491 principatum
1426 5417 1762 5489 splendidio-

173 5528 288 5569 rem
321 5511 509 5579 i’aciat,
532 5519 588 5567 et
623 5512 863 5568 omnium
891 5511 942 5568 ei
971 5512 1225 5568 virtutum
1269 5511 1629 5568 testimonium
1660 5526 1761 5568 ex-

171 5603 389 5658 hibeat?

243 5697 300 5752 3.
327 5694 500 5752 Vultis
541 5705 599 5751 ut
638 5697 796 5752 aliam
834 5697 988 5753 vobis
1025 5711 1093 5752 ex
1123 5695 1225 5751 hoc
1267 5695 1383 5766 ipso
1411 5694 1758 5765 pullulantem

173 5795 430 5846 Coronam
472 5788 744 5860 aperiam?
766 5787 999 5860 Tempus
1037 5789 1356 5867 cogitemus,
1383 5801 1489 5856 quo
1524 5786 1756 5858 dignita-

1396 363 1462 420 ΙΝ
1500 363 1557 420 S.
1591 361 1918 422 lGNATIUil
1958 365 2365 422 MAllTYRESi.

3368 369 3468 426 590

1884 486 1990 534 tem
2043 479 2184 535 hanc
2221 487 2303 535 est
2351 494 2691 551 assequutus.
2733 479 2915 551 Neque
2952 478 3094 536 enim
3140 477 3328 537 eadem
3388 490 3471 537 est

1881 583 2022 625 nunc
2043 611 2058 638 ,
2090 584 2209 640 quae
2238 579 2362 625 tunc
2408 579 2556 638 erat,
2581 565 2883 627 Ecclesiam
2912 569 3238 641 gubernandi
3281 570 3467 626 condi-

1879 661 2001 716 tio:
2030 670 2218 718 utnon
2249 663 2468 733 mqualis
2506 661 2771 719 est‘iabor
2811 662 2951 719 viam
2986 664 3163 718 tritam
3203 670 3259 719 et
3303 664 3464 733 plane

1879 762 2116 825 paratam
2142 765 2262 825 post
2282 757 2481 811 multos
2507 755 2713 826 ingredi
2735 756 2989 822 viatores,
3020 762 3185 826 atque
3208 736 3325 810 eam
3343 770 3463 826 qum

1879 861 2021 902 nunc
2042 848 2214 918 primo
2237 848 2471 903 secanda
2491 851 2838 918 est,'qu:eque
2863 857 3151 926 prterupta,
3169 853 3225 902 et
3244 860 3457 912 saxosa,

1877 929 2110 1010 feriSque
2145 942 2320 1011 plena,
2352 956 2455 996 nec
2473 941 2664 1006 ,ullum
2705 940 2880 995 adhuc
2924 941 3179 996 viatorem
3227 940 3459 997 admisit.

1879 1030 1990 1085 [ioc
2013 1031 2223 1102 quidem
2249 1043 2494 1102 tempore
2524 1027 2864 1102 pedgratiam
2899 1033 2993 1087 Dei
3020 1031 3225 1087 nullum
3253 1034 3464 1101 episco-

1875 1125 1957 1194 pis
1992 1126 2284 1195 periculum
2315 1125 2596 1191 imminet,
2625 1123 2722 1181 sed
2763 1139 2866 1195 pax
2893 1123 3126 1195 undique
3162 1123 3417 1202 profunga
3439 1165 3460 1191 ,

1875 1222 1930 1268 et
1960 1215 2343 1285 tranquillitate
2375 1215 2552 1269 cuncti
2581 1213 2924 1285 perfruimur,
2956 1230 3077 1272 cum
3106 1215 3318 1286 pictatis
3341 1230 3463 1271 ver-

1874 1304 2001 1360 bum
2028 1305 2174 1360 orbis
2208 1315 2469 1361 terrarum
2494 1315 2750 1362 terminos
2771 1307 3066 1377 occuparit,
3088 1317 3142 1362 et
3166 1307 3257 1380 qui
3286 1308 3459 1378 impe-

1873 1395 2012 1449 rium
2043 1395 2303 1462 obtinent,
2326 1396 2487 1452 ﬁdem
2516 1397 2754 1457 studiose
2776 1397 2955 1453 colant
2975 1407 3135 1468 atque
3154 1398 3460 1454 observent.

1874 1485 2025 1542 Tunc
2054 1497 2230 1542 autem
2260 1477 2392 1543 nihil
2424 1497 2540 1544 erat
2559 1488 2846 1558 ejusmodi,
2866 1487 2960 1543 sed
2985 1503 3322 1559 quocumque
3341 1489 3462 1560 quis

1872 1579 2056 1633 oculos
2085 1587 2335 1645 verteret,
2365 1578 2563 1649 ubique
2589 1580 2905 1650 pmipitia,
2927 1578 3202 1644 baratlira,
3219 1587 3275 1634 et
3293 1579 3455 1646 bella,

1869 1675 1926 1724 et
1949 1683 2161 1739 pugnas,
2184 1677 2238 1725 et
2265 1670 2502 1740 pericula
2535 1689 2546 1723 :
2582 1653 2848 1741 principes
2873 1712 2887 1736 ,
2915 1687 3068 1743 reges
3089 1712 3104 1738 ,
3132 1671 3349 1741 populi,
3375 1670 3461 1725 ci-

1871 1759 2062 1816 vitates
2083 1769 2136 1816 et
2155 1769 2362 1831 gentes,
2384 1761 2665 1818 domestici
2694 1770 2748 1818 et
2774 1763 2932 1816 alieni
2953 1803 2967 1828 ,
2998 1761 3341 1817 credentibus
3375 1761 3462 1815 in-

1871 1849 2031 1904 sidias
2075 1849 2383 1905 tendebaut.
2423 1849 2608 1920 Neque
2640 1863 2772 1906 vero
2817 1851 2870 1906 id
2899 1852 3072 1906 solum
3115 1859 3232 1906 erat
3268 1864 3460 1921 grave,

1872 1938 1967 1992 sed
2009 1940 2168 1992 etiam
2215 1940 2354 2010 quod
2398 1940 2730 1996 credentium
2783 1941 3060 2010 plerique,
3116 1949 3300 2010 utpote
3340 1951 3465 1996 tunc

1873 2029 2103 2098 primum
2133 2045 2268 2084 nova
2306 2031 2554 2101 degmata
2605 2031 2983 2102 degustantes,
3018 2047 3210 2103 magna
3237 2033 3467 2102 egebant

1872 2121 2228 2192 indulgentia,
2250 2131 2307 2177 et
2331 2122 2903 2192 erantimbeeilliores,
2929 2133 2983 2180 et
2997 2138 3140 2195 sarpe
3165 2125 3466 2195 supplanta-

1872 2213 2067 2268 bantur
2096 2213 2272 2283 :quod
2297 2213 2511 2285 quidem
2541 2230 2644 2269 non
2673 2215 2850 2270 minus
2877 2214 3144 2285 afﬂigebat
3171 2216 3424 2273 doctores.
3442 2256 3462 2283 ,

1871 2318 2031 2373 quam
2075 2316 2294 2359 externa
2345 2282 2482 2359 bella
2504 2345 2519 2372 ,
2546 2303 2672 2375 quin
2708 2306 2870 2360 etiam
2919 2306 3088 2360 multo
3118 2307 3288 2378 magis
3320 2325 3334 2360 :
3366 2320 3466 2362 ex.

1873 2403 2042 2450 ternm
2085 2397 2230 2450 enim
2279 2411 2469 2466 pugnae
2512 2405 2675 2467 atque
2716 2397 2923 2452 insidia:
2952 2407 3176 2468 propter
3211 2398 3464 2468 reposita:

1871 2485 2135 2542 mercedis
2172 2501 2321 2558 spem
2370 2487 2694 2558 voluptatem
2738 2489 2962 2544 multam
3003 2488 3317 2544 aﬁ‘erebant.
3370 2487 3463 2545 ld-

1871 2581 2019 2634 circo
2043 2590 2098 2635 et
2119 2579 2343 2650 apostoli
2366 2581 2658 2650 gaudentes
2681 2593 2710 2635 a
2734 2590 3024 2650 conspectu
3045 2581 3258 2638 concilii
3281 2582 3461 2638 disce-

1872 2669 2101 2739 debant,
2125 2671 2264 2741 quod
2291 2673 2513 2726 verbera
2543 2673 2888 2741 pertulissent
2939 2672 3073 2744 (Act.
3109 2674 3162 2729 5.
3188 2670 3300 2743 4i);
3328 2672 3468 2728 Pau-

1873 2755 1958 2816 lus
1995 2762 2155 2817 etiam
2199 2762 2424 2828 clamat,
2453 2761 2696 2830 Gaudeo,
2731 2763 3012 2834 inquiens,
3046 2765 3102 2818 in
3147 2764 3465 2835 passioniqus

1846 2854 1996 2908 ‘meis
2019 2852 2155 2922 (Cal.
2186 2853 2238 2908 i.
2258 2854 2372 2925 24),
2403 2861 2459 2909 et
2484 2853 2676 2924 ubique
2723 2854 2776 2908 in
2804 2854 3234 2910 tribulationibus
3260 2855 3460 2926 gloria-

1874 2951 1978 2998 tur.
2010 2943 2431 3000 Domesticorum
2461 2953 2639 2999 autem
2661 2945 2906 3010 vulnera,
2931 2951 2986 3000 et
3003 2942 3229 3000 fratrum
3254 2946 3458 3016 lapsus,

1872 3050 1972 3090 nec
2002 3038 2268 3107 respirare
2293 3037 2507 3107 quidem
2539 3034 2656 3091 illos
2686 3035 3101 3107 permittebant,
3128 3036 3236 3107 sed.
3249 3049 3463 3106 semper

1871 3127 2033 3181 veluti
2050 3143 2211 3198 grave
2235 3128 2498 3198 quoddam
2522 3127 2703 3198 iugum
2735 3128 2971 3182 cervices
2992 3128 3288 3183 animorum
3310 3130 3462 3198 ipso-

1873 3233 1990 3272 rum
2034 3217 2248 3273 assidue
2291 3217 2607 3287 premebant
2654 3224 2708 3273 et
2743 3215 3072 3288 ai'liigebant.
3116 3216 3254 3273 Audi
3302 3219 3462 3289 igitur

1872 3309 2140 3378 quomodo
2167 3309 2360 3363 Paulus
2384 3349 2398 3372 ,
2433 3308 2501 3362 ita
2523 3308 2762 3378 gaudens
2795 3309 2850 3363 in
2877 3307 3236 3379 passionibus,
3267 3308 3335 3364 de
3356 3308 3461 3363 illis

1872 3399 2064 3452 acerbe
2084 3397 2260 3452 doleat
2290 3416 2303 3451 :
2337 3398 2498 3465 Quis,
2521 3397 2729 3467 inquit,
2761 3397 3073 3468 inﬁrmatur,
3127 3407 3177 3452 et
3222 3415 3316 3469 ego
3356 3415 3460 3452 non

1870 3489 2150 3562 infirmari
2174 3490 2284 3559 quis
2309 3490 2710 3556 scandalizatur,
2740 3498 2788 3543 et
2811 3505 2906 3561 ego
2931 3505 3032 3544 non
3061 3504 3184 3544 uror
3227 3488 3306 3562 (2.
3335 3488 3459 3545 Cor.

1874 3558 1963 3635 ii.
2001 3578 2132 3651 29)?
2167 3558 2232 3634 Et
2275 3593 2486 3634 rursum
2513 3622 2528 3644 ,
2562 3577 2735 3634 Timeo
2773 3558 3095 3646 nevueniens,
3136 3558 3247 3634 non
3286 3580 3462 3650 quales

1871 3670 2006 3737 solo,
2067 3672 2318 3750 inveniam
2355 3689 2441 3725 ws
2467 3687 2486 3725 :
2509 3680 2558 3724 et
2585 3686 2677 3741 ego
2705 3670 2936 3725 inveniar
2963 3687 2995 3724 a
3022 3669 3157 3726 vobis
3185 3711 3201 3738 ,
3249 3669 3454 3739 qualem

1873 3779 1974 3816 non
1999 3762 2150 3816 vultis
2174 3763 2246 3832 (2.
2261 3759 2614 3830 Cor.l%.20.)
2632 3758 2694 3814 Et
2705 3761 2870 3833 paulo
2881 3767 3024 3831 post:
3040 3758 3122 3814 Ne
3141 3773 3257 3814 cum
3282 3772 3462 3815 venero

1872 3855 1942 3908 ad
1975 3871 2062 3909 vos
2089 3854 2317 3908 Isumiliet
2345 3869 2424 3908 me
2453 3854 2618 3920 Deus,
2650 3860 2698 3908 et
2727 3851 2926 3923 lugeam
2951 3852 3136 3907 multos
3159 3868 3223 3907 es:
3246 3852 3310 3906 iis
3332 3894 3348 3919 ,
3373 3853 3461 3922 qui

1870 3955 1989 4000 ante
2028 3952 2354 4013 peccaverunt
2375 3983 2392 4009 ,
2435 3952 2484 3998 et
2526 3957 2646 3998 non.
2671 3951 2879 4014 egerunt
2925 3940 3266 4012 penitentiam
3307 3957 3462 4010 super

1870 4035 2192 4090 immunditia
2215 4076 2230 4099 ,
2274 4045 2322 4088 et
2371 4035 2707 4104 fornicatione
2735 4037 2777 4102 ί,
2804 4040 2854 4088 et
2893 4033 3209 4103 impudicitia
3232 4073 3250 4101 ,
3302 4046 3459 4104 quam

1870 4137 2130 4200 gesserunt
2176 4127 2283 4198 (Ib.
2317 4143 2366 4181 υ.
2410 4125 2532 4197 2!).
2564 4127 2791 4197 Semper
2825 4125 3056 4196 denique
3084 4124 3260 4181 cernis
3283 4123 3457 4194 ipsum

1873 4220 1927 4274 in
1975 4219 2225 4292 lacryiuis
2264 4227 2319 4275 et
2361 4216 2826 4274 lamentatiOuihus
2869 4225 3088 4290 propter
3135 4217 3468 4274 domesticos

1873 4312 2107 4378 versari,
2133 4321 2188 4368 et
2231 4321 2450 4383 propter
2477 4325 2607 4378 eos,
2634 4311 2725 4382 qui
2763 4309 3136 4378 crediderant,
3161 4308 3460 4365 contremio

1871 4419 2042 4461 scere.
2089 4404 2547 4472 Quemadmodum
2594 4402 2754 4473 igitur
2778 4401 3190 4473 gubernatorem
3221 4401 3457 4457 admira-

1871 4511 2013 4565 mur,
2053 4512 2159 4552 non
2205 4512 2327 4553 cum
2374 4495 2661 4568 tranquillo
2705 4507 2842 4550 mari
2883 4503 2939 4551 et
2987 4493 3242 4550 secundis
3283 4495 3458 4550 ventis

1871 4600 2115 4645 vectores
2158 4587 2212 4643 in
2255 4598 2467 4658 portum
2508 4585 2806 4642 incolumes
2831 4584 3010 4650 ducit;
3047 4583 3142 4641 sed
3165 4596 3290 4640 cum
3315 4585 3462 4640 insa-

1872 4681 2053 4736 niente
2079 4680 2296 4751 pelago,
2328 4675 2687 4748 ﬂuctibusque
2718 4675 3101 4742 scvientibus,
3129 4675 3218 4747 qui
3247 4675 3301 4730 in
3332 4677 3460 4737 navi

1871 4780 2016 4837 sunt,
2043 4771 2187 4826 inter
2212 4783 2273 4826 se
2292 4768 2636 4834 dissentiunt,
2665 4779 2867 4838 magna
2888 4773 3207 4837 tempestate
3228 4766 3372 4820 intus
3396 4771 3454 4821 et

1872 4861 2003 4919 foris
2029 4862 2340 4938 navigantes
2364 4860 2668 4932 exagitante
2687 4895 2702 4926 ,
2725 4861 2902 4915 navim
2924 4867 3099 4915 tamen
3125 4865 3304 4930 potest
3323 4857 3455 4913 diri-

1869 4969 1999 5028 gere
2023 4967 2077 5012 et
2101 4967 2422 5014 consonam
2449 4971 2465 5009 :
2492 4954 2572 5011 sic
2591 4966 2685 5010 eos
2712 4951 2804 5023 qui
2832 4961 2958 5008 tunc
2985 4951 3276 5026 Ecclesium
3298 4962 3452 5022 rege-

1870 5047 2018 5111 bant,
2041 5047 2208 5104 multo
2231 5047 2427 5118 magis,
2457 5052 2617 5117 quam
2652 5041 2773 5098 illos
2790 5083 2806 5110 ,
2834 5042 2923 5113 qui
2949 5053 3068 5098 eam
3093 5043 3147 5097 in
3168 5041 3452 5112 prasentia

1871 5142 2204 5214 gubernant,
2233 5140 2506 5208 suspicere
2545 5137 2800 5192 debemus
2827 5144 2882 5190 et
2923 5133 3208 5214 admirari,
3234 5132 3452 5204 quando

1869 5212 2036 5289 multa
2058 5231 2194 5288 bella
2230 5231 2374 5286 intus
2399 5235 2454 5286 et
2494 5216 2652 5294 loris,
2676 5224 2889 5297 quando
2919 5212 3040 5281 ﬁdei
3070 5225 3250 5294 planta
3280 5224 3450 5280 imbe-

1868 5326 2043 5383 cillior
2061 5324 2236 5381 adhuc
2260 5321 2551 5394 diligentiae
2577 5321 2748 5392 magis
2775 5318 3073 5390 indigebat,
3100 5315 3316 5389 quando
3341 5316 3447 5372 vei-

1868 5421 1945 5475 uti
1989 5419 2154 5475 modo
2194 5415 2403 5488 genitus
2430 5413 2605 5470 iulans
2637 5407 2891 5469 Ecclesiae
2935 5411 3164 5483 populus
3203 5423 3451 5479 magnam

1867 5510 2250 5581 providentiam
2275 5515 2436 5578 atque
2463 5505 2778 5576 sapientiam
2822 5503 3048 5568 animai,
3074 5515 3179 5572 qua
3215 5501 3440 5559 lactare-

1867 5610 1976 5670 tur,
2010 5597 2329 5673 postulabat.
2355 5595 2557 5654 Verum
2595 5603 2654 5652 ut
2694 5595 2907 5666 planius
2938 5592 3268 5663 iutelligatis,
3315 5601 3450 5662 quot

1862 5795 1900 5847 Γ
1928 5737 1946 5766 ι
1981 5741 2109 5785 unus
2125 5739 2262 5801 “eg,
2294 5699 2623 5795 fornicatione,
2641 5735 2698 5779 ut
2721 5725 2846 5791 legit
2861 5731 3125 5788 tuterpres.
3154 5721 3444 5790 Aliinequi-

1881 5809 1947 5847 sa.

1881 5809 1947 5848 ια.
