4082 6430
166 467 267 529 591

178 583 509 654 Ἐκκλησίαν
544 576 1017 654 ἑμπιστευθέντες.
1040 573 1135 629 καὶ
1162 573 1283 636 ὅσος
1314 572 1473 635 πόνος
1496 570 1591 624 καί⁵
1611 567 1855 654 κίνδυνος

167 672 227 725 ἐν
255 644 691 742 προοιμίοιςααὶ
720 668 865 738 ἀρχῇ
897 664 1134 735 πρᾶγμα
1165 658 1555 725 ἀναδέξασθαι,
1587 655 1685 709 καὶ
1708 644 1864 726 ἐρώ-

166 775 277 821 τως
324 756 499 811 ἐλθεῖν
544 754 632 807 ἐπ’
657 752 827 824 αὐτῷ,
857 751 953 804 τοῦ
992 748 1231 821 Χριστοῦ
1280 747 1520 819 παράγω
1550 742 1857 816 μαρτυρίαν

168 845 303 916 ὑμῖν
346 840 724 917 ψηφιζομένου
772 838 946 892 ταῦτα
978 838 1074 891 καὶ
1100 836 1197 907 τὴν
1238 833 1511 905 ὐφ’ήμῶν
1558 829 1858 901 εἰρημένην

165 932 463 1004 κυροῦντος
492 928 738 1001 γνώμην.
757 927 903 981 Ἰδὼν
926 927 1035 997 γάρ
1065 924 1295 987 πολλοὺς
1333 922 1471 994 πρὸς
1506 919 1671 975 αὐτὸν
1700 920 1857 989 ἐρχο-

170 1022 389 1092 μένους,
416 1020 512 1074 καὶ
533 1017 858 1090 βουλόμενος
886 1014 1058 1080 δεῖξαι
1077 1014 1191 1075 τοῖς
1220 1009 1564 1072 ἀποστόλοις,
1588 1008 1671 1060 ὅτι
1693 1004 1857 1058 πλέον

164 1107 348 1161 αὐτῶν
378 1106 585 1177 ἔκαμον
616 1106 667 1158 οί
698 1103 997 1176 προφῆται,
1030 1099 1195 1171 φησίν
1216 1116 1229 1130 ·
1267 1100 1473 1153 Ἄλλοι
1502 1092 1859 1150 κεκοπιάκα-

165 1210 257 1257 σι,
294 1192 396 1247 καὶ
434 1191 608 1261 ὑμεῖς
643 1194 733 1257 εις
773 1190 883 1243 τόν
923 1189 1118 1242 κόπον
1156 1185 1357 1241 αὐτῶν
1401 1181 1854 1248 εἰσεληλύθατε.

166 1281 365 1336 Καίτοι
402 1278 586 1349 πολλῷ
623 1276 847 1333 πλείονα
882 1275 991 1329 τῶν
1019 1271 1320 1344 προφητῶν
1342 1270 1582 1339 ἔκαμνον
1625 1268 1675 1321 οί
1717 1265 1858 1320 ἀπό-

168 1367 350 1421 στολοι
370 1384 385 1397 ο
431 1365 546 1419 ἀλλ’
569 1362 758 1434 ἐπειδὴ
796 1376 1055 1431 πρότεροι
1084 1361 1285 1411 εκεῖνοι
1313 1356 1404 1409 τὸν
1432 1354 1590 1423 λόγον
1622 1353 1722 1423 τῆς
1762 1352 1858 1405 εὐ-

158 1455 392 1518 ,σεϐείας
426 1453 748 1516 κατέϐαλον,
794 1450 888 1505 καὶ
931 1448 1032 1512 τάς
1063 1445 1243 1517 ψυχὰς
1269 1443 1379 1498 τῶν
1406 1441 1709 1514 ἀνθρώπων
1742 1439 1859 1494 ἀδι-

166 1543 403 1606 δάκτους
424 1540 591 1603 οὐσας
619 1539 757 1611 πρὸς
780 1536 880 1609 τὴν
908 1534 1167 1607 ἀλήθειαν
1190 1530 1595 1595 ἐπεσπάσαντο,
1630 1526 1859 1591 ἐκείνοις

166 1630 236 1683 τὸ
268 1627 430 1682 πλέον
456 1625 553 1679 τοῦ
593 1626 761 1679 πόνου
790 1622 1110 1694 ψηφίζεται.

244 1715 322 1768 Οὐ
352 1714 461 1785 γάρ
486 1713 636 1767 ἐστιν
672 1710 807 1777 ἴσον,
852 1709 955 1762 οὐκ
998 1706 1136 1771 ἔστι,
1185 1705 1324 1776 μετά
1360 1702 1590 1766 πολλοὺς
1639 1700 1861 1772 ἐτέρους

168 1800 529 1863 διδασκάλους
555 1796 779 1853 ἐλθόντα
810 1795 1108 1861 διδάσκειν,
1138 1795 1233 1847 καὶ
1266 1792 1483 1865 πρῶτον
1512 1790 1673 1845 αὐτὸν
1700 1806 1863 1843 κατα-

171 1887 392 1942 ϐάλλειν
436 1888 505 1942 τά
537 1885 849 1958 σπέρματα.
894 1881 969 1936 Τὸ
1000 1882 1100 1953 μὲν
1136 1879 1245 1953 γάρ
1274 1879 1379 1951 ήδη
1412 1875 1729 1949 μελετηθὲν,
1768 1876 1863 1929 καὶ⁵

172 1978 235 2030 ἐν
266 1974 525 2046 συνηθείᾳ
548 1974 841 2043 γενόμενον
865 1968 1097 2035 πολλῶν,
1129 1960 1535 2040 εὐπαράδεκτον
1564 1965 1644 2050 ἂν.
1663 1964 1864 2039 ῥαδίως

176 2063 416 2131 γένοιτο·
445 2060 510 2114 τὸ
541 2059 598 2113 δέ
625 2059 723 2114 νῦν
755 2058 972 2132 πρῶτον
1001 2056 1336 2127 ἀκουόμενον
1366 2052 1591 2125 θορυϐεῖ
1613 2053 1713 2124 τήν
1745 2050 1862 2105 διά-

174 2167 326 2207 νοιαν
358 2148 466 2203 τῶν
500 2147 806 2219 ἀκροατῶν,
832 2148 929 2201 καὶ
961 2144 1132 2199 πολλά
1154 2146 1266 2207 τοῖς
1293 2142 1603 2196 διδάσκουσι
1633 2139 1863 2212 παρέχει

183 2238 501 2309 πράγματα.
532 2235 705 2289 Τοῦτο
741 2234 874 2304 γοῦν
913 2235 1009 2289 καὶ
1049 2235 1108 2287 ἐν
1143 2232 1396 2303 ’Δθήναις
1442 2228 1692 2301 ἐθορύϐει
1735 2228 1863 2290 τούς

175 2323 495 2390 ἀκούοντας,
524 2324 618 2377 καὶ
644 2322 733 2376 διά
757 2322 919 2376 τοῦτο
938 2320 1346 2392 ἀπεστρέφοντο
1372 2316 1731 2395 τὸνηΠαῦλον,
1768 2317 1865 2384 ἐγ-

177 2410 491 2475 κιλοῦντες,
507 2411 591 2464 ὅτι
613 2407 931 2470 Ξενίζοντά
953 2423 1089 2462 τινα
1106 2405 1406 2475 εἰσφέρεις
1426 2407 1517 2469 είς
1541 2404 1648 2469 τὰς
1675 2402 1865 2468 ἀκοὰς

182 2497 369 2567 ημῶν.
400 2499 465 2553 El
496 2496 611 2569 γάρ
639 2496 734 2551 νῦν
758 2496 1005 2567 κάματον
1030 2495 1125 2548 καὶ
1149 2494 1310 2547 πόνον
1334 2491 1502 2545 πολὺν
1534 2488 1865 2560 Ἐκκλησίας

184 2585 488 2656 προστασία
526 2584 752 2657 παρέχει
811 2585 927 2647 τοῖς
973 2580 1312 2653 κυϐερνῶσιν
1358 2579 1568 2648 αὐτὴν,
1611 2577 1865 2649 ἐννόησον

183 2671 301 2736 πῶς
326 2672 568 2737 διπλοῦς,
595 2673 692 2727 καὶ
719 2670 1005 2745 τριπλοῦς,
1029 2670 1125 2724 καὶ
1152 2666 1571 2723 πολλαπλασίων
1599 2661 1669 2737 ῆν
1696 2666 1816 2719 τότε
1837 2667 1867 2720 6

186 2760 367 2825 πόνος,
397 2762 486 2814 ὅτε
516 2760 773 2824 κίνδυνοι,
803 2760 899 2814 καὶ
941 2759 1133 2830 μάχαι,
1165 2758 1261 2811 καὶ
1296 2755 1606 2820 ἐπιϐουλαὶ,
1638 2758 1734 2808 καὶ
1779 2753 1869 2823 φό-

175 2846 275 2910 ϐος
301 2847 575 2918 διηνεκής.
603 2847 719 2900 Οὐκ
748 2846 919 2909 ἐστιν,
938 2847 1040 2899 οὐκ
1068 2844 1207 2907 ἔστι,
1236 2843 1595 2915 παραστῆσαι
1618 2841 1698 2914 τῷ
1719 2842 1865 2912 λόγῳ

186 2934 285 3006 τήν
315 2933 624 2998 δυσκολίαν,
654 2934 722 3005 ήν
755 2933 1025 3002 ὑπέμενον
1051 2933 1101 2984 οί
1126 2931 1276 2997 ἀγιοι
1318 2928 1442 2983 τότε
1482 2930 1714 2985 ἐκεῖνον
1749 2928 1866 2982 ἀλλ’

177 3016 338 3085 οὗτος
364 3020 537 3092 αὐτὴν
565 3020 771 3075 εῖσεται
801 3018 957 3092 [597]
966 3018 1129 3091 μόνος
1158 3020 1186 3072 6
1214 3018 1304 3072 διὰ
1334 3016 1438 3087 τῆς
1472 3015 1671 3088 πείρας
1695 3016 1869 3087 αὐτῆς

180 3105 377 3163 ἐλθών.

254 3213 299 3267 δ’
308 3256 321 3268 .
344 3213 499 3267 Εἴπω
517 3211 613 3267 καὶ
636 3210 898 3283 τέταρτον
919 3210 1179 3281 στέφανον
1204 3211 1269 3265 ἐκ
1292 3210 1391 3282 τῆς
1409 3209 1717 3279 ἐπισκοπῆς
1738 3210 1870 3280 ἡμῖν

184 3302 476 3372 ἀνίσχοντα
499 3298 725 3370 ταύτης.
752 3301 849 3363 Τίς
878 3297 972 3355 οὖν
1005 3303 1154 3355 ἐστιν
1184 3294 1368 3364 οὐτοςς
1402 3299 1478 3353 Τὸ
1510 3298 1609 3371 τὴν
1635 3300 1872 3372 πατρίδα

183 3389 351 3443 αὐτὸν
380 3389 750 3459 ἐπιτραπῆναι
777 3388 879 3461 τὴν
900 3387 1197 3459 ήμετέραν.
1215 3387 1505 3443 Ἐπίπονον
1528 3389 1627 3459 μὲν
1645 3390 1754 3461 γὰρ
1779 3389 1874 3442 καὶ

188 3475 384 3530 ἐκατὸν
414 3474 625 3546 ἀνδρῶν
665 3475 761 3528 καὶ¹
800 3477 1139 3547 πεντήκοντα
1171 3476 1472 3546 προστῆναι
1503 3476 1661 3546 μόνον
1682 3492 1695 3505 ⁸
1728 3475 1789 3530 τὸ
1817 3475 1875 3530 δέ

187 3562 346 3616 πόλιν
392 3561 802 3634 ἐγχειρισθῆναι
849 3562 1143 3635 τοσαύτην,
1175 3563 1272 3617 καὶ
1319 3562 1494 3632 δῆμον
1542 3564 1625 3627 είς
1668 3564 1875 3619 εῖκοσιν

185 3649 567 3719 ἐκτεινόμενον
614 3649 906 3721 μυριάδας,
936 3650 1109 3719 πόσης
1155 3650 1361 3721 ἀρετῆς
1400 3648 1505 3703 οῐει
1552 3651 1649 3704 καὶ
1682 3650 1873 3719 σοφίας

192 3735 467 3802 ἀπόδειξιν
500 3730 675 3803 εἶναι;
712 3738 822 3790 Καὶ
848 3736 957 3808 γάρ
991 3736 1181 3809 ὥσπερ
1204 3737 1299 3790 ἐπὶ
1337 3737 1448 3791 τῶν
1494 3739 1876 3808 στρατοπέδων

190 3822 293 3888 τάς
327 3823 759 3895 βασιλικωτέρας
787 3824 1075 3895 φάλαγγας
1126 3826 1222 3879 καὶ
1268 3823 1618 3897 πληθυούσας
1674 3826 1876 3897 μᾶλλον

190 3913 245 3964 οἱ
272 3910 571 3985 σοφώτεροι
596 3913 705 3967 τῶν
726 3911 1051 3985 στρατηγῶν
1072 3913 1470 3985 ἐγχειρίζονται
1488 3928 1506 3944 ⁶
1530 3913 1675 3967 οὕτω
1699 3913 1762 3986 δή
1783 3916 1879 3969 καὶ

192 4000 290 4053 ἐπὶ
318 3999 425 4055 τῶν
457 4001 687 4063 πόλεων,
718 4001 821 4065 τάς
849 4001 1070 4073 μείζους
1094 4002 1188 4054 καὶ
1222 3999 1688 4072 πολυανθρώπους
1717 4005 1767 4056 οί
1793 4004 1879 4058 δο-

194 4086 498 4160 κιμώτερο.
524 4088 635 4142 τῶν
663 4088 941 4160 ἀρχόντων
972 4088 1418 4158 ἐμπιστεύονται.
1460 4089 1573 4143 Καὶ
1615 4089 1793 4154 ἄλλως
1820 4090 1878 4144 δέ

194 4173 365 4238 πολὺς
393 4171 463 4247 ἦν
502 4175 604 4246 τῆς
633 4176 842 4240 πόλεως
868 4176 1073 4247 ταύτης
1098 4176 1175 4247 τῷ
1200 4176 1321 4247 Θεῷ
1345 4176 1524 4247 λόγος,
1550 4177 1627 4242 ὡς
1668 4179 1762 4233 καὶ
1790 4178 1880 4233 διά

189 4260 308 4314 τῶν
354 4261 532 4334 ἔργων
578 4263 760 4317 αὐτῶν
806 4264 1077 4335 ἐδήλωσε·
1110 4264 1203 4319 τὸν
1230 4264 1362 4334 γοῦν
1404 4266 1507 4337 τῆς
1550 4266 1882 4339 οἰκουμένης

192 4350 498 4420 ἐπιστάτην
526 4351 747 4421 ἀπάσης
780 4352 1009 4423 Πέτρον,
1033 4345 1078 4421 ᾧ
1107 4353 1206 4418 τάς
1239 4354 1389 4419 κλεῖς
1437 4354 1739 4426 ἐνεχείρισε
1770 4356 1880 4409 τῶν

191 4438 463 4509 οὐρανῶν,
488 4432 533 4507 ᾧ
559 4440 740 4494 πάντα
768 4440 920 4509 ἀγειν
950 4442 1044 4495 καὶ
1069 4442 1258 4514 φέρειν
1282 4442 1578 4515 ἐπέτρεψε,
1607 4442 1777 4498 πολὺν
1800 4446 1885 4497 ἐν-

191 4518 372 4579 ταῦθα
416 4526 606 4598 χρόνον
647 4527 988 4600 ἐνδιατρίψαι
1037 4530 1351 4584 ἐκέλευσεν’
1388 4530 1564 4595 οὓτως
1597 4518 1747 4603 αὐτῷ
1786 4532 1886 4601 τῆς

192 4613 526 4684 οἰκουμένης
569 4616 791 4685 ἀπάσης
838 4618 871 4687 ή
920 4616 1079 4680 πόλις
1135 4619 1467 4690 ἀντίρροπος
1520 4620 1554 4690 ή
1610 4620 1883 4692 ἡμετέρα.

210 4700 431 4772 Ἐπειδὴ
476 4701 533 4755 δὲ
578 4702 859 4774 ἐμνήσθην
899 4704 1131 4776 Πέτρου,
1161 4707 1258 4760 καὶ
1308 4706 1562 4777 πέμπτον
1611 4708 1672 4773 ἐξ
1713 4708 1883 4763 αὐτοῦ

199 4787 471 4857 στέφανον
500 4786 640 4843 εἶδον
667 4790 1033 4863 πλεκόμενον·
1074 4788 1231 4857 οὗτος
1258 4794 1317 4847 δέ
1347 4795 1465 4847 ἐστι
1499 4794 1560 4847 τὸ
1591 4796 1716 4865 μετ’
1742 4798 1886 4849 ἐκεῖ-

193 4893 291 4932 νον
336 4876 523 4931 τοῦτον
570 4878 919 4946 διαδέξασθαι
943 4880 1043 4951 τὴν
1085 4882 1284 4952 ἀρχήν.
1316 4883 1529 4952 Ὠσπερ
1564 4884 1670 4955 γάρ
1702 4884 1767 4939 ἀν
1802 4903 1883 4949 τις

196 4964 353 5019 λίθον
402 4964 635 5038 ἐξαίρων
686 4968 863 5039 μέγαν
910 4971 975 5023 ἐκ
1021 4968 1306 5041 θεμελίων,
1338 4971 1524 5041 ἕτερον
1558 4972 1886 5046 ἀντίρροπον

198 5052 416 5107 ἐκείνου
444 5053 735 5121 σπουδάζει
769 5057 987 5121 πάντως
1016 5057 1455 5127 ἀντεισαγαγεῖν,
1488 5060 1537 5112 εί
1575 5060 1651 5132 μή
1700 5062 1886 5133 μέλλοι

199 5145 388 5195 πᾶσαν
426 5142 675 5196 σαλεύειν
698 5144 799 5215 τὴν
829 5145 1141 5216 οἰκοδομὴν,
1174 5147 1269 5199 καὶ
1304 5148 1643 5219 σαθροτέραν
1676 5153 1848 5204 ποιεῖν
1869 5168 1883 5182 ·

200 5229 349 5283 οὕτω
376 5230 440 5301 δή
468 5231 563 5284 καὶ
590 5230 799 5303 Πέτρου
833 5232 1120 5303 μέλλοντος
1150 5233 1401 5287 ἐντεῦθεν
1426 5235 1748 5306 ἀποδημεῖν,
1773 5238 1891 5292 ἐτε-

203 5334 303 5390 ρον
347 5317 674 5390 ἀντίρροπον
714 5319 923 5390 Πέτρου
971 5319 1295 5375 διδάσκαλον
1349 5322 1382 5389 ἡ
1430 5321 1526 5375 τοῦ
1566 5323 1890 5396 Πνεύματος

202 5408 570 5477 ἀντεισήγαγε
604 5408 788 5479 χάρις,
820 5409 961 5462 ὥστε
987 5409 1061 5481 μή
1089 5411 1188 5480 τήν
1220 5411 1321 5481 ήδη
1354 5410 1657 5483 γενομένην
1686 5416 1891 5469 οίκοδοο

208 5496 321 5567 μήν
347 5496 414 5565 τῇ
442 5493 538 5548 τοῦ
561 5494 943 5567 διαδεξομένου
972 5497 1216 5569 εὐτελείᾳ
1246 5499 1583 5570 σαθροτέραν
1608 5502 1890 5568 γενέσθαι.

205 5584 382 5638 Πέντε
432 5582 533 5654 μὲν
578 5577 673 5637 οὐν
716 5585 1015 5654 στεφάνους
1066 5584 1598 5657 ἀπηριθμησάμεθα,
1643 5587 1754 5641 ἀπὸ
1794 5587 1895 5642 τοῦ

210 5669 479 5742 μεγέθους
508 5671 607 5742 τῆς
635 5672 832 5744 ἀρχῆς,
862 5674 973 5727 ἀπὸ
999 5672 1100 5743 τῆς
1126 5673 1285 5739 ἀξίας
1315 5673 1425 5727 τῶν
1446 5679 1894 5748 κεχειροτονηκό-

207 5774 341 5820 των,
372 5757 480 5811 ἀπὸ
506 5758 600 5829 τῆς
630 5758 725 5816 τοῦ
759 5759 956 5832 καιροῦ
980 5760 1290 5826 δυσκολίας,
1316 5760 1425 5815 ἀπὸ
1446 5761 1541 5815 τοῦ
1564 5761 1769 5834 μέτρου
1790 5765 1892 5836 τῆς

211 5844 439 5909 πόλεως,
469 5845 579 5899 ἀπὸ
608 5847 708 5917 τῆς
737 5849 941 5921 ἀρετῆς
965 5848 1060 5903 τοῦ
1091 5848 1429 5921 παραδόντος
1460 5848 1609 5921 αὐτῷ
1640 5851 1740 5922 τήν
1766 5853 1889 5906 ἐπι-

216 5934 443 6005 σκοπήν.
474 5933 712 5999 Τούτους
743 5936 991 6000 ἅπαντας
1014 5936 1315 6002 πλέξαντας
1345 5938 1471 6009 ἐνῆν
1503 5937 1597 5991 καὶ
1623 5938 1780 5995 ἕκτον
1805 5944 1883 5996 εί-

605 6026 880 6086 Ρλτιιοι..
928 6024 1051 6088 Gn.
1099 6025 1163 6085 L.

1439 453 1506 510 IN
1548 451 1607 508 S.
1651 444 1989 507 IGNA'I'IUM
2029 444 2443 506 MARTYREM.

3534 427 3651 489 59?.

1960 566 2105 627 πεῖν,
2133 565 2227 618 καὶ
2249 562 2504 631 ἕϐδομον.
2540 558 2635 613 καὶ⁸
2664 555 2884 619 πλείους
2911 553 3121 608 τούτων
3140 569 3152 583 ·
3184 550 3299 606 ἀλλ’
3325 551 3413 605 ίνα
3451 550 3527 622 μὴ
3552 551 3645 605 τὸν

1956 651 2175 706 ἅπαντα
2196 649 2387 722 χρόνον
2416 649 2497 711 εἰς
2520 647 2614 699 τὸν
2638 644 2770 717 περὶ
2794 642 2894 713 τῆς
2922 639 3233 711 ἐπισκοπῆς
3263 636 3648 699 ἀναλώσαντες

1955 739 2137 811 λόγον,
2168 740 2495 811 ἐκπέσωμεν
2523 737 2633 791 τῶν
2664 736 2796 808 περὶ
2825 734 2922 787 τοῦ
2962 733 3241 805 μάρτυρος
3263 728 3646 801 διηγημάτων.

1957 830 2092 903 φέρε
2122 828 2313 883 λοιπὸν
2342 827 2438 881 ἐπὶ
2461 825 2553 880 τὸν
2577 820 2741 880 ἆθλον
2762 825 2972 878 ἐκεῖνον
3003 820 3196 890 ῖωμεν.
3224 816 3469 887 Πόλεμος
3494 816 3653 886 ἀνερ-

1959 918 2184 990 ριπίσῦη
2217 916 2351 971 ποτέ
2384 913 2623 987 χαλεπὸς
2652 912 2797 967 κατά
2816 910 2926 965 τῶν
2962 905 3330 981 Ἐκκλησιῶν,
3360 906 3457 959 καὶ
3476 904 3652 958 καθά-

1956 1024 2064 1079 περ
2112 1004 2431 1079 τυραννίδος
2479 1000 2875 1074 χαλεπωτάτης
2907 998 3009 1069 τὴν
3047 996 3156 1067 γῆν
3203 992 3648 1079 καταλαϐούσης.

1956 1078 2040 1148 ἐκ
2050 1078 2225 1165 μέσης
2246 1090 2630 1165 ἀνηρπάζοντο
2656 1091 2758 1161 τῆς
2787 1087 2997 1159 ἀγορᾶς
3025 1084 3289 1149 ἀπαντες,
3315 1081 3518 1136 ἄτοπον
3548 1078 3651 1149 μὲν

1956 1181 2111 1235 οὐδὲν
2148 1179 2566 1251 ἐγκαλούμενοι,
2594 1179 2679 1231 ὃτι
2716 1176 2773 1230 δὲ
2817 1176 2919 1246 τῆς
2960 1173 3171 1244 πλάνης
3214 1169 3651 1236 ἀπαλλαγέντες,

1960 1270 2098 1341 πρὸς
2122 1268 2221 1341 τὴν
2246 1267 2532 1323 εὐσέϐειαν
2560 1266 2821 1337 ἔδραμον,
2851 1264 2937 1318 ὅτι
2956 1262 3057 1333 τῆς
3080 1261 3191 1315 τῶν
3214 1258 3492 1329 δαιμόνων
3516 1258 3652 1327 θρη-

1960 1357 2150 1422 σκείας
2180 1357 2523 1429 ἀπέστησαν,
2566 1356 2653 1409 ὅτι
2689 1354 2784 1409 τὸν
2834 1350 3091 1423 ἀληθινὸν
3124 1349 3260 1404 Θεὸν
3298 1347 3650 1416 ἐπέγνωσαν,

1959 1448 2054 1500 καὶ
2094 1446 2187 1500 τὸν
2226 1444 2356 1500 Υἱὸν
2406 1445 2572 1499 αὐτοῦ
2616 1443 2709 1498 τδν
2760 1441 3029 1514 μονογενῆ
3080 1434 3523 1510 προσεκύνησαν,
3556 1433 3654 1487 καὶ

1959 1533 2100 1604 ὑπὲρ
2128 1527 2205 1587 ὧν
2239 1529 2641 1602 στεφανοῦσθαι
2672 1530 2873 1593 αὐτοὺς
2908 1527 3106 1599 ἐχρῆν,
3140 1525 3238 1579 καὶ
3271 1519 3654 1594 θαυμάζεσθαι

1960 1622 2055 1675 καὶ
2085 1621 2373 1693 τιμᾶσθαι,
2398 1617 2759 1693 ὐπέρτούτων
2788 1616 3114 1681 ἐκολάζοντο
3136 1614 3233 1667 καὶ
3259 1611 3474 1683 μυρίοις
3502 1624 3655 1680 περι-

1958 1708 2251 1780 ηντλοῦντο
2300 1708 2496 1771 δεινοῖς
2558 1706 2760 1769 πάντες
2796 1707 2847 1759 οἱ
2890 1704 2991 1776 τὴν
3036 1702 3229 1755 πίστιν
3261 1696 3653 1771 παραδεξάμε-

1960 1814 2063 1859 νοι,
2103 1794 2285 1866 πολλῷ
2312 1794 2371 1848 δὲ
2398 1794 2561 1849 πλέον
2590 1794 2640 1846 οἱ
2669 1792 2778 1849 τῶν
2812 1789 3155 1862 Ἐκκλησιῶν
3196 1784 3563 1861 προεστῶτες.
3594 1783 3654 1833 ὐ

1961 1886 2072 1957 γὰρ
2112 1884 2381 1948 διάϐολος.
2412 1881 2723 1954 κακουργδς
2755 1880 2832 1935 ὣν
2882 1879 2978 1933 καὶ
3023 1876 3197 1940 δεινὸς
3243 1874 3345 1938 τὰς
3391 1871 3655 1934 τοιαύτας

1965 1974 2193 2047 ῥάπτειν
2240 1970 2559 2036 ἐπιϐουλὰς,
2607 1967 3011 2042 προσεδόκησεν
3064 1966 3169 2028 ὅτι,
3202 1964 3334 2027 τοὺς
3384 1961 3655 2032 ποιμένας

1962 2063 2059 2117 ἐάν
2110 2060 2403 2135 ἀφέλῃ,τά
2455 2059 2688 2131 ποίμνια
2730 2055 2929 2129 ῥαδίως
2973 2053 3279 2110 διασπάσαι
3331 2050 3652 2122 δυνήσεται.

1974 2149 2113 2203 Ἀλλ’
2138 2151 2167 2203 6
2208 2148 2577 2221 δρασσόμενος
2608 2148 2736 2212 τοὺς
2780 2144 2980 2215 σοφοὺς
3004 2188 3007 2207 ρ
3020 2145 3080 2197 ἐν
3109 2145 3179 2214 τῇ
3211 2138 3521 2211 πανουργία
3554 2138 3655 2190 αὐ-

1963 2238 2091 2302 τῶν,
2127 2236 2452 2308 βουλόμενος
2477 2234 2627 2308 αὐτῷ
2655 2234 2850 2300 δεῖξαι,
2876 2234 2960 2287 ὅτι
2992 2232 3094 2286 οὐκ
3119 2230 3400 2303 ἄνθρωποι
3428 2226 3527 2289 τὰς
3556 2226 3657 2277 αύ-

1962 2325 2057 2380 τοῦ
2096 2325 2433 2398 κυϐερνῶσιν
2472 2323 2824 2396 Ἑκκλησίας,
2855 2320 2971 2376 ἀλλ’
2995 2318 3160 2383 αὐτός
3192 2319 3343 2371 ἐστιν
3378 2317 3407 2371 ὁ
3446 2330 3655 2369 παντα-

1962 2414 2059 2484 χοῦ
2090 2415 2397 2485 ποιμαίνων
2427 2413 2559 2477 τοὺς
2584 2409 2945 2473 πιστεύοντας
2970 2409 3051 2473 είς
3087 2406 3279 2467 αὐτὸν,
3303 2401 3657 2474 συνεχώρησε

1962 2503 2122 2557 τοῦτο
2163 2503 2442 2573 γενέσθαι,
2482 2502 2703 2556 ῖν·ὃταν
2736 2497 3151 2571 ἀφαιρεθέντων
3198 2493 3427 2548 ἐκείνων
3472 2492 3557 2562 ίδῃ
3589 2493 3658 2542 τ²ι

1962 2594 2063 2662 τῆς
2103 2591 2389 2655 εὐσεϐείας
2433 2591 2535 2645 οὐκ
2575 2587 2971 2658 ἐλαττούμενα,
3006 2584 3131 2640 οὐδέ
3171 2583 3538 2653 σϐεννύμενον
3565 2580 3659 2634 τέν

1962 2680 2059 2735 τοῦ
2107 2680 2466 2753 κηρύγματος
2508 2678 2690 2747 λόγον,
2732 2676 2849 2730 ἀλλ’
2876 2675 3177 2747 αὐξόμενον
3232 2670 3456 2743 μᾶλλον,
3508 2667 3662 2739 μάθῃ

1963 2769 2055 2824 διὰ
2099 2770 2209 2823 τῶν
2256 2769 2437 2841 ἔργων
2483 2767 2666 2821 αὐτῶν
2704 2766 2800 2820 καὶ
2833 2763 2985 2837 [598]
3022 2762 3201 2825 αὐτὸς.
3250 2760 3346 2814 καὶ
3391 2759 3443 2812 οἱ
3484 2756 3660 2811 ταῦτα

1965 2857 2118 2929 αὐτῷ
2144 2855 2559 2927 διακονούμενοι
2581 2856 2806 2917 πάντες,
2835 2854 2921 2906 ὃτι
2952 2851 3056 2904 οὐκ
3084 2846 3407 2920 ἀνθρώπινα
3432 2844 3505 2899 τά
3536 2843 3660 2898 καθ’

1967 2948 2135 3017 ἡμᾶς,
2171 2946 2287 3000 ἀλλ’
2309 2944 2518 3000 ἄνωθεν
2546 2944 2614 2997 ἐκ
2644 2943 2755 2997 τῶν
2780 2939 3034 3013 οὐρανῶν
3073 2939 3188 3009 ἔχει
3214 2936 3315 3008 τήν
3348 2936 3505 3006 ῥίζαν
3527 2936 3663 3005 ήμῖν

1967 3036 2001 3105 ή
2031 3035 2131 3105 τῆς
2159 3032 2509 3096 διδασκαλίας
2539 3032 2821 3096 ὑπόθεσις,
2848 3030 2947 3085 καὶ
2976 3029 3109 3093 Θεός
3139 3029 3291 3081 ἐστιν
3321 3026 3350 3078 ό
3381 3020 3662 3092 πανταχοῦ

1966 3123 2065 3187 τάς
2100 3123 2428 3195 Ἐκκλησίας
2458 3122 2632 3191 ἀγων,
2663 3121 2758 3175 καὶ
2790 3122 2875 3174 ὅτι
2900 3120 2994 3173 τὸν
3022 3117 3156 3172 Θεὸν
3187 3113 3532 3186 πολεμοῦντα
3560 3112 3664 3165 οὐκ

1967 3209 2048 3264 ἔνι
2096 3211 2486 3283 περιγενέσθαι
2540 3208 2692 3263 ποτέ.
2723 3208 2799 3262 Οὐ
2850 3208 3013 3261 τοῦτο
3058 3208 3115 3261 δέ
3168 3203 3585 3276 ἐκακούργησεν
3633 3202 3666 3255 ό

1969 3298 2217 3362 διάϐολος
2252 3300 2433 3369 μόνον,
2469 3296 2608 3352 ἀλλά
2638 3296 2734 3350 καὶ
2760 3295 2949 3369 ἕτερον
2968 3294 3071 3349 οὐκ
3097 3293 3321 3347 ἔλαττον
3353 3292 3564 3344 τούτου.
3586 3288 3674 3343 Οὐ

1971 3388 2082 3461 γάρ
2125 3392 2183 3444 ἐν
2221 3392 2344 3454 ταῖς
2378 3390 2624 3452 πόλεσιν,
2658 3381 2736 3445 ὧν
2776 3388 3271 3460 προειστήκεισαν,
3303 3383 3458 3456 ἠφίει
3492 3384 3666 3453 σφάτ-

1936 3534 1941 3539 ,
1972 3478 2162 3531 τεσθαι
2210 3478 2338 3541 τοὺς
2370 3477 2728 3541 ἐπισκόπους,
2759 3476 2875 3531 ἀλλ’
2902 3477 2984 3538 είς
3028 3476 3129 3546 τὴν
3176 3473 3466 3545 ἀλλοτρίαν
3513 3464 3665 3542 ἄγων

1973 3564 2196 3637 ἀνῄρει⁹
2233 3565 2408 3619 ἐποίει
2439 3564 2497 3618 δέ
2535 3563 2694 3618 τοῦτο
2720 3561 2861 3636 ὁμοῦ
2892 3563 2993 3635 μὲν
3026 3564 3273 3635 ἐρήμους
3316 3559 3426 3613 τῶν
3473 3562 3666 3630 ἐπιτη-

1971 3652 2129 3707 δείων
2174 3651 2364 3706 λαϐεῖν
2411 3652 2679 3715 σπεύδων,
2705 3652 2843 3723 ὁμοῦ
2865 3649 2929 3704 δέ
2960 3650 3388 3720 ἀσθενεστέρους
3432 3648 3666 3719 ἐργάσε-

1975 3738 2100 3793 σθαι
2145 3738 2227 3811 τῷ
2272 3739 2460 3812 μόχθῳ
2490 3740 2591 3811 τῆς
2617 3738 2928 3811 ὁδοιπορίας
2957 3736 3195 3807 ἐλπίζων
3216 3752 3229 3767 ⁸
3258 3736 3289 3789 6
3321 3736 3385 3807 δὴ
3434 3735 3528 3789 καὶ
3574 3738 3666 3789 ἐπὶ

1972 3826 2069 3881 τοῦ
2102 3827 2380 3900 μακαρίου
2402 3828 2597 3881 τούτου
2620 3826 2947 3897 πεποίηκεν.
2967 3824 3101 3877 Ἀπὸ
3120 3823 3229 3897 γάρ
3259 3826 3360 3895 τῆς
3384 3823 3665 3894 ήμετέρας

1976 3914 2185 3979 πόλεως
2216 3916 2299 3977 είς
2340 3913 2441 3985 τὴν
2476 3912 2701 3985 Ῥώμην
2748 3912 2913 3967 αὐτὸν
2961 3910 3246 3975 ἐκάλεσεν,
3286 3912 3666 3983 μακροτέρους

1976 4001 2126 4073 αὐτῷ
2170 4002 2342 4065 τιθεὶς
2373 4003 2500 4067 τοὺς
2530 4001 2783 4065 διαύλους
2827 3998 2923 4055 τοῦ
2970 4000 3196 4070 δρόμου,
3229 3998 3327 4054 καὶ
3368 3997 3451 4069 τῷ
3499 4000 3668 4071 μήκει

1975 4092 2077 4162 τῆς
2101 4089 2224 4145 ὁδοῦ
2248 4089 2345 4144 καὶ
2377 4088 2455 4161 τῷ
2477 4089 2675 4161 πλήθει
2710 4088 2821 4143 τῶν
2848 4088 3075 4160 ήμερῶν
3106 4088 3167 4141 τὸ
3195 4086 3453 4159 φρόνημα
3496 4103 3670 4140 κατα-

1978 4177 2198 4232 ϐάλλειν
2246 4176 2412 4232 αὐτοῦ
2458 4176 2799 4250 προσδοκῶν,
2842 4177 2945 4230 οὐκ
2988 4174 3146 4239 είδὼς
3187 4176 3272 4229 ὅτι
3319 4174 3671 4247 συνέμπορον

1977 4264 2118 4336 ἔχων
2148 4264 2357 4336 Ἰησοῦν
2384 4263 2481 4317 καὶ
2508 4263 2889 4335 συναπόδημον
2916 4263 3018 4334 τῆς
3038 4263 3309 4336 τοσαύτης
3332 4262 3668 4334 ὁδοιπορίας.

1983 4353 2332 4425 ίσχυρότερος
2366 4351 2569 4423 μᾶλλον
2608 4351 2838 4421 ἐγίνετο,
2882 4350 2979 4405 καὶ
3024 4347 3125 4423 τῆς
3156 4350 3274 4423 μετ’
3296 4349 3463 4405 αυτοῦ
3503 4350 3672 4405 δυνάο

1984 4457 2134 4510 μεως
2176 4439 2344 4512 οὐσης
2387 4440 2613 4494 πλείονα
2656 4441 2887 4511 παρεῖχε
2938 4439 3039 4511 τὴν
3087 4436 3386 4504 ἀπόδειξιν,
3432 4439 3529 4491 καὶ
3571 4438 3673 4500 τὰς

1994 4528 2325 4601 Ἐκκλησίας
2373 4528 2691 4599 συνεκρότει
2744 4527 3031 4601 μειζόνως.
3086 4529 3153 4582 Αἱ
3204 4527 3316 4601 γάρ
3370 4528 3515 4582 κατά
3572 4527 3670 4601 τὴν

1981 4617 2100 4671 ὁδὸν
2146 4616 2332 4680 πόλεις
2381 4617 2776 4688 συντρέχουσαι
2812 4616 3078 4670 πάντοθεν
3112 4616 3333 4687 ῆλειφον
3374 4616 3466 4671 τὸν
3499 4617 3671 4685 ἀθλη-

1982 4703 2102 4773 τὴν,
2137 4704 2232 4757 καὶ
2280 4703 2419 4774 μετά
2452 4702 2667 4756 πολλῶν
2700 4702 3014 4774 ἐξέπεμπον
3056 4704 3169 4759 τῶν
3197 4703 3452 4774 ἐφοδίων,
3487 4705 3673 4775 εὐχαῖς

1985 4792 2078 4845 καὶ
2104 4790 2427 4862 πρεσϐείαις
2454 4789 2606 4861 αὐτῷ
2635 4792 3165 4862 συναγωνιζόμεναι.
3197 4792 3313 4846 Καὶ
3335 4793 3500 4848 αὐταὶ
3532 4794 3589 4848 δὲ
3611 4794 3674 4847 οὐ

1990 4880 2084 4949 τὴν
2131 4877 2402 4950 τυχοῦσαν
2445 4879 2795 4951 παράκλησιν
2839 4878 3148 4950 ἐλάμϐανον
3180 4881 3324 4951 μετά
3360 4882 3676 4954 προθυμίας

1983 4966 2251 5038 τοσαύτης
2298 4966 2393 5020 ἐπὶ
2438 4964 2671 5021 θάνατον
2714 4966 2981 5038 τρέχοντα
3029 4966 3237 5038 ὁρῶσαι
3266 4968 3359 5022 τὸν
3394 4969 3672 5040 μάρτυρα,

1989 5054 2106 5124 μεθ’
2129 5054 2261 5125 ὅσης
2289 5053 2438 5118 εἰκὸς
2483 5049 2552 5125 ἦν
2602 5053 2694 5107 τὸν
2740 5054 2835 5107 ἐπὶ
2866 5053 3116 5124 βασίλεια
3150 5055 3488 5122 καλούμενον
3520 5059 3588 5111 τά
3617 5061 3677 5111 ἐν

1985 5141 2221 5212 οὐρανῷ.
2258 5142 2371 5196 Καὶ
2402 5142 2490 5196 διὰ
2518 5141 2630 5195 τῶν
2658 5142 2838 5213 ἐργων
2871 5143 3178 5214 ἐμάνθανον
3210 5146 3412 5209 αὐτῶν,
3440 5146 3529 5199 διὰ
3575 5146 3677 5216 τῆς

1986 5229 2080 5282 τοῦ
2108 5230 2355 5299 γενναίου
2392 5228 2702 5301 προθυμίας
2726 5231 2936 5284 ἐκείνου
2968 5232 3064 5284 καὶ
3094 5231 3476 5304 φαιδρότητος,
3510 5234 3593 5288 ὅτι
3614 5236 3677 5291 οὐ

1988 5318 2219 5383 θάνατος
2240 5314 2307 5389 ἦν
2337 5318 2422 5388 ἐφ’
2446 5319 2505 5371 ὃν
2534 5317 2778 5388 ἔτρεχεν,
2820 5318 2936 5371 ἀλλ’
2957 5318 3237 5390 ἀποδημία
3267 5337 3352 5384 τις
3380 5322 3473 5375 καὶ
3512 5323 3680 5392 μετά-

1988 5425 2198 5473 στασις,
2231 5407 2326 5461 καὶ⁵
2360 5406 2496 5478 πρὸς
2530 5405 2624 5459 τὸν
2658 5406 2889 5478 οὐρανὸν
2920 5407 3205 5471 ἀνάϐασις.
3245 5410 3356 5462 Καὶ
3391 5410 3568 5480 ταῦτα
3596 5412 3680 5465 δι-

1989 5496 2204 5550 δάσκων
2230 5494 2375 5548 κατά
2402 5495 2587 5547 πᾶσαν
2614 5495 2772 5548 πόλιν
2814 5494 2982 5566 ἀπῄει
3003 5507 3030 5536 ι
3060 5494 3149 5548 διὰ
3200 5496 3311 5551 τῶν
3360 5497 3556 5565 λόγων,
3588 5499 3677 5554 διὰ

1988 5583 2097 5637 τῶν
2146 5584 2493 5656 πραγμάτων
2536 5584 2739 5638 αὐτῶν.
2770 5584 2882 5637 Καὶ
2932 5586 3069 5657 ὅπερ
3112 5586 3207 5638 ἐπὶ
3248 5586 3359 5639 τῶν
3405 5587 3678 5641 Ἰουδαίων

1991 5671 2211 5743 συνέϐη,
2242 5672 2330 5725 ὅτε
2360 5672 2452 5726 τὸν
2502 5672 2715 5726 Παῦλον
2754 5671 3015 5744 δήσαντες
3049 5677 3142 5727 καὶ
3189 5675 3271 5738 είς
3315 5674 3413 5745 τὴν
3453 5674 3679 5747 Ῥώμην

1990 5760 2405 5826 ἀποστείλαντες
2468 5762 2718 5832 ἐνόμιζον
2789 5762 2891 5831 μὲν
2953 5764 3047 5816 ἐπὶ
3101 5760 3333 5820 θάνατον
3387 5763 3634 5835 πέμπειν
3662 5807 3677 5828 ,

1994 5849 2245 5920 ἔπεμπον
2263 5849 2318 5904 δέ
2344 5852 2458 5915 τοῖς
2496 5852 2614 5904 ἐκεῖ
2645 5851 2992 5906 κατοικοῦσιν
3027 5853 3307 5918 Ἰουδαίοις
3331 5851 3675 5923 διδάσκαλον,

2059 5953 2084 5981 ³
2112 5950 2248 6002 Unus
2269 5965 2361 6001 ms.
2392 5952 2577 6015 Regius
2600 5952 2750 6011 ἐπῄει.
3243 6022 3276 6062 Ἴ

3208 6028 3255 6062 ..
