  <div class='ocr_page' id='page_1' title='image "/cluster/home/n/w/nwhite01/storage/ocr_20150623/50/ien.35556001660778/191.png"; bbox 0 0 4082 6470; ppageno 0'>
   <div class='ocr_carea' id='block_1_1' title="bbox 474 477 582 538">
    <p class='ocr_par' dir='ltr' id='par_1_1' title="bbox 474 477 582 538">
     <span class='ocr_line' id='line_1_1' title="bbox 474 477 582 538; baseline -0.037 1"><span class='ocrx_word' id='word_1_1' title='bbox 474 477 582 538; x_wconf 79' lang='lat'><strong>595</strong></span> 
     </span>
    </p>
   </div>
   <div class='ocr_carea' id='block_1_2' title="bbox 469 593 2130 668">
    <p class='ocr_par' dir='ltr' id='par_1_2' title="bbox 469 593 2130 668">
     <span class='ocr_line' id='line_1_2' title="bbox 469 593 2130 668; baseline -0.001 -19"><span class='ocrx_word' id='word_1_2' title='bbox 469 594 629 651; x_wconf 83' lang='grc' dir='ltr'>τοῦτο</span> <span class='ocrx_word' id='word_1_3' title='bbox 676 593 785 668; x_wconf 69' lang='grc' dir='ltr'>δὴ·</span> <span class='ocrx_word' id='word_1_4' title='bbox 817 595 913 650; x_wconf 70' lang='grc' dir='ltr'>καὶ</span> <span class='ocrx_word' id='word_1_5' title='bbox 960 595 1052 648; x_wconf 78' lang='grc' dir='ltr'>ἐπὶ</span> <span class='ocrx_word' id='word_1_6' title='bbox 1091 594 1346 661; x_wconf 79' lang='grc' dir='ltr'>’ῐγνατίου</span> <span class='ocrx_word' id='word_1_7' title='bbox 1392 597 1584 665; x_wconf 80' lang='grc' dir='ltr'>γέγονε</span> <span class='ocrx_word' id='word_1_8' title='bbox 1632 594 1770 665; x_wconf 84' lang='grc' dir='ltr'>μετά</span> <span class='ocrx_word' id='word_1_9' title='bbox 1811 594 2130 667; x_wconf 79' lang='grc' dir='ltr'>περιουσίας</span> 
     </span>
    </p>
   </div>
   <div class='ocr_carea' id='block_1_3' title="bbox 470 681 2130 755">
    <p class='ocr_par' dir='ltr' id='par_1_3' title="bbox 470 681 2130 755">
     <span class='ocr_line' id='line_1_3' title="bbox 470 681 2130 755; baseline 0 -19"><span class='ocrx_word' id='word_1_10' title='bbox 470 689 638 746; x_wconf 74' lang='grc' dir='ltr'>τινός.</span> <span class='ocrx_word' id='word_1_11' title='bbox 668 682 804 736; x_wconf 67' lang='grc' dir='ltr'>οισι</span> <span class='ocrx_word' id='word_1_12' title='bbox 822 682 936 755; x_wconf 67' lang='grc' dir='ltr'>εγάρ</span> <span class='ocrx_word' id='word_1_13' title='bbox 975 683 1090 746; x_wconf 91' lang='grc' dir='ltr'>τοῖς</span> <span class='ocrx_word' id='word_1_14' title='bbox 1125 683 1226 753; x_wconf 79' lang='grc' dir='ltr'>τήν</span> <span class='ocrx_word' id='word_1_15' title='bbox 1260 683 1479 755; x_wconf 84' lang='grc' dir='ltr'>Ῥώμην</span> <span class='ocrx_word' id='word_1_16' title='bbox 1521 681 1728 737; x_wconf 89' lang='grc' dir='ltr'>οίκοῦσι</span> <span class='ocrx_word' id='word_1_17' title='bbox 1759 682 1963 754; x_wconf 89' lang='grc' dir='ltr'>μόνοις,</span> <span class='ocrx_word' id='word_1_18' title='bbox 1993 681 2130 736; x_wconf 89' lang='grc' dir='ltr'>ἀλλά</span> 
     </span>
    </p>
   </div>
   <div class='ocr_carea' id='block_1_4' title="bbox 471 767 2131 841">
    <p class='ocr_par' dir='ltr' id='par_1_4' title="bbox 471 767 2131 841">
     <span class='ocr_line' id='line_1_4' title="bbox 471 767 2131 841; baseline 0 -17"><span class='ocrx_word' id='word_1_19' title='bbox 471 771 569 824; x_wconf 74' lang='grc' dir='ltr'>καὶ</span> <span class='ocrx_word' id='word_1_20' title='bbox 597 771 716 833; x_wconf 81' lang='grc' dir='ltr'>ταῖς</span> <span class='ocrx_word' id='word_1_21' title='bbox 743 770 802 823; x_wconf 76' lang='grc' dir='ltr'>ἐν</span> <span class='ocrx_word' id='word_1_22' title='bbox 834 767 911 838; x_wconf 86' lang='grc' dir='ltr'>τῷ</span> <span class='ocrx_word' id='word_1_23' title='bbox 945 769 1098 841; x_wconf 80' lang='grc' dir='ltr'>μέσῳ</span> <span class='ocrx_word' id='word_1_24' title='bbox 1126 769 1410 841; x_wconf 77' lang='grc' dir='ltr'>κειμέναις</span> <span class='ocrx_word' id='word_1_25' title='bbox 1441 769 1660 824; x_wconf 84' lang='grc' dir='ltr'>πόλεσιν</span> <span class='ocrx_word' id='word_1_26' title='bbox 1699 769 1942 834; x_wconf 89' lang='grc' dir='ltr'>ἀπάσαις</span> <span class='ocrx_word' id='word_1_27' title='bbox 1983 770 2131 824; x_wconf 87' lang='grc' dir='ltr'>διδά-</span> 
     </span>
    </p>
   </div>
   <div class='ocr_carea' id='block_1_5' title="bbox 473 856 2131 930">
    <p class='ocr_par' dir='ltr' id='par_1_5' title="bbox 473 856 2131 930">
     <span class='ocr_line' id='line_1_5' title="bbox 473 856 2131 930; baseline -0.001 -18"><span class='ocrx_word' id='word_1_28' title='bbox 473 856 672 920; x_wconf 80' lang='grc' dir='ltr'>σκαλος</span> <span class='ocrx_word' id='word_1_29' title='bbox 703 857 870 929; x_wconf 70' lang='grc' dir='ltr'>ἀπῄει</span> <span class='ocrx_word' id='word_1_30' title='bbox 898 857 1218 929; x_wconf 77' lang='grc' dir='ltr'>θαυμάσιος,</span> <span class='ocrx_word' id='word_1_31' title='bbox 1247 857 1450 912; x_wconf 85' lang='grc' dir='ltr'>πείθων</span> <span class='ocrx_word' id='word_1_32' title='bbox 1479 859 1840 930; x_wconf 75' lang='grc' dir='ltr'>καταφρονεῖν</span> <span class='ocrx_word' id='word_1_33' title='bbox 1865 859 1967 929; x_wconf 84' lang='grc' dir='ltr'>τῆς</span> <span class='ocrx_word' id='word_1_34' title='bbox 1989 874 2131 928; x_wconf 87' lang='grc' dir='ltr'>παρ-</span> 
     </span>
    </p>
   </div>
   <div class='ocr_carea' id='block_1_6' title="bbox 469 943 2131 1015">
    <p class='ocr_par' dir='ltr' id='par_1_6' title="bbox 469 943 2131 1015">
     <span class='ocr_line' id='line_1_6' title="bbox 469 943 2131 1015; baseline -0.001 -18"><span class='ocrx_word' id='word_1_35' title='bbox 469 943 638 1013; x_wconf 82' lang='grc' dir='ltr'>ούσης</span> <span class='ocrx_word' id='word_1_36' title='bbox 663 943 833 1014; x_wconf 85' lang='grc' dir='ltr'>ζωῆς,</span> <span class='ocrx_word' id='word_1_37' title='bbox 865 944 961 999; x_wconf 81' lang='grc' dir='ltr'>καὶ</span> <span class='ocrx_word' id='word_1_38' title='bbox 991 943 1158 1015; x_wconf 75' lang='grc' dir='ltr'>μηδὲν</span> <span class='ocrx_word' id='word_1_39' title='bbox 1184 943 1432 1015; x_wconf 87' lang='grc' dir='ltr'>ἡγεῖσθαι</span> <span class='ocrx_word' id='word_1_40' title='bbox 1455 944 1522 998; x_wconf 79' lang='grc' dir='ltr'>τὰ</span> <span class='ocrx_word' id='word_1_41' title='bbox 1550 943 1880 1015; x_wconf 80' lang='grc' dir='ltr'>βλεπόμενα,</span> <span class='ocrx_word' id='word_1_42' title='bbox 1905 943 2131 1000; x_wconf 75' lang='grc' dir='ltr'>καὶτῶν</span> 
     </span>
    </p>
   </div>
   <div class='ocr_carea' id='block_1_7' title="bbox 473 1023 2130 1102">
    <p class='ocr_par' dir='ltr' id='par_1_7' title="bbox 473 1023 2130 1102">
     <span class='ocr_line' id='line_1_7' title="bbox 473 1023 2130 1102; baseline 0.001 -20"><span class='ocrx_word' id='word_1_43' title='bbox 473 1023 776 1098; x_wconf 80' lang='grc' dir='ltr'>μελλόντων</span> <span class='ocrx_word' id='word_1_44' title='bbox 822 1031 974 1102; x_wconf 76' lang='grc' dir='ltr'>ἐρᾷν,</span> <span class='ocrx_word' id='word_1_45' title='bbox 1003 1031 1098 1084; x_wconf 80' lang='grc' dir='ltr'>καὶ</span> <span class='ocrx_word' id='word_1_46' title='bbox 1147 1032 1285 1102; x_wconf 90' lang='grc' dir='ltr'>πρὸς</span> <span class='ocrx_word' id='word_1_47' title='bbox 1329 1031 1420 1085; x_wconf 81' lang='grc' dir='ltr'>τὸν</span> <span class='ocrx_word' id='word_1_48' title='bbox 1468 1030 1698 1102; x_wconf 89' lang='grc' dir='ltr'>οὐρανὸν</span> <span class='ocrx_word' id='word_1_49' title='bbox 1750 1030 1988 1101; x_wconf 76' lang='grc' dir='ltr'>βλέπειν,</span> <span class='ocrx_word' id='word_1_50' title='bbox 2035 1030 2130 1083; x_wconf 78' lang='grc' dir='ltr'>καὶ</span> 
     </span>
    </p>
   </div>
   <div class='ocr_carea' id='block_1_8' title="bbox 470 1113 2128 1189">
    <p class='ocr_par' dir='ltr' id='par_1_8' title="bbox 470 1113 2128 1189">
     <span class='ocr_line' id='line_1_8' title="bbox 470 1113 2128 1189; baseline -0.014 0"><span class='ocrx_word' id='word_1_51' title='bbox 470 1115 611 1186; x_wconf 54' lang='grc' dir='ltr'>πρὸς</span> <span class='ocrx_word' id='word_1_52' title='bbox 659 1116 823 1187; x_wconf 71' lang='grc' dir='ltr'>μηδὲν</span> <span class='ocrx_word' id='word_1_53' title='bbox 866 1118 976 1171; x_wconf 74' lang='grc' dir='ltr'>τῶν</span> <span class='ocrx_word' id='word_1_54' title='bbox 1003 1120 1060 1171; x_wconf 73' lang='grc' dir='ltr'>ἒν</span> <span class='ocrx_word' id='word_1_55' title='bbox 1091 1117 1172 1189; x_wconf 80' lang='grc' dir='ltr'>τῷ</span> <span class='ocrx_word' id='word_1_56' title='bbox 1198 1116 1422 1187; x_wconf 77' lang='grc' dir='ltr'>παρόντι</span> <span class='ocrx_word' id='word_1_57' title='bbox 1449 1117 1550 1188; x_wconf 82' lang='grc' dir='ltr'>βίῳ</span> <span class='ocrx_word' id='word_1_58' title='bbox 1579 1116 1766 1170; x_wconf 88' lang='grc' dir='ltr'>δεινῶν</span> <span class='ocrx_word' id='word_1_59' title='bbox 1806 1113 2128 1186; x_wconf 85' lang='grc' dir='ltr'>ἐπιστρέφε-</span> 
     </span>
    </p>
   </div>
   <div class='ocr_carea' id='block_1_9' title="bbox 475 1201 2128 1275">
    <p class='ocr_par' dir='ltr' id='par_1_9' title="bbox 475 1201 2128 1275">
     <span class='ocr_line' id='line_1_9' title="bbox 475 1201 2128 1275; baseline -0.001 -21"><span class='ocrx_word' id='word_1_60' title='bbox 475 1201 618 1255; x_wconf 88' lang='grc' dir='ltr'>σθαι.</span> <span class='ocrx_word' id='word_1_61' title='bbox 647 1203 829 1257; x_wconf 85' lang='grc' dir='ltr'>Ταῦτα</span> <span class='ocrx_word' id='word_1_62' title='bbox 857 1203 970 1275; x_wconf 82' lang='grc' dir='ltr'>γὰρ</span> <span class='ocrx_word' id='word_1_63' title='bbox 998 1204 1092 1258; x_wconf 72' lang='grc' dir='ltr'>καὶ</span> <span class='ocrx_word' id='word_1_64' title='bbox 1117 1203 1185 1257; x_wconf 84' lang='grc' dir='ltr'>τά</span> <span class='ocrx_word' id='word_1_65' title='bbox 1206 1202 1409 1257; x_wconf 84' lang='grc' dir='ltr'>τούτων</span> <span class='ocrx_word' id='word_1_66' title='bbox 1437 1203 1658 1256; x_wconf 80' lang='grc' dir='ltr'>πλείονα</span> <span class='ocrx_word' id='word_1_67' title='bbox 1686 1203 1774 1257; x_wconf 87' lang='grc' dir='ltr'>διά</span> <span class='ocrx_word' id='word_1_68' title='bbox 1813 1202 1922 1256; x_wconf 86' lang='grc' dir='ltr'>τῶν</span> <span class='ocrx_word' id='word_1_69' title='bbox 1952 1201 2128 1271; x_wconf 80' lang='grc' dir='ltr'>ἔργων</span> 
     </span>
    </p>
   </div>
   <div class='ocr_carea' id='block_1_10' title="bbox 474 1287 2128 1362">
    <p class='ocr_par' dir='ltr' id='par_1_10' title="bbox 474 1287 2128 1362">
     <span class='ocr_line' id='line_1_10' title="bbox 474 1287 2128 1362; baseline 0.004 -19"><span class='ocrx_word' id='word_1_70' title='bbox 474 1291 964 1354; x_wconf 82' lang='grc' dir='ltr'>αὐτοὺςπαιδεύων</span> <span class='ocrx_word' id='word_1_71' title='bbox 991 1291 1177 1356; x_wconf 79' lang='grc' dir='ltr'>ὥδευε,</span> <span class='ocrx_word' id='word_1_72' title='bbox 1199 1291 1451 1362; x_wconf 86' lang='grc' dir='ltr'>καθάπερ</span> <span class='ocrx_word' id='word_1_73' title='bbox 1478 1291 1628 1362; x_wconf 83' lang='grc' dir='ltr'>ῆλιός</span> <span class='ocrx_word' id='word_1_74' title='bbox 1655 1307 1739 1354; x_wconf 90' lang='grc' dir='ltr'>τις</span> <span class='ocrx_word' id='word_1_75' title='bbox 1775 1287 1835 1354; x_wconf 83' lang='grc' dir='ltr'>ἐξ</span> <span class='ocrx_word' id='word_1_76' title='bbox 1865 1287 2128 1357; x_wconf 75' lang='grc' dir='ltr'>ἀνατολῆς</span> 
     </span>
    </p>
   </div>
   <div class='ocr_carea' id='block_1_11' title="bbox 474 1374 2129 1451">
    <p class='ocr_par' dir='ltr' id='par_1_11' title="bbox 474 1374 2129 1451">
     <span class='ocr_line' id='line_1_11' title="bbox 474 1374 2129 1451; baseline -0.002 -22"><span class='ocrx_word' id='word_1_77' title='bbox 474 1378 710 1448; x_wconf 78' lang='grc' dir='ltr'>ἀνίσχων</span> <span class='ocrx_word' id='word_1_78' title='bbox 758 1379 854 1432; x_wconf 74' lang='grc' dir='ltr'>καὶ</span> <span class='ocrx_word' id='word_1_79' title='bbox 901 1381 1038 1450; x_wconf 75' lang='grc' dir='ltr'>πρὸς</span> <span class='ocrx_word' id='word_1_80' title='bbox 1071 1380 1171 1451; x_wconf 81' lang='grc' dir='ltr'>τὴν</span> <span class='ocrx_word' id='word_1_81' title='bbox 1213 1377 1364 1432; x_wconf 89' lang='grc' dir='ltr'>δύσιν</span> <span class='ocrx_word' id='word_1_82' title='bbox 1411 1378 1652 1449; x_wconf 77' lang='grc' dir='ltr'>τρέχωνο</span> <span class='ocrx_word' id='word_1_83' title='bbox 1690 1375 1890 1447; x_wconf 80' lang='grc' dir='ltr'>μᾶλλον</span> <span class='ocrx_word' id='word_1_84' title='bbox 1933 1374 1990 1428; x_wconf 76' lang='grc' dir='ltr'>δέ</span> <span class='ocrx_word' id='word_1_85' title='bbox 2035 1375 2129 1427; x_wconf 75' lang='grc' dir='ltr'>καὶ</span> 
     </span>
    </p>
   </div>
   <div class='ocr_carea' id='block_1_12' title="bbox 473 1457 2126 1537">
    <p class='ocr_par' dir='ltr' id='par_1_12' title="bbox 473 1457 2126 1537">
     <span class='ocr_line' id='line_1_12' title="bbox 473 1457 2126 1537; baseline -0.002 -22"><span class='ocrx_word' id='word_1_86' title='bbox 473 1465 664 1516; x_wconf 84' lang='grc' dir='ltr'>τούτου</span> <span class='ocrx_word' id='word_1_87' title='bbox 712 1465 1098 1537; x_wconf 76' lang='grc' dir='ltr'>φαιδρότερος-ο</span> <span class='ocrx_word' id='word_1_88' title='bbox 1147 1457 1304 1528; x_wconf 78' lang='grc' dir='ltr'>οὗτος</span> <span class='ocrx_word' id='word_1_89' title='bbox 1339 1465 1437 1534; x_wconf 89' lang='grc' dir='ltr'>μέν</span> <span class='ocrx_word' id='word_1_90' title='bbox 1480 1463 1588 1534; x_wconf 92' lang='grc' dir='ltr'>γάρ</span> <span class='ocrx_word' id='word_1_91' title='bbox 1636 1461 1844 1516; x_wconf 75' lang='grc' dir='ltr'>ἀνωθεν</span> <span class='ocrx_word' id='word_1_92' title='bbox 1884 1461 2126 1532; x_wconf 92' lang='grc' dir='ltr'>ἔτρεχεν,</span> 
     </span>
    </p>
   </div>
   <div class='ocr_carea' id='block_1_13' title="bbox 470 1549 2124 1621">
    <p class='ocr_par' dir='ltr' id='par_1_13' title="bbox 470 1549 2124 1621">
     <span class='ocr_line' id='line_1_13' title="bbox 470 1549 2124 1621; baseline -0.003 -17"><span class='ocrx_word' id='word_1_93' title='bbox 470 1551 726 1621; x_wconf 76' lang='grc' dir='ltr'>αἰσθητὸν</span> <span class='ocrx_word' id='word_1_94' title='bbox 771 1552 922 1620; x_wconf 76' lang='grc' dir='ltr'>ἄγων</span> <span class='ocrx_word' id='word_1_95' title='bbox 969 1552 1102 1621; x_wconf 84' lang='grc' dir='ltr'>φῶς,</span> <span class='ocrx_word' id='word_1_96' title='bbox 1121 1551 1378 1618; x_wconf 88' lang='grc' dir='ltr'>Ἰγνάτιος</span> <span class='ocrx_word' id='word_1_97' title='bbox 1410 1551 1467 1604; x_wconf 80' lang='grc' dir='ltr'>δέ</span> <span class='ocrx_word' id='word_1_98' title='bbox 1515 1549 1759 1603; x_wconf 76' lang='grc' dir='ltr'>κάτωθεν</span> <span class='ocrx_word' id='word_1_99' title='bbox 1792 1549 2124 1616; x_wconf 85' lang='grc' dir='ltr'>άντέλαμπε,</span> 
     </span>
    </p>
   </div>
   <div class='ocr_carea' id='block_1_14' title="bbox 469 1635 2130 1708">
    <p class='ocr_par' dir='ltr' id='par_1_14' title="bbox 469 1635 2130 1708">
     <span class='ocr_line' id='line_1_14' title="bbox 469 1635 2130 1708; baseline -0.002 -18"><span class='ocrx_word' id='word_1_100' title='bbox 469 1639 659 1707; x_wconf 87' lang='grc' dir='ltr'>νοητὸν</span> <span class='ocrx_word' id='word_1_101' title='bbox 698 1639 812 1708; x_wconf 90' lang='grc' dir='ltr'>φῶς</span> <span class='ocrx_word' id='word_1_102' title='bbox 843 1637 1188 1701; x_wconf 79' lang='grc' dir='ltr'>διδασκαλίας</span> <span class='ocrx_word' id='word_1_103' title='bbox 1241 1639 1364 1699; x_wconf 88' lang='grc' dir='ltr'>ταῖς</span> <span class='ocrx_word' id='word_1_104' title='bbox 1405 1637 1611 1707; x_wconf 78' lang='grc' dir='ltr'>ψυχαῖς</span> <span class='ocrx_word' id='word_1_105' title='bbox 1651 1635 1844 1699; x_wconf 76' lang='grc' dir='ltr'>ἐνιείςο</span> <span class='ocrx_word' id='word_1_106' title='bbox 1879 1635 2130 1695; x_wconf 85' lang='grc' dir='ltr'>κάκεῖνος</span> 
     </span>
    </p>
   </div>
   <div class='ocr_carea' id='block_1_15' title="bbox 473 1721 2130 1796">
    <p class='ocr_par' dir='ltr' id='par_1_15' title="bbox 473 1721 2130 1796">
     <span class='ocr_line' id='line_1_15' title="bbox 473 1721 2130 1796; baseline -0.003 -18"><span class='ocrx_word' id='word_1_107' title='bbox 473 1727 574 1795; x_wconf 81' lang='grc' dir='ltr'>μὲν</span> <span class='ocrx_word' id='word_1_108' title='bbox 618 1729 697 1789; x_wconf 87' lang='grc' dir='ltr'>είς</span> <span class='ocrx_word' id='word_1_109' title='bbox 741 1726 808 1779; x_wconf 92' lang='grc' dir='ltr'>τά</span> <span class='ocrx_word' id='word_1_110' title='bbox 852 1726 949 1796; x_wconf 88' lang='grc' dir='ltr'>τῆς</span> <span class='ocrx_word' id='word_1_111' title='bbox 994 1724 1200 1788; x_wconf 83' lang='grc' dir='ltr'>δύσεως</span> <span class='ocrx_word' id='word_1_112' title='bbox 1239 1724 1417 1778; x_wconf 83' lang='grc' dir='ltr'>ἀπιὼν</span> <span class='ocrx_word' id='word_1_113' title='bbox 1474 1723 1614 1795; x_wconf 80' lang='grc' dir='ltr'>μέρη</span> <span class='ocrx_word' id='word_1_114' title='bbox 1660 1721 1981 1792; x_wconf 81' lang='grc' dir='ltr'>κρύπτεται,</span> <span class='ocrx_word' id='word_1_115' title='bbox 2036 1721 2130 1773; x_wconf 79' lang='grc' dir='ltr'>καὶ</span> 
     </span>
    </p>
   </div>
   <div class='ocr_carea' id='block_1_16' title="bbox 470 1805 2131 1880">
    <p class='ocr_par' dir='ltr' id='par_1_16' title="bbox 470 1805 2131 1880">
     <span class='ocr_line' id='line_1_16' title="bbox 470 1805 2131 1880; baseline -0.003 -15"><span class='ocrx_word' id='word_1_116' title='bbox 470 1813 642 1866; x_wconf 88' lang='grc' dir='ltr'>νύκτα</span> <span class='ocrx_word' id='word_1_117' title='bbox 684 1812 884 1875; x_wconf 81' lang='grc' dir='ltr'>εὐθέως</span> <span class='ocrx_word' id='word_1_118' title='bbox 911 1813 1104 1880; x_wconf 85' lang='grc' dir='ltr'>ἐπάγει</span> <span class='ocrx_word' id='word_1_119' title='bbox 1133 1829 1146 1842; x_wconf 86' lang='grc'>·</span> <span class='ocrx_word' id='word_1_120' title='bbox 1183 1805 1335 1874; x_wconf 74' lang='grc' dir='ltr'>οὗτος</span> <span class='ocrx_word' id='word_1_121' title='bbox 1361 1811 1417 1864; x_wconf 83' lang='grc' dir='ltr'>δέ</span> <span class='ocrx_word' id='word_1_122' title='bbox 1449 1812 1528 1874; x_wconf 88' lang='grc' dir='ltr'>είς</span> <span class='ocrx_word' id='word_1_123' title='bbox 1560 1810 1629 1863; x_wconf 83' lang='grc' dir='ltr'>τά</span> <span class='ocrx_word' id='word_1_124' title='bbox 1657 1811 1754 1880; x_wconf 88' lang='grc' dir='ltr'>τῆς</span> <span class='ocrx_word' id='word_1_125' title='bbox 1782 1809 1984 1872; x_wconf 78' lang='grc' dir='ltr'>δύσεως</span> <span class='ocrx_word' id='word_1_126' title='bbox 2024 1808 2131 1862; x_wconf 87' lang='grc' dir='ltr'>άπ-</span> 
     </span>
    </p>
   </div>
   <div class='ocr_carea' id='block_1_17' title="bbox 471 1894 2129 1970">
    <p class='ocr_par' dir='ltr' id='par_1_17' title="bbox 471 1894 2129 1970">
     <span class='ocr_line' id='line_1_17' title="bbox 471 1894 2129 1970; baseline -0.003 -18"><span class='ocrx_word' id='word_1_127' title='bbox 471 1899 639 1952; x_wconf 84' lang='grc' dir='ltr'>ελθὼν</span> <span class='ocrx_word' id='word_1_128' title='bbox 673 1899 812 1969; x_wconf 88' lang='grc' dir='ltr'>μέρη</span> <span class='ocrx_word' id='word_1_129' title='bbox 838 1899 1186 1970; x_wconf 82' lang='grc' dir='ltr'>φαιδρότερον</span> <span class='ocrx_word' id='word_1_130' title='bbox 1207 1898 1413 1951; x_wconf 89' lang='grc' dir='ltr'>ἐκεῖθεν</span> <span class='ocrx_word' id='word_1_131' title='bbox 1446 1896 1705 1957; x_wconf 78' lang='grc' dir='ltr'>ἀνέτειλε,</span> <span class='ocrx_word' id='word_1_132' title='bbox 1730 1896 1968 1959; x_wconf 75' lang='grc' dir='ltr'>καὶτοὺς</span> <span class='ocrx_word' id='word_1_133' title='bbox 1989 1894 2129 1949; x_wconf 86' lang='grc' dir='ltr'>κατὰ</span> 
     </span>
    </p>
   </div>
   <div class='ocr_carea' id='block_1_18' title="bbox 468 1983 2130 2057">
    <p class='ocr_par' dir='ltr' id='par_1_18' title="bbox 468 1983 2130 2057">
     <span class='ocr_line' id='line_1_18' title="bbox 468 1983 2130 2057; baseline 0 -19"><span class='ocrx_word' id='word_1_134' title='bbox 468 1987 566 2057; x_wconf 79' lang='grc' dir='ltr'>τὴν</span> <span class='ocrx_word' id='word_1_135' title='bbox 601 1989 716 2040; x_wconf 75' lang='grc' dir='ltr'>ὁδὸν</span> <span class='ocrx_word' id='word_1_136' title='bbox 747 1987 989 2050; x_wconf 72' lang='grc' dir='ltr'>ἅπαντας</span> <span class='ocrx_word' id='word_1_137' title='bbox 1033 1986 1400 2056; x_wconf 80' lang='grc' dir='ltr'>εὐεργετήσας</span> <span class='ocrx_word' id='word_1_138' title='bbox 1442 1984 1510 2038; x_wconf 81' lang='grc' dir='ltr'>τά</span> <span class='ocrx_word' id='word_1_139' title='bbox 1548 1984 1783 2054; x_wconf 87' lang='grc' dir='ltr'>μέγιστα</span> <span class='ocrx_word' id='word_1_140' title='bbox 1807 2001 1820 2014; x_wconf 87' lang='grc'><strong>·</strong></span> <span class='ocrx_word' id='word_1_141' title='bbox 1855 1983 2042 2055; x_wconf 74' lang='grc' dir='ltr'>ἐπειδὴ</span> <span class='ocrx_word' id='word_1_142' title='bbox 2074 1984 2130 2038; x_wconf 82' lang='grc' dir='ltr'>δέ</span> 
     </span>
    </p>
   </div>
   <div class='ocr_carea' id='block_1_19' title="bbox 468 2072 2131 2145">
    <p class='ocr_par' dir='ltr' id='par_1_19' title="bbox 468 2072 2131 2145">
     <span class='ocr_line' id='line_1_19' title="bbox 468 2072 2131 2145; baseline -0.003 -17"><span class='ocrx_word' id='word_1_143' title='bbox 468 2075 569 2145; x_wconf 82' lang='grc' dir='ltr'>τῆς</span> <span class='ocrx_word' id='word_1_144' title='bbox 603 2074 808 2138; x_wconf 84' lang='grc' dir='ltr'>πόλεως</span> <span class='ocrx_word' id='word_1_145' title='bbox 842 2073 1034 2144; x_wconf 88' lang='grc' dir='ltr'>ἐπέϐη,</span> <span class='ocrx_word' id='word_1_146' title='bbox 1067 2073 1324 2144; x_wconf 81' lang='grc' dir='ltr'>κάκείνην</span> <span class='ocrx_word' id='word_1_147' title='bbox 1363 2073 1672 2142; x_wconf 77' lang='grc' dir='ltr'>φιλοσοφεῖν</span> <span class='ocrx_word' id='word_1_148' title='bbox 1699 2072 2000 2125; x_wconf 90' lang='grc' dir='ltr'>ἐπαίδευσε.</span> <span class='ocrx_word' id='word_1_149' title='bbox 2033 2073 2131 2124; x_wconf 81' lang='grc' dir='ltr'>Διά</span> 
     </span>
    </p>
   </div>
   <div class='ocr_carea' id='block_1_20' title="bbox 470 2157 2131 2230">
    <p class='ocr_par' dir='ltr' id='par_1_20' title="bbox 470 2157 2131 2230">
     <span class='ocr_line' id='line_1_20' title="bbox 470 2157 2131 2230; baseline -0.002 -16"><span class='ocrx_word' id='word_1_150' title='bbox 470 2161 579 2230; x_wconf 83' lang='grc' dir='ltr'>γάρ</span> <span class='ocrx_word' id='word_1_151' title='bbox 607 2159 764 2214; x_wconf 86' lang='grc' dir='ltr'>τοῦτο</span> <span class='ocrx_word' id='word_1_152' title='bbox 793 2162 888 2214; x_wconf 79' lang='grc' dir='ltr'>καὶ</span> <span class='ocrx_word' id='word_1_153' title='bbox 924 2163 952 2214; x_wconf 87' lang='grc' dir='ltr'>ό</span> <span class='ocrx_word' id='word_1_154' title='bbox 980 2160 1114 2223; x_wconf 91' lang='grc' dir='ltr'>Θεὸς</span> <span class='ocrx_word' id='word_1_155' title='bbox 1147 2159 1524 2230; x_wconf 85' lang='grc' dir='ltr'>συνεχώρησεν</span> <span class='ocrx_word' id='word_1_156' title='bbox 1553 2159 1670 2211; x_wconf 88' lang='grc' dir='ltr'>ἐκεῖ</span> <span class='ocrx_word' id='word_1_157' title='bbox 1705 2158 1795 2211; x_wconf 87' lang='grc' dir='ltr'>τὸν</span> <span class='ocrx_word' id='word_1_158' title='bbox 1828 2157 1942 2228; x_wconf 88' lang='grc' dir='ltr'>βίον</span> <span class='ocrx_word' id='word_1_159' title='bbox 1969 2158 2131 2211; x_wconf 81' lang='grc' dir='ltr'>αὐτὸν</span> 
     </span>
    </p>
   </div>
   <div class='ocr_carea' id='block_1_21' title="bbox 470 2245 2130 2320">
    <p class='ocr_par' dir='ltr' id='par_1_21' title="bbox 470 2245 2130 2320">
     <span class='ocr_line' id='line_1_21' title="bbox 470 2245 2130 2320; baseline -0.001 -18"><span class='ocrx_word' id='word_1_160' title='bbox 470 2249 790 2314; x_wconf 86' lang='grc' dir='ltr'>καταλῦσαι,</span> <span class='ocrx_word' id='word_1_161' title='bbox 819 2248 958 2302; x_wconf 87' lang='grc' dir='ltr'>ὥστε</span> <span class='ocrx_word' id='word_1_162' title='bbox 982 2248 1080 2319; x_wconf 81' lang='grc' dir='ltr'>τὴν</span> <span class='ocrx_word' id='word_1_163' title='bbox 1112 2248 1298 2301; x_wconf 91' lang='grc' dir='ltr'>τούτου</span> <span class='ocrx_word' id='word_1_164' title='bbox 1330 2247 1477 2320; x_wconf 84' lang='grc'>[599]</span> <span class='ocrx_word' id='word_1_165' title='bbox 1510 2246 1764 2317; x_wconf 80' lang='grc' dir='ltr'>τελευτὴν</span> <span class='ocrx_word' id='word_1_166' title='bbox 1789 2245 2130 2300; x_wconf 91' lang='grc' dir='ltr'>διδασκάλιον</span> 
     </span>
    </p>
   </div>
   <div class='ocr_carea' id='block_1_22' title="bbox 469 2333 2126 2406">
    <p class='ocr_par' dir='ltr' id='par_1_22' title="bbox 469 2333 2126 2406">
     <span class='ocr_line' id='line_1_22' title="bbox 469 2333 2126 2406; baseline -0.001 -17"><span class='ocrx_word' id='word_1_167' title='bbox 469 2337 719 2404; x_wconf 73' lang='grc' dir='ltr'>γενέσθαι</span> <span class='ocrx_word' id='word_1_168' title='bbox 767 2335 1044 2400; x_wconf 86' lang='grc' dir='ltr'>εὐσεϐείας</span> <span class='ocrx_word' id='word_1_169' title='bbox 1082 2339 1192 2398; x_wconf 89' lang='grc' dir='ltr'>τοῖς</span> <span class='ocrx_word' id='word_1_170' title='bbox 1222 2336 1322 2406; x_wconf 79' lang='grc' dir='ltr'>τὴν</span> <span class='ocrx_word' id='word_1_171' title='bbox 1352 2333 1858 2405; x_wconf 84' lang='grc' dir='ltr'>Ῥώμηνόίκοῦσιν</span> <span class='ocrx_word' id='word_1_172' title='bbox 1904 2333 2126 2388; x_wconf 72' lang='grc' dir='ltr'>ἅπασιν.</span> 
     </span>
    </p>
   </div>
   <div class='ocr_carea' id='block_1_23' title="bbox 483 2420 2131 2493">
    <p class='ocr_par' dir='ltr' id='par_1_23' title="bbox 483 2420 2131 2493">
     <span class='ocr_line' id='line_1_23' title="bbox 483 2420 2131 2493; baseline -0.002 -18"><span class='ocrx_word' id='word_1_173' title='bbox 483 2422 672 2493; x_wconf 85' lang='grc' dir='ltr'>Ὑμεῖς</span> <span class='ocrx_word' id='word_1_174' title='bbox 706 2423 806 2492; x_wconf 81' lang='grc' dir='ltr'>μὲν</span> <span class='ocrx_word' id='word_1_175' title='bbox 834 2422 942 2493; x_wconf 91' lang='grc' dir='ltr'>γάρ</span> <span class='ocrx_word' id='word_1_176' title='bbox 972 2424 1039 2493; x_wconf 74' lang='grc' dir='ltr'>τῇ</span> <span class='ocrx_word' id='word_1_177' title='bbox 1078 2423 1170 2474; x_wconf 87' lang='grc' dir='ltr'>τοῦ</span> <span class='ocrx_word' id='word_1_178' title='bbox 1221 2421 1357 2475; x_wconf 91' lang='grc' dir='ltr'>Θεοῦ</span> <span class='ocrx_word' id='word_1_179' title='bbox 1405 2423 1588 2493; x_wconf 82' lang='grc' dir='ltr'>χάριτι</span> <span class='ocrx_word' id='word_1_180' title='bbox 1625 2420 1879 2491; x_wconf 77' lang='grc' dir='ltr'>οὐδεμιᾶς</span> <span class='ocrx_word' id='word_1_181' title='bbox 1919 2420 2131 2473; x_wconf 80' lang='grc' dir='ltr'>ἐδέεσθε</span> 
     </span>
    </p>
   </div>
   <div class='ocr_carea' id='block_1_24' title="bbox 471 2506 2132 2580">
    <p class='ocr_par' dir='ltr' id='par_1_24' title="bbox 471 2506 2132 2580">
     <span class='ocr_line' id='line_1_24' title="bbox 471 2506 2132 2580; baseline -0.001 -18"><span class='ocrx_word' id='word_1_182' title='bbox 471 2509 655 2562; x_wconf 77' lang='grc' dir='ltr'>λοιπὸν</span> <span class='ocrx_word' id='word_1_183' title='bbox 691 2509 1040 2573; x_wconf 77' lang='grc' dir='ltr'>ἀποδείξεως,</span> <span class='ocrx_word' id='word_1_184' title='bbox 1064 2508 1423 2580; x_wconf 72' lang='grc' dir='ltr'>ἐρριζωμένοι</span> <span class='ocrx_word' id='word_1_185' title='bbox 1453 2506 1596 2562; x_wconf 83' lang='grc' dir='ltr'>κατὰ</span> <span class='ocrx_word' id='word_1_186' title='bbox 1632 2508 1731 2576; x_wconf 80' lang='grc' dir='ltr'>τὴν</span> <span class='ocrx_word' id='word_1_187' title='bbox 1754 2507 1939 2559; x_wconf 87' lang='grc' dir='ltr'>πίστιν</span> <span class='ocrx_word' id='word_1_188' title='bbox 1963 2522 1978 2536; x_wconf 89' lang='grc'><strong>·</strong></span> <span class='ocrx_word' id='word_1_189' title='bbox 2003 2507 2052 2560; x_wconf 85' lang='grc' dir='ltr'>οί</span> <span class='ocrx_word' id='word_1_190' title='bbox 2074 2507 2132 2560; x_wconf 81' lang='grc' dir='ltr'>δέ</span> 
     </span>
    </p>
   </div>
   <div class='ocr_carea' id='block_1_25' title="bbox 471 2593 2133 2668">
    <p class='ocr_par' dir='ltr' id='par_1_25' title="bbox 471 2593 2133 2668">
     <span class='ocr_line' id='line_1_25' title="bbox 471 2593 2133 2668; baseline -0.003 -18"><span class='ocrx_word' id='word_1_191' title='bbox 471 2600 571 2667; x_wconf 80' lang='grc' dir='ltr'>τὴν</span> <span class='ocrx_word' id='word_1_192' title='bbox 603 2597 820 2668; x_wconf 83' lang='grc' dir='ltr'>Ῥώμην</span> <span class='ocrx_word' id='word_1_193' title='bbox 850 2596 1150 2662; x_wconf 87' lang='grc' dir='ltr'>οίκοῦντες,</span> <span class='ocrx_word' id='word_1_194' title='bbox 1173 2595 1269 2649; x_wconf 69' lang='grc' dir='ltr'>ἁτε</span> <span class='ocrx_word' id='word_1_195' title='bbox 1307 2594 1504 2665; x_wconf 88' lang='grc' dir='ltr'>πολλῆς</span> <span class='ocrx_word' id='word_1_196' title='bbox 1537 2595 1658 2647; x_wconf 82' lang='grc' dir='ltr'>τότε</span> <span class='ocrx_word' id='word_1_197' title='bbox 1685 2593 1940 2657; x_wconf 86' lang='grc' dir='ltr'>ἀσεϐείας</span> <span class='ocrx_word' id='word_1_198' title='bbox 1966 2593 2133 2664; x_wconf 81' lang='grc' dir='ltr'>οὑσης</span> 
     </span>
    </p>
   </div>
   <div class='ocr_carea' id='block_1_26' title="bbox 471 2679 2132 2754">
    <p class='ocr_par' dir='ltr' id='par_1_26' title="bbox 471 2679 2132 2754">
     <span class='ocr_line' id='line_1_26' title="bbox 471 2679 2132 2754; baseline -0.003 -17"><span class='ocrx_word' id='word_1_199' title='bbox 471 2687 606 2747; x_wconf 90' lang='grc' dir='ltr'>ἐκεῖ,</span> <span class='ocrx_word' id='word_1_200' title='bbox 635 2685 878 2747; x_wconf 86' lang='grc' dir='ltr'>πλείονος</span> <span class='ocrx_word' id='word_1_201' title='bbox 919 2681 1149 2754; x_wconf 75' lang='grc' dir='ltr'>ἔχρῃζον</span> <span class='ocrx_word' id='word_1_202' title='bbox 1191 2681 1461 2752; x_wconf 80' lang='grc' dir='ltr'>βοηθείας.</span> <span class='ocrx_word' id='word_1_203' title='bbox 1491 2680 1592 2734; x_wconf 90' lang='grc' dir='ltr'>Διά</span> <span class='ocrx_word' id='word_1_204' title='bbox 1624 2679 1782 2734; x_wconf 89' lang='grc' dir='ltr'>τοῦτο</span> <span class='ocrx_word' id='word_1_205' title='bbox 1812 2682 1904 2734; x_wconf 76' lang='grc' dir='ltr'>καὶ</span> <span class='ocrx_word' id='word_1_206' title='bbox 1930 2681 2132 2750; x_wconf 82' lang='grc' dir='ltr'>Πέτρος</span> 
     </span>
    </p>
   </div>
   <div class='ocr_carea' id='block_1_27' title="bbox 471 2763 2130 2839">
    <p class='ocr_par' dir='ltr' id='par_1_27' title="bbox 471 2763 2130 2839">
     <span class='ocr_line' id='line_1_27' title="bbox 471 2763 2130 2839; baseline -0.002 -15"><span class='ocrx_word' id='word_1_207' title='bbox 471 2772 567 2824; x_wconf 72' lang='grc' dir='ltr'>καὶ</span> <span class='ocrx_word' id='word_1_208' title='bbox 595 2770 798 2833; x_wconf 79' lang='grc' dir='ltr'>Παῦλος</span> <span class='ocrx_word' id='word_1_209' title='bbox 826 2771 920 2823; x_wconf 74' lang='grc' dir='ltr'>καὶ</span> <span class='ocrx_word' id='word_1_210' title='bbox 954 2771 1070 2839; x_wconf 82' lang='grc' dir='ltr'>μετ’</span> <span class='ocrx_word' id='word_1_211' title='bbox 1091 2770 1329 2833; x_wconf 74' lang='grc' dir='ltr'>ἐκείνους</span> <span class='ocrx_word' id='word_1_212' title='bbox 1357 2763 1508 2833; x_wconf 77' lang='grc' dir='ltr'>οὗτος</span> <span class='ocrx_word' id='word_1_213' title='bbox 1551 2770 1668 2822; x_wconf 86' lang='grc' dir='ltr'>ἐκεῖ</span> <span class='ocrx_word' id='word_1_214' title='bbox 1712 2769 1910 2832; x_wconf 89' lang='grc' dir='ltr'>πάντες</span> <span class='ocrx_word' id='word_1_215' title='bbox 1935 2768 2130 2839; x_wconf 90' lang='grc' dir='ltr'>ἐτύθη-</span> 
     </span>
    </p>
   </div>
   <div class='ocr_carea' id='block_1_28' title="bbox 474 2855 2131 2927">
    <p class='ocr_par' dir='ltr' id='par_1_28' title="bbox 474 2855 2131 2927">
     <span class='ocr_line' id='line_1_28' title="bbox 474 2855 2131 2927; baseline 0 -18"><span class='ocrx_word' id='word_1_216' title='bbox 474 2875 573 2910; x_wconf 83' lang='grc' dir='ltr'>σαν</span> <span class='ocrx_word' id='word_1_217' title='bbox 593 2874 605 2888; x_wconf 87' lang='grc'><strong>·</strong></span> <span class='ocrx_word' id='word_1_218' title='bbox 637 2856 792 2910; x_wconf 89' lang='grc' dir='ltr'>τοῦτο</span> <span class='ocrx_word' id='word_1_219' title='bbox 823 2858 920 2926; x_wconf 86' lang='grc' dir='ltr'>μὲν</span> <span class='ocrx_word' id='word_1_220' title='bbox 953 2857 1039 2909; x_wconf 84' lang='grc' dir='ltr'>ἵνα</span> <span class='ocrx_word' id='word_1_221' title='bbox 1071 2856 1420 2927; x_wconf 78' lang='grc' dir='ltr'>μολυνθεῖσαν</span> <span class='ocrx_word' id='word_1_222' title='bbox 1457 2856 1556 2926; x_wconf 85' lang='grc' dir='ltr'>τὴν</span> <span class='ocrx_word' id='word_1_223' title='bbox 1592 2857 1747 2909; x_wconf 86' lang='grc' dir='ltr'>πόλιν</span> <span class='ocrx_word' id='word_1_224' title='bbox 1783 2859 1896 2919; x_wconf 89' lang='grc' dir='ltr'>τοῖς</span> <span class='ocrx_word' id='word_1_225' title='bbox 1921 2855 2026 2909; x_wconf 87' lang='grc' dir='ltr'>τῶν</span> <span class='ocrx_word' id='word_1_226' title='bbox 2056 2858 2131 2910; x_wconf 83' lang='grc' dir='ltr'>εί-</span> 
     </span>
    </p>
   </div>
   <div class='ocr_carea' id='block_1_29' title="bbox 471 2941 2132 3013">
    <p class='ocr_par' dir='ltr' id='par_1_29' title="bbox 471 2941 2132 3013">
     <span class='ocr_line' id='line_1_29' title="bbox 471 2941 2132 3013; baseline -0.001 -17"><span class='ocrx_word' id='word_1_227' title='bbox 471 2945 653 2996; x_wconf 88' lang='grc' dir='ltr'>δώλων</span> <span class='ocrx_word' id='word_1_228' title='bbox 679 2944 892 3013; x_wconf 81' lang='grc' dir='ltr'>αἵμασι,</span> <span class='ocrx_word' id='word_1_229' title='bbox 921 2945 1036 3006; x_wconf 90' lang='grc' dir='ltr'>τοῖς</span> <span class='ocrx_word' id='word_1_230' title='bbox 1068 2944 1289 3006; x_wconf 85' lang='grc' dir='ltr'>οίκείοις</span> <span class='ocrx_word' id='word_1_231' title='bbox 1323 2945 1548 3012; x_wconf 84' lang='grc' dir='ltr'>αῖμασιν</span> <span class='ocrx_word' id='word_1_232' title='bbox 1573 2941 1942 3012; x_wconf 88' lang='grc' dir='ltr'>ἐκκαθάρωσι,</span> <span class='ocrx_word' id='word_1_233' title='bbox 1973 2941 2132 2995; x_wconf 86' lang='grc' dir='ltr'>τοῦτο</span> 
     </span>
    </p>
   </div>
   <div class='ocr_carea' id='block_1_30' title="bbox 385 3027 2128 3104">
    <p class='ocr_par' dir='ltr' id='par_1_30' title="bbox 385 3027 2128 3104">
     <span class='ocr_line' id='line_1_30' title="bbox 385 3027 2128 3104; baseline -0.001 -21"><span class='ocrx_word' id='word_1_234' title='bbox 385 3027 398 3035; x_wconf 74' lang='grc'><em>’</em></span> <span class='ocrx_word' id='word_1_235' title='bbox 471 3031 527 3083; x_wconf 84' lang='grc' dir='ltr'>δὲ</span> <span class='ocrx_word' id='word_1_236' title='bbox 562 3032 647 3083; x_wconf 83' lang='grc' dir='ltr'>ἵνα</span> <span class='ocrx_word' id='word_1_237' title='bbox 674 3029 772 3100; x_wconf 83' lang='grc' dir='ltr'>τῆς</span> <span class='ocrx_word' id='word_1_238' title='bbox 803 3030 1150 3092; x_wconf 79' lang='grc' dir='ltr'>ἀναστάσεως</span> <span class='ocrx_word' id='word_1_239' title='bbox 1175 3031 1268 3082; x_wconf 90' lang='grc' dir='ltr'>τοῦ</span> <span class='ocrx_word' id='word_1_240' title='bbox 1313 3029 1712 3104; x_wconf 83' lang='grc' dir='ltr'>σταυρωθέντος</span> <span class='ocrx_word' id='word_1_241' title='bbox 1761 3028 1998 3100; x_wconf 76' lang='grc' dir='ltr'>Χριστοῦ</span> <span class='ocrx_word' id='word_1_242' title='bbox 2042 3029 2128 3086; x_wconf 74' lang='grc' dir='ltr'>διὰ</span> 
     </span>
    </p>
   </div>
   <div class='ocr_carea' id='block_1_31' title="bbox 471 3114 2130 3187">
    <p class='ocr_par' dir='ltr' id='par_1_31' title="bbox 471 3114 2130 3187">
     <span class='ocr_line' id='line_1_31' title="bbox 471 3114 2130 3187; baseline -0.001 -17"><span class='ocrx_word' id='word_1_243' title='bbox 471 3117 580 3171; x_wconf 87' lang='grc' dir='ltr'>τῶν</span> <span class='ocrx_word' id='word_1_244' title='bbox 608 3117 783 3187; x_wconf 82' lang='grc' dir='ltr'>ἔργων</span> <span class='ocrx_word' id='word_1_245' title='bbox 813 3117 1202 3186; x_wconf 80' lang='grc' dir='ltr'>παράσχωνται</span> <span class='ocrx_word' id='word_1_246' title='bbox 1239 3117 1337 3185; x_wconf 84' lang='grc' dir='ltr'>τὴν</span> <span class='ocrx_word' id='word_1_247' title='bbox 1368 3114 1659 3180; x_wconf 78' lang='grc' dir='ltr'>ἀπόδειξιν,</span> <span class='ocrx_word' id='word_1_248' title='bbox 1689 3117 1975 3178; x_wconf 88' lang='grc' dir='ltr'>πείσαντες</span> <span class='ocrx_word' id='word_1_249' title='bbox 2003 3118 2130 3178; x_wconf 80' lang='grc' dir='ltr'>τοὺς</span> 
     </span>
    </p>
   </div>
   <div class='ocr_carea' id='block_1_32' title="bbox 473 3202 2131 3274">
    <p class='ocr_par' dir='ltr' id='par_1_32' title="bbox 473 3202 2131 3274">
     <span class='ocr_line' id='line_1_32' title="bbox 473 3202 2131 3274; baseline -0.002 -16"><span class='ocrx_word' id='word_1_250' title='bbox 473 3205 570 3274; x_wconf 81' lang='grc' dir='ltr'>τὴν</span> <span class='ocrx_word' id='word_1_251' title='bbox 601 3205 816 3274; x_wconf 82' lang='grc' dir='ltr'>Ῥώμην</span> <span class='ocrx_word' id='word_1_252' title='bbox 849 3203 1129 3267; x_wconf 72' lang='grc' dir='ltr'>οἰκοῦντας</span> <span class='ocrx_word' id='word_1_253' title='bbox 1162 3204 1237 3266; x_wconf 89' lang='grc' dir='ltr'>ὼς</span> <span class='ocrx_word' id='word_1_254' title='bbox 1267 3204 1366 3256; x_wconf 88' lang='grc' dir='ltr'>οὐκ</span> <span class='ocrx_word' id='word_1_255' title='bbox 1393 3203 1458 3256; x_wconf 84' lang='grc' dir='ltr'>ἃν</span> <span class='ocrx_word' id='word_1_256' title='bbox 1483 3202 1621 3270; x_wconf 86' lang='grc' dir='ltr'>μετά</span> <span class='ocrx_word' id='word_1_257' title='bbox 1645 3204 1910 3272; x_wconf 86' lang='grc' dir='ltr'>τοσαύτης</span> <span class='ocrx_word' id='word_1_258' title='bbox 1941 3204 2131 3272; x_wconf 79' lang='grc' dir='ltr'>ἡδονῆς</span> 
     </span>
    </p>
   </div>
   <div class='ocr_carea' id='block_1_33' title="bbox 473 3286 2132 3361">
    <p class='ocr_par' dir='ltr' id='par_1_33' title="bbox 473 3286 2132 3361">
     <span class='ocr_line' id='line_1_33' title="bbox 473 3286 2132 3361; baseline 0 -18"><span class='ocrx_word' id='word_1_259' title='bbox 473 3292 574 3360; x_wconf 91' lang='grc' dir='ltr'>τῆς</span> <span class='ocrx_word' id='word_1_260' title='bbox 615 3292 893 3361; x_wconf 81' lang='grc' dir='ltr'>παρούσης</span> <span class='ocrx_word' id='word_1_261' title='bbox 924 3291 1334 3360; x_wconf 76' lang='grc' dir='ltr'>κατεφρόνησαν</span> <span class='ocrx_word' id='word_1_262' title='bbox 1369 3289 1533 3358; x_wconf 87' lang='grc' dir='ltr'>ζωῆς,</span> <span class='ocrx_word' id='word_1_263' title='bbox 1572 3292 1619 3342; x_wconf 86' lang='grc' dir='ltr'>εί</span> <span class='ocrx_word' id='word_1_264' title='bbox 1653 3291 1726 3360; x_wconf 83' lang='grc' dir='ltr'>μὴ</span> <span class='ocrx_word' id='word_1_265' title='bbox 1763 3291 1966 3360; x_wconf 86' lang='grc' dir='ltr'>σφόδρα</span> <span class='ocrx_word' id='word_1_266' title='bbox 1994 3286 2132 3360; x_wconf 77' lang='grc' dir='ltr'>ἦσαν</span> 
     </span>
    </p>
   </div>
   <div class='ocr_carea' id='block_1_34' title="bbox 473 3375 2134 3446">
    <p class='ocr_par' dir='ltr' id='par_1_34' title="bbox 473 3375 2134 3446">
     <span class='ocr_line' id='line_1_34' title="bbox 473 3375 2134 3446; baseline -0.001 -16"><span class='ocrx_word' id='word_1_267' title='bbox 473 3377 795 3440; x_wconf 83' lang='grc' dir='ltr'>πεπεικότες</span> <span class='ocrx_word' id='word_1_268' title='bbox 823 3379 1067 3439; x_wconf 85' lang='grc' dir='ltr'>ἐαυτοὺς,</span> <span class='ocrx_word' id='word_1_269' title='bbox 1102 3377 1184 3429; x_wconf 81' lang='grc' dir='ltr'>ὅτι</span> <span class='ocrx_word' id='word_1_270' title='bbox 1222 3376 1357 3446; x_wconf 90' lang='grc' dir='ltr'>πρὸς</span> <span class='ocrx_word' id='word_1_271' title='bbox 1393 3376 1481 3428; x_wconf 85' lang='grc' dir='ltr'>τὸν</span> <span class='ocrx_word' id='word_1_272' title='bbox 1524 3375 1938 3446; x_wconf 73' lang='grc' dir='ltr'>ἐσταυρωμένον</span> <span class='ocrx_word' id='word_1_273' title='bbox 1979 3377 2134 3446; x_wconf 85' lang='grc' dir='ltr'>ἔμελ-</span> 
     </span>
    </p>
   </div>
   <div class='ocr_carea' id='block_1_35' title="bbox 474 3463 2132 3534">
    <p class='ocr_par' dir='ltr' id='par_1_35' title="bbox 474 3463 2132 3534">
     <span class='ocr_line' id='line_1_35' title="bbox 474 3463 2132 3534; baseline -0.002 -16"><span class='ocrx_word' id='word_1_274' title='bbox 474 3464 565 3518; x_wconf 80' lang='grc' dir='ltr'>λον</span> <span class='ocrx_word' id='word_1_275' title='bbox 592 3465 899 3518; x_wconf 76' lang='grc' dir='ltr'>ἀναϐαίνειν</span> <span class='ocrx_word' id='word_1_276' title='bbox 934 3463 1158 3534; x_wconf 84' lang='grc' dir='ltr'>Ἰησοῦν,</span> <span class='ocrx_word' id='word_1_277' title='bbox 1201 3464 1296 3517; x_wconf 73' lang='grc' dir='ltr'>καὶ</span> <span class='ocrx_word' id='word_1_278' title='bbox 1326 3466 1383 3516; x_wconf 87' lang='grc' dir='ltr'>ἐν</span> <span class='ocrx_word' id='word_1_279' title='bbox 1408 3465 1520 3526; x_wconf 89' lang='grc' dir='ltr'>τοῖς</span> <span class='ocrx_word' id='word_1_280' title='bbox 1543 3465 1789 3534; x_wconf 82' lang='grc' dir='ltr'>οὐρανοῖς</span> <span class='ocrx_word' id='word_1_281' title='bbox 1818 3463 1977 3516; x_wconf 87' lang='grc' dir='ltr'>αὑτὸν</span> <span class='ocrx_word' id='word_1_282' title='bbox 2005 3463 2132 3532; x_wconf 65' lang='grc' dir='ltr'>ὂψε-</span> 
     </span>
    </p>
   </div>
   <div class='ocr_carea' id='block_1_36' title="bbox 477 3547 2132 3621">
    <p class='ocr_par' dir='ltr' id='par_1_36' title="bbox 477 3547 2132 3621">
     <span class='ocr_line' id='line_1_36' title="bbox 477 3547 2132 3621; baseline 0 -17"><span class='ocrx_word' id='word_1_283' title='bbox 477 3551 622 3606; x_wconf 89' lang='grc' dir='ltr'>σθαι.</span> <span class='ocrx_word' id='word_1_284' title='bbox 651 3549 897 3620; x_wconf 86' lang='grc' dir='ltr'>Μεγίστη</span> <span class='ocrx_word' id='word_1_285' title='bbox 931 3549 1043 3621; x_wconf 84' lang='grc' dir='ltr'>γάρ</span> <span class='ocrx_word' id='word_1_286' title='bbox 1066 3549 1232 3612; x_wconf 84' lang='grc' dir='ltr'>δντως</span> <span class='ocrx_word' id='word_1_287' title='bbox 1261 3549 1610 3612; x_wconf 79' lang='grc' dir='ltr'>ἀναστάσεως</span> <span class='ocrx_word' id='word_1_288' title='bbox 1640 3547 1909 3612; x_wconf 82' lang='grc' dir='ltr'>ἀπόδειξις</span> <span class='ocrx_word' id='word_1_289' title='bbox 1947 3549 2008 3601; x_wconf 86' lang='grc' dir='ltr'>τὸ</span> <span class='ocrx_word' id='word_1_290' title='bbox 2044 3551 2132 3604; x_wconf 86' lang='grc' dir='ltr'>τὸν</span> 
     </span>
    </p>
   </div>
   <div class='ocr_carea' id='block_1_37' title="bbox 477 3636 2133 3710">
    <p class='ocr_par' dir='ltr' id='par_1_37' title="bbox 477 3636 2133 3710">
     <span class='ocr_line' id='line_1_37' title="bbox 477 3636 2133 3710; baseline -0.002 -18"><span class='ocrx_word' id='word_1_291' title='bbox 477 3640 752 3708; x_wconf 80' lang='grc' dir='ltr'>σφαγέντα</span> <span class='ocrx_word' id='word_1_292' title='bbox 799 3637 1030 3710; x_wconf 85' lang='grc' dir='ltr'>Χριστὸν</span> <span class='ocrx_word' id='word_1_293' title='bbox 1080 3637 1348 3707; x_wconf 88' lang='grc' dir='ltr'>τοσαύτην</span> <span class='ocrx_word' id='word_1_294' title='bbox 1391 3637 1530 3707; x_wconf 87' lang='grc' dir='ltr'>μετά</span> <span class='ocrx_word' id='word_1_295' title='bbox 1591 3637 1817 3689; x_wconf 91' lang='grc' dir='ltr'>θάνατον</span> <span class='ocrx_word' id='word_1_296' title='bbox 1862 3636 2133 3700; x_wconf 78' lang='grc' dir='ltr'>ἐπιδείξα-</span> 
     </span>
    </p>
   </div>
   <div class='ocr_carea' id='block_1_38' title="bbox 479 3721 2135 3794">
    <p class='ocr_par' dir='ltr' id='par_1_38' title="bbox 479 3721 2135 3794">
     <span class='ocr_line' id='line_1_38' title="bbox 479 3721 2135 3794; baseline -0.003 -15"><span class='ocrx_word' id='word_1_297' title='bbox 479 3725 602 3779; x_wconf 80' lang='grc' dir='ltr'>σθαι</span> <span class='ocrx_word' id='word_1_298' title='bbox 640 3725 889 3792; x_wconf 88' lang='grc' dir='ltr'>δύναμιν,</span> <span class='ocrx_word' id='word_1_299' title='bbox 925 3724 999 3786; x_wconf 87' lang='grc' dir='ltr'>ὼς</span> <span class='ocrx_word' id='word_1_300' title='bbox 1037 3723 1162 3786; x_wconf 76' lang='grc' dir='ltr'>τοὺς</span> <span class='ocrx_word' id='word_1_301' title='bbox 1191 3721 1398 3786; x_wconf 86' lang='grc' dir='ltr'>ζῶντας</span> <span class='ocrx_word' id='word_1_302' title='bbox 1443 3721 1759 3794; x_wconf 84' lang='grc' dir='ltr'>ἀνθρώπους</span> <span class='ocrx_word' id='word_1_303' title='bbox 1807 3725 1990 3774; x_wconf 88' lang='grc' dir='ltr'>πεῖσαι</span> <span class='ocrx_word' id='word_1_304' title='bbox 2041 3724 2135 3775; x_wconf 63' lang='grc' dir='ltr'>καὶ¹</span> 
     </span>
    </p>
   </div>
   <div class='ocr_carea' id='block_1_39' title="bbox 479 3809 2187 3881">
    <p class='ocr_par' dir='ltr' id='par_1_39' title="bbox 479 3809 2187 3881">
     <span class='ocr_line' id='line_1_39' title="bbox 479 3809 2187 3881; baseline -0.001 -18"><span class='ocrx_word' id='word_1_305' title='bbox 479 3812 752 3881; x_wconf 83' lang='grc' dir='ltr'>πατρίδος,</span> <span class='ocrx_word' id='word_1_306' title='bbox 812 3809 906 3863; x_wconf 79' lang='grc' dir='ltr'>καὶ</span> <span class='ocrx_word' id='word_1_307' title='bbox 947 3809 1145 3872; x_wconf 89' lang='grc' dir='ltr'>οίκίας,</span> <span class='ocrx_word' id='word_1_308' title='bbox 1196 3810 1287 3861; x_wconf 71' lang='grc' dir='ltr'>καὶ</span> <span class='ocrx_word' id='word_1_309' title='bbox 1323 3809 1512 3877; x_wconf 88' lang='grc' dir='ltr'>φίλων,</span> <span class='ocrx_word' id='word_1_310' title='bbox 1543 3809 1635 3862; x_wconf 73' lang='grc' dir='ltr'>καὶ</span> <span class='ocrx_word' id='word_1_311' title='bbox 1685 3809 1990 3877; x_wconf 84' lang='grc' dir='ltr'>συγγενῶν,</span> <span class='ocrx_word' id='word_1_312' title='bbox 2042 3809 2135 3862; x_wconf 78' lang='grc' dir='ltr'>καὶ</span> <span class='ocrx_word' id='word_1_313' title='bbox 2167 3823 2187 3832; x_wconf 79' lang='grc'><strong>“</strong></span> 
     </span>
    </p>
   </div>
   <div class='ocr_carea' id='block_1_40' title="bbox 480 3895 2132 3968">
    <p class='ocr_par' dir='ltr' id='par_1_40' title="bbox 480 3895 2132 3968">
     <span class='ocr_line' id='line_1_40' title="bbox 480 3895 2132 3968; baseline -0.003 -16"><span class='ocrx_word' id='word_1_314' title='bbox 480 3900 644 3968; x_wconf 83' lang='grc' dir='ltr'>αὐτῆς</span> <span class='ocrx_word' id='word_1_315' title='bbox 670 3898 943 3968; x_wconf 78' lang='grc' dir='ltr'>ὑπεριδεῖν</span> <span class='ocrx_word' id='word_1_316' title='bbox 965 3896 1061 3965; x_wconf 88' lang='grc' dir='ltr'>τῆς</span> <span class='ocrx_word' id='word_1_317' title='bbox 1082 3895 1226 3966; x_wconf 87' lang='grc' dir='ltr'>ζωῆς</span> <span class='ocrx_word' id='word_1_318' title='bbox 1254 3895 1394 3966; x_wconf 84' lang='grc' dir='ltr'>ὑπὲρ</span> <span class='ocrx_word' id='word_1_319' title='bbox 1413 3895 1512 3966; x_wconf 89' lang='grc' dir='ltr'>τῆς</span> <span class='ocrx_word' id='word_1_320' title='bbox 1534 3897 1612 3958; x_wconf 89' lang='grc' dir='ltr'>είς</span> <span class='ocrx_word' id='word_1_321' title='bbox 1641 3895 1801 3949; x_wconf 87' lang='grc' dir='ltr'>αὐτὸν</span> <span class='ocrx_word' id='word_1_322' title='bbox 1822 3895 2132 3964; x_wconf 83' lang='grc' dir='ltr'>ὁμολογίας,</span> 
     </span>
    </p>
   </div>
   <div class='ocr_carea' id='block_1_41' title="bbox 481 3983 2134 4055">
    <p class='ocr_par' dir='ltr' id='par_1_41' title="bbox 481 3983 2134 4055">
     <span class='ocr_line' id='line_1_41' title="bbox 481 3983 2134 4055; baseline -0.002 -16"><span class='ocrx_word' id='word_1_323' title='bbox 481 3987 573 4040; x_wconf 73' lang='grc' dir='ltr'>καὶ</span> <span class='ocrx_word' id='word_1_324' title='bbox 607 3987 907 4055; x_wconf 89' lang='grc' dir='ltr'>μάστιγας,</span> <span class='ocrx_word' id='word_1_325' title='bbox 957 3984 1050 4036; x_wconf 72' lang='grc' dir='ltr'>καὶ</span> <span class='ocrx_word' id='word_1_326' title='bbox 1082 3983 1394 4046; x_wconf 83' lang='grc' dir='ltr'>κινδύνους,</span> <span class='ocrx_word' id='word_1_327' title='bbox 1437 3983 1544 4036; x_wconf 71' lang='grc' dir='ltr'>ικαὶ</span> <span class='ocrx_word' id='word_1_328' title='bbox 1582 3983 1811 4036; x_wconf 91' lang='grc' dir='ltr'>θάνατον</span> <span class='ocrx_word' id='word_1_329' title='bbox 1853 3983 1972 4035; x_wconf 69' lang='grc' dir='ltr'>ἀντὶ</span> <span class='ocrx_word' id='word_1_330' title='bbox 2025 3983 2134 4036; x_wconf 89' lang='grc' dir='ltr'>τῶν</span> 
     </span>
    </p>
   </div>
   <div class='ocr_carea' id='block_1_42' title="bbox 481 4068 2133 4142">
    <p class='ocr_par' dir='ltr' id='par_1_42' title="bbox 481 4068 2133 4142">
     <span class='ocr_line' id='line_1_42' title="bbox 481 4068 2133 4142; baseline -0.003 -16"><span class='ocrx_word' id='word_1_331' title='bbox 481 4073 764 4142; x_wconf 82' lang='grc' dir='ltr'>παρόντων</span> <span class='ocrx_word' id='word_1_332' title='bbox 794 4070 965 4141; x_wconf 87' lang='grc' dir='ltr'>ήδέων</span> <span class='ocrx_word' id='word_1_333' title='bbox 1001 4068 1236 4122; x_wconf 79' lang='grc' dir='ltr'>ἑλέσθαι.</span> <span class='ocrx_word' id='word_1_334' title='bbox 1260 4069 1449 4122; x_wconf 88' lang='grc' dir='ltr'>Ταῦτα</span> <span class='ocrx_word' id='word_1_335' title='bbox 1473 4069 1581 4139; x_wconf 86' lang='grc' dir='ltr'>γάρ</span> <span class='ocrx_word' id='word_1_336' title='bbox 1609 4069 1727 4138; x_wconf 68' lang='grc' dir='ltr'>οὐχὶ</span> <span class='ocrx_word' id='word_1_337' title='bbox 1752 4068 1947 4139; x_wconf 84' lang='grc' dir='ltr'>νεκροῦ</span> <span class='ocrx_word' id='word_1_338' title='bbox 1971 4087 2133 4131; x_wconf 81' lang='grc' dir='ltr'>τινος,</span> 
     </span>
    </p>
   </div>
   <div class='ocr_carea' id='block_1_43' title="bbox 481 4155 2136 4228">
    <p class='ocr_par' dir='ltr' id='par_1_43' title="bbox 481 4155 2136 4228">
     <span class='ocr_line' id='line_1_43' title="bbox 481 4155 2136 4228; baseline -0.002 -16"><span class='ocrx_word' id='word_1_339' title='bbox 481 4160 601 4213; x_wconf 82' lang='grc' dir='ltr'>οὐδέ</span> <span class='ocrx_word' id='word_1_340' title='bbox 625 4160 717 4211; x_wconf 78' lang='grc' dir='ltr'>ἐπὶ</span> <span class='ocrx_word' id='word_1_341' title='bbox 754 4158 833 4228; x_wconf 80' lang='grc' dir='ltr'>τῷ</span> <span class='ocrx_word' id='word_1_342' title='bbox 861 4156 1015 4226; x_wconf 83' lang='grc' dir='ltr'>τάφῳ</span> <span class='ocrx_word' id='word_1_343' title='bbox 1055 4157 1355 4227; x_wconf 78' lang='grc' dir='ltr'>μείναντος,</span> <span class='ocrx_word' id='word_1_344' title='bbox 1382 4155 1497 4207; x_wconf 80' lang='grc' dir='ltr'>ἀλλ’</span> <span class='ocrx_word' id='word_1_345' title='bbox 1525 4155 1853 4217; x_wconf 76' lang='grc' dir='ltr'>ἀναστάντος</span> <span class='ocrx_word' id='word_1_346' title='bbox 1881 4157 1974 4207; x_wconf 73' lang='grc' dir='ltr'>καὶ</span> <span class='ocrx_word' id='word_1_347' title='bbox 1998 4155 2136 4219; x_wconf 89' lang='grc' dir='ltr'>ζῶν-</span> 
     </span>
    </p>
   </div>
   <div class='ocr_carea' id='block_1_44' title="bbox 480 4241 2139 4318">
    <p class='ocr_par' dir='ltr' id='par_1_44' title="bbox 480 4241 2139 4318">
     <span class='ocr_line' id='line_1_44' title="bbox 480 4241 2139 4318; baseline -0.002 -18"><span class='ocrx_word' id='word_1_348' title='bbox 480 4265 571 4311; x_wconf 91' lang='grc' dir='ltr'>τος</span> <span class='ocrx_word' id='word_1_349' title='bbox 600 4245 666 4318; x_wconf 80' lang='grc' dir='ltr'>ῆν</span> <span class='ocrx_word' id='word_1_350' title='bbox 689 4245 756 4299; x_wconf 77' lang='grc' dir='ltr'>τά</span> <span class='ocrx_word' id='word_1_351' title='bbox 791 4244 1211 4315; x_wconf 83' lang='grc' dir='ltr'>κατορθώματα.</span> <span class='ocrx_word' id='word_1_352' title='bbox 1245 4243 1398 4296; x_wconf 75' lang='grc' dir='ltr'>Ἐπεὶ</span> <span class='ocrx_word' id='word_1_353' title='bbox 1427 4243 1542 4305; x_wconf 88' lang='grc' dir='ltr'>πῶς</span> <span class='ocrx_word' id='word_1_354' title='bbox 1562 4241 1628 4296; x_wconf 80' lang='grc' dir='ltr'>ἂν</span> <span class='ocrx_word' id='word_1_355' title='bbox 1647 4243 1760 4312; x_wconf 90' lang='grc' dir='ltr'>ἔχοι</span> <span class='ocrx_word' id='word_1_356' title='bbox 1784 4241 1960 4310; x_wconf 92' lang='grc' dir='ltr'>λόγον,</span> <span class='ocrx_word' id='word_1_357' title='bbox 1979 4243 2139 4312; x_wconf 90' lang='grc' dir='ltr'>ἡνίκα</span> 
     </span>
    </p>
   </div>
   <div class='ocr_carea' id='block_1_45' title="bbox 489 4328 2139 4407">
    <p class='ocr_par' dir='ltr' id='par_1_45' title="bbox 489 4328 2139 4407">
     <span class='ocr_line' id='line_1_45' title="bbox 489 4328 2139 4407; baseline -0.004 -19"><span class='ocrx_word' id='word_1_358' title='bbox 489 4336 581 4407; x_wconf 68' lang='grc' dir='ltr'>μὲν</span> <span class='ocrx_word' id='word_1_359' title='bbox 605 4334 723 4403; x_wconf 76' lang='grc' dir='ltr'>ἔζη,</span> <span class='ocrx_word' id='word_1_360' title='bbox 752 4334 878 4397; x_wconf 78' lang='grc' dir='ltr'>τοὺς</span> <span class='ocrx_word' id='word_1_361' title='bbox 914 4333 1168 4394; x_wconf 85' lang='grc' dir='ltr'>συνόντας</span> <span class='ocrx_word' id='word_1_362' title='bbox 1215 4330 1364 4401; x_wconf 87' lang='grc' dir='ltr'>αὑτῷ</span> <span class='ocrx_word' id='word_1_363' title='bbox 1415 4331 1623 4393; x_wconf 80' lang='grc' dir='ltr'>πάντας</span> <span class='ocrx_word' id='word_1_364' title='bbox 1662 4329 1993 4390; x_wconf 84' lang='grc' dir='ltr'>ἀποστόλους</span> <span class='ocrx_word' id='word_1_365' title='bbox 2032 4328 2139 4381; x_wconf 81' lang='grc' dir='ltr'>ἀπὸ</span> 
     </span>
    </p>
   </div>
   <div class='ocr_carea' id='block_1_46' title="bbox 483 4415 2141 4490">
    <p class='ocr_par' dir='ltr' id='par_1_46' title="bbox 483 4415 2141 4490">
     <span class='ocr_line' id='line_1_46' title="bbox 483 4415 2141 4490; baseline -0.005 -16"><span class='ocrx_word' id='word_1_366' title='bbox 483 4423 574 4474; x_wconf 79' lang='grc' dir='ltr'>τοῦ</span> <span class='ocrx_word' id='word_1_367' title='bbox 610 4423 774 4490; x_wconf 77' lang='grc' dir='ltr'>φόϐου</span> <span class='ocrx_word' id='word_1_368' title='bbox 809 4420 1130 4490; x_wconf 87' lang='grc' dir='ltr'>γενομένους</span> <span class='ocrx_word' id='word_1_369' title='bbox 1161 4418 1584 4488; x_wconf 84' lang='grc' dir='ltr'>ἀσθενεστέρους</span> <span class='ocrx_word' id='word_1_370' title='bbox 1625 4417 1918 4486; x_wconf 83' lang='grc' dir='ltr'>προδοῦναι</span> <span class='ocrx_word' id='word_1_371' title='bbox 1951 4415 2039 4468; x_wconf 83' lang='grc' dir='ltr'>τὸν</span> <span class='ocrx_word' id='word_1_372' title='bbox 2065 4415 2141 4467; x_wconf 85' lang='grc' dir='ltr'>δι-</span> 
     </span>
    </p>
   </div>
   <div class='ocr_carea' id='block_1_47' title="bbox 484 4501 2141 4576">
    <p class='ocr_par' dir='ltr' id='par_1_47' title="bbox 484 4501 2141 4576">
     <span class='ocr_line' id='line_1_47' title="bbox 484 4501 2141 4576; baseline -0.004 -15"><span class='ocrx_word' id='word_1_373' title='bbox 484 4509 771 4572; x_wconf 86' lang='grc' dir='ltr'>δάσκαλον,</span> <span class='ocrx_word' id='word_1_374' title='bbox 801 4509 895 4561; x_wconf 75' lang='grc' dir='ltr'>καὶ</span> <span class='ocrx_word' id='word_1_375' title='bbox 924 4507 1222 4576; x_wconf 84' lang='grc' dir='ltr'>φεύγοντας</span> <span class='ocrx_word' id='word_1_376' title='bbox 1246 4505 1522 4572; x_wconf 85' lang='grc' dir='ltr'>ἀπελθεῖν,</span> <span class='ocrx_word' id='word_1_377' title='bbox 1553 4506 1741 4574; x_wconf 83' lang='grc' dir='ltr'>ἐπειδὴ</span> <span class='ocrx_word' id='word_1_378' title='bbox 1772 4505 1828 4556; x_wconf 87' lang='grc' dir='ltr'>δέ</span> <span class='ocrx_word' id='word_1_379' title='bbox 1860 4501 2141 4572; x_wconf 89' lang='grc' dir='ltr'>ἐτελεύτη-</span> 
     </span>
    </p>
   </div>
   <div class='ocr_carea' id='block_1_48' title="bbox 488 4591 2140 4666">
    <p class='ocr_par' dir='ltr' id='par_1_48' title="bbox 488 4591 2140 4666">
     <span class='ocr_line' id='line_1_48' title="bbox 488 4591 2140 4666; baseline -0.004 -18"><span class='ocrx_word' id='word_1_380' title='bbox 488 4614 597 4660; x_wconf 90' lang='grc' dir='ltr'>σεν,</span> <span class='ocrx_word' id='word_1_381' title='bbox 641 4596 714 4666; x_wconf 81' lang='grc' dir='ltr'>μὴ</span> <span class='ocrx_word' id='word_1_382' title='bbox 749 4595 906 4666; x_wconf 82' lang='grc' dir='ltr'>μόνον</span> <span class='ocrx_word' id='word_1_383' title='bbox 930 4596 1132 4665; x_wconf 82' lang='grc' dir='ltr'>Πέτρον</span> <span class='ocrx_word' id='word_1_384' title='bbox 1173 4596 1266 4648; x_wconf 72' lang='grc' dir='ltr'>καὶ</span> <span class='ocrx_word' id='word_1_385' title='bbox 1301 4594 1511 4648; x_wconf 89' lang='grc' dir='ltr'>Παῦλον</span> <span class='ocrx_word' id='word_1_386' title='bbox 1535 4631 1550 4657; x_wconf 87' lang='grc'>,</span> <span class='ocrx_word' id='word_1_387' title='bbox 1580 4593 1714 4646; x_wconf 88' lang='grc' dir='ltr'>ἀλλά</span> <span class='ocrx_word' id='word_1_388' title='bbox 1754 4592 1846 4644; x_wconf 77' lang='grc' dir='ltr'>καὶ</span> <span class='ocrx_word' id='word_1_389' title='bbox 1885 4591 2140 4659; x_wconf 86' lang='grc' dir='ltr'>Ἰγνάτιον</span> 
     </span>
    </p>
   </div>
   <div class='ocr_carea' id='block_1_49' title="bbox 487 4677 2138 4753">
    <p class='ocr_par' dir='ltr' id='par_1_49' title="bbox 487 4677 2138 4753">
     <span class='ocr_line' id='line_1_49' title="bbox 487 4677 2138 4753; baseline -0.004 -18"><span class='ocrx_word' id='word_1_390' title='bbox 487 4685 575 4735; x_wconf 73' lang='grc' dir='ltr'>τὸν</span> <span class='ocrx_word' id='word_1_391' title='bbox 608 4684 728 4736; x_wconf 83' lang='grc' dir='ltr'>οὐδὲ</span> <span class='ocrx_word' id='word_1_392' title='bbox 782 4684 1064 4753; x_wconf 79' lang='grc' dir='ltr'>ἑωρακότα</span> <span class='ocrx_word' id='word_1_393' title='bbox 1122 4681 1304 4743; x_wconf 88' lang='grc' dir='ltr'>αὑτὸν,</span> <span class='ocrx_word' id='word_1_394' title='bbox 1356 4680 1477 4733; x_wconf 82' lang='grc' dir='ltr'>οὐδὲ</span> <span class='ocrx_word' id='word_1_395' title='bbox 1515 4679 1926 4733; x_wconf 90' lang='grc' dir='ltr'>ἀπολελαυκότα</span> <span class='ocrx_word' id='word_1_396' title='bbox 1975 4677 2138 4730; x_wconf 89' lang='grc' dir='ltr'>αὐτοῦ</span> 
     </span>
    </p>
   </div>
   <div class='ocr_carea' id='block_1_50' title="bbox 487 4765 2142 4840">
    <p class='ocr_par' dir='ltr' id='par_1_50' title="bbox 487 4765 2142 4840">
     <span class='ocr_line' id='line_1_50' title="bbox 487 4765 2142 4840; baseline -0.004 -18"><span class='ocrx_word' id='word_1_397' title='bbox 487 4772 584 4840; x_wconf 86' lang='grc' dir='ltr'>τῆς</span> <span class='ocrx_word' id='word_1_398' title='bbox 614 4770 898 4833; x_wconf 83' lang='grc' dir='ltr'>συνουσίας</span> <span class='ocrx_word' id='word_1_399' title='bbox 925 4768 1193 4838; x_wconf 82' lang='grc' dir='ltr'>τοσαύτην</span> <span class='ocrx_word' id='word_1_400' title='bbox 1221 4768 1360 4837; x_wconf 78' lang='grc' dir='ltr'>ὑπὲρ</span> <span class='ocrx_word' id='word_1_401' title='bbox 1392 4767 1557 4821; x_wconf 88' lang='grc' dir='ltr'>αὑτοῦ</span> <span class='ocrx_word' id='word_1_402' title='bbox 1601 4767 1908 4836; x_wconf 86' lang='grc' dir='ltr'>προθυμίαν</span> <span class='ocrx_word' id='word_1_403' title='bbox 1943 4765 2142 4821; x_wconf 79' lang='grc' dir='ltr'>ἐπιδεί·</span> 
     </span>
    </p>
   </div>
   <div class='ocr_carea' id='block_1_51' title="bbox 490 4853 2027 4927">
    <p class='ocr_par' dir='ltr' id='par_1_51' title="bbox 490 4853 2027 4927">
     <span class='ocr_line' id='line_1_51' title="bbox 490 4853 2027 4927; baseline -0.005 -16"><span class='ocrx_word' id='word_1_404' title='bbox 490 4857 700 4922; x_wconf 81' lang='grc' dir='ltr'>ξασθαι,</span> <span class='ocrx_word' id='word_1_405' title='bbox 722 4857 794 4920; x_wconf 80' lang='grc' dir='ltr'>ὡς</span> <span class='ocrx_word' id='word_1_406' title='bbox 818 4858 911 4910; x_wconf 77' lang='grc' dir='ltr'>καὶ</span> <span class='ocrx_word' id='word_1_407' title='bbox 933 4856 1101 4927; x_wconf 81' lang='grc' dir='ltr'>αὐτὴν</span> <span class='ocrx_word' id='word_1_408' title='bbox 1125 4855 1191 4908; x_wconf 79' lang='grc' dir='ltr'>δι’</span> <span class='ocrx_word' id='word_1_409' title='bbox 1213 4855 1373 4908; x_wconf 86' lang='grc' dir='ltr'>αὑτὸν</span> <span class='ocrx_word' id='word_1_410' title='bbox 1397 4853 1668 4909; x_wconf 84' lang='grc' dir='ltr'>ἐπιδοῦναι</span> <span class='ocrx_word' id='word_1_411' title='bbox 1695 4853 1792 4925; x_wconf 75' lang='grc' dir='ltr'>τὴν</span> <span class='ocrx_word' id='word_1_412' title='bbox 1817 4853 2027 4923; x_wconf 76' lang='grc' dir='ltr'>ψυχήνς</span> 
     </span>
    </p>
   </div>
   <div class='ocr_carea' id='block_1_52' title="bbox 561 5023 2145 5098">
    <p class='ocr_par' dir='ltr' id='par_1_52' title="bbox 561 5023 2145 5098">
     <span class='ocr_line' id='line_1_52' title="bbox 561 5023 2145 5098; baseline 0.001 -17"><span class='ocrx_word' id='word_1_413' title='bbox 561 5036 620 5081; x_wconf 89' lang='grc' dir='ltr'>ε’.</span> <span class='ocrx_word' id='word_1_414' title='bbox 647 5027 739 5084; x_wconf 80' lang='grc' dir='ltr'>”Ιν“</span> <span class='ocrx_word' id='word_1_415' title='bbox 755 5023 847 5081; x_wconf 73' lang='grc' dir='ltr'>οὖν</span> <span class='ocrx_word' id='word_1_416' title='bbox 871 5027 1037 5080; x_wconf 84' lang='grc' dir='ltr'>ταῦτα</span> <span class='ocrx_word' id='word_1_417' title='bbox 1059 5027 1203 5098; x_wconf 83' lang='grc' dir='ltr'>ἔργῳ</span> <span class='ocrx_word' id='word_1_418' title='bbox 1222 5027 1463 5098; x_wconf 83' lang='grc' dir='ltr'>μάθωσιν</span> <span class='ocrx_word' id='word_1_419' title='bbox 1483 5027 1530 5080; x_wconf 87' lang='grc' dir='ltr'>οί</span> <span class='ocrx_word' id='word_1_420' title='bbox 1559 5026 1657 5097; x_wconf 79' lang='grc' dir='ltr'>τὴν</span> <span class='ocrx_word' id='word_1_421' title='bbox 1687 5025 1869 5096; x_wconf 83' lang='grc' dir='ltr'>Ῥώμη</span> <span class='ocrx_word' id='word_1_422' title='bbox 1885 5053 1905 5078; x_wconf 72' lang='grc' dir='ltr'>ια</span> <span class='ocrx_word' id='word_1_423' title='bbox 1931 5029 2145 5082; x_wconf 87' lang='grc' dir='ltr'>οίκοῦν-</span> 
     </span>
    </p>
   </div>
   <div class='ocr_carea' id='block_1_53' title="bbox 491 5113 2146 5185">
    <p class='ocr_par' dir='ltr' id='par_1_53' title="bbox 491 5113 2146 5185">
     <span class='ocr_line' id='line_1_53' title="bbox 491 5113 2146 5185; baseline 0.001 -16"><span class='ocrx_word' id='word_1_424' title='bbox 491 5134 582 5179; x_wconf 84' lang='grc' dir='ltr'>τες</span> <span class='ocrx_word' id='word_1_425' title='bbox 610 5116 865 5178; x_wconf 76' lang='grc' dir='ltr'>ἅπαντες,</span> <span class='ocrx_word' id='word_1_426' title='bbox 901 5115 1277 5185; x_wconf 85' lang='grc' dir='ltr'>συνεχώρησεν</span> <span class='ocrx_word' id='word_1_427' title='bbox 1309 5116 1336 5166; x_wconf 84' lang='grc' dir='ltr'>ὁ</span> <span class='ocrx_word' id='word_1_428' title='bbox 1375 5113 1505 5177; x_wconf 87' lang='grc' dir='ltr'>Θεὸς</span> <span class='ocrx_word' id='word_1_429' title='bbox 1532 5115 1648 5166; x_wconf 84' lang='grc' dir='ltr'>ἐκεῖ</span> <span class='ocrx_word' id='word_1_430' title='bbox 1666 5114 2022 5184; x_wconf 75' lang='grc' dir='ltr'>τελειωθῆναι</span> <span class='ocrx_word' id='word_1_431' title='bbox 2056 5117 2146 5170; x_wconf 86' lang='grc' dir='ltr'>τὸν</span> 
     </span>
    </p>
   </div>
   <div class='ocr_carea' id='block_1_54' title="bbox 494 5201 2145 5273">
    <p class='ocr_par' dir='ltr' id='par_1_54' title="bbox 494 5201 2145 5273">
     <span class='ocr_line' id='line_1_54' title="bbox 494 5201 2145 5273; baseline 0 -17"><span class='ocrx_word' id='word_1_432' title='bbox 494 5205 664 5270; x_wconf 76' lang='grc' dir='ltr'>ἅγιον.</span> <span class='ocrx_word' id='word_1_433' title='bbox 699 5205 807 5256; x_wconf 77' lang='grc' dir='ltr'>Καὶ</span> <span class='ocrx_word' id='word_1_434' title='bbox 832 5205 910 5256; x_wconf 80' lang='grc' dir='ltr'>ὅτι</span> <span class='ocrx_word' id='word_1_435' title='bbox 941 5204 1078 5271; x_wconf 71' lang='grc' dir='ltr'>αὕτη</span> <span class='ocrx_word' id='word_1_436' title='bbox 1115 5203 1260 5255; x_wconf 71' lang='grc' dir='ltr'>ἐστὶν</span> <span class='ocrx_word' id='word_1_437' title='bbox 1286 5203 1317 5270; x_wconf 89' lang='grc' dir='ltr'>ἡ</span> <span class='ocrx_word' id='word_1_438' title='bbox 1349 5201 1516 5265; x_wconf 82' lang='grc' dir='ltr'>αἰτία,</span> <span class='ocrx_word' id='word_1_439' title='bbox 1547 5201 1606 5264; x_wconf 81' lang='grc' dir='ltr'>ἐξ</span> <span class='ocrx_word' id='word_1_440' title='bbox 1635 5201 1798 5253; x_wconf 86' lang='grc' dir='ltr'>αὑτοῦ</span> <span class='ocrx_word' id='word_1_441' title='bbox 1819 5201 1913 5253; x_wconf 89' lang='grc' dir='ltr'>τοῦ</span> <span class='ocrx_word' id='word_1_442' title='bbox 1944 5203 2145 5273; x_wconf 90' lang='grc' dir='ltr'>τρόπου</span> 
     </span>
    </p>
   </div>
   <div class='ocr_carea' id='block_1_55' title="bbox 494 5287 2148 5360">
    <p class='ocr_par' dir='ltr' id='par_1_55' title="bbox 494 5287 2148 5360">
     <span class='ocr_line' id='line_1_55' title="bbox 494 5287 2148 5360; baseline -0.001 -17"><span class='ocrx_word' id='word_1_443' title='bbox 494 5293 591 5360; x_wconf 83' lang='grc' dir='ltr'>τῆς</span> <span class='ocrx_word' id='word_1_444' title='bbox 622 5291 874 5360; x_wconf 71' lang='grc' dir='ltr'>τελευτῆς</span> <span class='ocrx_word' id='word_1_445' title='bbox 906 5291 1061 5342; x_wconf 72' lang='lat'><strong>10-310</strong></span> <span class='ocrx_word' id='word_1_446' title='bbox 1087 5289 1429 5357; x_wconf 81' lang='grc' dir='ltr'>πιστώσομαι</span> <span class='ocrx_word' id='word_1_447' title='bbox 1465 5287 1511 5340; x_wconf 69' lang='grc' dir='ltr'>δ.</span> <span class='ocrx_word' id='word_1_448' title='bbox 1547 5289 1619 5340; x_wconf 88' lang='grc' dir='ltr'>Οὐ</span> <span class='ocrx_word' id='word_1_449' title='bbox 1661 5289 1768 5358; x_wconf 82' lang='grc' dir='ltr'>γάρ</span> <span class='ocrx_word' id='word_1_450' title='bbox 1816 5287 1921 5352; x_wconf 79' lang='grc' dir='ltr'>ἔξω</span> <span class='ocrx_word' id='word_1_451' title='bbox 1957 5292 2148 5360; x_wconf 79' lang='grc' dir='ltr'>τειχῶν</span> 
     </span>
    </p>
   </div>
   <div class='ocr_carea' id='block_1_56' title="bbox 555 5552 997 5602">
    <p class='ocr_par' dir='ltr' id='par_1_56' title="bbox 555 5552 997 5602">
     <span class='ocr_line' id='line_1_56' title="bbox 555 5552 997 5602; baseline -0.005 0"><span class='ocrx_word' id='word_1_452' title='bbox 555 5554 581 5583; x_wconf 72' lang='grc'><strong><em>⁸</em></strong></span> <span class='ocrx_word' id='word_1_453' title='bbox 604 5555 750 5602; x_wconf 78' lang='lat' dir='ltr'>Savil.</span> <span class='ocrx_word' id='word_1_454' title='bbox 773 5552 914 5600; x_wconf 69' lang='grc' dir='ltr'>τοῦτο</span> <span class='ocrx_word' id='word_1_455' title='bbox 933 5554 997 5601; x_wconf 81' lang='grc' dir='ltr'>δέ.</span> 
     </span>
    </p>
   </div>
   <div class='ocr_carea' id='block_1_57' title="bbox 557 5611 2152 5674">
    <p class='ocr_par' dir='ltr' id='par_1_57' title="bbox 557 5611 2152 5674">
     <span class='ocr_line' id='line_1_57' title="bbox 557 5611 2152 5674; baseline -0.001 -11"><span class='ocrx_word' id='word_1_456' title='bbox 557 5615 584 5653; x_wconf 71' lang='grc' dir='ltr'>δ</span> <span class='ocrx_word' id='word_1_457' title='bbox 615 5616 746 5663; x_wconf 89' lang='lat' dir='ltr'>Unus</span> <span class='ocrx_word' id='word_1_458' title='bbox 771 5615 889 5674; x_wconf 77' lang='lat' dir='ltr'>Reg.</span> <span class='ocrx_word' id='word_1_459' title='bbox 932 5612 1071 5661; x_wconf 77' lang='grc' dir='ltr'>τοῦτο</span> <span class='ocrx_word' id='word_1_460' title='bbox 1112 5613 1250 5667; x_wconf 79' lang='grc' dir='ltr'>δεῖξαι</span> <span class='ocrx_word' id='word_1_461' title='bbox 1273 5611 1576 5674; x_wconf 80' lang='grc' dir='ltr'>πειράσομαι,</span> <span class='ocrx_word' id='word_1_462' title='bbox 1608 5618 1657 5659; x_wconf 89' lang='lat' dir='ltr'>el</span> <span class='ocrx_word' id='word_1_463' title='bbox 1683 5615 1751 5662; x_wconf 88' lang='lat' dir='ltr'>sic</span> <span class='ocrx_word' id='word_1_464' title='bbox 1772 5613 1920 5661; x_wconf 72' lang='lat' dir='ltr'>Savil.</span> <span class='ocrx_word' id='word_1_465' title='bbox 1949 5616 1998 5662; x_wconf 81' lang='lat' dir='ltr'><strong>in</strong></span> <span class='ocrx_word' id='word_1_466' title='bbox 2023 5628 2152 5662; x_wconf 85' lang='lat' dir='ltr'>mar-</span> 
     </span>
    </p>
   </div>
   <div class='ocr_carea' id='block_1_58' title="bbox 491 5627 2154 5741">
    <p class='ocr_par' dir='ltr' id='par_1_58' title="bbox 491 5627 2154 5741">
     <span class='ocr_line' id='line_1_58' title="bbox 560 5627 2152 5720; baseline -0.001 -57"><span class='ocrx_word' id='word_1_467' title='bbox 560 5627 584 5653; x_wconf 78' lang='grc' dir='ltr'>ιι</span> <span class='ocrx_word' id='word_1_468' title='bbox 616 5627 746 5663; x_wconf 83' lang='lat' dir='ltr'>unus</span> <span class='ocrx_word' id='word_1_469' title='bbox 772 5627 889 5674; x_wconf 76' lang='lat' dir='ltr'>neg.</span> <span class='ocrx_word' id='word_1_470' title='bbox 932 5630 1071 5661; x_wconf 86' lang='grc' dir='ltr'>τουτο</span> <span class='ocrx_word' id='word_1_471' title='bbox 1112 5627 1250 5667; x_wconf 59' lang='lat' dir='ltr'>Gazam.</span> <span class='ocrx_word' id='word_1_472' title='bbox 1273 5627 1576 5720; x_wconf 64' lang='lat' dir='ltr'>Truzpaaopat,</span> <span class='ocrx_word' id='word_1_473' title='bbox 1608 5627 1657 5659; x_wconf 82' lang='lat' dir='ltr'>el</span> <span class='ocrx_word' id='word_1_474' title='bbox 1683 5627 1751 5662; x_wconf 79' lang='lat' dir='ltr'>slc</span> <span class='ocrx_word' id='word_1_475' title='bbox 1772 5627 1920 5661; x_wconf 65' lang='lat' dir='ltr'>sam.</span> <span class='ocrx_word' id='word_1_476' title='bbox 1949 5627 1998 5662; x_wconf 77' lang='grc' dir='ltr'>ιο</span> <span class='ocrx_word' id='word_1_477' title='bbox 2023 5628 2152 5662; x_wconf 84' lang='lat' dir='ltr'>mar-</span> 
     </span>
     <span class='ocr_line' id='line_1_59' title="bbox 491 5672 2154 5741; baseline 0.001 -20"><span class='ocrx_word' id='word_1_478' title='bbox 491 5672 627 5741; x_wconf 69' lang='lat' dir='ltr'>gine,</span> <span class='ocrx_word' id='word_1_479' title='bbox 655 5683 802 5741; x_wconf 54' lang='lat' dir='ltr'>:3}un</span> <span class='ocrx_word' id='word_1_480' title='bbox 822 5678 886 5724; x_wconf 78' lang='lat' dir='ltr'>ita</span> <span class='ocrx_word' id='word_1_481' title='bbox 909 5675 1094 5741; x_wconf 19' lang='lat' dir='ltr'>legisse‘</span> <span class='ocrx_word' id='word_1_482' title='bbox 1115 5677 1307 5741; x_wconf 59' lang='lat' dir='ltr'>vigetpr</span> <span class='ocrx_word' id='word_1_483' title='bbox 1368 5675 1474 5720; x_wconf 86' lang='lat' dir='ltr'>inus</span> <span class='ocrx_word' id='word_1_484' title='bbox 1501 5675 2154 5741; x_wconf 31' lang='lat' dir='ltr'>el_interpres‘vulgat:n_[.a—</span> 
     </span>
    </p>
   </div>
   <div class='ocr_carea' id='block_1_59' title="bbox 492 5736 2152 5797">
    <p class='ocr_par' dir='ltr' id='par_1_59' title="bbox 492 5736 2152 5797">
     <span class='ocr_line' id='line_1_60' title="bbox 492 5736 2152 5797; baseline 0.001 -14"><span class='ocrx_word' id='word_1_485' title='bbox 492 5740 626 5785; x_wconf 70' lang='lat' dir='ltr'>limae.</span> <span class='ocrx_word' id='word_1_486' title='bbox 656 5736 825 5783; x_wconf 77' lang='lat' dir='ltr'>Morel.</span> <span class='ocrx_word' id='word_1_487' title='bbox 851 5749 966 5797; x_wconf 75' lang='lat' dir='ltr'>vero</span> <span class='ocrx_word' id='word_1_488' title='bbox 990 5743 1040 5783; x_wconf 75' lang='lat' dir='ltr'><strong>et</strong></span> <span class='ocrx_word' id='word_1_489' title='bbox 1067 5737 1215 5786; x_wconf 79' lang='lat' dir='ltr'>Savil.</span> <span class='ocrx_word' id='word_1_490' title='bbox 1243 5737 1293 5782; x_wconf 87' lang='lat' dir='ltr'><strong>in</strong></span> <span class='ocrx_word' id='word_1_491' title='bbox 1334 5742 1468 5797; x_wconf 73' lang='lat' dir='ltr'>textu</span> <span class='ocrx_word' id='word_1_492' title='bbox 1489 5736 1635 5797; x_wconf 66' lang='lat'><strong>107010</strong></span> <span class='ocrx_word' id='word_1_493' title='bbox 1675 5737 1996 5797; x_wconf 84' lang='grc' dir='ltr'>πιστώσομαι.</span> <span class='ocrx_word' id='word_1_494' title='bbox 2043 5738 2152 5785; x_wconf 77' lang='lat' dir='ltr'>Mox</span> 
     </span>
    </p>
   </div>
   <div class='ocr_carea' id='block_1_60' title="bbox 488 5793 2155 5860">
    <p class='ocr_par' dir='ltr' id='par_1_60' title="bbox 488 5793 2155 5860">
     <span class='ocr_line' id='line_1_61' title="bbox 488 5793 2155 5860; baseline 0.002 -17"><span class='ocrx_word' id='word_1_495' title='bbox 488 5811 577 5859; x_wconf 77' lang='lat' dir='ltr'><strong>pro</strong></span> <span class='ocrx_word' id='word_1_496' title='bbox 600 5799 647 5845; x_wconf 86' lang='grc' dir='ltr'>έν</span> <span class='ocrx_word' id='word_1_497' title='bbox 666 5796 962 5860; x_wconf 63' lang='grc' dir='ltr'>δικαστηρίῳ</span> <span class='ocrx_word' id='word_1_498' title='bbox 982 5798 1244 5860; x_wconf 62' lang='lat' dir='ltr'>interpres,</span> <span class='ocrx_word' id='word_1_499' title='bbox 1269 5796 1352 5857; x_wconf 78' lang='lat' dir='ltr'>qui</span> <span class='ocrx_word' id='word_1_500' title='bbox 1377 5793 1540 5856; x_wconf 69' lang='lat' dir='ltr'>venit,</span> <span class='ocrx_word' id='word_1_501' title='bbox 1567 5794 1616 5844; x_wconf 81' lang='lat' dir='ltr'>in</span> <span class='ocrx_word' id='word_1_502' title='bbox 1638 5808 1850 5859; x_wconf 78' lang='lat' dir='ltr'>carcere,</span> <span class='ocrx_word' id='word_1_503' title='bbox 1873 5793 2055 5860; x_wconf 62' lang='lat' dir='ltr'>legisse</span> <span class='ocrx_word' id='word_1_504' title='bbox 2085 5800 2155 5847; x_wconf 75' lang='lat' dir='ltr'>vi-</span> 
     </span>
    </p>
   </div>
   <div class='ocr_carea' id='block_1_61' title="bbox 486 5857 1047 5920">
    <p class='ocr_par' dir='ltr' id='par_1_61' title="bbox 486 5857 1047 5920">
     <span class='ocr_line' id='line_1_62' title="bbox 486 5857 1047 5920; baseline -0.004 -13"><span class='ocrx_word' id='word_1_505' title='bbox 486 5857 633 5908; x_wconf 67' lang='lat' dir='ltr'>detur</span> <span class='ocrx_word' id='word_1_506' title='bbox 659 5858 706 5906; x_wconf 75' lang='grc' dir='ltr'>έν</span> <span class='ocrx_word' id='word_1_507' title='bbox 727 5857 1047 5920; x_wconf 77' lang='grc' dir='ltr'>δεσμωτηρίῳ.</span> 
     </span>
    </p>
   </div>
   <div class='ocr_carea' id='block_1_62' title="bbox 1238 473 3079 541">
    <p class='ocr_par' dir='ltr' id='par_1_62' title="bbox 1238 473 3079 541">
     <span class='ocr_line' id='line_1_63' title="bbox 1238 473 3079 541; baseline 0.002 -3"><span class='ocrx_word' id='word_1_508' title='bbox 1238 478 1296 538; x_wconf 87' lang='lat' dir='ltr'>S.</span> <span class='ocrx_word' id='word_1_509' title='bbox 1333 479 1617 540; x_wconf 78' lang='lat' dir='ltr'>JOANNIS</span> <span class='ocrx_word' id='word_1_510' title='bbox 1653 473 2137 536; x_wconf 70' lang='lat' dir='ltr'>CHRYSOSTOMI</span> <span class='ocrx_word' id='word_1_511' title='bbox 2173 475 2490 536; x_wconf 79' lang='lat' dir='ltr'>ARCHIEP.</span> <span class='ocrx_word' id='word_1_512' title='bbox 2529 478 3079 541; x_wconf 79' lang='lat' dir='ltr'>CONSTANTINOP.</span> 
     </span>
    </p>
   </div>
   <div class='ocr_carea' id='block_1_63' title="bbox 3775 481 3879 539">
    <p class='ocr_par' dir='ltr' id='par_1_63' title="bbox 3775 481 3879 539">
     <span class='ocr_line' id='line_1_64' title="bbox 3775 481 3879 539; baseline 0.029 -3"><span class='ocrx_word' id='word_1_513' title='bbox 3775 481 3879 539; x_wconf 67' lang='lat'>594</span> 
     </span>
    </p>
   </div>
   <div class='ocr_carea' id='block_1_64' title="bbox 2233 592 3886 674">
    <p class='ocr_par' dir='ltr' id='par_1_64' title="bbox 2233 592 3886 674">
     <span class='ocr_line' id='line_1_65' title="bbox 2233 592 3886 674; baseline 0.006 -28"><span class='ocrx_word' id='word_1_514' title='bbox 2233 592 2600 668; x_wconf 55' lang='lat' dir='ltr'>tyﬁapdow.</span> <span class='ocrx_word' id='word_1_515' title='bbox 2639 597 2761 650; x_wconf 81' lang='grc' dir='ltr'>οὐδέ</span> <span class='ocrx_word' id='word_1_516' title='bbox 2784 597 2843 651; x_wconf 80' lang='grc' dir='ltr'>ἐν</span> <span class='ocrx_word' id='word_1_517' title='bbox 2863 598 3221 672; x_wconf 84' lang='grc' dir='ltr'>δικαστηρίῳ,</span> <span class='ocrx_word' id='word_1_518' title='bbox 3247 599 3367 656; x_wconf 88' lang='grc' dir='ltr'>οὑδέ</span> <span class='ocrx_word' id='word_1_519' title='bbox 3390 597 3449 656; x_wconf 83' lang='grc' dir='ltr'>ἐν</span> <span class='ocrx_word' id='word_1_520' title='bbox 3469 600 3646 674; x_wconf 77' lang='grc' dir='ltr'>γωνίᾳ</span> <span class='ocrx_word' id='word_1_521' title='bbox 3666 620 3774 656; x_wconf 90' lang='grc' dir='ltr'>τινι</span> <span class='ocrx_word' id='word_1_522' title='bbox 3792 599 3886 674; x_wconf 73' lang='grc' dir='ltr'>τὴν</span> 
     </span>
    </p>
   </div>
   <div class='ocr_carea' id='block_1_65' title="bbox 2232 682 3886 760">
    <p class='ocr_par' dir='ltr' id='par_1_65' title="bbox 2232 682 3886 760">
     <span class='ocr_line' id='line_1_66' title="bbox 2232 682 3886 760; baseline 0.008 -25"><span class='ocrx_word' id='word_1_523' title='bbox 2232 682 2694 746; x_wconf 79' lang='grc' dir='ltr'>καταδικάζουσαν</span> <span class='ocrx_word' id='word_1_524' title='bbox 2713 685 2930 752; x_wconf 76' lang='grc' dir='ltr'>ἐδέξατο</span> <span class='ocrx_word' id='word_1_525' title='bbox 2949 686 3146 758; x_wconf 80' lang='grc' dir='ltr'>ψῆφον,</span> <span class='ocrx_word' id='word_1_526' title='bbox 3167 688 3281 741; x_wconf 85' lang='grc' dir='ltr'>ἀλλ’</span> <span class='ocrx_word' id='word_1_527' title='bbox 3303 691 3361 743; x_wconf 90' lang='grc' dir='ltr'>ἐν</span> <span class='ocrx_word' id='word_1_528' title='bbox 3385 689 3536 759; x_wconf 87' lang='grc' dir='ltr'>μέσῳ</span> <span class='ocrx_word' id='word_1_529' title='bbox 3555 689 3635 759; x_wconf 79' lang='grc' dir='ltr'>τῷ</span> <span class='ocrx_word' id='word_1_530' title='bbox 3653 689 3886 760; x_wconf 73' lang='grc' dir='ltr'>θεάτρῳ.</span> 
     </span>
    </p>
   </div>
   <div class='ocr_carea' id='block_1_66' title="bbox 2227 769 3888 847">
    <p class='ocr_par' dir='ltr' id='par_1_66' title="bbox 2227 769 3888 847">
     <span class='ocr_line' id='line_1_67' title="bbox 2227 769 3888 847; baseline 0.003 -24"><span class='ocrx_word' id='word_1_531' title='bbox 2227 773 2326 841; x_wconf 91' lang='grc' dir='ltr'>τῆς</span> <span class='ocrx_word' id='word_1_532' title='bbox 2358 769 2566 835; x_wconf 83' lang='grc' dir='ltr'>πόλεως</span> <span class='ocrx_word' id='word_1_533' title='bbox 2590 771 2703 826; x_wconf 76' lang='grc' dir='ltr'>ἀνω</span> <span class='ocrx_word' id='word_1_534' title='bbox 2730 772 3102 846; x_wconf 82' lang='grc' dir='ltr'>καθεζομένης</span> <span class='ocrx_word' id='word_1_535' title='bbox 3142 775 3381 845; x_wconf 77' lang='grc' dir='ltr'>ἀπάσης.</span> <span class='ocrx_word' id='word_1_536' title='bbox 3425 776 3516 828; x_wconf 85' lang='grc' dir='ltr'>τὸν</span> <span class='ocrx_word' id='word_1_537' title='bbox 3549 774 3646 828; x_wconf 86' lang='grc' dir='ltr'>τοῦ</span> <span class='ocrx_word' id='word_1_538' title='bbox 3680 793 3888 847; x_wconf 83' lang='grc' dir='ltr'>μαρτυ-</span> 
     </span>
    </p>
   </div>
   <div class='ocr_carea' id='block_1_67' title="bbox 2230 850 3888 932">
    <p class='ocr_par' dir='ltr' id='par_1_67' title="bbox 2230 850 3888 932">
     <span class='ocr_line' id='line_1_68' title="bbox 2230 850 3888 932; baseline 0.004 -22"><span class='ocrx_word' id='word_1_539' title='bbox 2230 857 2346 926; x_wconf 85' lang='grc' dir='ltr'>ρίου</span> <span class='ocrx_word' id='word_1_540' title='bbox 2373 858 2576 928; x_wconf 85' lang='grc' dir='ltr'>τρόπον</span> <span class='ocrx_word' id='word_1_541' title='bbox 2606 858 2887 929; x_wconf 83' lang='grc' dir='ltr'>ὑπέμεινε,</span> <span class='ocrx_word' id='word_1_542' title='bbox 2917 861 3122 932; x_wconf 85' lang='grc' dir='ltr'>θηρίων</span> <span class='ocrx_word' id='word_1_543' title='bbox 3144 850 3234 914; x_wconf 78' lang='grc' dir='ltr'>ἐπ’</span> <span class='ocrx_word' id='word_1_544' title='bbox 3263 861 3428 917; x_wconf 80' lang='grc' dir='ltr'>αὐτὸν</span> <span class='ocrx_word' id='word_1_545' title='bbox 3455 862 3792 931; x_wconf 84' lang='grc' dir='ltr'>ἀφεθέντων,</span> <span class='ocrx_word' id='word_1_546' title='bbox 3823 863 3888 916; x_wconf 72' lang='grc' dir='ltr'>[ν’</span> 
     </span>
    </p>
   </div>
   <div class='ocr_carea' id='block_1_68' title="bbox 2229 941 3885 1020">
    <p class='ocr_par' dir='ltr' id='par_1_68' title="bbox 2229 941 3885 1020">
     <span class='ocr_line' id='line_1_69' title="bbox 2229 941 3885 1020; baseline 0.004 -25"><span class='ocrx_word' id='word_1_547' title='bbox 2229 941 2335 996; x_wconf 86' lang='grc' dir='ltr'>ὑπὸ</span> <span class='ocrx_word' id='word_1_548' title='bbox 2363 945 2486 1006; x_wconf 88' lang='grc' dir='ltr'>ταῖς</span> <span class='ocrx_word' id='word_1_549' title='bbox 2509 944 2766 999; x_wconf 83' lang='grc' dir='ltr'>ἀπάντων</span> <span class='ocrx_word' id='word_1_550' title='bbox 2807 945 3043 1015; x_wconf 79' lang='grc' dir='ltr'>ϐψεσιτὸ</span> <span class='ocrx_word' id='word_1_551' title='bbox 3077 947 3342 1017; x_wconf 87' lang='grc' dir='ltr'>τρόπαιον</span> <span class='ocrx_word' id='word_1_552' title='bbox 3382 950 3587 1020; x_wconf 78' lang='grc' dir='ltr'>στήσας</span> <span class='ocrx_word' id='word_1_553' title='bbox 3621 948 3768 1003; x_wconf 89' lang='grc' dir='ltr'>κατά</span> <span class='ocrx_word' id='word_1_554' title='bbox 3795 948 3885 1003; x_wconf 81' lang='grc' dir='ltr'>τοῦ</span> 
     </span>
    </p>
   </div>
   <div class='ocr_carea' id='block_1_69' title="bbox 2227 1029 3887 1110">
    <p class='ocr_par' dir='ltr' id='par_1_69' title="bbox 2227 1029 3887 1110">
     <span class='ocr_line' id='line_1_70' title="bbox 2227 1029 3887 1110; baseline 0.004 -26"><span class='ocrx_word' id='word_1_555' title='bbox 2227 1029 2498 1099; x_wconf 87' lang='grc' dir='ltr'>διαϐόλου,</span> <span class='ocrx_word' id='word_1_556' title='bbox 2543 1034 2673 1097; x_wconf 84' lang='grc' dir='ltr'>τούς</span> <span class='ocrx_word' id='word_1_557' title='bbox 2713 1032 2917 1098; x_wconf 84' lang='grc' dir='ltr'>θεατάς</span> <span class='ocrx_word' id='word_1_558' title='bbox 2945 1035 3193 1098; x_wconf 69' lang='grc' dir='ltr'>ἅπαντας</span> <span class='ocrx_word' id='word_1_559' title='bbox 3241 1034 3494 1105; x_wconf 81' lang='grc' dir='ltr'>ζηλωτὰς</span> <span class='ocrx_word' id='word_1_560' title='bbox 3525 1039 3740 1110; x_wconf 73' lang='grc' dir='ltr'>ποιήσῃ</span> <span class='ocrx_word' id='word_1_561' title='bbox 3783 1037 3887 1090; x_wconf 89' lang='grc' dir='ltr'>τῶν</span> 
     </span>
    </p>
   </div>
   <div class='ocr_carea' id='block_1_70' title="bbox 2227 1118 3890 1193">
    <p class='ocr_par' dir='ltr' id='par_1_70' title="bbox 2227 1118 3890 1193">
     <span class='ocr_line' id='line_1_71' title="bbox 2227 1118 3890 1193; baseline 0.004 -23"><span class='ocrx_word' id='word_1_562' title='bbox 2227 1118 2628 1189; x_wconf 89' lang='grc' dir='ltr'>ἀγωνισμάτων</span> <span class='ocrx_word' id='word_1_563' title='bbox 2649 1119 2757 1174; x_wconf 90' lang='grc' dir='ltr'>τῶν</span> <span class='ocrx_word' id='word_1_564' title='bbox 2783 1121 3002 1185; x_wconf 83' lang='grc' dir='ltr'>ἐαυτοῦ,</span> <span class='ocrx_word' id='word_1_565' title='bbox 3034 1121 3135 1174; x_wconf 89' lang='grc' dir='ltr'>οὐκ</span> <span class='ocrx_word' id='word_1_566' title='bbox 3168 1121 3530 1192; x_wconf 80' lang='grc' dir='ltr'>ἀποθνήσκων</span> <span class='ocrx_word' id='word_1_567' title='bbox 3560 1124 3725 1193; x_wconf 88' lang='grc' dir='ltr'>μόνον</span> <span class='ocrx_word' id='word_1_568' title='bbox 3751 1123 3890 1176; x_wconf 67' lang='grc' dir='ltr'>οὕτω</span> 
     </span>
    </p>
   </div>
   <div class='ocr_carea' id='block_1_71' title="bbox 2227 1206 3890 1282">
    <p class='ocr_par' dir='ltr' id='par_1_71' title="bbox 2227 1206 3890 1282">
     <span class='ocr_line' id='line_1_72' title="bbox 2227 1206 3890 1282; baseline 0.004 -24"><span class='ocrx_word' id='word_1_569' title='bbox 2227 1206 2510 1273; x_wconf 81' lang='grc' dir='ltr'>γενναίως,</span> <span class='ocrx_word' id='word_1_570' title='bbox 2535 1207 2671 1261; x_wconf 90' lang='grc' dir='ltr'>ἀλλά</span> <span class='ocrx_word' id='word_1_571' title='bbox 2697 1207 2791 1262; x_wconf 84' lang='grc' dir='ltr'>καὶ</span> <span class='ocrx_word' id='word_1_572' title='bbox 2819 1206 2936 1279; x_wconf 79' lang='grc' dir='ltr'>μεθ’</span> <span class='ocrx_word' id='word_1_573' title='bbox 2965 1207 3158 1280; x_wconf 79' lang='grc' dir='ltr'>ἡδονῆς</span> <span class='ocrx_word' id='word_1_574' title='bbox 3178 1207 3557 1279; x_wconf 80' lang='grc' dir='ltr'>ἀποθνήσκων.</span> <span class='ocrx_word' id='word_1_575' title='bbox 3584 1212 3661 1264; x_wconf 87' lang='grc' dir='ltr'>Οὐ</span> <span class='ocrx_word' id='word_1_576' title='bbox 3685 1212 3796 1282; x_wconf 80' lang='grc' dir='ltr'>γάρ</span> <span class='ocrx_word' id='word_1_577' title='bbox 3817 1211 3890 1273; x_wconf 77' lang='grc' dir='ltr'>ὡς</span> 
     </span>
    </p>
   </div>
   <div class='ocr_carea' id='block_1_72' title="bbox 2228 1293 3890 1366">
    <p class='ocr_par' dir='ltr' id='par_1_72' title="bbox 2228 1293 3890 1366">
     <span class='ocr_line' id='line_1_73' title="bbox 2228 1293 3890 1366; baseline 0.002 -20"><span class='ocrx_word' id='word_1_578' title='bbox 2228 1293 2373 1364; x_wconf 85' lang='grc' dir='ltr'>ζωῆς</span> <span class='ocrx_word' id='word_1_579' title='bbox 2399 1293 2846 1366; x_wconf 78' lang='grc' dir='ltr'>ἀπορρήγνυσθαι</span> <span class='ocrx_word' id='word_1_580' title='bbox 2873 1293 3105 1364; x_wconf 88' lang='grc' dir='ltr'>μέλλων,</span> <span class='ocrx_word' id='word_1_581' title='bbox 3145 1294 3260 1348; x_wconf 86' lang='grc' dir='ltr'>ἀλλ’</span> <span class='ocrx_word' id='word_1_582' title='bbox 3294 1295 3370 1356; x_wconf 60' lang='grc' dir='ltr'>ὡς</span> <span class='ocrx_word' id='word_1_583' title='bbox 3397 1295 3488 1349; x_wconf 78' lang='grc' dir='ltr'>ἐπὶ</span> <span class='ocrx_word' id='word_1_584' title='bbox 3512 1295 3658 1366; x_wconf 79' lang='grc' dir='ltr'>ζωήν</span> <span class='ocrx_word' id='word_1_585' title='bbox 3698 1297 3890 1351; x_wconf 84' lang='grc' dir='ltr'>καλού-</span> 
     </span>
    </p>
   </div>
   <div class='ocr_carea' id='block_1_73' title="bbox 2231 1380 3888 1453">
    <p class='ocr_par' dir='ltr' id='par_1_73' title="bbox 2231 1380 3888 1453">
     <span class='ocr_line' id='line_1_74' title="bbox 2231 1380 3888 1453; baseline 0.001 -20"><span class='ocrx_word' id='word_1_586' title='bbox 2231 1397 2390 1450; x_wconf 89' lang='grc' dir='ltr'>μενος</span> <span class='ocrx_word' id='word_1_587' title='bbox 2423 1380 2614 1450; x_wconf 86' lang='grc' dir='ltr'>βελτίω</span> <span class='ocrx_word' id='word_1_588' title='bbox 2666 1381 2758 1433; x_wconf 78' lang='grc' dir='ltr'>καὶ</span> <span class='ocrx_word' id='word_1_589' title='bbox 2810 1381 3353 1453; x_wconf 71' lang='grc' dir='ltr'>πνευματικωτέραν,</span> <span class='ocrx_word' id='word_1_590' title='bbox 3408 1382 3582 1443; x_wconf 78' lang='grc' dir='ltr'>οὕτως</span> <span class='ocrx_word' id='word_1_591' title='bbox 3634 1384 3888 1452; x_wconf 81' lang='grc' dir='ltr'>ἀσμένως</span> 
     </span>
    </p>
   </div>
   <div class='ocr_carea' id='block_1_74' title="bbox 2229 1466 3886 1539">
    <p class='ocr_par' dir='ltr' id='par_1_74' title="bbox 2229 1466 3886 1539">
     <span class='ocr_line' id='line_1_75' title="bbox 2229 1466 3886 1539; baseline 0.002 -20"><span class='ocrx_word' id='word_1_592' title='bbox 2229 1467 2375 1538; x_wconf 89' lang='grc' dir='ltr'>ἐώρα</span> <span class='ocrx_word' id='word_1_593' title='bbox 2396 1469 2463 1521; x_wconf 85' lang='grc' dir='ltr'>τὰ</span> <span class='ocrx_word' id='word_1_594' title='bbox 2484 1467 2667 1538; x_wconf 90' lang='grc' dir='ltr'>θηρία.</span> <span class='ocrx_word' id='word_1_595' title='bbox 2699 1466 2870 1519; x_wconf 89' lang='grc' dir='ltr'>Πόθεν</span> <span class='ocrx_word' id='word_1_596' title='bbox 2898 1466 3056 1520; x_wconf 87' lang='grc' dir='ltr'>τοῦτο</span> <span class='ocrx_word' id='word_1_597' title='bbox 3083 1467 3278 1537; x_wconf 79' lang='grc' dir='ltr'>δῆλονς</span> <span class='ocrx_word' id='word_1_598' title='bbox 3328 1468 3460 1521; x_wconf 85' lang='grc' dir='ltr'>Ἀπὸ</span> <span class='ocrx_word' id='word_1_599' title='bbox 3483 1469 3593 1521; x_wconf 90' lang='grc' dir='ltr'>τῶν</span> <span class='ocrx_word' id='word_1_600' title='bbox 3627 1470 3886 1539; x_wconf 80' lang='grc' dir='ltr'>ῥημάτων</span> 
     </span>
    </p>
   </div>
   <div class='ocr_carea' id='block_1_75' title="bbox 2227 1546 3888 1626">
    <p class='ocr_par' dir='ltr' id='par_1_75' title="bbox 2227 1546 3888 1626">
     <span class='ocr_line' id='line_1_76' title="bbox 2227 1546 3888 1626; baseline 0.004 -22"><span class='ocrx_word' id='word_1_601' title='bbox 2227 1546 2300 1605; x_wconf 84' lang='grc' dir='ltr'>ῶν</span> <span class='ocrx_word' id='word_1_602' title='bbox 2338 1553 2702 1624; x_wconf 84' lang='grc' dir='ltr'>ἀποθνήσκειν</span> <span class='ocrx_word' id='word_1_603' title='bbox 2741 1551 2950 1623; x_wconf 88' lang='grc' dir='ltr'>μέλλων</span> <span class='ocrx_word' id='word_1_604' title='bbox 2990 1553 3311 1623; x_wconf 81' lang='grc' dir='ltr'>ἐφθέγξατο.</span> <span class='ocrx_word' id='word_1_605' title='bbox 3356 1553 3635 1618; x_wconf 68' lang='grc' dir='ltr'>.Ἇκούσας</span> <span class='ocrx_word' id='word_1_606' title='bbox 3671 1556 3784 1626; x_wconf 85' lang='grc' dir='ltr'>γάρ</span> <span class='ocrx_word' id='word_1_607' title='bbox 3812 1558 3888 1611; x_wconf 78' lang='grc' dir='ltr'>ὅτι</span> 
     </span>
    </p>
   </div>
   <div class='ocr_carea' id='block_1_76' title="bbox 2228 1633 3892 1712">
    <p class='ocr_par' dir='ltr' id='par_1_76' title="bbox 2228 1633 3892 1712">
     <span class='ocr_line' id='line_1_77' title="bbox 2228 1633 3892 1712; baseline 0.003 -21"><span class='ocrx_word' id='word_1_608' title='bbox 2228 1633 2382 1702; x_wconf 73' lang='grc' dir='ltr'>οὗτος</span> <span class='ocrx_word' id='word_1_609' title='bbox 2410 1639 2571 1692; x_wconf 80' lang='grc' dir='ltr'>αὑτὸν</span> <span class='ocrx_word' id='word_1_610' title='bbox 2613 1639 2712 1709; x_wconf 92' lang='grc' dir='ltr'>τῆς</span> <span class='ocrx_word' id='word_1_611' title='bbox 2750 1639 3022 1712; x_wconf 91' lang='grc' dir='ltr'>τιμωρίας</span> <span class='ocrx_word' id='word_1_612' title='bbox 3053 1641 3082 1692; x_wconf 84' lang='grc'>6</span> <span class='ocrx_word' id='word_1_613' title='bbox 3114 1641 3316 1710; x_wconf 90' lang='grc' dir='ltr'>τρόπος</span> <span class='ocrx_word' id='word_1_614' title='bbox 3373 1640 3548 1712; x_wconf 89' lang='grc' dir='ltr'>μένει,</span> <span class='ocrx_word' id='word_1_615' title='bbox 3594 1641 3747 1712; x_wconf 79' lang='grc' dir='ltr'>Ἐγὼ</span> <span class='ocrx_word' id='word_1_616' title='bbox 3776 1643 3892 1696; x_wconf 75' lang='grc' dir='ltr'>τῶν</span> 
     </span>
    </p>
   </div>
   <div class='ocr_carea' id='block_1_77' title="bbox 2229 1724 3891 1801">
    <p class='ocr_par' dir='ltr' id='par_1_77' title="bbox 2229 1724 3891 1801">
     <span class='ocr_line' id='line_1_78' title="bbox 2229 1724 3891 1801; baseline 0.003 -24"><span class='ocrx_word' id='word_1_617' title='bbox 2229 1726 2447 1792; x_wconf 76' lang='grc' dir='ltr'>θηρίων·</span> <span class='ocrx_word' id='word_1_618' title='bbox 2489 1724 2740 1778; x_wconf 75' lang='grc' dir='ltr'>ἐκείνων</span> <span class='ocrx_word' id='word_1_619' title='bbox 2796 1725 3079 1794; x_wconf 74' lang='grc' dir='ltr'>ὀναίμην,</span> <span class='ocrx_word' id='word_1_620' title='bbox 3133 1725 3338 1794; x_wconf 85' lang='grc' dir='ltr'>ἐλεγεν.</span> <span class='ocrx_word' id='word_1_621' title='bbox 3387 1728 3632 1781; x_wconf 87' lang='grc' dir='ltr'>Τοιοῦτοι</span> <span class='ocrx_word' id='word_1_622' title='bbox 3687 1729 3800 1801; x_wconf 84' lang='grc' dir='ltr'>γάρ</span> <span class='ocrx_word' id='word_1_623' title='bbox 3843 1731 3891 1782; x_wconf 72' lang='grc' dir='ltr'>οι</span> 
     </span>
    </p>
   </div>
   <div class='ocr_carea' id='block_1_78' title="bbox 2229 1809 3894 1884">
    <p class='ocr_par' dir='ltr' id='par_1_78' title="bbox 2229 1809 3894 1884">
     <span class='ocr_line' id='line_1_79' title="bbox 2229 1809 3894 1884; baseline 0.004 -22"><span class='ocrx_word' id='word_1_624' title='bbox 2229 1811 2480 1880; x_wconf 85' lang='grc' dir='ltr'>ἐρῶντες·</span> <span class='ocrx_word' id='word_1_625' title='bbox 2505 1812 2641 1880; x_wconf 86' lang='grc' dir='ltr'>ὅπερ</span> <span class='ocrx_word' id='word_1_626' title='bbox 2666 1809 2734 1864; x_wconf 79' lang='grc' dir='ltr'>ἂν</span> <span class='ocrx_word' id='word_1_627' title='bbox 2768 1810 3048 1881; x_wconf 86' lang='grc' dir='ltr'>πάσχωσιν</span> <span class='ocrx_word' id='word_1_628' title='bbox 3097 1811 3238 1882; x_wconf 77' lang='grc' dir='ltr'>ὑπὲρ</span> <span class='ocrx_word' id='word_1_629' title='bbox 3273 1812 3380 1865; x_wconf 91' lang='grc' dir='ltr'>τῶν</span> <span class='ocrx_word' id='word_1_630' title='bbox 3409 1813 3728 1884; x_wconf 88' lang='grc' dir='ltr'>ἐρωμένων,</span> <span class='ocrx_word' id='word_1_631' title='bbox 3771 1816 3894 1883; x_wconf 86' lang='grc' dir='ltr'>μεθ’</span> 
     </span>
    </p>
   </div>
   <div class='ocr_carea' id='block_1_79' title="bbox 2231 1897 3895 1971">
    <p class='ocr_par' dir='ltr' id='par_1_79' title="bbox 2231 1897 3895 1971">
     <span class='ocr_line' id='line_1_80' title="bbox 2231 1897 3895 1971; baseline 0.001 -21"><span class='ocrx_word' id='word_1_632' title='bbox 2231 1898 2422 1968; x_wconf 77' lang='grc' dir='ltr'>ἡδονῆς</span> <span class='ocrx_word' id='word_1_633' title='bbox 2465 1897 2743 1968; x_wconf 87' lang='grc' dir='ltr'>δέχονται,</span> <span class='ocrx_word' id='word_1_634' title='bbox 2789 1897 2884 1950; x_wconf 84' lang='grc' dir='ltr'>καὶ</span> <span class='ocrx_word' id='word_1_635' title='bbox 2936 1897 3059 1949; x_wconf 90' lang='grc' dir='ltr'>τότε</span> <span class='ocrx_word' id='word_1_636' title='bbox 3104 1897 3353 1952; x_wconf 88' lang='grc' dir='ltr'>δοκοῦσιν</span> <span class='ocrx_word' id='word_1_637' title='bbox 3388 1900 3748 1971; x_wconf 83' lang='grc' dir='ltr'>ἐμφορεῖσθαι</span> <span class='ocrx_word' id='word_1_638' title='bbox 3791 1901 3895 1970; x_wconf 81' lang='grc' dir='ltr'>τῆς</span> 
     </span>
    </p>
   </div>
   <div class='ocr_carea' id='block_1_80' title="bbox 2233 1981 3896 2058">
    <p class='ocr_par' dir='ltr' id='par_1_80' title="bbox 2233 1981 3896 2058">
     <span class='ocr_line' id='line_1_81' title="bbox 2233 1981 3896 2058; baseline 0.004 -22"><span class='ocrx_word' id='word_1_639' title='bbox 2233 1983 2545 2054; x_wconf 85' lang='grc' dir='ltr'>ἐπιθυμίας,</span> <span class='ocrx_word' id='word_1_640' title='bbox 2572 1984 2700 2037; x_wconf 85' lang='grc' dir='ltr'>ὅταν</span> <span class='ocrx_word' id='word_1_641' title='bbox 2723 1983 2901 2056; x_wconf 90' lang='grc' dir='ltr'>πολλῷ</span> <span class='ocrx_word' id='word_1_642' title='bbox 2929 1983 3282 2056; x_wconf 81' lang='grc' dir='ltr'>χαλεπώτερα</span> <span class='ocrx_word' id='word_1_643' title='bbox 3368 1986 3436 2039; x_wconf 85' lang='grc' dir='ltr'>τά</span> <span class='ocrx_word' id='word_1_644' title='bbox 3457 1987 3734 2058; x_wconf 87' lang='grc' dir='ltr'>γινόμενα·</span> <span class='ocrx_word' id='word_1_645' title='bbox 3755 1988 3896 2058; x_wconf 81' lang='grc' dir='ltr'>ὅπερ</span> 
     </span>
    </p>
   </div>
   <div class='ocr_carea' id='block_1_81' title="bbox 2231 2066 3894 2145">
    <p class='ocr_par' dir='ltr' id='par_1_81' title="bbox 2231 2066 3894 2145">
     <span class='ocr_line' id='line_1_82' title="bbox 2231 2066 3894 2145; baseline 0.002 -22"><span class='ocrx_word' id='word_1_646' title='bbox 2231 2066 2323 2124; x_wconf 74' lang='grc' dir='ltr'>οὖν</span> <span class='ocrx_word' id='word_1_647' title='bbox 2341 2073 2431 2124; x_wconf 75' lang='grc' dir='ltr'>καὶ</span> <span class='ocrx_word' id='word_1_648' title='bbox 2457 2071 2548 2123; x_wconf 76' lang='grc' dir='ltr'>ἐπὶ</span> <span class='ocrx_word' id='word_1_649' title='bbox 2565 2070 2754 2124; x_wconf 89' lang='grc' dir='ltr'>τούτου</span> <span class='ocrx_word' id='word_1_650' title='bbox 2783 2070 3113 2125; x_wconf 87' lang='grc' dir='ltr'>συνέϐαινεν.</span> <span class='ocrx_word' id='word_1_651' title='bbox 3134 2073 3208 2126; x_wconf 86' lang='grc' dir='ltr'>Οὐ</span> <span class='ocrx_word' id='word_1_652' title='bbox 3229 2073 3337 2145; x_wconf 85' lang='grc' dir='ltr'>γὰρ</span> <span class='ocrx_word' id='word_1_653' title='bbox 3359 2073 3435 2143; x_wconf 84' lang='grc' dir='ltr'>τῷ</span> <span class='ocrx_word' id='word_1_654' title='bbox 3459 2074 3673 2144; x_wconf 87' lang='grc' dir='ltr'>θανάτῳ</span> <span class='ocrx_word' id='word_1_655' title='bbox 3703 2074 3894 2144; x_wconf 86' lang='grc' dir='ltr'>μόνον,</span> 
     </span>
    </p>
   </div>
   <div class='ocr_carea' id='block_1_82' title="bbox 2230 2158 3898 2233">
    <p class='ocr_par' dir='ltr' id='par_1_82' title="bbox 2230 2158 3898 2233">
     <span class='ocr_line' id='line_1_83' title="bbox 2230 2158 3898 2233; baseline 0.002 -22"><span class='ocrx_word' id='word_1_656' title='bbox 2230 2158 2364 2212; x_wconf 87' lang='grc' dir='ltr'>ἀλλά</span> <span class='ocrx_word' id='word_1_657' title='bbox 2397 2159 2492 2212; x_wconf 76' lang='grc' dir='ltr'>καὶ</span> <span class='ocrx_word' id='word_1_658' title='bbox 2523 2161 2588 2230; x_wconf 81' lang='grc' dir='ltr'>τῇ</span> <span class='ocrx_word' id='word_1_659' title='bbox 2615 2158 2896 2230; x_wconf 71' lang='grc' dir='ltr'>προθυμία</span> <span class='ocrx_word' id='word_1_660' title='bbox 2925 2159 3164 2229; x_wconf 87' lang='grc' dir='ltr'>ζηλῶσαι</span> <span class='ocrx_word' id='word_1_661' title='bbox 3209 2161 3335 2223; x_wconf 76' lang='grc' dir='ltr'>τοὺς</span> <span class='ocrx_word' id='word_1_662' title='bbox 3375 2160 3528 2233; x_wconf 86' lang='grc'><strong>[600]</strong></span> <span class='ocrx_word' id='word_1_663' title='bbox 3557 2162 3898 2226; x_wconf 75' lang='grc' dir='ltr'>ἀποστόλους</span> 
     </span>
    </p>
   </div>
   <div class='ocr_carea' id='block_1_83' title="bbox 2231 2245 3902 2320">
    <p class='ocr_par' dir='ltr' id='par_1_83' title="bbox 2231 2245 3902 2320">
     <span class='ocr_line' id='line_1_84' title="bbox 2231 2245 3902 2320; baseline 0.002 -21"><span class='ocrx_word' id='word_1_664' title='bbox 2231 2245 2476 2299; x_wconf 87' lang='grc' dir='ltr'>ἔσπευδε·</span> <span class='ocrx_word' id='word_1_665' title='bbox 2495 2247 2589 2300; x_wconf 62' lang='grc' dir='ltr'>καὶ⁸</span> <span class='ocrx_word' id='word_1_666' title='bbox 2610 2245 2823 2299; x_wconf 90' lang='grc' dir='ltr'>ἀκούων</span> <span class='ocrx_word' id='word_1_667' title='bbox 2843 2247 2925 2299; x_wconf 82' lang='grc' dir='ltr'>ὅτι</span> <span class='ocrx_word' id='word_1_668' title='bbox 2948 2245 3334 2316; x_wconf 72' lang='grc' dir='ltr'>μαστιχθέντεζ</span> <span class='ocrx_word' id='word_1_669' title='bbox 3347 2249 3542 2300; x_wconf 89' lang='grc' dir='ltr'>ἐκεῖνοι</span> <span class='ocrx_word' id='word_1_670' title='bbox 3563 2249 3700 2319; x_wconf 81' lang='grc' dir='ltr'>μετὰ</span> <span class='ocrx_word' id='word_1_671' title='bbox 3717 2252 3902 2320; x_wconf 77' lang='grc' dir='ltr'>χαρᾶς</span> 
     </span>
    </p>
   </div>
   <div class='ocr_carea' id='block_1_84' title="bbox 2231 2333 3898 2407">
    <p class='ocr_par' dir='ltr' id='par_1_84' title="bbox 2231 2333 3898 2407">
     <span class='ocr_line' id='line_1_85' title="bbox 2231 2333 3898 2407; baseline 0.002 -21"><span class='ocrx_word' id='word_1_672' title='bbox 2231 2334 2561 2406; x_wconf 86' lang='grc' dir='ltr'>ἀνεχώρουν,</span> <span class='ocrx_word' id='word_1_673' title='bbox 2596 2333 2860 2405; x_wconf 88' lang='grc' dir='ltr'>ἐϐουλήθη</span> <span class='ocrx_word' id='word_1_674' title='bbox 2885 2333 2978 2386; x_wconf 72' lang='grc' dir='ltr'>καὶ</span> <span class='ocrx_word' id='word_1_675' title='bbox 3015 2333 3178 2398; x_wconf 84' lang='grc' dir='ltr'>αὐτὸς</span> <span class='ocrx_word' id='word_1_676' title='bbox 3217 2335 3293 2406; x_wconf 80' lang='grc' dir='ltr'>μὴ</span> <span class='ocrx_word' id='word_1_677' title='bbox 3333 2336 3402 2405; x_wconf 78' lang='grc' dir='ltr'>τῇ</span> <span class='ocrx_word' id='word_1_678' title='bbox 3433 2335 3655 2407; x_wconf 78' lang='grc' dir='ltr'>τελευτῇ</span> <span class='ocrx_word' id='word_1_679' title='bbox 3694 2337 3862 2407; x_wconf 83' lang='grc' dir='ltr'>μόνον</span> <span class='ocrx_word' id='word_1_680' title='bbox 3883 2380 3898 2404; x_wconf 86' lang='grc'>,</span> 
     </span>
    </p>
   </div>
   <div class='ocr_carea' id='block_1_85' title="bbox 2233 2419 3902 2492">
    <p class='ocr_par' dir='ltr' id='par_1_85' title="bbox 2233 2419 3902 2492">
     <span class='ocr_line' id='line_1_86' title="bbox 2233 2419 3902 2492; baseline 0.002 -18"><span class='ocrx_word' id='word_1_681' title='bbox 2233 2421 2369 2474; x_wconf 89' lang='grc' dir='ltr'>ἀλλά</span> <span class='ocrx_word' id='word_1_682' title='bbox 2401 2422 2579 2491; x_wconf 74' lang='grc' dir='ltr'>καὶτῇ</span> <span class='ocrx_word' id='word_1_683' title='bbox 2617 2421 2760 2492; x_wconf 81' lang='grc' dir='ltr'>χαρᾷ</span> <span class='ocrx_word' id='word_1_684' title='bbox 2809 2419 3151 2490; x_wconf 83' lang='grc' dir='ltr'>μιμήσασθαι</span> <span class='ocrx_word' id='word_1_685' title='bbox 3201 2421 3330 2484; x_wconf 79' lang='grc' dir='ltr'>τοὺς</span> <span class='ocrx_word' id='word_1_686' title='bbox 3368 2420 3757 2486; x_wconf 79' lang='grc' dir='ltr'>διδασκάλους’</span> <span class='ocrx_word' id='word_1_687' title='bbox 3808 2424 3902 2478; x_wconf 78' lang='grc' dir='ltr'>διὰ</span> 
     </span>
    </p>
   </div>
   <div class='ocr_carea' id='block_1_86' title="bbox 2231 2505 3906 2577">
    <p class='ocr_par' dir='ltr' id='par_1_86' title="bbox 2231 2505 3906 2577">
     <span class='ocr_line' id='line_1_87' title="bbox 2231 2505 3906 2577; baseline 0.001 -18"><span class='ocrx_word' id='word_1_688' title='bbox 2231 2505 2408 2569; x_wconf 85' lang='grc' dir='ltr'>τοῦτο,</span> <span class='ocrx_word' id='word_1_689' title='bbox 2448 2507 2568 2563; x_wconf 82' lang='grc' dir='ltr'>Τῶν</span> <span class='ocrx_word' id='word_1_690' title='bbox 2593 2507 2834 2573; x_wconf 75' lang='grc' dir='ltr'>θηρίων,</span> <span class='ocrx_word' id='word_1_691' title='bbox 2865 2505 3071 2574; x_wconf 90' lang='grc' dir='ltr'>ἔλεγεν,</span> <span class='ocrx_word' id='word_1_692' title='bbox 3101 2507 3379 2575; x_wconf 76' lang='grc' dir='ltr'>ὀναίμην.</span> <span class='ocrx_word' id='word_1_693' title='bbox 3411 2508 3521 2561; x_wconf 72' lang='grc' dir='ltr'>Καὶ</span> <span class='ocrx_word' id='word_1_694' title='bbox 3546 2507 3729 2577; x_wconf 82' lang='grc' dir='ltr'>πολλῷ</span> <span class='ocrx_word' id='word_1_695' title='bbox 3769 2509 3906 2569; x_wconf 63' lang='grc' dir='ltr'>τού.-</span> 
     </span>
    </p>
   </div>
   <div class='ocr_carea' id='block_1_87' title="bbox 2231 2591 3904 2666">
    <p class='ocr_par' dir='ltr' id='par_1_87' title="bbox 2231 2591 3904 2666">
     <span class='ocr_line' id='line_1_88' title="bbox 2231 2591 3904 2666; baseline 0.002 -20"><span class='ocrx_word' id='word_1_696' title='bbox 2231 2611 2338 2647; x_wconf 92' lang='grc' dir='ltr'>των</span> <span class='ocrx_word' id='word_1_697' title='bbox 2379 2592 2710 2664; x_wconf 90' lang='grc' dir='ltr'>ἡμερώτερα</span> <span class='ocrx_word' id='word_1_698' title='bbox 2765 2591 2835 2645; x_wconf 91' lang='grc' dir='ltr'>τά</span> <span class='ocrx_word' id='word_1_699' title='bbox 2899 2592 3111 2663; x_wconf 90' lang='grc' dir='ltr'>τόματα</span> <span class='ocrx_word' id='word_1_700' title='bbox 3161 2593 3409 2664; x_wconf 87' lang='grc' dir='ltr'>ἐνόμιζεν</span> <span class='ocrx_word' id='word_1_701' title='bbox 3457 2591 3596 2647; x_wconf 77' lang='grc' dir='ltr'>εἶναι</span> <span class='ocrx_word' id='word_1_702' title='bbox 3641 2594 3748 2666; x_wconf 88' lang='grc' dir='ltr'>τῆς</span> <span class='ocrx_word' id='word_1_703' title='bbox 3799 2597 3904 2651; x_wconf 87' lang='grc' dir='ltr'>τοῦ</span> 
     </span>
    </p>
   </div>
   <div class='ocr_carea' id='block_1_88' title="bbox 2231 2677 3905 2754">
    <p class='ocr_par' dir='ltr' id='par_1_88' title="bbox 2231 2677 3905 2754">
     <span class='ocr_line' id='line_1_89' title="bbox 2231 2677 3905 2754; baseline 0.002 -21"><span class='ocrx_word' id='word_1_704' title='bbox 2231 2679 2490 2749; x_wconf 86' lang='grc' dir='ltr'>τυράννου</span> <span class='ocrx_word' id='word_1_705' title='bbox 2520 2677 2796 2749; x_wconf 86' lang='grc' dir='ltr'>γλώττης,</span> <span class='ocrx_word' id='word_1_706' title='bbox 2835 2679 2931 2732; x_wconf 65' lang='grc' dir='ltr'>καὶ</span> <span class='ocrx_word' id='word_1_707' title='bbox 2965 2678 3107 2748; x_wconf 88' lang='grc' dir='ltr'>μάλα</span> <span class='ocrx_word' id='word_1_708' title='bbox 3134 2679 3380 2743; x_wconf 87' lang='grc' dir='ltr'>είκότως·</span> <span class='ocrx_word' id='word_1_709' title='bbox 3433 2680 3618 2750; x_wconf 87' lang='grc' dir='ltr'>ἐκείνη</span> <span class='ocrx_word' id='word_1_710' title='bbox 3655 2680 3756 2750; x_wconf 84' lang='grc' dir='ltr'>μὲν</span> <span class='ocrx_word' id='word_1_711' title='bbox 3786 2682 3905 2754; x_wconf 82' lang='grc' dir='ltr'>γάρ</span> 
     </span>
    </p>
   </div>
   <div class='ocr_carea' id='block_1_89' title="bbox 2231 2765 3908 2839">
    <p class='ocr_par' dir='ltr' id='par_1_89' title="bbox 2231 2765 3908 2839">
     <span class='ocr_line' id='line_1_90' title="bbox 2231 2765 3908 2839; baseline -0.003 -16"><span class='ocrx_word' id='word_1_712' title='bbox 2231 2767 2368 2838; x_wconf 82' lang='grc' dir='ltr'>πρὸς</span> <span class='ocrx_word' id='word_1_713' title='bbox 2395 2768 2493 2836; x_wconf 78' lang='grc' dir='ltr'>τὴν</span> <span class='ocrx_word' id='word_1_714' title='bbox 2530 2765 2752 2834; x_wconf 87' lang='grc' dir='ltr'>γέενναν</span> <span class='ocrx_word' id='word_1_715' title='bbox 2793 2766 2996 2829; x_wconf 87' lang='grc' dir='ltr'>ἐκάλει,</span> <span class='ocrx_word' id='word_1_716' title='bbox 3025 2765 3092 2819; x_wconf 86' lang='grc' dir='ltr'>τά</span> <span class='ocrx_word' id='word_1_717' title='bbox 3128 2765 3184 2819; x_wconf 81' lang='grc' dir='ltr'>δὲ</span> <span class='ocrx_word' id='word_1_718' title='bbox 3240 2766 3444 2821; x_wconf 89' lang='grc' dir='ltr'>τούτων</span> <span class='ocrx_word' id='word_1_719' title='bbox 3483 2767 3730 2837; x_wconf 91' lang='grc' dir='ltr'>στόματα</span> <span class='ocrx_word' id='word_1_720' title='bbox 3758 2768 3908 2839; x_wconf 78' lang='grc' dir='ltr'>πρὸς</span> 
     </span>
    </p>
   </div>
   <div class='ocr_carea' id='block_1_90' title="bbox 2235 2852 3912 2924">
    <p class='ocr_par' dir='ltr' id='par_1_90' title="bbox 2235 2852 3912 2924">
     <span class='ocr_line' id='line_1_91' title="bbox 2235 2852 3912 2924; baseline 0.003 -19"><span class='ocrx_word' id='word_1_721' title='bbox 2235 2853 2511 2924; x_wconf 88' lang='grc' dir='ltr'>βασιλείαν</span> <span class='ocrx_word' id='word_1_722' title='bbox 2548 2852 2935 2923; x_wconf 87' lang='grc' dir='ltr'>παρέπεμπεν.</span> <span class='ocrx_word' id='word_1_723' title='bbox 2981 2853 3198 2923; x_wconf 78' lang='grc' dir='ltr'>Ἐπειδὴ</span> <span class='ocrx_word' id='word_1_724' title='bbox 3239 2854 3420 2908; x_wconf 91' lang='grc' dir='ltr'>τοίνυν</span> <span class='ocrx_word' id='word_1_725' title='bbox 3456 2854 3757 2908; x_wconf 88' lang='grc' dir='ltr'>κατέλυσεν</span> <span class='ocrx_word' id='word_1_726' title='bbox 3782 2858 3912 2911; x_wconf 71' lang='grc' dir='ltr'>ἐκεῖ</span> 
     </span>
    </p>
   </div>
   <div class='ocr_carea' id='block_1_91' title="bbox 2233 2939 3901 3014">
    <p class='ocr_par' dir='ltr' id='par_1_91' title="bbox 2233 2939 3901 3014">
     <span class='ocr_line' id='line_1_92' title="bbox 2233 2939 3901 3014; baseline 0.001 -21"><span class='ocrx_word' id='word_1_727' title='bbox 2233 2941 2329 3012; x_wconf 83' lang='grc' dir='ltr'>τὴν</span> <span class='ocrx_word' id='word_1_728' title='bbox 2359 2939 2522 3011; x_wconf 81' lang='grc' dir='ltr'>ζωὴν,</span> <span class='ocrx_word' id='word_1_729' title='bbox 2564 2941 2761 3010; x_wconf 79' lang='grc' dir='ltr'>μᾶλλον</span> <span class='ocrx_word' id='word_1_730' title='bbox 2794 2941 2850 2993; x_wconf 88' lang='grc' dir='ltr'>δέ</span> <span class='ocrx_word' id='word_1_731' title='bbox 2895 2941 3245 3014; x_wconf 19' lang='grc' dir='ltr'>ἐπειδὴιπρὸς</span> <span class='ocrx_word' id='word_1_732' title='bbox 3278 2942 3371 2995; x_wconf 83' lang='grc' dir='ltr'>τὸν</span> <span class='ocrx_word' id='word_1_733' title='bbox 3410 2943 3640 3013; x_wconf 86' lang='grc' dir='ltr'>οὐρανὸν</span> <span class='ocrx_word' id='word_1_734' title='bbox 3684 2943 3862 3014; x_wconf 86' lang='grc' dir='ltr'>ἀνέϐη</span> <span class='ocrx_word' id='word_1_735' title='bbox 3887 2981 3901 3006; x_wconf 93' lang='grc'>,</span> 
     </span>
    </p>
   </div>
   <div class='ocr_carea' id='block_1_92' title="bbox 2233 3012 3902 3099">
    <p class='ocr_par' dir='ltr' id='par_1_92' title="bbox 2233 3012 3902 3099">
     <span class='ocr_line' id='line_1_93' title="bbox 2233 3012 3902 3099; baseline 0.002 -21"><span class='ocrx_word' id='word_1_736' title='bbox 2233 3027 2456 3098; x_wconf 77' lang='grc' dir='ltr'>ἐπανῄει</span> <span class='ocrx_word' id='word_1_737' title='bbox 2482 3026 2804 3097; x_wconf 85' lang='grc' dir='ltr'>στεφανίτης</span> <span class='ocrx_word' id='word_1_738' title='bbox 2832 3026 3039 3080; x_wconf 89' lang='grc' dir='ltr'>λοιπόν.</span> <span class='ocrx_word' id='word_1_739' title='bbox 3079 3012 3188 3081; x_wconf 75' lang='grc' dir='ltr'>Καὶ</span> <span class='ocrx_word' id='word_1_740' title='bbox 3227 3029 3336 3099; x_wconf 85' lang='grc' dir='ltr'>γὰρ</span> <span class='ocrx_word' id='word_1_741' title='bbox 3367 3012 3648 3082; x_wconf 75' lang='grc' dir='ltr'>καὶτοῦτο</span> <span class='ocrx_word' id='word_1_742' title='bbox 3673 3031 3775 3099; x_wconf 87' lang='grc' dir='ltr'>τῆς</span> <span class='ocrx_word' id='word_1_743' title='bbox 3805 3012 3902 3083; x_wconf 80' lang='grc' dir='ltr'>τοῦ</span> 
     </span>
    </p>
   </div>
   <div class='ocr_carea' id='block_1_93' title="bbox 2233 3124 3904 3196">
    <p class='ocr_par' dir='ltr' id='par_1_93' title="bbox 2233 3124 3904 3196">
     <span class='ocr_line' id='line_1_94' title="bbox 2233 3124 3904 3196; baseline 0.002 -20"><span class='ocrx_word' id='word_1_744' title='bbox 2233 3125 2366 3178; x_wconf 89' lang='grc' dir='ltr'>Θεοῦ</span> <span class='ocrx_word' id='word_1_745' title='bbox 2390 3126 2613 3193; x_wconf 88' lang='grc' dir='ltr'>γέγονεν</span> <span class='ocrx_word' id='word_1_746' title='bbox 2643 3124 2980 3194; x_wconf 74' lang='grc' dir='ltr'>οἰκονομίας,</span> <span class='ocrx_word' id='word_1_747' title='bbox 3028 3124 3089 3177; x_wconf 85' lang='grc' dir='ltr'>τὸ</span> <span class='ocrx_word' id='word_1_748' title='bbox 3141 3125 3304 3179; x_wconf 90' lang='grc' dir='ltr'>πάλιν</span> <span class='ocrx_word' id='word_1_749' title='bbox 3353 3126 3517 3179; x_wconf 89' lang='grc' dir='ltr'>αὐτὸν</span> <span class='ocrx_word' id='word_1_750' title='bbox 3572 3128 3712 3196; x_wconf 83' lang='grc' dir='ltr'>πρὸς</span> <span class='ocrx_word' id='word_1_751' title='bbox 3748 3129 3904 3196; x_wconf 76' lang='grc' dir='ltr'>ἡμᾶς</span> 
     </span>
    </p>
   </div>
   <div class='ocr_carea' id='block_1_94' title="bbox 2234 3219 3904 3294">
    <p class='ocr_par' dir='ltr' id='par_1_94' title="bbox 2234 3219 3904 3294">
     <span class='ocr_line' id='line_1_95' title="bbox 2234 3219 3904 3294; baseline 0.004 -21"><span class='ocrx_word' id='word_1_752' title='bbox 2234 3222 2620 3288; x_wconf 85' lang='grc' dir='ltr'>ἐπαναγαγεῖν,</span> <span class='ocrx_word' id='word_1_753' title='bbox 2652 3220 2746 3272; x_wconf 72' lang='grc' dir='ltr'>καὶ</span> <span class='ocrx_word' id='word_1_754' title='bbox 2801 3223 2924 3283; x_wconf 88' lang='grc' dir='ltr'>ταῖς</span> <span class='ocrx_word' id='word_1_755' title='bbox 2955 3219 3140 3272; x_wconf 86' lang='grc' dir='ltr'>πόλεσι</span> <span class='ocrx_word' id='word_1_756' title='bbox 3173 3221 3445 3292; x_wconf 87' lang='grc' dir='ltr'>διανεῖμαι</span> <span class='ocrx_word' id='word_1_757' title='bbox 3473 3223 3563 3276; x_wconf 85' lang='grc' dir='ltr'>τὸν</span> <span class='ocrx_word' id='word_1_758' title='bbox 3615 3224 3904 3294; x_wconf 86' lang='grc' dir='ltr'>μάρτυρα.</span> 
     </span>
    </p>
   </div>
   <div class='ocr_carea' id='block_1_95' title="bbox 2246 3302 3906 3379">
    <p class='ocr_par' dir='ltr' id='par_1_95' title="bbox 2246 3302 3906 3379">
     <span class='ocr_line' id='line_1_96' title="bbox 2246 3302 3906 3379; baseline 0.002 -19"><span class='ocrx_word' id='word_1_759' title='bbox 2246 3307 2458 3376; x_wconf 84' lang='grc' dir='ltr'>Ἐκείνη</span> <span class='ocrx_word' id='word_1_760' title='bbox 2495 3306 2594 3376; x_wconf 81' lang='grc' dir='ltr'>μὲν</span> <span class='ocrx_word' id='word_1_761' title='bbox 2629 3305 2737 3376; x_wconf 85' lang='grc' dir='ltr'>γὰρ</span> <span class='ocrx_word' id='word_1_762' title='bbox 2765 3305 2930 3358; x_wconf 85' lang='grc' dir='ltr'>αὑτοῦ</span> <span class='ocrx_word' id='word_1_763' title='bbox 2961 3306 3155 3370; x_wconf 82' lang='grc' dir='ltr'>στάζον</span> <span class='ocrx_word' id='word_1_764' title='bbox 3202 3307 3262 3360; x_wconf 87' lang='grc' dir='ltr'>τὸ</span> <span class='ocrx_word' id='word_1_765' title='bbox 3295 3302 3433 3378; x_wconf 77' lang='grc' dir='ltr'>αἷμα</span> <span class='ocrx_word' id='word_1_766' title='bbox 3463 3308 3705 3378; x_wconf 84' lang='grc' dir='ltr'>ἐδέξατο,</span> <span class='ocrx_word' id='word_1_767' title='bbox 3740 3311 3906 3379; x_wconf 83' lang='grc' dir='ltr'>ὑμεῖς</span> 
     </span>
    </p>
   </div>
   <div class='ocr_carea' id='block_1_96' title="bbox 2231 3393 3908 3470">
    <p class='ocr_par' dir='ltr' id='par_1_96' title="bbox 2231 3393 3908 3470">
     <span class='ocr_line' id='line_1_97' title="bbox 2231 3393 3908 3470; baseline 0.006 -27"><span class='ocrx_word' id='word_1_768' title='bbox 2231 3394 2288 3447; x_wconf 79' lang='grc' dir='ltr'>δὲ</span> <span class='ocrx_word' id='word_1_769' title='bbox 2316 3394 2395 3463; x_wconf 86' lang='grc' dir='ltr'>τῷ</span> <span class='ocrx_word' id='word_1_770' title='bbox 2441 3393 2676 3463; x_wconf 76' lang='grc' dir='ltr'>λειψάνῳ</span> <span class='ocrx_word' id='word_1_771' title='bbox 2709 3394 3025 3465; x_wconf 86' lang='grc' dir='ltr'>τετίμησθε·</span> <span class='ocrx_word' id='word_1_772' title='bbox 3061 3394 3414 3464; x_wconf 88' lang='grc' dir='ltr'>ἀπηλαύσατε</span> <span class='ocrx_word' id='word_1_773' title='bbox 3445 3397 3543 3466; x_wconf 87' lang='grc' dir='ltr'>τῆς</span> <span class='ocrx_word' id='word_1_774' title='bbox 3589 3399 3908 3470; x_wconf 82' lang='grc' dir='ltr'>ἐπισκοπῆς</span> 
     </span>
    </p>
   </div>
   <div class='ocr_carea' id='block_1_97' title="bbox 2234 3479 3910 3552">
    <p class='ocr_par' dir='ltr' id='par_1_97' title="bbox 2234 3479 3910 3552">
     <span class='ocr_line' id='line_1_98' title="bbox 2234 3479 3910 3552; baseline 0.003 -18"><span class='ocrx_word' id='word_1_775' title='bbox 2234 3482 2412 3551; x_wconf 88' lang='grc' dir='ltr'>ὑμεῖς,</span> <span class='ocrx_word' id='word_1_776' title='bbox 2443 3481 2761 3552; x_wconf 86' lang='grc' dir='ltr'>ἀπήλαυσαν</span> <span class='ocrx_word' id='word_1_777' title='bbox 2788 3483 2982 3535; x_wconf 89' lang='grc' dir='ltr'>ἐκεῖνοι</span> <span class='ocrx_word' id='word_1_778' title='bbox 3005 3481 3100 3534; x_wconf 94' lang='grc' dir='ltr'>τοῦ</span> <span class='ocrx_word' id='word_1_779' title='bbox 3128 3483 3449 3552; x_wconf 87' lang='grc' dir='ltr'>μαρτυρίου·</span> <span class='ocrx_word' id='word_1_780' title='bbox 3473 3479 3612 3536; x_wconf 75' lang='grc' dir='ltr'>εἶδον</span> <span class='ocrx_word' id='word_1_781' title='bbox 3635 3486 3910 3552; x_wconf 80' lang='grc' dir='ltr'>ἀγωνιζό-</span> 
     </span>
    </p>
   </div>
   <div class='ocr_carea' id='block_1_98' title="bbox 2237 3567 3909 3642">
    <p class='ocr_par' dir='ltr' id='par_1_98' title="bbox 2237 3567 3909 3642">
     <span class='ocr_line' id='line_1_99' title="bbox 2237 3567 3909 3642; baseline 0.004 -22"><span class='ocrx_word' id='word_1_782' title='bbox 2237 3585 2395 3638; x_wconf 83' lang='grc' dir='ltr'>μενον</span> <span class='ocrx_word' id='word_1_783' title='bbox 2447 3568 2553 3620; x_wconf 71' lang='grc' dir='ltr'>καὶ-</span> <span class='ocrx_word' id='word_1_784' title='bbox 2580 3567 2815 3620; x_wconf 86' lang='grc' dir='ltr'>νικῶντα</span> <span class='ocrx_word' id='word_1_785' title='bbox 2851 3569 2946 3621; x_wconf 57' lang='grc' dir='ltr'>καὶ⁵</span> <span class='ocrx_word' id='word_1_786' title='bbox 2996 3569 3427 3640; x_wconf 85' lang='grc' dir='ltr'>στεφανούμενον</span> <span class='ocrx_word' id='word_1_787' title='bbox 3483 3573 3710 3636; x_wconf 88' lang='grc' dir='ltr'>ἐκεῖνοι,</span> <span class='ocrx_word' id='word_1_788' title='bbox 3748 3573 3909 3642; x_wconf 85' lang='grc' dir='ltr'>ἔχετε</span> 
     </span>
    </p>
   </div>
   <div class='ocr_carea' id='block_1_99' title="bbox 2231 3653 3913 3727">
    <p class='ocr_par' dir='ltr' id='par_1_99' title="bbox 2231 3653 3913 3727">
     <span class='ocr_line' id='line_1_100' title="bbox 2231 3653 3913 3727; baseline 0.004 -21"><span class='ocrx_word' id='word_1_789' title='bbox 2231 3653 2491 3724; x_wconf 80' lang='grc' dir='ltr'>διηνεκῶς</span> <span class='ocrx_word' id='word_1_790' title='bbox 2511 3653 2671 3707; x_wconf 82' lang='grc' dir='ltr'>αὐτὸν</span> <span class='ocrx_word' id='word_1_791' title='bbox 2709 3655 2866 3724; x_wconf 82' lang='grc' dir='ltr'>ὑμεῖς</span> <span class='ocrx_word' id='word_1_792' title='bbox 2885 3672 2898 3685; x_wconf 89' lang='grc'><strong>·</strong></span> <span class='ocrx_word' id='word_1_793' title='bbox 2927 3655 3108 3722; x_wconf 84' lang='grc' dir='ltr'>ὀλίγον</span> <span class='ocrx_word' id='word_1_794' title='bbox 3143 3655 3295 3726; x_wconf 89' lang='grc' dir='ltr'>ὑμῶν</span> <span class='ocrx_word' id='word_1_795' title='bbox 3336 3656 3496 3708; x_wconf 85' lang='grc' dir='ltr'>αὑτὸν</span> <span class='ocrx_word' id='word_1_796' title='bbox 3546 3657 3740 3727; x_wconf 81' lang='grc' dir='ltr'>χρόνον</span> <span class='ocrx_word' id='word_1_797' title='bbox 3767 3661 3913 3712; x_wconf 86' lang='grc' dir='ltr'>ἀπέ-</span> 
     </span>
    </p>
   </div>
   <div class='ocr_carea' id='block_1_100' title="bbox 2237 3749 3911 3825">
    <p class='ocr_par' dir='ltr' id='par_1_100' title="bbox 2237 3749 3911 3825">
     <span class='ocr_line' id='line_1_101' title="bbox 2237 3749 3911 3825; baseline 0.004 -23"><span class='ocrx_word' id='word_1_798' title='bbox 2237 3767 2430 3820; x_wconf 90' lang='grc' dir='ltr'>στησεν</span> <span class='ocrx_word' id='word_1_799' title='bbox 2455 3752 2483 3803; x_wconf 87' lang='grc' dir='ltr'>ό</span> <span class='ocrx_word' id='word_1_800' title='bbox 2529 3749 2682 3816; x_wconf 86' lang='grc' dir='ltr'>Θεὸς,</span> <span class='ocrx_word' id='word_1_801' title='bbox 2699 3749 2792 3802; x_wconf 78' lang='grc' dir='ltr'>καὶ</span> <span class='ocrx_word' id='word_1_802' title='bbox 2820 3750 2958 3819; x_wconf 88' lang='grc' dir='ltr'>μετά</span> <span class='ocrx_word' id='word_1_803' title='bbox 2982 3749 3223 3813; x_wconf 91' lang='grc' dir='ltr'>πλείονος</span> <span class='ocrx_word' id='word_1_804' title='bbox 3251 3751 3377 3821; x_wconf 90' lang='grc' dir='ltr'>ὑμῖν</span> <span class='ocrx_word' id='word_1_805' title='bbox 3403 3751 3560 3822; x_wconf 81' lang='grc' dir='ltr'>δόξης</span> <span class='ocrx_word' id='word_1_806' title='bbox 3588 3755 3755 3806; x_wconf 88' lang='grc' dir='ltr'>αὐτὸν</span> <span class='ocrx_word' id='word_1_807' title='bbox 3779 3759 3911 3825; x_wconf 86' lang='grc' dir='ltr'>ἐχα-</span> 
     </span>
    </p>
   </div>
   <div class='ocr_carea' id='block_1_101' title="bbox 2240 3835 3912 3912">
    <p class='ocr_par' dir='ltr' id='par_1_101' title="bbox 2240 3835 3912 3912">
     <span class='ocr_line' id='line_1_102' title="bbox 2240 3835 3912 3912; baseline 0.005 -24"><span class='ocrx_word' id='word_1_808' title='bbox 2240 3837 2442 3904; x_wconf 84' lang='grc' dir='ltr'>ρίσατο.</span> <span class='ocrx_word' id='word_1_809' title='bbox 2475 3836 2584 3888; x_wconf 70' lang='grc' dir='ltr'>Καὶ</span> <span class='ocrx_word' id='word_1_810' title='bbox 2625 3835 2875 3904; x_wconf 87' lang='grc' dir='ltr'>καθάπερ</span> <span class='ocrx_word' id='word_1_811' title='bbox 2927 3837 2976 3888; x_wconf 87' lang='grc' dir='ltr'>οί</span> <span class='ocrx_word' id='word_1_812' title='bbox 3024 3836 3392 3907; x_wconf 68' lang='grc' dir='ltr'>δανειζόμενοι</span> <span class='ocrx_word' id='word_1_813' title='bbox 3443 3841 3709 3910; x_wconf 81' lang='grc' dir='ltr'>χρήματα</span> <span class='ocrx_word' id='word_1_814' title='bbox 3765 3846 3912 3912; x_wconf 85' lang='grc' dir='ltr'>μετά</span> 
     </span>
    </p>
   </div>
   <div class='ocr_carea' id='block_1_102' title="bbox 2235 3922 3914 3994">
    <p class='ocr_par' dir='ltr' id='par_1_102' title="bbox 2235 3922 3914 3994">
     <span class='ocr_line' id='line_1_103' title="bbox 2235 3922 3914 3994; baseline 0.005 -20"><span class='ocrx_word' id='word_1_815' title='bbox 2235 3924 2409 3976; x_wconf 85' lang='grc' dir='ltr'>τόκων</span> <span class='ocrx_word' id='word_1_816' title='bbox 2438 3922 2776 3974; x_wconf 87' lang='grc' dir='ltr'>ἀποδιδόασιν</span> <span class='ocrx_word' id='word_1_817' title='bbox 2811 3922 2954 3992; x_wconf 79' lang='grc' dir='ltr'>άπερ</span> <span class='ocrx_word' id='word_1_818' title='bbox 2989 3922 3054 3975; x_wconf 82' lang='grc' dir='ltr'>ἂν</span> <span class='ocrx_word' id='word_1_819' title='bbox 3094 3922 3352 3976; x_wconf 63' lang='grc' dir='ltr'>λάϐωσιν</span> <span class='ocrx_word' id='word_1_820' title='bbox 3381 3925 3522 3979; x_wconf 89' lang='grc' dir='ltr'>οῦτω</span> <span class='ocrx_word' id='word_1_821' title='bbox 3569 3929 3665 3979; x_wconf 74' lang='grc' dir='ltr'>καὶ</span> <span class='ocrx_word' id='word_1_822' title='bbox 3704 3931 3735 3981; x_wconf 85' lang='grc' dir='ltr'>ὀ</span> <span class='ocrx_word' id='word_1_823' title='bbox 3770 3930 3914 3994; x_wconf 80' lang='grc' dir='ltr'>Θεὸς</span> 
     </span>
    </p>
   </div>
   <div class='ocr_carea' id='block_1_103' title="bbox 2236 4007 3918 4086">
    <p class='ocr_par' dir='ltr' id='par_1_103' title="bbox 2236 4007 3918 4086">
     <span class='ocr_line' id='line_1_104' title="bbox 2236 4007 3918 4086; baseline 0.005 -24"><span class='ocrx_word' id='word_1_824' title='bbox 2236 4010 2325 4062; x_wconf 88' lang='grc' dir='ltr'>τὸν</span> <span class='ocrx_word' id='word_1_825' title='bbox 2348 4009 2526 4079; x_wconf 89' lang='grc' dir='ltr'>τίμιον</span> <span class='ocrx_word' id='word_1_826' title='bbox 2553 4008 2740 4061; x_wconf 86' lang='grc' dir='ltr'>τοῦτον</span> <span class='ocrx_word' id='word_1_827' title='bbox 2765 4007 3038 4080; x_wconf 85' lang='grc' dir='ltr'>θησαυρὸν</span> <span class='ocrx_word' id='word_1_828' title='bbox 3067 4010 3197 4080; x_wconf 86' lang='grc' dir='ltr'>παρ’</span> <span class='ocrx_word' id='word_1_829' title='bbox 3227 4010 3382 4081; x_wconf 89' lang='grc' dir='ltr'>ὑμῶν</span> <span class='ocrx_word' id='word_1_830' title='bbox 3413 4011 3592 4080; x_wconf 82' lang='grc' dir='ltr'>ὀλίγον</span> <span class='ocrx_word' id='word_1_831' title='bbox 3619 4019 3918 4086; x_wconf 83' lang='grc' dir='ltr'>χρησάμε-</span> 
     </span>
    </p>
   </div>
   <div class='ocr_carea' id='block_1_104' title="bbox 2236 4095 3918 4172">
    <p class='ocr_par' dir='ltr' id='par_1_104' title="bbox 2236 4095 3918 4172">
     <span class='ocr_line' id='line_1_105' title="bbox 2236 4095 3918 4172; baseline 0.005 -24"><span class='ocrx_word' id='word_1_832' title='bbox 2236 4113 2322 4159; x_wconf 90' lang='grc' dir='ltr'>νος</span> <span class='ocrx_word' id='word_1_833' title='bbox 2347 4096 2558 4166; x_wconf 82' lang='grc' dir='ltr'>χρόνον,</span> <span class='ocrx_word' id='word_1_834' title='bbox 2601 4095 2695 4148; x_wconf 74' lang='grc' dir='ltr'>καὶ</span> <span class='ocrx_word' id='word_1_835' title='bbox 2722 4099 2785 4166; x_wconf 80' lang='grc' dir='ltr'>τῇ</span> <span class='ocrx_word' id='word_1_836' title='bbox 2820 4096 2969 4148; x_wconf 84' lang='grc' dir='ltr'>πόλει</span> <span class='ocrx_word' id='word_1_837' title='bbox 3017 4096 3196 4160; x_wconf 83' lang='grc' dir='ltr'>δείξας</span> <span class='ocrx_word' id='word_1_838' title='bbox 3232 4098 3437 4172; x_wconf 80' lang='grc' dir='ltr'>ἐκείνῃ,</span> <span class='ocrx_word' id='word_1_839' title='bbox 3471 4099 3609 4170; x_wconf 91' lang='grc' dir='ltr'>μετά</span> <span class='ocrx_word' id='word_1_840' title='bbox 3655 4103 3918 4168; x_wconf 86' lang='grc' dir='ltr'>πλείονος</span> 
     </span>
    </p>
   </div>
   <div class='ocr_carea' id='block_1_105' title="bbox 2239 4189 3917 4268">
    <p class='ocr_par' dir='ltr' id='par_1_105' title="bbox 2239 4189 3917 4268">
     <span class='ocr_line' id='line_1_106' title="bbox 2239 4189 3917 4268; baseline 0.004 -26"><span class='ocrx_word' id='word_1_841' title='bbox 2239 4191 2365 4260; x_wconf 83' lang='grc' dir='ltr'>ὑμῖν</span> <span class='ocrx_word' id='word_1_842' title='bbox 2396 4191 2558 4244; x_wconf 85' lang='grc' dir='ltr'>αὐτὸν</span> <span class='ocrx_word' id='word_1_843' title='bbox 2586 4189 2893 4243; x_wconf 86' lang='grc' dir='ltr'>ἀποδέδωκε</span> <span class='ocrx_word' id='word_1_844' title='bbox 2927 4190 3030 4260; x_wconf 86' lang='grc' dir='ltr'>τῆς</span> <span class='ocrx_word' id='word_1_845' title='bbox 3065 4190 3471 4262; x_wconf 86' lang='grc' dir='ltr'>λαμπρότητος.</span> <span class='ocrx_word' id='word_1_846' title='bbox 3520 4195 3917 4268; x_wconf 67' lang='grc' dir='ltr'>Ἐξεπέμψατε</span> 
     </span>
    </p>
   </div>
   <div class='ocr_carea' id='block_1_106' title="bbox 2239 4277 3920 4355">
    <p class='ocr_par' dir='ltr' id='par_1_106' title="bbox 2239 4277 3920 4355">
     <span class='ocr_line' id='line_1_107' title="bbox 2239 4277 3920 4355; baseline 0.006 -25"><span class='ocrx_word' id='word_1_847' title='bbox 2239 4278 2346 4349; x_wconf 81' lang='grc' dir='ltr'>γάρ</span> <span class='ocrx_word' id='word_1_848' title='bbox 2371 4277 2793 4341; x_wconf 64' lang='grc' dir='ltr'>ἐ·ιτίσκοπον,καλ⁸</span> <span class='ocrx_word' id='word_1_849' title='bbox 2821 4277 3074 4343; x_wconf 76' lang='grc' dir='ltr'>ἐδέξασθε</span> <span class='ocrx_word' id='word_1_850' title='bbox 3104 4279 3379 4350; x_wconf 85' lang='grc' dir='ltr'>μάρτυρα·</span> <span class='ocrx_word' id='word_1_851' title='bbox 3407 4280 3763 4351; x_wconf 65' lang='grc' dir='ltr'>ἐξεπέμψατε</span> <span class='ocrx_word' id='word_1_852' title='bbox 3791 4291 3920 4355; x_wconf 76' lang='grc' dir='ltr'>μετ’</span> 
     </span>
    </p>
   </div>
   <div class='ocr_carea' id='block_1_107' title="bbox 2240 4372 3923 4449">
    <p class='ocr_par' dir='ltr' id='par_1_107' title="bbox 2240 4372 3923 4449">
     <span class='ocr_line' id='line_1_108' title="bbox 2240 4372 3923 4449; baseline 0.005 -23"><span class='ocrx_word' id='word_1_853' title='bbox 2240 4374 2435 4442; x_wconf 89' lang='grc' dir='ltr'>εὐχῶν,</span> <span class='ocrx_word' id='word_1_854' title='bbox 2476 4372 2568 4426; x_wconf 71' lang='grc' dir='ltr'>καὶ</span> <span class='ocrx_word' id='word_1_855' title='bbox 2591 4372 2842 4435; x_wconf 82' lang='grc' dir='ltr'>ἐδέξασθε</span> <span class='ocrx_word' id='word_1_856' title='bbox 2871 4372 3007 4440; x_wconf 82' lang='grc' dir='ltr'>μετά</span> <span class='ocrx_word' id='word_1_857' title='bbox 3041 4372 3342 4439; x_wconf 84' lang='grc' dir='ltr'>στεφάνων·</span> <span class='ocrx_word' id='word_1_858' title='bbox 3385 4375 3479 4427; x_wconf 74' lang='grc' dir='ltr'>καὶ</span> <span class='ocrx_word' id='word_1_859' title='bbox 3507 4376 3606 4444; x_wconf 87' lang='grc' dir='ltr'>οὐχ</span> <span class='ocrx_word' id='word_1_860' title='bbox 3663 4378 3834 4449; x_wconf 86' lang='grc' dir='ltr'>ὑμεῖς</span> <span class='ocrx_word' id='word_1_861' title='bbox 3863 4381 3923 4435; x_wconf 76' lang='grc' dir='ltr'>δὲ</span> 
     </span>
    </p>
   </div>
   <div class='ocr_carea' id='block_1_108' title="bbox 2244 4459 3926 4537">
    <p class='ocr_par' dir='ltr' id='par_1_108' title="bbox 2244 4459 3926 4537">
     <span class='ocr_line' id='line_1_109' title="bbox 2244 4459 3926 4537; baseline 0 -24"><span class='ocrx_word' id='word_1_862' title='bbox 2244 4461 2419 4530; x_wconf 90' lang='grc' dir='ltr'>μόνον,</span> <span class='ocrx_word' id='word_1_863' title='bbox 2448 4459 2583 4513; x_wconf 90' lang='grc' dir='ltr'>ἀλλά</span> <span class='ocrx_word' id='word_1_864' title='bbox 2618 4460 2710 4511; x_wconf 74' lang='grc' dir='ltr'>καὶ</span> <span class='ocrx_word' id='word_1_865' title='bbox 2745 4460 2916 4511; x_wconf 77' lang='grc' dir='ltr'>πᾶσαι</span> <span class='ocrx_word' id='word_1_866' title='bbox 2943 4459 2997 4510; x_wconf 88' lang='grc' dir='ltr'>αί</span> <span class='ocrx_word' id='word_1_867' title='bbox 3034 4459 3090 4510; x_wconf 89' lang='grc' dir='ltr'>ἐν</span> <span class='ocrx_word' id='word_1_868' title='bbox 3122 4460 3270 4529; x_wconf 82' lang='grc' dir='ltr'>μέσῳ</span> <span class='ocrx_word' id='word_1_869' title='bbox 3295 4460 3500 4524; x_wconf 83' lang='grc' dir='ltr'>πόλεις.</span> <span class='ocrx_word' id='word_1_870' title='bbox 3530 4462 3657 4526; x_wconf 90' lang='grc' dir='ltr'>Πῶς</span> <span class='ocrx_word' id='word_1_871' title='bbox 3681 4466 3798 4537; x_wconf 74' lang='grc' dir='ltr'>γὰρ</span> <span class='ocrx_word' id='word_1_872' title='bbox 3829 4470 3926 4522; x_wconf 72' lang='grc' dir='ltr'>αὑ.</span> 
     </span>
    </p>
   </div>
   <div class='ocr_carea' id='block_1_109' title="bbox 2239 4543 3925 4620">
    <p class='ocr_par' dir='ltr' id='par_1_109' title="bbox 2239 4543 3925 4620">
     <span class='ocr_line' id='line_1_110' title="bbox 2239 4543 3925 4620; baseline 0.001 -19"><span class='ocrx_word' id='word_1_873' title='bbox 2239 4547 2336 4611; x_wconf 84' lang='grc' dir='ltr'>τὰς</span> <span class='ocrx_word' id='word_1_874' title='bbox 2355 4547 2528 4601; x_wconf 69' lang='grc' dir='ltr'>οἴεσθε</span> <span class='ocrx_word' id='word_1_875' title='bbox 2549 4545 2850 4599; x_wconf 85' lang='grc' dir='ltr'>διακεῖσθαι</span> <span class='ocrx_word' id='word_1_876' title='bbox 2873 4543 3084 4612; x_wconf 83' lang='grc' dir='ltr'>δρώσας</span> <span class='ocrx_word' id='word_1_877' title='bbox 3108 4547 3517 4616; x_wconf 85' lang='grc' dir='ltr'>ἐπαναγόμενον</span> <span class='ocrx_word' id='word_1_878' title='bbox 3535 4550 3595 4602; x_wconf 87' lang='grc' dir='ltr'>τὸ</span> <span class='ocrx_word' id='word_1_879' title='bbox 3614 4551 3884 4620; x_wconf 74' lang='grc' dir='ltr'>λείψανον</span> <span class='ocrx_word' id='word_1_880' title='bbox 3908 4573 3925 4618; x_wconf 87' lang='grc'>;</span> 
     </span>
    </p>
   </div>
   <div class='ocr_carea' id='block_1_110' title="bbox 2242 4630 3925 4704">
    <p class='ocr_par' dir='ltr' id='par_1_110' title="bbox 2242 4630 3925 4704">
     <span class='ocr_line' id='line_1_111' title="bbox 2242 4630 3925 4704; baseline 0.004 -20"><span class='ocrx_word' id='word_1_881' title='bbox 2242 4633 2410 4703; x_wconf 88' lang='grc' dir='ltr'>πόσην</span> <span class='ocrx_word' id='word_1_882' title='bbox 2442 4630 2788 4701; x_wconf 88' lang='grc' dir='ltr'>καρποῦσθαι</span> <span class='ocrx_word' id='word_1_883' title='bbox 2838 4631 3060 4702; x_wconf 82' lang='grc' dir='ltr'>ἡδονήν;</span> <span class='ocrx_word' id='word_1_884' title='bbox 3097 4631 3263 4684; x_wconf 89' lang='grc' dir='ltr'>πόσον</span> <span class='ocrx_word' id='word_1_885' title='bbox 3293 4632 3668 4700; x_wconf 80' lang='grc' dir='ltr'>ἀγάλλεσθαις</span> <span class='ocrx_word' id='word_1_886' title='bbox 3710 4639 3925 4704; x_wconf 86' lang='grc' dir='ltr'>πόσαις</span> 
     </span>
    </p>
   </div>
   <div class='ocr_carea' id='block_1_111' title="bbox 2241 4717 3926 4796">
    <p class='ocr_par' dir='ltr' id='par_1_111' title="bbox 2241 4717 3926 4796">
     <span class='ocr_line' id='line_1_112' title="bbox 2241 4717 3926 4796; baseline 0.004 -25"><span class='ocrx_word' id='word_1_887' title='bbox 2241 4720 2543 4788; x_wconf 77' lang='grc' dir='ltr'>εὐφημίαις</span> <span class='ocrx_word' id='word_1_888' title='bbox 2565 4717 2826 4771; x_wconf 91' lang='grc' dir='ltr'>πάντοθεν</span> <span class='ocrx_word' id='word_1_889' title='bbox 2862 4717 3078 4786; x_wconf 91' lang='grc' dir='ltr'>βάλλειν</span> <span class='ocrx_word' id='word_1_890' title='bbox 3114 4717 3205 4770; x_wconf 89' lang='grc' dir='ltr'>τὸν</span> <span class='ocrx_word' id='word_1_891' title='bbox 3237 4719 3597 4791; x_wconf 83' lang='grc' dir='ltr'>στεφανίτην;</span> <span class='ocrx_word' id='word_1_892' title='bbox 3635 4723 3926 4796; x_wconf 79' lang='grc' dir='ltr'>Καθάπερ</span> 
     </span>
    </p>
   </div>
   <div class='ocr_carea' id='block_1_112' title="bbox 2241 4803 3928 4877">
    <p class='ocr_par' dir='ltr' id='par_1_112' title="bbox 2241 4803 3928 4877">
     <span class='ocr_line' id='line_1_113' title="bbox 2241 4803 3928 4877; baseline 0.002 -16"><span class='ocrx_word' id='word_1_893' title='bbox 2241 4808 2349 4877; x_wconf 85' lang='grc' dir='ltr'>γὰρ</span> <span class='ocrx_word' id='word_1_894' title='bbox 2372 4805 2609 4876; x_wconf 84' lang='grc' dir='ltr'>ἀθλητὴν</span> <span class='ocrx_word' id='word_1_895' title='bbox 2635 4807 2878 4872; x_wconf 86' lang='grc' dir='ltr'>γενναῖον</span> <span class='ocrx_word' id='word_1_896' title='bbox 2899 4803 3024 4866; x_wconf 75' lang='grc' dir='ltr'>τοὺς</span> <span class='ocrx_word' id='word_1_897' title='bbox 3042 4804 3448 4872; x_wconf 79' lang='grc' dir='ltr'>ἀνταγωνιστάς</span> <span class='ocrx_word' id='word_1_898' title='bbox 3470 4809 3928 4864; x_wconf 84' lang='grc' dir='ltr'>καταπαλαίσαν-</span> 
     </span>
    </p>
   </div>
   <div class='ocr_carea' id='block_1_113' title="bbox 2241 4889 3927 4964">
    <p class='ocr_par' dir='ltr' id='par_1_113' title="bbox 2241 4889 3927 4964">
     <span class='ocr_line' id='line_1_114' title="bbox 2241 4889 3927 4964; baseline -0.002 -18"><span class='ocrx_word' id='word_1_899' title='bbox 2241 4911 2306 4946; x_wconf 90' lang='grc' dir='ltr'>τα</span> <span class='ocrx_word' id='word_1_900' title='bbox 2330 4894 2593 4956; x_wconf 85' lang='grc' dir='ltr'>ἀπαντας,</span> <span class='ocrx_word' id='word_1_901' title='bbox 2619 4890 2712 4942; x_wconf 77' lang='grc' dir='ltr'>καὶ</span> <span class='ocrx_word' id='word_1_902' title='bbox 2748 4889 2886 4960; x_wconf 87' lang='grc' dir='ltr'>μετά</span> <span class='ocrx_word' id='word_1_903' title='bbox 2913 4889 3172 4961; x_wconf 84' lang='grc' dir='ltr'>λαμπρᾶς</span> <span class='ocrx_word' id='word_1_904' title='bbox 3195 4891 3482 4956; x_wconf 80' lang='grc' dir='ltr'>ἐξελθόντα</span> <span class='ocrx_word' id='word_1_905' title='bbox 3496 4892 3655 4964; x_wconf 79' lang='grc' dir='ltr'>δόξης</span> <span class='ocrx_word' id='word_1_906' title='bbox 3685 4897 3802 4950; x_wconf 71' lang='grc' dir='ltr'>ἀπὸ</span> <span class='ocrx_word' id='word_1_907' title='bbox 3825 4900 3927 4952; x_wconf 74' lang='grc' dir='ltr'>τοῦ</span> 
     </span>
    </p>
   </div>
   <div class='ocr_carea' id='block_1_114' title="bbox 2245 4976 3927 5055">
    <p class='ocr_par' dir='ltr' id='par_1_114' title="bbox 2245 4976 3927 5055">
     <span class='ocr_line' id='line_1_115' title="bbox 2245 4976 3927 5055; baseline 0.005 -24"><span class='ocrx_word' id='word_1_908' title='bbox 2245 4980 2583 5048; x_wconf 81' lang='grc' dir='ltr'>σκάμματος,</span> <span class='ocrx_word' id='word_1_909' title='bbox 2618 4977 2819 5039; x_wconf 88' lang='grc' dir='ltr'>εὐθέως</span> <span class='ocrx_word' id='word_1_910' title='bbox 2867 4976 3146 5046; x_wconf 85' lang='grc' dir='ltr'>δεχόμενοι</span> <span class='ocrx_word' id='word_1_911' title='bbox 3172 4978 3220 5029; x_wconf 87' lang='grc' dir='ltr'>οί</span> <span class='ocrx_word' id='word_1_912' title='bbox 3259 4977 3470 5041; x_wconf 72' lang='grc' dir='ltr'>θεαταὶ,</span> <span class='ocrx_word' id='word_1_913' title='bbox 3502 4980 3608 5032; x_wconf 85' lang='grc' dir='ltr'>οὐδ’</span> <span class='ocrx_word' id='word_1_914' title='bbox 3648 4983 3927 5055; x_wconf 83' lang='grc' dir='ltr'>ἐπιϐῆναι</span> 
     </span>
    </p>
   </div>
   <div class='ocr_carea' id='block_1_115' title="bbox 2243 5065 3929 5144">
    <p class='ocr_par' dir='ltr' id='par_1_115' title="bbox 2243 5065 3929 5144">
     <span class='ocr_line' id='line_1_116' title="bbox 2243 5065 3929 5144; baseline 0.009 -32"><span class='ocrx_word' id='word_1_915' title='bbox 2243 5068 2339 5136; x_wconf 78' lang='grc' dir='ltr'>τῆς</span> <span class='ocrx_word' id='word_1_916' title='bbox 2365 5067 2470 5136; x_wconf 79' lang='grc' dir='ltr'>γῆς</span> <span class='ocrx_word' id='word_1_917' title='bbox 2497 5065 2704 5134; x_wconf 83' lang='grc' dir='ltr'>ἀφίασι,</span> <span class='ocrx_word' id='word_1_918' title='bbox 2748 5066 2983 5134; x_wconf 75' lang='grc' dir='ltr'>φοράδην</span> <span class='ocrx_word' id='word_1_919' title='bbox 3013 5065 3315 5134; x_wconf 88' lang='grc' dir='ltr'>ἀπάγοντες</span> <span class='ocrx_word' id='word_1_920' title='bbox 3338 5066 3542 5133; x_wconf 75' lang='grc' dir='ltr'>οἴκαδε,</span> <span class='ocrx_word' id='word_1_921' title='bbox 3569 5071 3663 5123; x_wconf 74' lang='grc' dir='ltr'>καὶ</span> <span class='ocrx_word' id='word_1_922' title='bbox 3696 5075 3929 5144; x_wconf 81' lang='grc' dir='ltr'>μυρίοις</span> 
     </span>
    </p>
   </div>
   <div class='ocr_carea' id='block_1_116' title="bbox 2248 5151 3931 5224">
    <p class='ocr_par' dir='ltr' id='par_1_116' title="bbox 2248 5151 3931 5224">
     <span class='ocr_line' id='line_1_117' title="bbox 2248 5151 3931 5224; baseline 0.005 -18"><span class='ocrx_word' id='word_1_923' title='bbox 2248 5154 2530 5224; x_wconf 81' lang='grc' dir='ltr'>βάλλοντες</span> <span class='ocrx_word' id='word_1_924' title='bbox 2554 5151 2867 5220; x_wconf 61' lang='grc' dir='ltr'>ἐγκωμίοις</span> <span class='ocrx_word' id='word_1_925' title='bbox 2891 5151 3032 5205; x_wconf 76' lang='grc' dir='ltr'>οὕτω</span> <span class='ocrx_word' id='word_1_926' title='bbox 3059 5153 3124 5219; x_wconf 84' lang='grc' dir='ltr'>δὴ</span> <span class='ocrx_word' id='word_1_927' title='bbox 3152 5153 3244 5207; x_wconf 80' lang='grc' dir='ltr'>καὶ</span> <span class='ocrx_word' id='word_1_928' title='bbox 3265 5154 3354 5206; x_wconf 82' lang='grc' dir='ltr'>τὸν</span> <span class='ocrx_word' id='word_1_929' title='bbox 3379 5154 3532 5222; x_wconf 73' lang='grc' dir='ltr'>ἅγιον</span> <span class='ocrx_word' id='word_1_930' title='bbox 3561 5156 3681 5208; x_wconf 88' lang='grc' dir='ltr'>τότε</span> <span class='ocrx_word' id='word_1_931' title='bbox 3705 5159 3931 5213; x_wconf 80' lang='grc' dir='ltr'>ἐκεῖνον</span> 
     </span>
    </p>
   </div>
   <div class='ocr_carea' id='block_1_117' title="bbox 2247 5237 3929 5310">
    <p class='ocr_par' dir='ltr' id='par_1_117' title="bbox 2247 5237 3929 5310">
     <span class='ocr_line' id='line_1_118' title="bbox 2247 5237 3929 5310; baseline 0.003 -16"><span class='ocrx_word' id='word_1_932' title='bbox 2247 5241 2353 5294; x_wconf 83' lang='grc' dir='ltr'>ἀπὸ</span> <span class='ocrx_word' id='word_1_933' title='bbox 2384 5241 2483 5310; x_wconf 86' lang='grc' dir='ltr'>τῆς</span> <span class='ocrx_word' id='word_1_934' title='bbox 2520 5237 2734 5308; x_wconf 83' lang='grc' dir='ltr'>Ῥώμης</span> <span class='ocrx_word' id='word_1_935' title='bbox 2765 5239 2821 5290; x_wconf 80' lang='grc' dir='ltr'>αξ</span> <span class='ocrx_word' id='word_1_936' title='bbox 2854 5239 3035 5302; x_wconf 87' lang='grc' dir='ltr'>πόλεις</span> <span class='ocrx_word' id='word_1_937' title='bbox 3083 5240 3207 5309; x_wconf 76' lang='grc' dir='ltr'>ἑξῆς</span> <span class='ocrx_word' id='word_1_938' title='bbox 3238 5239 3638 5310; x_wconf 83' lang='grc' dir='ltr'>διαδεχόμεναι,</span> <span class='ocrx_word' id='word_1_939' title='bbox 3693 5247 3795 5298; x_wconf 72' lang='grc' dir='ltr'>καὶ</span> <span class='ocrx_word' id='word_1_940' title='bbox 3838 5250 3929 5301; x_wconf 77' lang='grc' dir='ltr'>ἐπ’</span> 
     </span>
    </p>
   </div>
   <div class='ocr_carea' id='block_1_118' title="bbox 2247 5325 3932 5404">
    <p class='ocr_par' dir='ltr' id='par_1_118' title="bbox 2247 5325 3932 5404">
     <span class='ocr_line' id='line_1_119' title="bbox 2247 5325 3932 5404; baseline 0.009 -31"><span class='ocrx_word' id='word_1_941' title='bbox 2247 5328 2412 5398; x_wconf 78' lang='grc' dir='ltr'>ὡμων</span> <span class='ocrx_word' id='word_1_942' title='bbox 2444 5327 2703 5397; x_wconf 80' lang='grc' dir='ltr'>φέρουσαι</span> <span class='ocrx_word' id='word_1_943' title='bbox 2743 5325 2902 5396; x_wconf 79' lang='grc' dir='ltr'>μέχρι</span> <span class='ocrx_word' id='word_1_944' title='bbox 2924 5327 3021 5395; x_wconf 80' lang='grc' dir='ltr'>τῆς</span> <span class='ocrx_word' id='word_1_945' title='bbox 3058 5327 3263 5390; x_wconf 81' lang='grc' dir='ltr'>πόλεως</span> <span class='ocrx_word' id='word_1_946' title='bbox 3297 5329 3500 5398; x_wconf 80' lang='grc' dir='ltr'>ταύτης</span> <span class='ocrx_word' id='word_1_947' title='bbox 3544 5333 3932 5404; x_wconf 77' lang='grc' dir='ltr'>παρέπεμπον</span> 
     </span>
    </p>
   </div>
   <div class='ocr_carea' id='block_1_119' title="bbox 2250 5413 3934 5488">
    <p class='ocr_par' dir='ltr' id='par_1_119' title="bbox 2250 5413 3934 5488">
     <span class='ocr_line' id='line_1_120' title="bbox 2250 5413 3934 5488; baseline 0.002 -20"><span class='ocrx_word' id='word_1_948' title='bbox 2250 5414 2690 5484; x_wconf 76' lang='grc' dir='ltr'>ἐγκωμιάζουσαι</span> <span class='ocrx_word' id='word_1_949' title='bbox 2725 5413 2815 5464; x_wconf 72' lang='grc' dir='ltr'>τὸν</span> <span class='ocrx_word' id='word_1_950' title='bbox 2850 5414 3198 5482; x_wconf 82' lang='grc' dir='ltr'>στεφανίτην,</span> <span class='ocrx_word' id='word_1_951' title='bbox 3222 5415 3556 5483; x_wconf 87' lang='grc' dir='ltr'>ἀνυμνοῦσαι</span> <span class='ocrx_word' id='word_1_952' title='bbox 3579 5419 3671 5471; x_wconf 81' lang='grc' dir='ltr'>τὸν</span> <span class='ocrx_word' id='word_1_953' title='bbox 3705 5423 3934 5488; x_wconf 81' lang='grc' dir='ltr'>ἀγωνο-</span> 
     </span>
    </p>
   </div>
   <div class='ocr_carea' id='block_1_120' title="bbox 2249 5500 3938 5572">
    <p class='ocr_par' dir='ltr' id='par_1_120' title="bbox 2249 5500 3938 5572">
     <span class='ocr_line' id='line_1_121' title="bbox 2249 5500 3938 5572; baseline 0.004 -16"><span class='ocrx_word' id='word_1_954' title='bbox 2249 5502 2433 5572; x_wconf 77' lang='grc' dir='ltr'>θέτην,</span> <span class='ocrx_word' id='word_1_955' title='bbox 2466 5500 2842 5567; x_wconf 84' lang='grc' dir='ltr'>καταγελῶσαι</span> <span class='ocrx_word' id='word_1_956' title='bbox 2891 5501 2984 5552; x_wconf 84' lang='grc' dir='ltr'>τοῦ</span> <span class='ocrx_word' id='word_1_957' title='bbox 3019 5501 3286 5564; x_wconf 77' lang='grc' dir='ltr'>διαϐόλου,</span> <span class='ocrx_word' id='word_1_958' title='bbox 3335 5504 3412 5554; x_wconf 83' lang='grc' dir='ltr'>ὅτι</span> <span class='ocrx_word' id='word_1_959' title='bbox 3455 5505 3534 5566; x_wconf 86' lang='grc' dir='ltr'>είς</span> <span class='ocrx_word' id='word_1_960' title='bbox 3572 5506 3636 5558; x_wconf 85' lang='grc' dir='ltr'>τὸ</span> <span class='ocrx_word' id='word_1_961' title='bbox 3674 5509 3938 5564; x_wconf 73' lang='grc' dir='ltr'>ἐναντίον</span> 
     </span>
    </p>
   </div>
   <div class='ocr_carea' id='block_1_121' title="bbox 2251 5582 3937 5656">
    <p class='ocr_par' dir='ltr' id='par_1_121' title="bbox 2251 5582 3937 5656">
     <span class='ocr_line' id='line_1_122' title="bbox 2251 5582 3937 5656; baseline 0.006 -20"><span class='ocrx_word' id='word_1_962' title='bbox 2251 5584 2397 5654; x_wconf 86' lang='grc' dir='ltr'>αὑτῷ</span> <span class='ocrx_word' id='word_1_963' title='bbox 2434 5582 2770 5654; x_wconf 84' lang='grc' dir='ltr'>περιετράπη</span> <span class='ocrx_word' id='word_1_964' title='bbox 2804 5582 2864 5633; x_wconf 86' lang='grc' dir='ltr'>τὸ</span> <span class='ocrx_word' id='word_1_965' title='bbox 2913 5583 3174 5651; x_wconf 83' lang='grc' dir='ltr'>σόφισμα,</span> <span class='ocrx_word' id='word_1_966' title='bbox 3213 5584 3304 5635; x_wconf 73' lang='grc' dir='ltr'>καὶ</span> <span class='ocrx_word' id='word_1_967' title='bbox 3335 5586 3468 5655; x_wconf 82' lang='grc' dir='ltr'>ὅπερ</span> <span class='ocrx_word' id='word_1_968' title='bbox 3518 5587 3741 5656; x_wconf 85' lang='grc' dir='ltr'>ἐνόμισε</span> <span class='ocrx_word' id='word_1_969' title='bbox 3785 5598 3937 5646; x_wconf 73' lang='grc' dir='ltr'>κατὰ</span> 
     </span>
    </p>
   </div>
   <div class='ocr_carea' id='block_1_122' title="bbox 2253 5669 3936 5741">
    <p class='ocr_par' dir='ltr' id='par_1_122' title="bbox 2253 5669 3936 5741">
     <span class='ocr_line' id='line_1_123' title="bbox 2253 5669 3936 5741; baseline 0.004 -17"><span class='ocrx_word' id='word_1_970' title='bbox 2253 5671 2345 5724; x_wconf 86' lang='grc' dir='ltr'>τοῦ</span> <span class='ocrx_word' id='word_1_971' title='bbox 2380 5672 2651 5740; x_wconf 86' lang='grc' dir='ltr'>μάρτυρος</span> <span class='ocrx_word' id='word_1_972' title='bbox 2706 5674 2900 5730; x_wconf 85' lang='grc' dir='ltr'>ποιεῖν,</span> <span class='ocrx_word' id='word_1_973' title='bbox 2952 5669 3110 5721; x_wconf 87' lang='grc' dir='ltr'>τοῦτο</span> <span class='ocrx_word' id='word_1_974' title='bbox 3157 5670 3297 5740; x_wconf 78' lang='grc' dir='ltr'>ὑπὲρ</span> <span class='ocrx_word' id='word_1_975' title='bbox 3341 5671 3505 5724; x_wconf 83' lang='grc' dir='ltr'>αὑτοῦ</span> <span class='ocrx_word' id='word_1_976' title='bbox 3558 5675 3778 5741; x_wconf 81' lang='grc' dir='ltr'>γέγονε.</span> <span class='ocrx_word' id='word_1_977' title='bbox 3824 5681 3936 5732; x_wconf 75' lang='grc' dir='ltr'>Καὶ</span> 
     </span>
    </p>
   </div>
   <div class='ocr_carea' id='block_1_123' title="bbox 2253 5756 3946 5833">
    <p class='ocr_par' dir='ltr' id='par_1_123' title="bbox 2253 5756 3946 5833">
     <span class='ocr_line' id='line_1_124' title="bbox 2253 5756 3946 5833; baseline 0.001 -23"><span class='ocrx_word' id='word_1_978' title='bbox 2253 5758 2372 5810; x_wconf 86' lang='grc' dir='ltr'>τότε</span> <span class='ocrx_word' id='word_1_979' title='bbox 2406 5759 2502 5827; x_wconf 83' lang='grc' dir='ltr'>μὲν</span> <span class='ocrx_word' id='word_1_980' title='bbox 2532 5761 2629 5820; x_wconf 71' lang='grc' dir='ltr'>τὰς</span> <span class='ocrx_word' id='word_1_981' title='bbox 2659 5757 2841 5818; x_wconf 85' lang='grc' dir='ltr'>πόλεις</span> <span class='ocrx_word' id='word_1_982' title='bbox 2863 5756 3080 5818; x_wconf 81' lang='grc' dir='ltr'>ἁπάσας</span> <span class='ocrx_word' id='word_1_983' title='bbox 3107 5757 3320 5819; x_wconf 86' lang='grc' dir='ltr'>ἐκείνας</span> <span class='ocrx_word' id='word_1_984' title='bbox 3345 5758 3520 5828; x_wconf 79' lang='grc' dir='ltr'>ὢνησε</span> <span class='ocrx_word' id='word_1_985' title='bbox 3544 5762 3639 5812; x_wconf 75' lang='grc' dir='ltr'>καὶ</span> <span class='ocrx_word' id='word_1_986' title='bbox 3664 5763 3946 5833; x_wconf 75' lang='grc' dir='ltr'>ἀνώρθω-</span> 
     </span>
    </p>
   </div>
   <div class='ocr_carea' id='block_1_124' title="bbox 2260 5844 3937 5918">
    <p class='ocr_par' dir='ltr' id='par_1_124' title="bbox 2260 5844 3937 5918">
     <span class='ocr_line' id='line_1_125' title="bbox 2260 5844 3937 5918; baseline 0.004 -22"><span class='ocrx_word' id='word_1_987' title='bbox 2260 5862 2369 5898; x_wconf 71' lang='grc' dir='ltr'>σεν*</span> <span class='ocrx_word' id='word_1_988' title='bbox 2387 5846 2442 5910; x_wconf 80' lang='grc' dir='ltr'>ἐξ</span> <span class='ocrx_word' id='word_1_989' title='bbox 2464 5845 2668 5899; x_wconf 84' lang='grc' dir='ltr'>ἐκείνου</span> <span class='ocrx_word' id='word_1_990' title='bbox 2703 5844 2757 5898; x_wconf 79' lang='grc' dir='ltr'>δὲ</span> <span class='ocrx_word' id='word_1_991' title='bbox 2787 5845 2881 5898; x_wconf 72' lang='grc' dir='ltr'>καὶ</span> <span class='ocrx_word' id='word_1_992' title='bbox 2907 5845 3066 5914; x_wconf 84' lang='grc' dir='ltr'>μέχρι</span> <span class='ocrx_word' id='word_1_993' title='bbox 3096 5844 3195 5914; x_wconf 85' lang='grc' dir='ltr'>τῆς</span> <span class='ocrx_word' id='word_1_994' title='bbox 3219 5845 3498 5916; x_wconf 76' lang='grc' dir='ltr'>παρούσης</span> <span class='ocrx_word' id='word_1_995' title='bbox 3520 5847 3620 5917; x_wconf 76' lang='grc' dir='ltr'>τὴν</span> <span class='ocrx_word' id='word_1_996' title='bbox 3649 5849 3937 5918; x_wconf 79' lang='grc' dir='ltr'>ὑμετέραν</span> 
     </span>
    </p>
   </div>
  </div>
