4082 6454
177 456 284 516 ωδ

174 570 437 629 miserunt
465 585 843 648 praeoptet-em
870 594 884 635 :
907 579 987 636 sic
1011 580 1172 636 etiam
1191 580 1451 639 abundius
1477 580 1531 639 in
1557 581 1769 654 lgnatio

169 659 370 719 factum
395 673 500 721 est.
529 667 714 738 Neque
737 671 880 726 enim
903 671 1035 727 solis
1059 671 1243 729 Romae
1268 673 1644 744 habitantibus,
1667 691 1762 732 ve-

169 766 286 818 rum
316 755 484 810 etiam
514 759 761 815 omnibus
788 759 840 815 in
866 767 979 817 toto
1006 761 1100 817 illo
1134 763 1337 819 itineris
1370 765 1543 835 spatio
1565 765 1756 823 civita-

166 843 310 899 tibus
337 845 634 919 interiectis
652 850 984 908 admirabilis
1003 854 1256 926 magister
1273 857 1496 926 exstitit,
1524 873 1759 928 praesen-

165 944 274 990 tem
304 938 471 994 vitam
498 944 941 1000 contemnendam
971 945 1189 1014 docens,
1212 956 1266 1003 et
1291 962 1353 1004 ea
1377 964 1497 1018 quae
1524 964 1755 1006 cernun-

163 1037 253 1084 tur
291 1045 396 1101 pro
437 1033 605 1089 nihilo
637 1035 906 1101 ducenda,
949 1037 1122 1094 futura
1165 1049 1342 1096 autem
1383 1040 1670 1114 diligenda,
1699 1053 1756 1100 et

159 1123 354 1180 oculos
382 1127 438 1180 in
463 1127 652 1182 caelum
679 1128 961 1197 tollendos,
992 1132 1227 1204 nihilque
1253 1135 1394 1205 quod
1432 1135 1485 1191 in
1521 1135 1622 1191 bac
1645 1137 1752 1192 vita

159 1215 338 1282 possit
356 1216 624 1283 accidere,
647 1223 982 1288 quantumvis
1000 1236 1180 1293 grave,
1204 1223 1589 1280 formidandum
1609 1241 1748 1282 esse.

157 1302 291 1362 Haec
310 1306 460 1363 enim
480 1317 536 1364 ct
561 1308 644 1364 his
666 1310 815 1380 plura
840 1312 993 1368 factis
1009 1315 1363 1384 comprobaus
1383 1316 1483 1372 iter
1502 1315 1748 1384 faciebat,

154 1401 438 1465 tamquam
469 1398 550 1452 sol
579 1400 790 1468 quidam
815 1401 882 1457 ab
901 1403 1113 1458 oriente
1140 1404 1206 1459 ad
1232 1420 1480 1462 occasum
1505 1421 1745 1474 currens,

156 1484 269 1540 imo
296 1502 434 1542 vero
454 1475 579 1544 sole.
595 1490 712 1559 ipso
737 1491 1070 1563 splendidior
1091 1495 1281 1551 multo.
1313 1497 1404 1553 Sol
1434 1499 1576 1555 enim
1597 1515 1630 1555 e
1653 1514 1746 1554 su-

155 1576 466 1644 perioribus
491 1580 728 1649 partibus
747 1583 1015 1652 currebat,
1047 1585 1352 1644 sensibilem
1381 1589 1550 1644 oculis
1575 1588 1746 1646 lucem

154 1663 512 1736 impertiens;
557 1669 789 1741 lgnatius
821 1681 998 1728 autem
1024 1674 1272 1731 deorsum
1297 1677 1629 1747 spiendebat,
1661 1679 1748 1734 in-

153 1754 437 1825 telligibile
478 1757 736 1816 doctrina:
774 1759 954 1818 lumen
993 1763 1186 1819 animis
1222 1759 1504 1823 infundens
1534 1786 1549 1823 :
1574 1776 1631 1824 et
1658 1767 1749 1824 ille

151 1845 378 1916 quidem
409 1848 461 1903 in
491 1849 784 1906 occidentis
808 1861 986 1922 partes
1011 1854 1340 1912 descendens
1365 1857 1709 1914 absconditur
1726 1900 1743 1928 ,

150 1951 216 1992 ac
245 1946 466 1993 noctem
490 1940 768 1996 confestim
794 1942 1044 2011 obducit;
1088 1945 1174 2002 hic
1213 1945 1392 2004 autem
1421 1948 1488 2003 ad
1525 1963 1750 2006 occasus

153 2035 338 2094 partes
360 2027 639 2098 accedens,
657 2032 980 2102 splendidius
1003 2050 1055 2090 tn
1077 2035 1182 2092 illis
1196 2037 1382 2106 eluxit,
1408 2048 1464 2095 et
1483 2038 1550 2095 de
1574 2040 1747 2095 omni-

152 2116 254 2173 bua
282 2120 341 2174 in
370 2127 477 2176 tota
505 2121 593 2176 illa
622 2123 708 2178 via
737 2133 819 2180 est
842 2125 1042 2195 optime
1072 2129 1294 2185 meritus
1324 2148 1340 2184 :
1369 2145 1600 2202 eumque
1636 2131 1746 2188 Re-

151 2223 297 2266 mam
329 2213 678 2282 pervenisset,
708 2229 826 2272 eam
867 2218 1036 2288 ipsam
1077 2219 1264 2276 urbem
1298 2210 1479 2278 decuit
1507 2223 1744 2293 philoso-

150 2299 330 2371 phari.
360 2303 560 2362 Idcirco
580 2308 722 2362 enim
746 2308 886 2365 Deus
905 2310 1144 2381 permisit
1165 2311 1271 2369 illic
1291 2328 1413 2368 eum
1434 2314 1558 2369 vita
1578 2314 1742 2370 linem

149 2393 399 2465 implere,
440 2406 496 2452 ut
524 2413 669 2453 mors
708 2399 825 2470 ejus
850 2401 1099 2457 omnibus
1133 2403 1356 2459 Romam
1383 2403 1742 2463 incolentibus

150 2486 368 2556 pietatis
407 2491 655 2562 magistra
697 2502 860 2549 esset.
900 2494 1010 2550 Vos
1053 2496 1198 2552 enim
1248 2511 1346 2567 per
1382 2498 1605 2569 gratiam
1646 2499 1740 2556 Dei

148 2579 296 2635 nulla
317 2581 546 2652 amplius
569 2581 806 2653 cgebatis
827 2585 1176 2654 institutione,
1197 2603 1320 2643 cum
1340 2590 1532 2645 essetis
1555 2587 1611 2644 in
1629 2588 1740 2647 'ﬁde

146 2670 374 2726 radicati
401 2681 456 2728 et
479 2672 683 2728 fundati
707 2691 722 2726 :
744 2682 798 2730 at
826 2675 902 2729 illi
927 2676 1019 2747 qui
1045 2675 1231 2733 Romae
1252 2689 1378 2735 tunc
1407 2680 1735 2750 habitabant,

142 2777 268 2817 cum
297 2764 406 2819 illic
431 2780 621 2836 magna
657 2766 856 2836 vigeret
892 2767 1135 2838 impietas
1159 2809 1175 2835 ,
1208 2770 1409 2840 majore
1435 2772 1632 2827 auxilio
1656 2773 1739 2827 in-

144 2853 421 2924 digebant.
455 2856 582 2912 Ideo
603 2855 808 2923 Petrus,
837 2867 892 2914 et
916 2858 1131 2927 Paulus,
1149 2873 1202 2917 et
1222 2862 1451 2932 lgnatius
1473 2874 1590 2934 post
1618 2867 1736 2922 illos

143 2943 216 2998 ibi
249 2944 464 3000 fuerunt
489 2947 766 3014 immolati,
796 2957 907 3004 tum
932 2957 991 3006 ut
1017 2950 1284 3006 civitatem
1313 2952 1453 3006 illam
1473 2953 1733 3010 idolorum

141 3037 427 3093 cruoribus
456 3037 710 3106 pollutam
752 3040 966 3110 proprio
1000 3043 1257 3111 sanguine
1285 3055 1592 3113 purgarent,
1624 3053 1732 3100 tum

141 3137 201 3182 ut
226 3129 482 3200 operibus
512 3131 640 3200 ipsis
665 3133 1073 3187 resurrectionis
1109 3132 1236 3188 .lesu
1272 3132 1470 3190 Christi
1496 3137 1732 3192 crucifixi

143 3221 508 3275 testimonium
533 3220 804 3289 afferrent,
836 3222 1266 3279 demonstrantes
1300 3225 1386 3290 iis,
1415 3225 1506 3296 qui
1547 3223 1732 3282 Roma:

142 3311 428 3382 degebant,
456 3329 515 3369 se
544 3324 862 3384 prmsentem
905 3317 1066 3372 vitam
1111 3324 1258 3373 tanta
1296 3334 1417 3374 cum
1461 3320 1732 3392 voluptate

141 3418 433 3476 numquam
473 3405 638 3462 fuisse
674 3407 1040 3477 despecturos,
1069 3409 1171 3465 nisi
1215 3411 1315 3466 sibi
1354 3412 1575 3469 omnino
1611 3431 1731 3483 per-

139 3497 472 3564 suasissent,
504 3498 645 3569 quod
672 3498 737 3553 ad
769 3502 1080 3556 crucifixum
1118 3502 1298 3559 Jesum
1329 3515 1510 3561 essent
1536 3521 1728 3562 ascen-

139 3591 276 3659 auri,
305 3591 582 3663 ipsumque
610 3593 663 3647 in
692 3593 837 3650 cmlis
862 3596 1043 3650 visuri.
1073 3595 1186 3651 Hoc
1209 3597 1348 3652 enim
1379 3600 1730 3655 resurrectio-

140 3681 225 3734 nis
251 3693 620 3752 argumentum
641 3692 724 3739 est
749 3687 1058 3753 maximum,
1089 3688 1231 3758 quod
1260 3688 1508 3746 Christus
1538 3692 1729 3747 immo-

138 3769 281 3826 latus
310 3781 505 3826 tantam
551 3781 671 3843 post
712 3785 937 3830 mortem
981 3779 1267 3847 potentiam
1309 3782 1636 3849 ostenderet,
1669 3792 1728 3839 ut

136 3864 441 3920 viventibus
484 3866 789 3930 hominibus
831 3870 1195 3940 persuaderet,
1229 3888 1326 3942 pro
1369 3876 1450 3929 sui
1492 3877 1724 3932 nominis

136 3954 475 4012 c0nfessione
501 3959 748 4028 patriam,
778 3969 833 4016 et
857 3960 1067 4029 domos,
1090 3972 1144 4019 et
1172 3966 1395 4032 amicos,
1423 3974 1476 4020 et
1499 3967 1722 4038 propin-

137 4061 294 4116 quos,
311 4057 364 4102 et
384 4049 542 4103 vitam
570 4050 738 4119 ipsam
767 4053 1153 4122 aspernandam
1180 4065 1235 4111 et
1253 4060 1718 4128 contemnendam,

135 4153 200 4192 ac
230 4140 349 4195 loco
388 4143 729 4211 praesentium
769 4144 1096 4215 voluptatum
1127 4156 1180 4202 et
1204 4148 1451 4217 verbera,
1479 4159 1534 4205 et
1575 4168 1720 4223 pert-

134 4229 280 4296 cula,
308 4239 361 4286 et
390 4243 614 4287 mortem
639 4249 758 4289 esse
785 4236 1078 4292 subeunda.
1124 4237 1250 4294 Haec
1293 4241 1435 4297 enim
1477 4257 1581 4296 non
1622 4243 1719 4299 de-

134 4317 327 4387 functi,
361 4337 530 4391 neque
560 4323 613 4377 in
639 4325 886 4394 sepulcro
914 4325 1176 4398 degentis,
1213 4330 1305 4385 sed
1335 4332 1453 4401 ejus
1479 4333 1566 4402 qui
1597 4348 1720 4388 sur-

134 4410 362 4465 rexisset
401 4425 464 4467 ae
511 4413 748 4477 viveret,
781 4415 1030 4484 praeclara
1061 4428 1186 4472 sunt
1211 4434 1393 4489 opera.
1438 4420 1720 4490 Quomodo

133 4501 279 4554 enim
322 4511 467 4557 esset
506 4505 820 4569 verisimile,
866 4515 923 4560 ut
962 4522 1084 4562 cum
1132 4508 1246 4580 ipse
1282 4512 1502 4578 viveret,
1530 4528 1718 4571 omnes

133 4591 380 4658 apostoli,
409 4593 497 4663 qui
524 4608 644 4647 cum
668 4594 758 4664 illo
786 4597 981 4652 versati
1013 4597 1241 4666 fuerant,
1272 4601 1462 4657 limam
1500 4615 1717 4660 conter-

133 4682 219 4735 riti
250 4681 384 4736 adeo
423 4682 620 4738 fuerint
662 4685 935 4755 imbecilli,
967 4698 1024 4743 ut
1051 4701 1434 4762 prmceptorem
1466 4697 1715 4765 prodide-

133 4772 262 4839 rint,
279 4783 331 4826 et
349 4771 647 4844 aufugerint
667 4794 679 4830 :
699 4787 1040 4849 posteaquam
1057 4792 1234 4837 autem
1252 4783 1533 4840 defunctus
1551 4799 1714 4856 esset,

131 4879 238 4919 non
267 4866 438 4919 solum
471 4865 683 4935 Petrus,
710 4877 764 4924 et
790 4871 1004 4938 Paulus,
1035 4872 1129 4928 sed
1155 4875 1313 4930 etiam
1346 4876 1600 4947 lgnatius,
1625 4882 1716 4950 qui

131 4972 253 5012 eum
282 4973 386 5012 non
414 4959 638 5024 viderat,
663 4977 760 5031 nec
787 4962 890 5017 u‘lla
916 4979 1038 5020 cum
1067 4966 1182 5035 ipso
1205 4967 1562 5027 familiaritate
1585 4988 1715 5029 con-

129 5051 344 5118 iunctus
395 5049 602 5119 fuerat,
647 5063 844 5109 tantam
896 5058 1127 5126 proillo
1167 5060 1329 5114 animi
1385 5063 1712 5121 alacritatem

130 5141 472 5209 ostenderet,
511 5153 569 5198 ut
614 5159 711 5214 pro
753 5161 819 5202 eo
847 5149 1008 5203 vitam
1057 5150 1224 5219 ipsam
1254 5151 1577 5221 profundere
1605 5172 1711 5212 non

131 5232 435 5288 recusaret?

199 5327 253 5380 5.
283 5324 515 5397 Ignatiua
539 5329 659 5399 [erit
684 5329 925 5399 objecti“.
953 5324 1021 5372 '—
1066 5331 1136 5388 Ut
1162 5333 1320 5404 igitur
1339 5335 1412 5390 illi
1433 5376 1448 5402 ,
1479 5339 1568 5407 qui
1602 5338 1710 5393 Ro-

131 5431 270 5470 mam
302 5417 626 5485 incolebant,
651 5420 767 5474 hazc
791 5436 910 5476 esse
939 5439 1062 5477 vera
1087 5440 1145 5478 re
1167 5427 1278 5495 ipsa
1304 5440 1707 5498 cognoscerent.

133 5507 371 5575 permisit
401 5507 543 5562 Deus
569 5519 810 5565 sanctum
833 5513 1003 5567 virum
1032 5515 1138 5570 illic
1166 5527 1336 5572 morte
1365 5518 1525 5572 affici.
1558 5519 1710 5588 Quod

130 5607 305 5652 autem
331 5597 445 5653 haec
474 5602 542 5654 sit
566 5617 726 5657 causa
747 5644 762 5670 ,
795 5618 861 5658 ex
909 5620 1104 5674 genere
1137 5609 1310 5684 lipsius
1339 5613 1526 5666 mortis
1551 5629 1713 5668 cona-

131 5689 226 5744 bor
247 5691 552 5747 ostendere.
578 5692 759 5764 Neque
783 5696 926 5751 enim
958 5707 1016 5752 ut
1061 5708 1209 5754 extra
1239 5717 1424 5758 muros
1460 5704 1510 5758 in
1552 5704 1710 5759 bara-

132 5779 268 5846 thro,
297 5790 389 5834 aut
417 5781 467 5836 in
488 5798 728 5853 carcere,
750 5794 841 5841 aut
859 5787 910 5841 in
937 5789 1131 5857 angulo
1151 5789 1330 5860 aliquo
1351 5793 1706 5864 occideretur,

132 5869 406 5928 damnatus
432 5874 652 5944 est;sed
679 5875 732 5934 in
762 5876 939 5935 medio
958 5877 1446 5953 theatro,universa
1492 5887 1708 5947 civitate

1327 469 1394 527 IN
1429 470 1488 528 S.
1529 469 1860 529 ΙϐΝΑἸΊυἈ
1896 472 2303 533 IMRYIRBI.

3348 505 3451 559 59‘

1871 599 2082 645 sursum
2118 591 2435 652 considente
2456 604 2513 654 et
2538 608 2838 670 spectante,
2863 603 3049 666 bestiis
3074 609 3125 666 in
3154 614 3326 686 ipsum
3355 619 3452 672 im-

1863 680 2043 736 missis
2085 690 2143 737 et
2191 686 2510 757 concitatis,
2564 693 2878 766 martyrium
2926 680 3195 768 pertulit}
3244 715 3304 760 ut
3351 712 3453 764 sub

1860 966 1950 1008 res
1978 950 2237 1024 efﬁceret,
2265 973 2388 1014 cum
2415 977 2520 1019 non
2558 967 2719 1023 modo
2748 968 2977 1040 fortiter,
3002 976 3096 1032 sed
3122 978 3283 1036 etiam
3325 997 3447 1038 cum

1861 1040 2042 1099 lmtitia
2090 1059 2319 1106 mortem
2369 1064 2682 1128 oppeteret,
2735 1059 2982 1135 ferasque
3029 1081 3151 1124 cum
3175 1072 3448 1144 voluptate
3509 1097 3514 1101 ·

1857 1143 2151 1237 spectaret,
2180 1155 2286 1237 non
2311 1145 2466 1221 quasi
2494 1160 2776 1219 raperetur
2808 1169 2840 1211 e
2865 1157 2975 1213 vita
2995 1199 3012 1228 ,
3056 1162 3150 1218 sed
3175 1143 3442 1237 tamquam

1856 1222 1924 1278 ad
1953 1225 2115 1285 vitam
2142 1231 2422 1291 meliorem
2443 1251 2507 1293 ac
2526 1244 2951 1310 praestantiorem
2974 1222 3445 1322 vocaretur.

1856 1315 1958 1422 hoc
1987 1319 2047 1373 ﬁt
2064 1323 2448 1422 perspicuum?
2468 1329 2549 1386 Ex
2565 1335 2744 1392 verbis
2760 1379 2776 1405 ,
2799 1355 2919 1412 quae
2940 1315 3230 1404 moriturus
3258 1349 3442 1422 loque-

1853 1408 2028 1510 batur.
2059 1413 2192 1510 cum
2213 1418 2355 1510 enim
2385 1421 2439 1477 id
2463 1438 2630 1495 genus
2657 1408 2902 1499 supplicii
2923 1433 3032 1510 sibi
3059 1450 3182 1494 esse
3209 1408 3443 1497 subeun-

1851 1497 1978 1600 dum
2001 1501 2388 1577 intellexisset,
2413 1511 2549 1584 Ego,
2580 1497 3036 1591 ῑηᾳιιεὶξίεήίίιιεε
3060 1525 3208 1595 fruar
3232 1529 3330 1600 (α).
3349 1532 3440 1588 su

1851 1592 1993 1689 enim
2017 1605 2212 1667 agunt,
2238 1601 2328 1671 qui
2356 1615 2539 1660 amant
2556 1623 2570 1672 ;
2587 1622 2709 1664 cum
2729 1612 2914 1680 prolis
2938 1616 3028 1686 qui
3050 1592 3318 1689 amantur,
3341 1624 3440 1680 ali-

1851 1685 1979 1784 quid
2015 1689 2327 1784 patiuntur,
2354 1695 2649 1766 gaudentes
2679 1702 2731 1759 ld
2759 1685 3004 1778 faciunt,
3048 1719 3282 1784 tuncque
3306 1685 3434 1771 tsibi

1849 1774 2098 1834 videntur
2146 1782 2344 1853 optatis
2389 1787 2621 1859 perfrui,
2676 1807 2797 1850 cum
2849 1813 2948 1868 ea,
2977 1774 3099 1872 qua!
3127 1774 3434 1875 perferunt,

1849 1877 1974 1958 sunt
1992 1884 2150 1939 quam
2171 1875 2483 1945 gravissima
2509 1898 2524 1939 :
2551 1884 2692 1953 quod
2722 1887 2935 1958 quidem
2955 1891 3008 1946 in
3025 1891 3128 1949 hoc
3149 1895 3273 1952 item
3301 1913 3434 1955 con-

1849 1956 1985 2031 tigit.
2009 1963 2280 2035 Siquidem
2306 1985 2413 2027 non
2436 1985 2608 2033 morte
2639 1956 2842 2051 solum,
2853 1999 3036 2047 verum
3059 1990 3217 2047 etiam
3240 1995 3437 2052 alacri--

1849 2057 1960 2154 fite
1984 2054 2254 2154 fut-debat
2290 2065 2562 2154 apostolos
2587 2067 2815 2139 imitari;
2849 2084 2902 2146 et
2927 2077 3152 2137 audiens
3181 2086 3322 2154 quod
3353 2087 3430 2143 illi

1846 2140 2098 2250 flagellati
2276 2153 2472 2250 gaudio
2510 2157 2658 2216 ibant
2677 2177 2708 2218 e
2730 2140 3020 2237 conspectu
3045 2140 3257 2233 concilii

1844 2232 1899 2331 is.
2042 2279 2057 2305 ,
2082 2239 2249 2297 voluit
2279 2246 2438 2304 etlam
2467 2250 2585 2321 ipse
2614 2268 2720 2320 non
2744 2232 2918 2317 morte
2942 2263 3134 2331 solum,
3157 2268 3254 2324 sed
3269 2232 3429 2327 etiam

1844 2323 2331 2434 lanitia‘magistris
2367 2353 2488 2398 esse
2509 2346 2699 2404 simllls
2726 2367 2742 2404 :
2773 2351 2993 2424 idcirco,
3017 2323 3168 2415 Feri:
3186 2400 3202 2426 ,

1843 2420 2008 2488 fruar.
2027 2423 2105 2480 Ac
2127 2428 2294 2525 multo
2314 2432 2528 2502 quidem
2549 2439 2759 2497 mitiora
2781 2420 3034 2505 censebat
3057 2464 3150 2507 ora
3171 2420 3425 2525 feraium,

1842 2522 2241 2615 quam.tyranni
2263 2521 2496 2594 linguam
2527 2546 2543 2583 :
2576 2546 2675 2589 nec
2695 2533 2964 2596 immerito
2984 2556 3000 2608 ;
3023 2543 3283 2615 siquidem
3313 2521 3430 2606 Ι)αὲ

1839 2603 1908 2706 ad
1933 2606 2235 2706 geluennam
2261 2617 2508 2686 vocabat,
2540 2621 2630 2679 illa
2673 2635 2853 2684 autem
2879 2630 2947 2687 ad
2985 2603 3208 2706 regnum
3241 2603 3424 2695 mitte;

1839 2695 1988 2790 bant.
2020 2699 2152 2758 Cum
2201 2706 2362 2777 igitur
2389 2709 2499 2767 illic
2545 2713 2708 2778 vitam
2749 2720 3017 2789 posuisset
3036 2695 3188 2790 ,vimo
3212 2745 3343 2786 vero
3371 2733 3424 2788 in

1839 2789 2026 2845 cadum
2049 2793 2319 2863 profectus
2347 2813 2512 2872 esset,
2537 2821 2783 2866 reversus
2812 2822 2896 2868 est
2919 2813 3174 2890 deinceps
3192 2834 3424 2878 corona-

1841 2888 1948 2982 tus.
1977 2881 2187 2982 Etenim
2213 2889 2264 2944 id
2293 2905 2506 2965 quoque
2539 2895 2638 2954 fuit
2678 2899 2771 2956 Dei
2801 2881 3174 2978 benignitatis,
3204 2913 3294 2982 qui
3324 2930 3424 2970 eno

1837 2971 1975 3026 ravit
2001 2981 2056 3028 ut
2082 2975 2126 3030 is
2151 2993 2337 3036 rursus
2359 2982 2426 3038 ad
2459 3000 2555 3041 nos
2581 2988 2813 3060 rediret,
2860 2971 3251 3058 et'civitatibu's
3276 3019 3422 3059 mar-

1838 3067 2008 3130 tyrem
2053 3066 2360 3135 impartivit.
2392 3073 2558 3130 Roma
2598 3079 2739 3133 enim
2770 3083 3056 3141 stillantem
3101 3088 3267 3159 ipsius
3291 3106 3417 3147 san-

1833 3151 2045 3220 guinem
2068 3159 2279 3229 excepit
2294 3202 2310 3228 ,
2333 3178 2428 3219 vos
2455 3176 2634 3224 autem
2664 3171 2916 3242 reliquias
2933 3177 3050 3246 ejus
3068 3151 3380 3252 suscepistis
3403 3203 3417 3238 :

1835 3255 1931 3297 vos
1963 3245 2105 3300 illius
2157 3252 2467 3324 episcopatu
2494 3259 2664 3328 gavisi
2711 3263 2876 3332 estis,
2905 3245 2980 3322 illi
3010 3245 3267 3344 martyrio
3294 3288 3420 3332 sunt

1833 3334 1995 3391 ltetati
2044 3355 2058 3392 :
2097 3352 2392 3401 certantem
2432 3348 2505 3404 illi
2552 3360 2609 3408 et
2649 3354 2949 3414 vincentem
3000 3375 3064 3417 ac
3102 3334 3416 3424 coronatum

1832 3440 2258 3500 conspexerunt,
2313 3451 2408 3494 vos
2449 3451 2706 3510 perpetuo
2751 3446 2900 3503 illum
2933 3453 3214 3520 possidetis
3247 3474 3262 3512 :
3306 3460 3422 3514 exl-

1831 3531 1991 3587 guum
2015 3521 2081 3620 ad
2107 3530 2318 3620 tempus
2342 3543 2462 3583 eum
2493 3531 2646 3589 vobis
2665 3535 2865 3593 ademit
2895 3539 3066 3609 Deus,
3093 3546 3189 3601 sed
3217 3548 3418 3620 majore

1830 3621 1952 3662 cum
2000 3611 2169 3680 gloria
2220 3619 2482 3675 restituit.
2529 3621 2601 3678 Et
2638 3630 3089 3696 quemadmodum
3135 3611 3416 3707 pecuniam

1830 3711 2136 3758 mutuantes
2159 3720 2278 3762 cum
2306 3709 2512 3768 fmnore
2539 3728 2602 3771 ea
2631 3717 2882 3787 reddunt,
2909 3738 3031 3794 quae
3057 3740 3412 3799 acceperunt:

1829 3793 1907 3846 sic
1923 3793 2082 3848 etiam
2113 3796 2256 3853 Deus
2285 3802 2576 3870 pretiosum
2625 3806 2765 3865 hunc
2810 3793 3119 3873 thesaurum
3147 3793 3416 3893 pauliSper

1828 3885 2155 3958 suscipiens,
2190 3901 2248 3945 ut
2271 3887 2581 3953 ostenderet
2604 3899 2790 3956 Roma
2811 3945 2826 3972 ,
2858 3906 3061 3976 majore
3081 3885 3201 3967 cuin
3243 3885 3411 3984 gloria

1827 3975 1977 4032 illum
2001 3980 2153 4036 vobis
2172 3985 2373 4041 retulit.
2395 3987 2656 4047 Emisistis
2676 3993 2817 4049 enim
2846 3999 3178 4071 episcopum,
3195 3975 3415 4064 etvmar-

1827 4074 1996 4137 tyrem
2037 4074 2359 4143 recepistis:
2391 4080 2645 4136 emisistis
2681 4098 2802 4140 cum
2850 4091 3130 4161 precibus,
3185 4106 3241 4152 et
3288 4113 3408 4155 cum

1824 4167 2039 4218 coronis
2083 4169 2394 4238 suscepistis
2428 4189 2442 4226 :
2475 4189 2576 4230 nec
2599 4189 2726 4231 vero
2755 4193 2856 4235 vos
2896 4184 3027 4250 soli,
3060 4187 3154 4242 sed
3201 4202 3412 4248 cuncta:

1823 4266 1942 4320 qua!
1991 4254 2288 4325 interiecta:
2334 4271 2462 4316 sunt
2499 4264 2764 4323 civitates.
2813 4270 3094 4338 Quomodo
3134 4278 3278 4335 enim
3317 4297 3411 4338 eas

1823 4343 2041 4400 affectas
2068 4348 2388 4408 existimatis
2407 4394 2423 4420 ,
2464 4369 2584 4410 cum
2610 4369 2907 4429 reportatus
2944 4366 3196 4438 reliquias
3222 4387 3410 4429 ceme-

1824 4449 1945 4494 rent
1966 4440 1991 4495 τ
2010 4457 2167 4511 quem
2200 4445 2487 4515 voluptatis
2516 4447 2744 4506 fructum
2771 4457 3074 4528 percipere,
3102 4473 3293 4532 quanta
3319 4466 3410 4522 la}-

1823 4529 1938 4586 titia
1957 4535 2157 4603 gestire
2180 4536 2204 4590 ?
2226 4553 2385 4608 quam
2430 4540 2621 4599 faustis
2661 4547 2896 4618 undique
2938 4529 3408 4615 acclamatlnnibus

1822 4636 2138 4683 coronatum
2168 4631 2442 4690 celebrare
2469 4639 2494 4689 Ἰ
2517 4636 2977 4704 Quemadmodum
3005 4649 3146 4702 enim
3177 4652 3406 4721 pagilem

1822 4732 2162 4790 generosum,
2185 4726 2274 4795 qui
2298 4742 2489 4784 omnes
2509 4729 2766 4787 devicerit
2793 4733 3131 4794 adversarios
3151 4781 3166 4806 ,
3195 4753 3409 4812 specta-

1824 4817 1966 4865 tores
1988 4826 2018 4866 e
2043 4827 2203 4869 cavea
2229 4831 2350 4871 cum
2374 4820 2561 4888 plausu
2580 4834 2966 4894 consurgentes
2987 4829 3268 4888 sublimem
3294 4843 3408 4889 sta-

1822 4902 1917 4955 tim
1945 4905 2247 4976 excipiunt,
2293 4925 2391 4966 nec
2432 4920 2631 4968 terram
2661 4917 2927 4989 attingere
2972 4922 3246 4991 patiuntur
3266 4967 3281 4993 ,
3313 4929 3406 4982 sed

1822 4992 2087 5048 sublatum
2120 4997 2592 5057 innumerabilibus
2618 5004 2862 5062 laudibus
2887 5021 3162 5080 ornantes,
3188 4992 3406 5071 domum

1823 5097 2099 5156 reportant
2131 5107 2146 5144 :
2178 5091 2256 5147 sic
2282 5095 2462 5165 utique
2487 5105 2543 5151 et
2570 5109 2810 5154 sanctum
2847 5101 2994 5158 illum
3026 5120 3212 5163 omnes
3237 5125 3300 5164 ex
3324 5126 3411 5166 or-

1820 5175 1945 5232 dine
1973 5179 2216 5236 civitates
2237 5184 2304 5238 ab
2333 5185 2468 5240 urbe
2493 5187 2716 5244 relatum
2761 5193 3110 5262 suscipientes
3140 5196 3410 5254 humeris-

1819 5283 1924 5336 que
1961 5281 2264 5340 gestantes,
2313 5278 2648 5334 Antiochiam
2713 5296 2883 5354 usque
2928 5298 3053 5341 sunt
3097 5291 3405 5358 comitatae,

1820 5370 2107 5432 martyrem
2139 5375 2451 5423 coronatum
2480 5370 2844 5441 celebrantes,
2883 5376 3158 5435 laudantes
3200 5397 3408 5452 ageno-

1822 5450 2021 5506 tbetam
2046 5495 2059 5516 ,
2088 5455 2354 5512 diabolum
2385 5459 2688 5519 deridentes
2712 5507 2726 5530 ,
2758 5468 2898 5537 quod
2939 5485 2970 5524 c
3015 5450 3284 5528 contrario
3327 5476 3403 5531 illi

1819 5545 2048 5599 versutia
2071 5551 2432 5618 successisset,
2463 5562 2518 5608 et
2543 5570 2661 5624 qua:
2692 5557 2742 5610 in
2783 5570 3071 5632 martyrem
3099 5574 3364 5622 struxerat
3388 5613 3402 5637 ,

1820 5631 1872 5686 in
1890 5647 1948 5688 se
1971 5636 2302 5693 recidisseut.
2327 5641 2393 5695 Et
2416 5653 2539 5699 tunc
2563 5647 2777 5715 quidem
2806 5631 3012 5708 cunctis
3035 5655 3134 5711 illis
3173 5631 3405 5714 civitati;

1821 5720 1919 5777 bus
1945 5724 2140 5795 profuit
2191 5729 2616 5805 documentoque
2659 5736 2794 5807 fuit,
2850 5750 2903 5795 et
2949 5743 3215 5802 civitatem
3264 5747 3402 5804 hanc

1881 5898 1958 5963 (a)
1993 5908 2102 5952 tunc
2124 5904 2273 5955 verba
2300 5906 2411 5965 ius.
2439 5912 2610 5974 lguatii
2634 5915 2853 5976 itarlyrio
2877 5915 3107 5977 leguntur
