4082 6468
599 455 705 511 5'95

606 577 776 633 usque
796 561 851 619 in
878 571 1196 635 prasentcm
1222 562 1365 619 diem
1388 563 1732 636 locupletavit
1748 582 1764 632 ;
1782 574 1837 621 et
1853 573 1911 620 ut
1925 565 2209 621 thesaurus

608 652 823 724 quidam
852 663 1168 726 perpetuus,
1198 657 1290 726 qui
1319 655 1555 726 quotidie
1587 658 1917 725 exhauritur,
1945 668 2045 712 nec
2071 656 2206 712 defi-

607 749 676 803 cit
700 791 715 815 ,
738 747 916 803 cuncti
943 747 1067 802 licet
1093 762 1157 803 ex
1187 763 1254 804 eo
1292 747 1585 817 ditescant,
1617 749 1695 805 sic
1722 751 1883 805 etiam
1910 749 2096 804 beatus
2123 748 2213 803 hic

611 839 844 910 Ignatius
888 847 1110 894 cunctos
1134 839 1200 894 ad
1245 854 1304 895 se
1347 839 1664 896 accedentes
1711 841 2207 907 benedictionibus,

610 930 801 986 ﬁducia
823 970 840 997 ,
871 939 925 986 et
950 943 1170 989 strenua
1194 932 1471 988 alacritate
1495 973 1511 999 ,
1559 947 1858 1004 magnaque
1901 932 2211 988 fortitudine

612 1024 801 1092 plenos
827 1024 1053 1079 remittit
1079 1024 1317 1080 domum.

683 1115 992 1170 Sanctorum
1019 1127 1340 1172 monumenta
1357 1117 1641 1189 spirituah's
1659 1119 1840 1189 gratia
1860 1116 2212 1186 picum—Ita—

607 1222 713 1276 que
733 1221 838 1261 non
863 1207 1021 1262 hodie
1043 1207 1379 1274 tantum,sed
1407 1207 1645 1276 quotidie
1674 1207 1742 1263 ad
1772 1208 1944 1278 ipsum
1971 1207 2214 1262 conﬂua-

610 1313 730 1352 mus
751 1339 768 1363 ,
790 1298 1098 1368 spirituales
1123 1315 1190 1355 ex
1215 1315 1281 1355 eo
1308 1300 1510 1356 fructus
1549 1300 1919 1372 decerpentes.
1961 1300 2213 1370 Quisquis

615 1394 759 1446 enim
781 1407 903 1447 cum
929 1392 1033 1447 [ide
1057 1393 1124 1447 ad
1146 1393 1293 1448 illum
1323 1394 1549 1463 accedit,
1574 1394 1780 1464 magnis
1804 1392 2033 1448 afﬁcitur
2051 1393 2216 1448 bene-

615 1481 749 1537 ﬂciis
779 1501 793 1537 :
821 1493 1130 1538 sanctorum
1158 1485 1301 1540 enim
1344 1499 1450 1539 non
1493 1484 1654 1539 modo
1680 1498 1906 1553 corpora
1927 1525 1942 1551 ,
1975 1482 2069 1538 sed
2114 1483 2213 1552 ipsi

616 1575 777 1630 loculi
807 1585 861 1631 et
889 1585 1236 1633 monumenta
1268 1578 1526 1647 spirituali
1554 1577 1724 1648 gratia
1773 1575 2020 1632 conferta
2069 1584 2212 1631 sunt.

613 1667 748 1722 Nam
776 1668 824 1723 si
849 1669 903 1724 in
932 1670 1127 1725 Eliszeo
1156 1668 1207 1725 id
1236 1671 1479 1741 contigit,
1518 1679 1575 1725 ut
1603 1669 1885 1724 defunctus
1901 1668 2213 1738 ‘sepulcrum

613 1759 731 1828 ejus
751 1760 1018 1831 attingens
1060 1763 1248 1817 mortis
1276 1761 1486 1823 vincula
1518 1762 1829 1817 dissolverit
1853 1761 1932 1832 (ι.
1951 1759 2096 1833 Reg.
2125 1762 2212 1816 15.

612 1850 731 1922 Si),
770 1859 825 1907 et
864 1854 930 1907 ad
961 1854 1121 1907 vitam
1149 1869 1360 1909 rursum
1401 1854 1656 1921 redierit;
1690 1853 1862 1909 multo
1891 1854 2058 1924 magis
2113 1851 2217 1908 hoc

620 1950 881 2012 tempore,
911 1958 1016 2014 quo
1045 1945 1213 2015 gratia
1248 1943 1486 2012 uberior,
1515 1943 1749 2014 Spiritus
1791 1943 1964 2013 major
1991 1951 2079 1998 est
2101 1943 2214 2007 vis;

614 2043 672 2091 ut
696 2035 741 2090 si
771 2050 894 2090 cum
924 2034 1030 2090 ﬁde
1080 2034 1274 2106 aliquis
1314 2049 1495 2090 arcam
1524 2034 1783 2105 attingat,
1813 2048 2060 2104 magnam
2091 2032 2217 2088 inde

613 2128 868 2184 virtutem
895 2128 1125 2184 hauriat.
1149 2128 1274 2184 Ideo
1303 2128 1553 2200 reliquias
1573 2137 1882 2182 sanctorum
1908 2126 2064 2182 nobis
2087 2139 2217 2180 con-

613 2219 776 2274 cessit
804 2219 983 2285 Deus,
1013 2219 1204 2274 volens
1247 2234 1348 2274 nos
1395 2219 1462 2274 ad
1487 2217 1736 2273 eumdem
1767 2218 1943 2273 zelum
1972 2232 2071 2287 per
2097 2216 2217 2271 illos

613 2310 915 2378 adducere,
949 2320 1004 2367 et
1031 2312 1190 2368 nobis
1212 2311 1366 2382 quasi
1399 2319 1612 2381 portum
1643 2310 1884 2381 praebere
1921 2318 1975 2365 et
2004 2309 2214 2380 ﬁrmum

603 2401 866 2456 solatium
888 2402 1150 2456 malorum
1168 2417 1288 2471 quae
1317 2415 1414 2455 nos
1437 2400 1653 2456 assidue
1677 2399 1996 2469 corripiunt.
2019 2398 2218 2465 Quam-

615 2492 803 2547 obrem
833 2507 928 2547 vos
952 2506 1140 2548 omnes
1165 2491 1439 2557 cohortor,
1481 2489 1713 2558 fratres,
1745 2491 1791 2545 si
1817 2491 1937 2560 quis
1980 2497 2217 2544 vestrum

615 2581 934 2652 aegritudine
959 2582 1144 2650 animi,
1171 2582 1253 2638 vel
1281 2581 1522 2654 corporis
1547 2582 1757 2650 morbo,
1787 2581 1873 2637 vel
1901 2580 2088 2651 quavis
2114 2580 2215 2634 alia

620 2673 923 2730 calamitate
951 2683 1043 2728 aut
1061 2683 1405 2746 peccatorum
1426 2674 1568 2730 mole
1588 2675 1866 2744 premitur,
1897 2683 1961 2727 ut-
1973 2687 2094 2727 cum
2114 2671 2219 2727 fide

618 2767 724 2822 huc
741 2765 993 2833 accedat;
1023 2776 1078 2822 et
1100 2768 1166 2822 ab
1189 2767 1294 2822 illis
1313 2768 1562 2824 omnibus
1579 2767 1856 2833 liberatus,
1875 2781 2067 2837 magna
2094 2780 2216 2819 cum

616 2855 799 2912 laetitia
826 2866 1127 2914 revertetur
1143 2900 1159 2928 ,
1186 2866 1244 2915 et
1275 2868 1494 2931 aspectu
1521 2859 1638 2915 solo
1663 2857 2044 2915 conscientiam
2067 2863 2212 2911 tran-

1348 452 1408 510 S.
1447 451 1724 510 JOANNIS
1744 451 2219 511 CHRYSOSTOMI
2259 450 2580 510 ARCHIEP.
2621 452 3153 512 CONSTANTINOP.

2311 564 2616 634 quilliorem
2637 567 2950 637 reportabit.
2977 566 3114 635 Quin
3145 568 3311 623 etiam
3326 567 3541 639 expedit
3559 607 3576 635 ,
3606 575 3666 624 ut
3694 582 3804 623 non
3828 585 3915 624 so-

2313 655 2422 710 lum
2451 657 2520 722 ii,
2549 659 2640 729 qui
2654 660 2908 715 aerumnis
2935 659 3109 716 affecti
3139 669 3288 724 sunt,
3311 659 3415 716 huc
3439 677 3559 717 sese
3585 661 3872 716 conferant
3898 701 3913 727 ,

2314 750 2407 805 sed
2437 751 2512 805 illi
2533 753 2693 807 etiam
2713 794 2728 819 ,
2760 754 2852 824 qui
2879 762 2934 808 et
2976 754 3138 808 animi
3165 764 3345 825 quiete
3364 796 3380 821 ,
3407 764 3459 810 et
3488 754 3656 825 gloria
3679 795 3700 821 ,
3734 763 3792 809 et
3822 769 3916 823 po-

2314 842 2478 896 tentia
2498 883 2513 908 ,
2537 853 2591 897 et
2611 832 2801 914 magna
2821 844 2960 914 apud
2988 845 3155 899 Deum
3177 845 3368 900 fiducia
3391 844 3760 914 perfruuntur,
3783 844 3917 898 hanc

2316 932 2602 988 utilitatem
2651 950 2757 988 non
2799 935 3087 1005 negligant.
3144 935 3245 1004 Qui
3293 937 3434 990 enim
3480 936 3587 990 huc
3613 936 3830 991 accedit
3866 945 3918 989 et

2314 1034 2561 1080 sanctum
2583 1026 2761 1092 videt,
2787 1028 2926 1083 bona
2952 1027 3067 1084 hmc
3086 1027 3287 1083 efﬁciet
3305 1027 3577 1082 stabiliora
3598 1070 3612 1092 ,
3637 1037 3695 1082 et
3713 1041 3919 1082 memo-

2315 1116 2394 1169 ria
2424 1125 2572 1172 recte
2618 1115 2882 1172 factorum
2912 1118 3030 1187 ejus
3055 1117 3291 1173 animum
3321 1132 3473 1173 suum
3503 1118 3696 1172 reddet
3725 1117 3916 1172 mode-

2317 1211 2573 1262 ratiorem
2595 1249 2611 1275 ,
2644 1224 2745 1263 nec
2766 1203 3150 1264 conscientiam
3189 1224 3342 1284 suam
3370 1209 3526 1263 bonis
3553 1207 3816 1277 operibus
3837 1207 3920 1262 ef-

2317 1299 2448 1355 ferri
2495 1309 2655 1371 atqne
2693 1302 3057 1379 intumescere
3105 1287 3358 1372 patietur.
3411 1299 3526 1355 Non
3560 1300 3709 1368 parvi
3738 1309 3920 1355 autem

2316 1397 2573 1448 momenti
2617 1403 2697 1448 est
2717 1434 2735 1460 ,
2788 1408 2882 1448 eos
2907 1434 2921 1458 ,
2954 1392 3150 1463 quibus
3179 1408 3451 1463 prospera:
3477 1402 3636 1462 atque
3665 1391 3920 1447 secunda:

2318 1503 2408 1543 res
2446 1486 2636 1552 ﬂuunt,
2682 1500 2775 1543 eas
2815 1485 2956 1540 ferre
2996 1486 3310 1549 moderate,
3333 1495 3388 1539 et
3415 1485 3684 1554 superbia:
3710 1493 3918 1538 tumore

2319 1595 2429 1636 non
2462 1579 2667 1634 extolli.
2694 1578 2845 1634 Utilis
2874 1577 3035 1648 igitur
3061 1577 3269 1632 cunctis
3297 1576 3382 1630 hic
3409 1575 3694 1630 thesaurus
3723 1584 3838 1640 est,
3867 1585 3919 1629 et

2319 1672 2582 1742 refugium
2624 1679 3017 1741 opportunum,
3061 1679 3167 1734 tam
3214 1670 3280 1723 iis
3308 1671 3398 1739 qui
3441 1668 3578 1737 lapsi
3623 1675 3920 1733 sunt,nta

2322 1764 2704 1821 tentationibus
2726 1764 3019 1819 liberentur
3038 1803 3052 1826 ,
3082 1777 3241 1830 quam
3264 1761 3328 1815 iis
3352 1760 3440 1829 qui
3471 1774 3726 1828 prospere
3753 1773 3822 1812 ac
3848 1759 3926 1812 fe-

2319 1856 2494 1910 liciter
2523 1854 2743 1924 degunt,
2769 1861 2830 1908 ut
2849 1853 2942 1906 diu
2970 1851 3215 1906 fruantur
3240 1850 3431 1915 bonis;
3464 1850 3568 1903 illis
3594 1849 3684 1919 qui
3717 1849 3928 1905 morbis

2320 1946 2606 2012 laborant,
2635 1953 2692 1999 ut
2717 1945 2914 1999 bonam
2954 1941 3310 2021 valetudinem
3349 1950 3782 2009 consequantur;
3817 1939 3926 1993 illis

2320 2037 2410 2108 qui
2439 2036 2718 2092 commoda
2747 2035 2982 2106 gaudent
3007 2031 3344 2097 valetudine,
3369 2045 3439 2085 ne
3466 2031 3519 2086 in
3550 2029 3800 2083 morbum
3829 2029 3928 2082 ali-

2320 2146 2480 2200 quem
2508 2131 2799 2185 incurrant.
2839 2126 2968 2195 Quae
3015 2125 3230 2196 quidem
3260 2124 3440 2179 omnia
3477 2122 3926 2184 considerantes,

2324 2222 2470 2277 omni
2493 2221 2687 2292 gaudio
2710 2229 2868 2289 atque
2892 2217 3149 2288 voluptati
3167 2232 3377 2272 sacrum
3399 2215 3543 2269 hunc
3560 2214 3734 2270 locum
3761 2221 3926 2266 ante-

2321 2328 2583 2385 ponamus
2605 2353 2618 2376 ,
2652 2322 2709 2366 ut
2734 2311 2934 2365 laetitia:
2959 2317 3014 2365 et
3040 2309 3171 2364 lucri
3201 2316 3516 2372 consortes,
3548 2306 3654 2360 illic
3702 2313 3928 2359 sancto-

2322 2422 2441 2461 rum
2466 2405 2883 2460 contubernales
2926 2413 2980 2458 et
3009 2402 3142 2458 socii
3171 2416 3292 2456 esse
3311 2400 3617 2463 valeamus,
3665 2397 3931 2466 precibus

2322 2497 2560 2566 ipsorum
2591 2505 2898 2550 sanctorum
2919 2537 2935 2561 ,
2962 2501 3016 2549 et
3037 2493 3206 2564 gratia
3239 2507 3302 2546 ac
3344 2491 3668 2559 benignitate
3710 2487 3930 2542 Domini

2323 2586 2493 2642 nostri
2520 2585 2650 2641 Jesu
2672 2585 2903 2652 Christi,
2935 2599 3056 2639 cum
3088 2598 3195 2653 quo
3222 2583 3367 2637 Patri
3395 2581 3562 2651 gloria
3582 2621 3598 2646 ,
3624 2588 3931 2649 sanctoque

2323 2677 2581 2748 Spiritui,
2614 2693 2756 2734 nunc
2794 2685 2848 2733 et
2873 2691 3120 2747 semper,
3167 2682 3221 2730 et
3267 2674 3319 2729 in
3349 2673 3543 2729 saecula
3573 2671 3928 2727 saeculorum.

2323 2773 2516 2828 Amen.
