4082 6450
230 226 332 283 597
1233 211 1301 270 IN
1343 216 1402 272 S.
1442 212 1900 272 EUSTATHIUM
1965 209 2492 270 ANTIOCIIENUM.
3409 207 3517 263 598

236 320 1812 365 MP;

1084 474 1513 538 EPISCOPUM
1558 454 2144 545 ANTIOCHENUM,
2199 469 2639 532 ADMONITIO.

298 624 428 682 Ilaec
449 623 830 680 Theodoretus
861 631 917 677 et
943 619 1351 693 Hieronymus:
1381 627 1441 674 at
1468 634 1564 690 per
1594 617 1729 672 mihi
1759 614 2203 674 mirumvidetur
2233 615 2377 669 hanc
2402 623 2512 668 tam
2544 624 2787 670 atrocem
2823 613 2877 668 in
2897 611 3137 669 amicum
3162 619 3217 667 et
3241 608 3510 682 :equalem

232 732 397 774 suum
429 717 749 786 episcopum
776 714 1013 770 oblatam
1041 711 1371 778 calumniam
1399 709 1470 766 ab
1509 708 1814 764 Athanasio
1849 708 2041 763 taceri.
2075 704 2154 761 Ex
2191 706 2479 762 Athanasii
2529 715 2679 761 certe
2716 707 2938 762 silentio
2962 705 3214 761 nonnihil
3259 703 3496 760 fortasse

227 817 495 863 nascatur
522 815 712 863 contra
740 808 881 863 hanc
910 806 1194 862 historiam
1219 802 1572 875 suspicionis.
1610 801 1834 871 quando
1866 799 2216 870 potissimum
2249 798 2528 854 cernimus
2558 798 2850 869 plerosque
2882 798 3041 855 istius
3072 799 3173 854 avi
3206 798 3504 867 scriptores

228 898 466 953 lilnnter
489 898 684 954 afferre
723 897 1173 954 muliercularum
1209 893 1492 960 historias,
1524 908 1757 964 quarum
1793 891 2074 948 nonnulla:
2101 889 2219 962 pari
2259 889 2576 961 suspicione
2605 889 2890 956 laborant;
2923 890 3104 960 qualis
3137 897 3222 950 est
3246 888 3336 943 illa
3378 902 3501 940 mu-

217 990 468 1049 lierculm
498 990 554 1046 in
581 987 802 1063 Synodo
819 989 982 1062 Tyria
1015 987 1378 1044 Athanasium
1404 986 1540 1042 illati
1566 986 1740 1054 stupri
1765 984 2101 1050 accusantis,
2126 998 2289 1054 quam
2308 982 2356 1037 si
2384 997 2494 1038 non
2525 994 2713 1054 aperte
2740 982 2961 1047 falsam,
2987 981 3287 1038 admodum
3312 981 3508 1034 saltem

224 1091 546 1153 suspectam
571 1083 910 1140 ostendimus
933 1082 987 1137 in
1023 1079 1607 1137 Animadversionibus
1642 1077 1709 1133 ad
1736 1079 1902 1132 vitam
1927 1085 1982 1131 et
2003 1074 2206 1145 scripta
2237 1073 2545 1129 Athanasii.
2573 1076 2754 1145 Auget
2795 1075 2886 1130 hic
2916 1073 3238 1144 scrupulum
3261 1072 3504 1144 Chryso-

227 1185 473 1242 atomus,
497 1176 590 1246 qui
631 1174 688 1230 in
727 1175 828 1229 hac
856 1173 924 1230 de
948 1172 1239 1228 Eustathio
1267 1171 1496 1227 homilia
1529 1185 1599 1225 ne
1636 1168 1744 1240 γρῦ
1771 1167 1994 1237 quidem
2025 1165 2207 1231 habet,
2244 1178 2357 1234 quo
2387 1163 2552 1218 talem
2576 1164 2820 1220 oblatam
2845 1164 3181 1221 calumniam
3214 1163 3295 1219 vel
3322 1173 3510 1232 aperta

220 1271 513 1327 denuntiet
542 1268 627 1326 vel
657 1268 984 1325 subindicet.
1025 1268 1169 1334 Quid
1205 1268 1354 1340 quod
1387 1265 1643 1321 Socrates
1678 1275 1968 1335 postquam
2000 1261 2351 1317 Eustathium
2391 1257 2806 1318 Sabellianismi
2835 1259 3004 1317 causa
3033 1261 3346 1316 abdicatum
3378 1275 3511 1314 nar-

221 1365 392 1430 ravit,
419 1361 625 1432 adjicit,
666 1360 744 1424 ὡς
773 1362 872 1433 μὲν
906 1357 1000 1416 οὖν
1029 1361 1174 1425 τινές
1217 1377 1404 1430 φασιν,
1433 1359 1500 1412 δι’
1529 1357 1694 1421 ἄλλας
1723 1358 1824 1410 οὐκ

1897 1355 2064 1426 valid;
2105 1357 2305 1422 αἰτίας,
2352 1355 2615 1428 φανερῶς
2649 1355 2706 1410 δὲ
2733 1357 2836 1410 οὐκ
2883 1357 3162 1428 εἰρήκασι.
3203 1357 3261 1411 Id
3303 1364 3408 1421 est,
3437 1355 3509 1413 Ut

223 1472 346 1510 vero
369 1455 588 1523 quidam
615 1465 863 1520 narrant,
892 1455 1016 1510 aliis
1042 1456 1106 1510 de
1144 1457 1320 1510 castris
1350 1455 1525 1508 minus
1555 1453 1787 1508 honestis
1817 1453 2096 1508 abdicatus
2123 1462 2220 1520 est,
2256 1470 2391 1524 quas
2419 1464 2598 1506 tamen
2629 1466 2808 1522 aperte
2837 1469 2943 1506 non
2974 1452 3275 1522 proferunt.
3298 1450 3510 1518 Quibus

227 1549 421 1605 verbis
443 1549 622 1604 innuit
640 1565 755 1605 rem
790 1549 934 1620 apud
959 1564 1153 1606 omnes
1183 1565 1294 1604 non
1328 1559 1607 1616 constare,
1631 1563 1733 1604 nec
1767 1547 2087 1618 suspicione
2117 1563 2346 1604 vacuam
2381 1563 2528 1615 esse,
2569 1557 2631 1604 ut
2670 1563 2772 1604 nos
2803 1549 2936 1604 item
2970 1559 3249 1619 putamus.

1769 315 3490 350 ww

305 1669 578 1725 Abdicato
618 1679 796 1725 autem
821 1669 1130 1736 Eustathio,
1169 1670 1463 1727 Euscbiani
1516 1677 1770 1725 auctores
1809 1668 2134 1740 Imperatori
2168 1679 2296 1730 sunt
2340 1681 2400 1726 ut
2439 1673 2494 1726 in
2536 1671 2790 1727 exsilium
2841 1673 3080 1743 pellatur
3123 1675 3376 1730 antistes.
3424 1673 3499 1730 De

213 1762 401 1819 exsilii
438 1763 560 1817 loco
594 1778 704 1818 non
753 1777 861 1817 una
888 1771 972 1818 est
1001 1764 1270 1819 sententia
1301 1782 1316 1818 :
1352 1762 1728 1819 Theodoretus
1748 1763 1802 1817 in
1840 1763 2132 1833 quamdam
2161 1762 2358 1836 Illyrici
2400 1764 2591 1820 urbem
2623 1765 2924 1837 relegatum
2966 1774 3155 1820 narrat
3177 1745 3506 1836 {Hierony-

225 1873 354 1913 mus
389 1871 520 1913 vero
563 1855 954 1928 Trajanopolin
987 1859 1042 1914 in
1076 1857 1333 1926 Thracia,
1364 1859 1452 1918 cui
1488 1858 1853 1929 adstipulatur
1882 1858 2313 1932 Chrysostomus
2345 1858 2488 1914 infra
2535 1875 2689 1915 num.
2725 1860 2781 1925 ‘2,
2821 1861 2909 1914 ubi
2943 1860 3020 1914 ait
3051 1859 3172 1928 ejus
3215 1873 3416 1929 corpus
3447 1860 3500 1914 in

226 1949 465 2004 Thracia
519 1948 790 2018 sepultum
825 1964 968 2014 esse,
1013 1951 1159 2006 haud
1185 1950 1348 2007 dubie
1382 1951 1437 2004 in
1487 1951 1665 2007 exsilii
1699 1951 1839 2005 loco.
1869 1948 2058 2020 Neque
2099 1950 2539 2022 praetereundum
2571 1961 2685 2017 est,
2731 1951 2786 2006 in
2837 1950 3114 2006 Eustathii
3159 1951 3506 2011 abdicatione

220 2054 394 2101 totam
439 2025 586 2114 pene
616 2046 886 2100 seditione
913 2045 1282 2118 conﬂagrasse
1322 2047 1720 2104 Antiochenam
1758 2047 2069 2114 civitatem;
2106 2047 2336 2103 armatis
2365 2048 2513 2103 enim
2559 2048 2841 2116 utrimque
2872 2046 3143 2118 partibus,
3169 2046 3504 2120 adscitisqne

221 2133 517 2199 militibus,
570 2134 754 2189 omnia
812 2144 970 2190 erant
1015 2137 1084 2191 ad
1137 2153 1373 2208 pugnam
1418 2146 1474 2194 et
1525 2138 1854 2195 horrendam
1889 2139 2098 2195 cladem
2132 2149 2359 2211 parata,
2395 2148 2732 2210 ventumque
2771 2141 2966 2200 fuisset
2993 2140 3058 2194 ad
3110 2140 3340 2212 gladios,
3395 2139 3504 2195 nisi

213 2231 671 2302 supervenientes
713 2232 1065 2322 Imperatoris
1095 2235 1288 2292 litterae
1321 2236 1532 2306 plebem
1566 2236 2054 2307 compescuissent.
2089 2235 2388 2292 Eusebiani
2423 2234 2715 2291 Eustathio
2747 2233 3020 2289 Eulalium
3054 2235 3381 2305 subrogant;
3408 2233 3501 2304 qui

215 2339 346 2379 cum
381 2326 579 2396 exiguo
615 2334 858 2397 tempore
896 2342 1175 2399 superstes
1207 2329 1423 2397 fuisset,
1451 2331 1571 2401 ejus
1611 2332 1734 2387 loco
1767 2331 2024 2403 deligitur
2052 2331 2325 2387 Eusebius
2358 2330 2655 2401 Pamphili,
2694 2345 2806 2400 quo
2838 2330 3134 2395 abnuente,
3161 2328 3499 2406 Euphronio,

214 2414 348 2471 item
387 2417 616 2486 Ariano,
665 2419 975 2490 episcopale
1018 2436 1218 2479 munus
1265 2423 1535 2479 defertur.
1588 2425 1668 2479 Eo
1701 2432 1885 2479 autem
1915 2434 2039 2495 post
2071 2440 2276 2480 annum
2309 2431 2363 2479 et
2403 2424 2619 2494 aliquot
2651 2438 2871 2479 menses
2917 2422 3201 2489 defuncto,
3246 2423 3504 2495 deligitur

211 2508 496 2576 Flacillus,
531 2511 657 2565 item
691 2511 953 2578 Arianus,
992 2523 1045 2569 et
1075 2529 1186 2570 uno
1225 2516 1420 2571 avulso
1455 2530 1566 2571 non
1621 2515 1806 2570 deficit
1836 2517 1992 2572 alter.
2039 2515 2171 2583 Quae
2213 2531 2382 2572 causa
2431 2514 2539 2569 fuit
2585 2524 2644 2570 ut
2667 2499 2823 2569 multi
2869 2529 2994 2569 cum
3040 2515 3353 2584 populares,
3385 2523 3500 2570 tum

210 2606 428 2672 clerici,
469 2608 671 2678 quibus
713 2609 906 2681 religio
944 2609 1227 2666 Catholica
1259 2611 1408 2667 cordi
1440 2619 1581 2678 erat,
1614 2628 1645 2666 a
1697 2613 1937 2668 ctetihus
1975 2613 2308 2668 Arianorum
2338 2611 2738 2675 abhorrentes,
2778 2624 3030 2665 seorsum
3064 2608 3327 2664 collectas
3377 2625 3505 2679 age-

217 2705 366 2755 rent.
394 2695 457 2751 Hi
493 2713 558 2753 ex
599 2698 814 2755 ardenti
843 2715 972 2772 erga
1021 2701 1369 2758 Eustathium
1419 2705 1602 2760 studio
1629 2719 1928 2775 amoreque
1969 2703 2318 2759 Enstathinm
2359 2705 2618 2774 deinceps
2653 2703 2970 2758 audierunt.
3011 2699 3335 2772 Huiusmodi
3371 2715 3503 2756 vero

223 2791 693 2848 Antiochenorum
724 2796 997 2852 discordia
1033 2797 1103 2853 ad
1131 2798 1403 2869 integrum
1435 2798 1604 2855 ferme
1633 2800 1897 2855 saeculum
1923 2807 2166 2854 extracta
2198 2798 2301 2853 fuit
2328 2817 2342 2854 :
2374 2799 2633 2868 quodque
2657 2797 2878 2868 gravius
2895 2795 3117 2861 accidit,
3148 2793 3309 2866 [605}
3335 2795 3500 2849 etiam

209 2881 484 2938 Catholici
516 2893 705 2954 postea
731 2885 946 2944 discissi
979 2895 1128 2954 sunt,
1167 2889 1241 2943 ita
1276 2898 1337 2944 ut
1367 2899 1477 2945 tres
1509 2891 1562 2944 in
1597 2899 1780 2961 partes
1809 2889 2115 2946 Christiani
2141 2890 2301 2944 divisi
2334 2897 2540 2954 essent,
2574 2887 3031 2942 Paulinianorum
3073 2900 3292 2954 nempe,
3335 2883 3500 2939 Mele-

211 2977 490 3033 tianorum
516 2987 571 3035 et
591 2981 942 3038 Arianorum.
976 2982 1084 3040 Sed
1116 2985 1220 3040 hac
1245 2985 1312 3041 de
1341 3001 1400 3042 re
1435 2986 1685 3056 pluribus
1717 2988 1772 3043 in
1810 2987 2018 3043 Monito
2044 2988 2111 3042 ad
2143 2985 2437 3040 Homiliam
2469 2985 2538 3040 de
2565 2985 2947 3040 Anathemate.

281 3094 577 3162 Caeterum,
602 3097 650 3152 si
680 3098 1026 3156 Theodoreto
1056 3102 1192 3160 ﬁdes
1215 3104 1317 3169 sit,
1341 3105 1618 3171 meretrix,
1651 3121 1773 3176 quas
1804 3104 2154 3161 Eustathium
2189 3104 2494 3171 accusavit,
2525 3118 2650 3158 cum
2683 3102 2736 3158 iu
2770 3100 3160 3173 gravissimum
3192 3109 3248 3154 et
3273 3098 3492 3153 diutur-

209 3201 346 3242 num
388 3191 637 3246 morbum
663 3193 966 3261 incidisset,
993 3197 1326 3254 calumniam
1355 3198 1582 3264 detexit,
1611 3215 1676 3254 ac
1706 3214 1927 3256 scenam
1958 3208 2128 3254 totam
2176 3199 2393 3268 aperuit
2427 3217 2438 3252 :
2476 3211 2579 3254 nec
2609 3194 2826 3252 duobus
2859 3195 3126 3258 tribusve,
3162 3191 3256 3246 sed
3295 3203 3493 3261 qnam-

212 3276 467 3344 plurimis
505 3281 886 3341 sacerdotibus
911 3287 1170 3346 indicavit
1198 3305 1284 3355 ea,
1311 3307 1433 3362 quae
1456 3291 1584 3347 dolo
1620 3290 1837 3346 fuerant
1867 3291 2219 3349 concinnata.
2249 3289 2387 3346 falsa
2416 3303 2474 3345 se
2502 3288 2755 3344 mercede
2783 3287 3112 3343 conductam
3143 3282 3492 3338 Eustathinm

205 3369 264 3422 in
303 3371 512 3429 crimen
545 3391 792 3445 vocasse,
832 3394 1010 3452 neque
1057 3395 1117 3437 se
1150 3391 1334 3438 tamen
1376 3383 1518 3440 falso
1551 3384 1795 3455 juratam
1823 3400 1838 3438 :
1873 3399 1999 3438 nam
2033 3381 2357 3440 Eustathius
2385 3382 2610 3452 quidem
2651 3382 2881 3436 aerarius
2907 3379 3058 3434 faber
3082 3374 3308 3430 infantis
3339 3381 3492 3442 pater

203 3471 346 3517 erat.
382 3462 653 3523 Eustathii
678 3479 861 3526 autem
902 3474 1176 3531 abdicatio
1209 3474 1401 3532 incidit
1441 3476 1495 3532 in
1543 3491 1750 3535 annum
1784 3477 2004 3535 circiter
2023 3477 2151 3542 529,
2185 3477 2492 3548 imperante
2537 3473 2906 3531 Constantino
2952 3471 3170 3543 Magno.
3202 3465 3334 3538 Ejus
3361 3479 3481 3520 tne-

206 3553 382 3608 moria
413 3555 610 3610 colitur
634 3558 702 3611 l7
724 3557 1067 3619 Novembris.

281 3662 661 3740 Interpretatio
688 3669 885 3728 Latina
915 3685 999 3755 est
1020 3672 1319 3732 Frontonis
1345 3675 1550 3734 Duczei.

217 3817 402 3838 ξ

430 3827 1952 3855 ._______________________

1410 4110 2266 4225 MUDATIO

573 4287 794 4331 SANCTI
838 4289 1058 4354 ρλτιιιε
1103 4297 1326 4346 Ποετιιι
1355 4305 1694 4354 ΕΟΒΤΔΊἮΙῙ
1740 4315 2105 4360 ANTIOCHIE
2147 4319 2185 4362 Μ

1456 4306 1694 4354 ΒΤΔΊἮΙῙ
1740 4315 2105 4360 ANTIOCHIE
2147 4319 2386 4362 MAGNJE
2430 4316 2910 4371 ARCHIEPISCOPI
2968 4300 3068 4379 (α).

269 4521 900 4630 ίιζθβωηξπίεηξξιεπτο
927 4533 1238 4630 ῘΜξηάων
1264 4541 1353 4594 ted
1398 4553 1511 4612 post
1549 4559 1779 4606 "tortam.
1892 4569 2017 4624 pum
2061 4562 2443 4623 praetervectus
2496 4563 2616 4620 est,
2649 4554 2875 4609 tumultu
2917 4553 3172 4611 fluctuum
3231 4557 3487 4613 liberatus

193 4641 262 4718 Ϊ-
292 4617 517 4718 Sapiens
539 4617 621 4671 vir
649 4619 865 4688 quidam
893 4634 948 4678 et
976 4626 1388 4706 philosophandi
1421 4637 1660 4707 peritus,
1689 4643 1782 4712 qui
1892 4617 1998 4710 est,
2123 4644 2466 4714 tranquillum
2504 4654 2561 4700 et
2593 4617 2831 4714 quietum
2864 4656 3074 4715 portum
3122 4648 3357 4718 appulit,
3408 4651 3486 4702 in.

191 4716 374 4810 rerum
400 4705 776 4810 dium-auarum
822 4723 1066 4772 naturam
1096 4731 1355 4810 accurate
1397 4725 1696 4798 didicerat,
1729 4742 1784 4789 et
1892 4737 2195 4792 certitudini
2226 4705 2527 4793 futurorum
2560 4705 2666 4793 non
2694 4705 2953 4809 sutbjacet,
2982 4755 3082 4795 nec
3109 4705 3372 4796 obnoxius
3402 4751 3486 4797 est

190 4807 374 4903 pale
397 4795 736 4864 fragilitatem
769 4815 1022 4871 noverat,
1049 4809 1295 4882 nihilque
1324 4825 1531 4872 certum
1559 4830 1650 4876 aut
1673 4795 1783 4878 sta-

1893 4827 2215 4887 ruinmzsed
2267 4838 2539 4899 tamquam
2587 4831 2642 4886 in
2681 4795 2815 4901 rupe
2866 4795 3111 4902 quapiam
3162 4795 3484 4903 sublimiquc

193 4883 297 4990 bile
324 4901 388 4990 tn-
409 4888 473 4942 iis
497 4903 640 4990 esse,
673 4907 860 4949 omnes
879 4901 1180 4990 generatim
1216 4903 1460 4962 homines
1486 4909 1738 4969 admonet
1761 4956 1778 4983 ,
1891 4936 2033 4975 nunc
2075 4931 2224 4976 stans
2274 4883 2517 4990 scopulo,
2546 4921 2736 4977 ﬂuctus
2749 4883 2954 4978 romnies
2976 4883 3295 4980 rcontemnit.
3322 4883 3483 4982 Caret

191 4982 426 5088 tit-“ante
455 4989 697 5088 mortem
749 4987 1488 5088 tie-uinemnlaudentwccli.
1524 5002 1609 5056 ll.
1643 4982 1778 5076 30).
1891 5013 2051 5082 igitur
2080 5014 2230 5078 oraui
2280 4982 2514 5083 periculo
2560 5017 2890 5085 praedicatio,
2939 5033 3112 5087 neque
3159 5018 3482 5088 reprehendi

453 5080 885 5179 igiturmortuus
916 5089 998 5179 est
1025 5081 1218 5179 beatus
1264 5087 1604 5179 Eustathius,
1635 5097 1780 5151 omni
1891 5114 2066 5172 potest
2095 5067 2326 5160 laudatio
2353 5125 2364 5162 :
2401 5123 2505 5162 non
2537 5067 2677 5162 ernim
2706 5109 2815 5179 jam
2849 5067 3478 5167 mutati'onemvreformi-

191 5176 326 5278 ‘1‘":
339 5162 816 5278 ξῖξιξοίξδθίηεξρε
838 5185 961 5225 eum
983 5172 1229 5278 Ῑδιξάίδξιε
1249 5178 1442 5278 ίξίῖθιτθ
1473 5194 1778 5278 βρεευιηιιες
1890 5162 2009 5262 dat,
2041 5213 2213 5266 neque
2243 5199 2450 5268 lapsum
2481 5162 2828 5270 pertimescit.
2858 5162 3484 5278 adsultans—qni

192 5271 241 5363 Et
264 5272 406 5311 enim
433 5269 558 5362 ante
595 5272 820 5363 mortem
865 5282 1025 5322 nemo
1056 5270 1350 5328 laudandus
1373 5286 1474 5342 est,
1499 5277 1639 5334 haud
1685 5282 1783 5336 du-
1889 5289 2064 5344 adhuc
2086 5291 2311 5346 vivimus
2335 5334 2350 5358 ,
2385 5269 2551 5362 utqui
2581 5296 2760 5350 medio
2795 5297 2846 5350 in
2879 5300 3008 5350 mari
3037 5269 3311 5363 fluctuant,
3339 5269 3477 5352 mtil-

539 5362 915 5459 Posimfflefn
947 5375 1156 5459 (ξοΐξηην
1183 5367 1287 5459 ,(ιυί
1315 5367 1458 5438 digni
1491 5381 1644 5437 δυηι,
1667 5373 1782 5428 lau-
1891 5381 1957 5435 tis
1995 5395 2180 5436 sumus
2207 5383 2423 5438 obnoxii
2453 5387 2872 5452 mutationibus;
2915 5399 2968 5442 et
2997 5399 3051 5442 ut
3081 5389 3153 5443 illi
3177 5406 3323 5444 nunc
3356 5391 3480 5459 qui.

189 5435 336 5493 ἀειιο
360 5443 512 5510 culpa
531 5455 699 5500 vacet.
725 5446 933 5502 Etenim
964 5450 1118 5520 hujus
1135 5454 1266 5510 vita:
1289 5460 1618 5528 negotiorum
1639 5465 1780 5519 euri-
1889 5471 2011 5528 dem
2063 5472 2312 5530 ﬂuctibus
2339 5477 2816 5536 intumescentibus
2859 5435 2921 5533 ⁷ἱιι
2976 5480 3139 5544 altum
3179 5435 3436 5534 tolluntbr
3461 5519 3477 5543 ,

188 5571 641 5650 ὲξ-ριλᾳξιιέιηιειὶοωη
665 5587 770 5630 ωδε,
799 5584 960 5646 Regiis
992 5585 1115 5637 πω
1139 5595 1191 5639 ει
1213 5588 1353 5639 ειη,
1381 5598 1432 5643 ει
1455 5606 1562 5644 cum
1584 5595 1779 5650 Camer
1887 5575 2028 5616 hunc
2071 5567 2120 5617 in
2157 5567 2472 5634 profundum
2513 5569 2684 5637 ipsum
2731 5571 3104 5640 deprimuntur
3133 5588 3147 5635 ;
3176 5570 3268 5625 sed
3301 5586 3477 5639 neque

183 5634 291 5683 lino
311 5644 408 5684 uno
431 5634 538 5686 670.
865 5634 895 5646 “’
1033 5634 1043 5636 Ὗ
1093 5634 1107 5637 ⁷
1147 5634 1190 5639 ﬂ
1215 5634 1352 5639 ΠΨ
1385 5634 1432 5643 ﬂ
1455 5634 1562 5644 "'—
1585 5634 1777 5650 w'wr
1887 5663 1997 5708 tnta
2029 5655 2315 5725 celsitudo,
2356 5634 2546 5730 neque
2571 5663 2773 5719 stabilis
2801 5634 2882 5719 est
2917 5662 3172 5734 dejectio,
3207 5634 3469 5736 ςιὶῳιὶἀὲπι
