4082 6424
565 211 671 267 699

567 324 758 382 horum
787 332 1068 394 utrumque
1093 322 1161 378 ab
1181 338 1333 393 aquis
1359 324 1642 381 ﬂuentibus
1673 325 1989 395 minimeque
2014 340 2145 380 con-

567 414 878 469 sistentibus
907 397 1105 482 pendet~
1131 429 1146 468 :
1179 413 1256 468 sic
1284 414 1533 468 nimirum
1555 422 1609 469 et
1631 398 1688 468 in
1725 415 1880 469 rebus
1906 415 2148 468 humanis

569 503 701 558 nihil
748 502 957 559 firmum
996 511 1052 557 et
1092 512 1345 557 constans
1390 514 1510 569 est,
1541 503 1636 558 sed
1676 503 1978 572 frequentes
2023 514 2150 557 sunt

570 594 907 658 mutationes,
927 607 991 647 ac
1015 592 1123 647 levi
1147 601 1418 647 momento
1439 593 1589 647 ﬂunt.
1610 593 1706 646 llic
1726 591 1941 661 quidem
1967 592 2036 646 ob
2062 608 2148 647 res

569 681 830 737 secutidas
864 683 916 736 in
944 682 1107 736 altum
1141 681 1454 736 subvehitur
1475 721 1493 749 ,
1524 682 1611 736 ille
1648 696 1777 736 vero
1819 691 2036 751 pr0pler
2061 697 2148 737 res

567 772 827 828 adversas
888 772 1147 842 profunde
1200 771 1488 827 admodum
1535 772 1849 842 deprimitur
1895 788 1914 826 :
1961 788 2146 828 verum

570 865 908 920 ueciuﬂetur
931 864 1037 931 ille,
1056 879 1158 919 nec
1176 866 1412 919 animum
1441 866 1542 919 iste
1555 863 1887 934 despondeat
1917 857 2148 934 :quiptie

571 957 901 1014 celet-rimam
955 956 1148 1026 singuli
1194 957 1539 1012 mutationem
1580 964 1910 1010 sortientur:
1940 963 2000 1011 at
2040 971 2144 1010 non

571 1048 660 1104 ille
685 1087 702 1116 ,
732 1048 824 1117 qui
865 1047 916 1102 in
945 1047 1134 1102 calum
1170 1047 1568 1118 commigravit,
1595 1056 1650 1102 et
1679 1045 1746 1101 ad
1795 1061 1918 1101 eum
1940 1087 1957 1112 ,
1987 1062 2144 1116 quem

567 1137 944 1206 desiderabat,
970 1138 1151 1195 Jesum
1178 1139 1443 1211 profectus
1469 1147 1551 1194 est
1575 1180 1592 1204 ,
1615 1140 1706 1208 qui
1730 1139 1797 1193 ad
1820 1140 1992 1194 locum
2023 1155 2145 1209 per-

563 1228 716 1284 venit
739 1230 1011 1285 turbarum
1033 1239 1307 1299 expertem
1337 1246 1352 1285 :
1387 1229 1530 1284 unde
1552 1228 1714 1284 dolor’
1728 1238 1785 1285 et
1804 1229 2060 1298 agritudo
2083 1243 2147 1283 ac

565 1320 797 1389 gemitus
824 1320 994 1376 abest.
1033 1319 1150 1375 Non
1190 1320 1311 1374 illic.
1345 1319 1653 1374 mutationis
1681 1329 1764 1375 est
1802 1319 1976 1388 imago
2001 1360 2016 1384 ,
2039 1334 2144 1374 non

571 1410 951 1466 vicissitudinis
990 1410 1323 1466 ohumbratio
1343 1451 1358 1478 ,
1391 1410 1488 1466 sed
1515 1411 1695 1465 omnia
1725 1411 1828 1465 lixa
1863 1419 1920 1465 et
1956 1410 2146 1465 immo-

571 1502 697 1557 bilia
723 1543 739 1570 ,
765 1501 941 1558 omnia
968 1501 1116 1556 firma
1150 1511 1204 1557 et
1232 1501 1462 1556 stabilita
1487 1542 1503 1569 ,
1532 1501 1711 1556 omnia
1761 1501 2062 1570 incorrupta
2093 1508 2149 1555 et

573 1592 890 1646 immortalia
919 1635 932 1657 ,
979 1591 1157 1646 omnia
1206 1591 1454 1646 interitus
1506 1591 1746 1661 expertia
1801 1601 1851 1646 et
1903 1599 2144 1646 eterna:

572 1682 806 1748 idcirco,
856 1682 1062 1752 inquit,
1113 1682 1244 1737 Ante
1293 1691 1500 1736 mortem
1540 1699 1603 1736 ne
1642 1697 1938 1751 quemquam
1973 1682 2148 1735 laudes

570 1771 792 1844 (Εὲειῌ
808 1772 856 1826 l.
877 1771 961 1845 10)
973 1772 1382 1839 .Quamobrcm?
1401 1772 1658 1828 Futurum
1677 1773 1870 1843 quippe
1888 1773 2146 1828 incertum

573 1873 657 1921 est
677 1905 691 1926 ,
722 1871 777 1918 et
806 1863 1080 1918 imbecillis
1119 1873 1346 1928 natura;
1379 1864 1623 1919 voluntas
1672 1869 1851 1934 segnis
1873 1907 1886 1930 ,
1919 1874 1974 1920 et
2024 1882 2150 1936 pro-

574 1971 700 2012 num
725 1955 793 2010 ad
819 1971 917 2012 nos
936 1953 1257 2011 obsidendos
1283 1965 1554 2026 peccatum
1575 1972 1590 2021 ;
1615 1957 1764 2011 multi
1791 1966 1914 2012 sunt
1939 1957 2108 2028 laquei
2132 1977 2146 2013 :

578 2044 719 2100 Scito
760 2046 913 2110 enim,
940 2044 1147 2116 inquit,
1177 2047 1415 2115 quoniam
1441 2047 1493 2100 in
1522 2047 1686 2102 medio
1714 2048 2006 2117 laqueorum
2036 2066 2149 2119 per-

578 2136 761 2190 transis
802 2134 992 2200 (Ercli.
1031 2139 1085 2196 9.
1114 2135 1249 2208 20):
1305 2137 1572 2192 continue
1613 2147 1738 2192 sunt
1783 2139 2103 2194 tentationes
2131 2181 2147 2206 ,

577 2228 742 2283 multa
789 2227 944 2284 turba
990 2228 1362 2298 negotiorum,
1405 2237 1515 2283 tum
1569 2228 1871 2284 daemonum
1914 2226 2151 2300 perenne

577 2317 798 2384 bellum,
818 2326 873 2372 et
896 2317 1091 2373 assidui
1120 2319 1574 2389 perturbationum
1596 2320 1844 2375 insultus.
1862 2320 2150 2391 Propterea

577 2410 708 2462 Ante
731 2418 959 2474 mortem,
987 2410 1185 2480 inquit,
1214 2425 1277 2464 ne
1301 2426 1600 2481 quemquam
1626 2411 1799 2465 laudes
1820 2426 1841 2465 :
1862 2425 1991 2480 ergo
2033 2422 2152 2481 post

579 2506 805 2552 mortem
835 2506 1002 2552 tutum
1053 2511 1136 2554 est
1179 2499 1394 2556 laudare
1441 2500 1658 2571 dignum
1685 2517 1698 2563 ;
1728 2502 1811 2555 vel
1839 2485 2014 2572 potius
2044 2517 2151 2556 non

578 2587 896 2656 simpliciter
953 2597 1073 2657 post
1114 2599 1338 2645 mortem
1361 2632 1376 2657 ,
1419 2591 1513 2646 sed
1563 2601 1684 2662 post
1731 2602 1957 2646 mortem
2005 2591 2149 2661 ejus-

578 2676 746 2744 modi,
765 2677 977 2748 quando
1003 2694 1122 2733 cum
1151 2694 1349 2735 corona
1369 2695 1402 2736 θ
1427 2681 1536 2734 vita
1557 2682 1819 2751 quispiam
1839 2682 2148 2750 excesserit,

579 2767 795 2836 quando
814 2783 934 2823 cum
952 2768 1284 2825 confessione
1305 2780 1360 2825 et
1374 2770 1479 2827 llde
1502 2787 1610 2826 non
1627 2772 1829 2828 ηοω.δί
1847 2771 1993 2826 enim
2013 2787 2152 2842 quo-

577 2859 658 2914 vis
686 2861 844 2914 modo
864 2871 1104 2917 mortuos
1136 2861 1352 2917 laudare
1378 2862 1497 2933 quis
1521 2871 1735 2934 potest,
1760 2871 1963 2934 quanto
1987 2863 2153 2934 magis

581 2967 677 3009 eos
702 2954 790 3023 qui
817 2954 895 3008 sic
921 2953 1120 3010 fuerint
1140 2954 1372 3010 mortui?

681 3044 948 3100 Salomoni
996 3045 1299 3101 credendum
1352 3046 1536 3101 divitiis
1576 3047 1873 3103 detrahenti.
1905 3077 1977 3089 —
2027 3047 2158 3116 Quis

578 3143 757 3191 autem
785 3151 879 3191 eos
910 3135 1176 3205 laudavit,
1208 3136 1350 3193 dicet
1389 3137 1581 3209 aliquis
1603 3179 1616 3201 ,
1644 3139 1732 3209 qui
1763 3140 1952 3209 quovis
1994 3139 2156 3194 modo

579 3235 708 3284 sunt
757 3227 995 3282 mortui?
1045 3227 1294 3284 Salomon
1352 3227 1455 3296 ille,
1512 3228 1764 3284 Salomon
1827 3231 2158 3300 sapientissi-

581 3335 700 3376 mus
738 3337 752 3374 :
791 3336 901 3375 non
948 3321 1091 3376 enim
1134 3320 1323 3376 leviter
1370 3320 1640 3376 heminem
1695 3333 2016 3391 praetereas,
2061 3323 2158 3379 sed

580 3411 702 3478 quis
747 3421 892 3466 esset
939 3411 1244 3481 perpende,
1275 3421 1332 3466 et
1358 3425 1466 3481 quo
1513 3421 1669 3481 pacto
1698 3413 1921 3478 vixerit,
1964 3420 2160 3484 quanta

580 3518 703 3556 cum
733 3504 1020 3558 securitate
1046 3518 1110 3557 ac
1133 3503 1404 3573 voluptate
1439 3503 1656 3558 mollem
1698 3512 1752 3559 et
1795 3520 2157 3560 :erumnarum

581 3603 857 3662 expertem
884 3594 1045 3648 vitam
1077 3593 1388 3649 traduxerit.
1435 3593 1568 3648 Nam
1610 3609 1778 3664 genus
1823 3610 1983 3650 omne
2021 3593 2158 3649 deli-

581 3683 785 3736 ciarum
835 3684 1137 3752 percurrit,
1173 3691 1228 3738 et
1251 3683 1577 3754 multiplices
1623 3685 1974 3740 recreationis
2002 3684 2159 3739 animi

583 3771 773 3827 modos
796 3774 1149 3843 excogitavit,
1179 3775 1351 3828 varias
1375 3783 1537 3844 atque
1564 3775 1802 3830 diversas
1847 3775 2162 3831 oblectatio-

585 3870 715 3918 num
767 3865 976 3932 species
1019 3863 1320 3930 adinvenit,
1351 3880 1486 3934 quas
1522 3875 1578 3920 et
1622 3881 1879 3921 enarrans
1910 3867 2162 3922 dicebat:

584 3949 866 4023 ﬁdiﬁcavi
891 3954 1015 4007 mihi
1041 3954 1215 4008 domos
1237 3995 1253 4021 ,
1283 3955 1508 4024 plantavi
1537 3957 1705 4010 cineas
1723 3996 1738 4022 ,
1766 3957 1862 4025 feci
1901 3955 2022 4008 mihi
2046 3956 2167 4009 hor-

587 4054 666 4099 tos
690 4056 736 4098 et
761 4047 1012 4115 pomaria,
1041 4045 1140 4116 feci
1175 4047 1298 4100 mihi
1350 4049 1569 4118 piscinas
1605 4066 1852 4119 aquarum
1880 4065 1900 4104 :
1920 4059 2168 4104 mercatus

581 4156 699 4195 smn
727 4138 851 4192 mihi
870 4155 1037 4194 servos
1065 4148 1113 4194 et
1137 4141 1372 4206 ancillas,
1400 4149 1448 4194 et
1469 4140 1719 4195 vernaculi
1741 4141 1847 4195 nati
1869 4150 1986 4196 sunt
2011 4141 2167 4196 nti/ri:

589 4233 834 4300 possessio
849 4231 1360 4305 armentorum,boum
1376 4241 1422 4287 et
1445 4245 1652 4304 gregum
1670 4234 1766 4304 fuit
1784 4235 1906 4288 milii
1919 4250 1938 4288 :
1958 4250 2168 4305 congre-

587 4323 702 4389 gan
721 4331 980 4391 argentum
996 4330 1042 4375 et
1061 4337 1244 4376 aurum
1269 4323 1399 4376 sicut
1414 4339 1656 4376 arenam:
1682 4323 1781 4392 feci
1798 4319 1918 4376 mihi
1940 4333 2168 4377 cantores

586 4423 635 4465 et
656 4413 972 4481 cantatrices,
991 4415 1256 4484 pincernas
1282 4425 1327 4469 et
1345 4416 1445 4469 vini
1471 4417 1725 4470 ministras
1742 4415 1932 4487 (Eccle.
1953 4416 2009 4470 2.
2023 4416 2163 4488 με).

587 4508 726 4577 Quid
750 4509 908 4578 igitur
931 4510 1070 4564 idem
1094 4511 1194 4565 iste
1214 4519 1335 4581 post
1355 4519 1554 4566 tantam
1569 4511 1894 4566 afﬂuentiam
1920 4513 2168 4583 pecunia-

596 4617 739 4667 rum,
768 4603 1188 4670 possessionum,
1214 4603 1526 4658 deliciarum
1547 4642 1563 4669 ,
1594 4603 1922 4673 voluptatum
1968 4603 2169 4659 refert?

593 4690 842 4760 Laudari,
874 4693 1061 4764 inquit,
1090 4710 1192 4761 eos,
1215 4695 1298 4766 qui
1318 4695 1502 4748 mortui
1520 4704 1657 4760 sunt,
1687 4711 1837 4765 super
1862 4695 2092 4761 viventes,
2110 4682 2170 4750 et

591 4786 750 4838 bonus
775 4801 926 4854 super
965 4785 1076 4853 hos,
1106 4787 1405 4857 quicumque
1444 4785 1667 4840 nondum
1711 4796 1862 4840 natus
1906 4794 2000 4841 est.
2031 4785 2172 4841 Vere

595 4873 701 4931 lide
723 4873 916 4946 dignus
939 4876 1025 4931 hic
1043 4886 1126 4932 est
1144 4876 1455 4932 deliciarum
1481 4886 1776 4942 accusator,
1799 4876 1889 4946 qui
1917 4876 2074 4932 talem
2104 4877 2172 4932 de

594 4966 701 5021 illis
720 4965 825 5020 fert
844 4966 1321 5022 sententiam.Nam
1346 4967 1392 5022 si
1419 4967 1682 5038 quispiam
1711 4981 1779 5021 ex
1810 4965 1878 5020 iis
1895 4967 1984 5034 qui
2009 4967 2172 5022 vitam

591 5057 650 5112 in
673 5068 982 5128 paupertate
1009 5072 1074 5114 ac
1102 5059 1442 5114 mendicitate
1469 5058 1845 5123 traduxissent,
1874 5056 2008 5113 hanc
2047 5075 2173 5114 seno

593 5151 815 5213 tentiam
840 5150 1094 5206 adversus
1123 5151 1338 5206 delicias
1363 5151 1589 5216 tulisset,
1615 5151 1761 5205 visus
1790 5157 1934 5204 esset
1973 5165 2076 5204 non
2107 5146 2183 5206 ex'

599 5243 677 5297 rei
704 5243 959 5310 veritate,
983 5243 1077 5298 sed
1097 5243 1236 5314 quod
1267 5251 1520 5314 expertus
1559 5257 1664 5297 non
1700 5250 1872 5309 esset,
1899 5242 1970 5296 ita
1996 5243 2177 5297 crimi-

597 5335 713 5390 nari
743 5352 759 5403 ;
783 5351 904 5391 cum
929 5350 1055 5391 vero
1080 5336 1153 5403 is,
1182 5337 1270 5406 qui
1302 5350 1489 5392 omnes
1534 5334 1831 5405 percurrit,
1856 5342 1910 5388 et
1944 5333 2175 5403 singulas

601 5443 783 5484 earum
810 5430 926 5484 vias
966 5428 1373 5499 pervestigavit,
1403 5442 1496 5484 eas
1537 5426 1850 5491 contemnit,
1885 5435 1994 5480 tum
2031 5425 2176 5482 omni

602 5523 899 5592 suspicione
927 5522 1092 5579 libera
1135 5531 1218 5578 est
1241 5522 1561 5578 criminatio.
1594 5509 1922 5577 Existimatis
1952 5519 2177 5576 fortasse

599 5631 631 5670 .1
650 5614 926 5687 proposito
946 5613 1227 5672 deﬂexisse
1257 5629 1556 5673 sermonem
1583 5629 1596 5668 :
1621 5613 1730 5672 imo
1763 5627 1893 5670 vero
1921 5612 1967 5669 si
2007 5621 2180 5669 atten-

1304 209 1362 269 3.
1400 210 1678 269 JOANNIS
1714 208 2182 270 CIIRYSOSTOMI
2217 211 2530 274 ARCHIEP.
2572 216 3098 278 CONSTANTINOP.
3198 254 3202 256 -

3729 230 3833 288 600

2258 326 2481 394 damus,
2514 344 2635 385 cum
2681 346 2748 387 eo
2791 333 3021 388 maxime
3062 335 3336 394 cohaerere
3373 338 3838 407 deprchendemus

2252 434 2371 488 qua:
2395 420 2535 475 dicta
2579 432 2721 476 sunt.
2763 422 2894 478 Nam
2948 425 3001 479 in
3044 439 3335 499 martyrum
3362 435 3835 490 commemoratio-

2253 509 2409 564 nibus
2448 514 2770 569 conveniens
2814 523 2896 569 est
2940 524 2995 571 et
3038 532 3335 574 connexum
3387 520 3456 576 de
3499 523 3838 594 philosophia

2250 612 2551 655 sermonem
2578 603 2870 659 instituere.
2890 603 3004 660 Non
3033 617 3086 661 ut
3109 609 3599 678 vitam‘praeseutem
3615 613 3830 670 damne-

2251 703 2389 752 mus,
2417 689 2532 745 haec
2559 691 2806 760 dicimus,
2829 695 3005 760 absit;
3031 697 3124 750 sed
3151 698 3292 766 quod
3327 699 3545 756 delicias
3587 702 3832 758 insecte-

2250 793 2372 833 mur
2402 796 2417 833 :
2443 795 2550 835 non
2576 783 2718 836 enim
2737 784 2915 840 vivere
2939 786 3137 841 malum
3164 797 3275 854 est,
3299 789 3394 845 sed
3435 799 3638 848 temere
3663 803 3722 848 et
3750 794 3834 850 in-

2250 870 2586 936 considerate
2611 873 2810 930 vivere.

2319 960 2374 1014 2.
2417 963 2715 1020 Eustathius
2732 983 2764 1021 a
2791 969 2956 1036 patria
2983 969 3231 1040 relegatus
3259 977 3310 1025 in
3341 970 3556 1028 Thracia
3580 976 3836 1044 sepultus.

2250 1052 2554 1108 Sanctorum
2592 1056 2816 1127 reliquiae
2860 1060 3024 1127 fontes
3073 1061 3378 1131 spirituales.
3425 1092 3498 1106 —-
3539 1061 3729 1135 Itaque
3793 1069 3841 1121 si

2248 1144 2367 1212 quis
2396 1145 2449 1199 in
2475 1155 2619 1202 recte
2657 1147 2810 1203 factis
2839 1164 2904 1204 ac
2931 1149 3191 1206 bonorum
3221 1167 3315 1223 spe
3339 1152 3640 1210 futurorum
3671 1158 3838 1212 vitam

2250 1234 2562 1316 traduxerit,
2589 1237 2786 1306 poterit
2803 1253 2932 1293 eum
2966 1240 3127 1295 Paulo
3154 1241 3334 1298 dicere
3353 1284 3370 1312 ,
3405 1243 3580 1300 Visere
3605 1247 3661 1300 in
3684 1264 3842 1302 carne

2251 1326 2407 1379 ntulto
2425 1328 2603 1382 melius
2624 1343 2644 1382 :
2672 1328 2766 1383 ltoc
2785 1331 2918 1384 enim
2936 1333 3057 1386 mihi
3077 1336 3270 1403 {ructus
3289 1337 3454 1407 operis
3469 1348 3541 1392 est
3569 1337 3836 1408 (Philipp.

2252 1418 2303 1472 l.
2326 1417 2420 1487 2?.)
2451 1435 2464 1472 :
2499 1420 2641 1489 quod
2673 1422 2857 1491 utique
2899 1423 3055 1480 beato
3081 1425 3359 1482 Eustathio
3387 1430 3642 1500 contigit,
3669 1433 3762 1502 qui
3788 1443 3842 1486 et

2254 1508 2304 1563 in
2329 1509 2433 1564 vita
2458 1519 2512 1566 et
2555 1512 2608 1566 in
2634 1521 2807 1568 morte
2826 1553 2843 1578 ,
2876 1523 2933 1568 ut
2959 1529 3054 1584 par
3077 1525 3215 1582 erat,
3240 1532 3300 1573 se
3326 1522 3510 1588 gessit.
3543 1520 3663 1575 Non
3692 1523 3839 1575 enim

2251 1598 2304 1651 in
2332 1613 2424 1652 sua
2448 1608 2664 1670 regione
2686 1643 2702 1668 ,
2740 1603 2834 1657 sed
2857 1603 2909 1657 in
2938 1605 3109 1659 aliena
3137 1618 3354 1676 propter
3375 1606 3648 1664 Christum
3691 1627 3842 1665 mor-

2255 1697 2358 1742 tem
2401 1689 2561 1755 ohiit;
2589 1690 2733 1762 quod
2777 1690 2984 1748 facinus
3011 1694 3128 1763 ejus
3155 1695 3383 1752 hostium
3411 1697 3529 1752 fuit.
3557 1699 3842 1771 Siquidem

2252 1795 2373 1835 eum
2403 1781 2478 1835 illi
2507 1796 2535 1835 a
2568 1783 2735 1851 patria
2767 1784 3089 1856 relegarunt,
3118 1795 3174 1840 ut
3198 1788 3371 1858 ipsum
3413 1790 3610 1859 probro
3649 1791 3844 1847 allice-

2252 1883 2392 1937 rent,
2422 1881 2477 1926 at
2528 1873 2616 1928 ille
2663 1873 2928 1930 celebrior
2972 1885 3027 1932 et
3061 1877 3316 1933 illustrior
3350 1878 3450 1934 hac
3501 1880 3553 1934 in
3584 1881 3843 1936 exsilium

2252 1966 2690 2036 commigratione
2726 1966 3076 2036 reddebatur;
3130 1969 3272 2039 quod
3332 1979 3387 2024 et
3428 1976 3606 2025 rerum
3662 1973 3849 2027 exitus

2254 2057 2654 2111 demonstravit.
2692 2058 2842 2112 Adeo
2879 2073 3108 2129 namque
3135 2059 3366 2116 celebris
3397 2061 3599 2127 evasit,
3629 2069 3690 2115 ut
3714 2075 3846 2116 cum

2254 2146 2308 2200 in
2326 2146 2549 2202 Thracia
2574 2147 2842 2217 sepultum
2866 2149 2936 2203 sit
2961 2147 3077 2218 ejus
3101 2163 3294 2219 corpus
3313 2190 3331 2217 ,
3362 2149 3414 2204 in
3442 2149 3559 2206 dies
3595 2151 3848 2221 singulos

2253 2238 2509 2291 memoria
2545 2237 2660 2306 ejus
2692 2236 2832 2306 apud
2875 2252 2974 2292 nos
3014 2236 3352 2305 efﬂorescat;
3383 2247 3434 2295 et
3477 2254 3596 2295 cum
3645 2241 3698 2294 in
3747 2240 3849 2295 illo

2256 2324 2535 2380 barbarico
2564 2325 2818 2396 oppidulo
2860 2327 2931 2380 sit
2971 2325 3087 2397 ejus
3122 2327 3376 2396 tumulus,
3411 2339 3592 2384 noster
3629 2328 3686 2383 in
3715 2343 3848 2384 eum

2256 2429 2405 2468 amor
2427 2455 2442 2480 ,
2469 2416 2557 2484 qui
2591 2424 2737 2469 tanto
2779 2416 2848 2470 ab
2883 2430 2949 2470 eo
2986 2415 3340 2488 disjungimur
3385 2418 3690 2484 intervallo,
3719 2426 3852 2488 post

2258 2512 2364 2558 tam
2392 2504 2696 2560 diuturnum
2727 2513 2932 2575 tempus
2959 2505 3182 2577 singulis
3205 2507 3393 2563 diebus
3420 2519 3698 2580 augeatur.
3727 2507 3848 2562 lmo

2258 2595 2301 2648 si
2347 2609 2530 2649 verum
2569 2593 2850 2650 dicendum
2893 2595 2983 2660 sit,
3011 2595 3151 2665 apud
3200 2610 3298 2650 nos
3340 2598 3500 2652 etiam
3526 2605 3610 2652 est
3657 2597 3848 2667 sepul-

2257 2699 2408 2739 crum
2448 2685 2586 2754 ejus,
2617 2693 2677 2739 et
2718 2700 2823 2740 non
2868 2685 2924 2739 in
2971 2685 3197 2740 Thracia
3243 2695 3467 2742 tantum.
3499 2687 3852 2743 Munumenta

2255 2776 2399 2831 enim
2427 2784 2735 2830 sanctorum
2771 2791 2877 2830 non
2899 2775 3054 2830 loculi
3083 2776 3255 2831 solum
3285 2787 3445 2845 sunt,
3472 2779 3723 2848 capsula,
3751 2794 3853 2833 co-

2258 2865 2484 2933 luntme,
2512 2880 2577 2922 ac
2603 2867 2790 2933 litem,
2831 2865 2928 2922 sed
2956 2881 3044 2922 res
3088 2867 3360 2936 prceclarae
3386 2878 3552 2938 gestae
3570 2909 3586 2933 ,
3615 2883 3679 2923 ac
3718 2868 3853 2924 fidei

2257 2959 2435 3024 zelus,
2477 2967 2530 3013 et
2573 2973 2702 3013 sana
2755 2957 2898 3028 apud
2947 2958 3114 3013 Deum
3161 2959 3508 3015 conscientia.
3563 2959 3850 3030 Siquidem

2260 3049 2408 3104 omni
2431 3047 2676 3103 columna
2702 3048 3031 3118 splendidior
3062 3049 3178 3104 haec
3211 3049 3450 3105 Ecclesia
3494 3051 3714 3121 martyri
3753 3059 3864 3115 est

2261 3147 2460 3204 erecta,
2491 3154 2608 3209 qua:
2638 3139 2819 3194 literas
2849 3138 3008 3194 habet
3032 3153 3139 3195 non
3167 3150 3342 3194 mutas
3368 3156 3384 3206 ;
3413 3139 3506 3195 sed
3536 3155 3654 3211 quas
3684 3139 3856 3194 rebus

2260 3230 2390 3302 ipsis
2428 3230 2649 3286 buccina
2694 3229 2890 3285 clarius
2928 3231 3242 3285 memeriam
3285 3231 3404 3301 ejus
3445 3231 3737 3301 praedicant
3783 3245 3854 3285 ac

2260 3321 2619 3378 celebritatem
2644 3361 2660 3387 ,
2687 3329 2739 3376 et
2788 3321 3154 3391 unusquisque
3194 3330 3452 3388 vestrum,
3484 3323 3572 3392 qui
3619 3318 3853 3390 adestis,

2263 3413 2430 3476 sancti
2458 3413 2601 3466 illius
2626 3420 2711 3467 est
2738 3411 3064 3482 sepulcrum,
3082 3413 3390 3482 sepulcrum
3424 3415 3717 3467 animatum
3757 3420 3853 3467 at-

2264 3520 2367 3575 que
2395 3505 2653 3574 spiritale.
2681 3503 2814 3558 Nam
2843 3502 2889 3557 si
2919 3503 3174 3572 cujusque
3197 3513 3432 3558 vestrum
3450 3544 3465 3568 ,
3493 3503 3584 3574 qui
3622 3502 3852 3570 adestis,

2265 3596 2644 3652 conscientiam
2687 3593 3030 3664 explicuero,
3086 3601 3328 3647 sanctum
3384 3594 3540 3647 istum
3597 3593 3743 3648 intus
3797 3596 3856 3648 in

2266 3697 2445 3744 mente
2472 3695 2648 3741 vestra
2675 3685 2942 3755 reperiam
2971 3684 3349 3738 diversantem.
3382 3683 3604 3749 Videtis,
3633 3692 3692 3736 ut
3717 3683 3859 3739 nihil

2267 3779 2588 3850 profecerim
2617 3777 2930 3856 adversarii,
2956 3784 3015 3831 ut
3055 3776 3277 3847 gloriam
3309 3791 3414 3829 non
3455 3775 3814 3830 exstinxerint
3838 3815 3859 3844 ,

2268 3871 2361 3926 sed
2404 3869 2694 3925 extulerint
2733 3868 2927 3937 potius,
2963 3867 3058 3924 sed
3107 3867 3452 3922 illustriorem
3499 3865 3859 3932 reddiderint,

2272 3969 2350 4015 tot
2374 3975 2471 4030 pro
2499 3975 2606 4014 uno
2631 3959 2894 4030 sepulcris
2919 3958 3138 4024 erectis,
3163 3957 3421 4027 sepulcris
3448 3956 3716 4020 animatis,
3761 3972 3859 4011 se-

2273 4051 2472 4120 pulcris
2498 4066 2681 4106 vocem
2709 4051 3059 4114 mittentibus,
3080 4050 3343 4119 sepulcris
3371 4047 3436 4101 ad
3479 4046 3727 4102 eumdem
3768 4061 3864 4100 se-

2274 4142 2380 4195 lum
2407 4141 2726 4211 comparatis
2744 4140 2768 4194 ?
2789 4139 2992 4194 Idcirco
3013 4148 3315 4192 sanctorum
3336 4150 3559 4207 corpora
3579 4145 3634 4190 et
3653 4135 3858 4202 fontes,

2273 4239 2327 4287 et
2343 4231 2620 4298 radices,et
2637 4239 2902 4301 unguenta
2919 4243 3165 4298 nuncupo
3181 4227 3599 4297 spiritalia.Quid
3612 4227 3709 4281 ita?
3722 4226 3868 4294 Quo-

2276 4322 2415 4375 niam
2441 4320 2850 4391 unumquodque
2878 4319 3124 4382 istorum,
3147 4332 3264 4388 quas
3285 4317 3413 4382 dixi,
3437 4317 3685 4370 virtutem
3704 4332 3865 4370 suam

2274 4413 2411 4484 apud
2439 4429 2498 4469 se
2523 4428 2626 4467 non
2651 4412 2844 4467 retinet
2875 4419 3110 4475 tantum,
3143 4409 3234 4464 sed
3265 4409 3424 4463 etiam
3465 4409 3619 4478 longe
3647 4409 3868 4478 lateque

2277 4507 2543 4564 diﬂundit.
2578 4505 2818 4574 Exempli
2846 4518 3027 4570 causa,
3055 4501 3230 4557 fontes
3267 4502 3447 4556 multis
3493 4501 3708 4570 quidem
3741 4516 3870 4555 sca-

2277 4600 2481 4656 turiunt
2505 4597 2742 4651 laticibus
2761 4615 2775 4652 :
2792 4603 2846 4650 at
2870 4609 2967 4651 eos
2992 4595 3130 4648 intra
3156 4593 3302 4647 sinus
3317 4607 3444 4647 suos
3463 4608 3572 4646 non
3597 4592 3860 4659 retinent,

2275 4692 2373 4746 sed
2405 4692 2560 4760 longa
2589 4689 2804 4744 ﬂumina
2833 4686 3099 4756 parientes
3139 4699 3259 4740 cum
3290 4683 3424 4738 mari
3460 4683 3778 4755 junguntur,
3807 4694 3864 4740 et

2279 4795 2546 4854 tamquam
2601 4796 2792 4836 manus
2852 4778 3128 4849 cujusdam
3173 4779 3486 4833 extensione
3527 4776 3868 4847 longitudine

2279 4878 2487 4932 illorum
2531 4876 2762 4930 marinas
2787 4887 2951 4942 aquas
2974 4869 3331 4942 prehendunt.
3374 4869 3577 4924 Rursus
3605 4870 3866 4924 arborum

2278 4969 2425 5024 radix
2478 4967 2726 5022 deorsum
2767 4964 2819 5018 in
2851 4971 3008 5016 term
3055 4961 3348 5016 visceribus
3387 4969 3471 5014 est
3511 4960 3866 5028 abscondita,

2277 5061 2372 5116 sed
2421 5073 2526 5114 non
2560 5072 2774 5112 omnem
2821 5055 3070 5110 virtutem
3110 5069 3260 5109 suam
3301 5053 3552 5109 deorsum
3582 5053 3823 5109 continet
3847 5097 3866 5122 ,

2279 5167 2342 5206 ac
2369 5151 2549 5206 vitium
2592 5147 2888 5219 praesertim
2925 5147 3316 5200 arbustivarum
3358 5153 3441 5199 est
3485 5145 3602 5200 haec
3651 5156 3866 5200 natura.

2281 5241 2379 5298 Ubi
2407 5241 2548 5297 enim
2577 5255 2671 5309 per
2698 5238 2939 5294 excelsos
2962 5236 3210 5290 calamos-
3227 5249 3404 5289 ramos
3448 5248 3574 5288 suos
3609 5235 3872 5291 extende-

2280 5337 2409 5401 rint,
2439 5350 2533 5406 per
2551 5331 2840 5388 arundines
2865 5329 2978 5384 illas
3017 5328 3284 5397 serpentia
3325 5335 3592 5381 sarmenta
3641 5327 3865 5397 longum

2284 5427 2553 5499 quoddam
2584 5434 2780 5482 tectum
2803 5421 3068 5478 frondium
3091 5417 3352 5475 densitate
3375 5416 3682 5472 coniiciunt.
3710 5419 3870 5486 Ejus-

2283 5521 2424 5576 modi
2455 5528 2534 5574 est
2555 5528 2610 5575 et
2631 5523 3017 5588 unguentorum
3045 5524 3267 5569 natura:
3292 5509 3552 5581 siquidem
3576 5509 3664 5566 illa
3691 5525 3866 5579 smpe-

2285 5627 2507 5673 numero
2536 5617 2658 5667 sunt
2701 5611 2754 5666 in
2796 5603 3039 5664 conclavi
3094 5604 3405 5676 recondita,
3434 5601 3529 5658 sed
3576 5615 3866 5674 erumpens
