4082 6436
191 390 310 441 ἐστι
357 385 588 458 ῥεόντων
622 389 724 440 καὶ
761 387 860 457 οὑχ
898 387 1200 458 ἱσταμένων
1239 389 1411 442 ταῦτα
1444 389 1770 459 ἀμφότεραο

193 469 340 523 οὕτω
368 471 432 540 δὴ
458 473 551 523 καὶ
577 473 668 523 ἐπὶ
696 471 804 525 τῶν
845 472 1202 543 ἀνθρωπίνων
1249 472 1594 543 πραγμάτων
1627 471 1777 524 οὐδὲν

194 551 418 623 βέϐαιον
473 553 569 606 καὶ
614 552 807 619 ἑστὼς,
837 555 974 608 ἀλλά
1006 555 1209 608 πυκναὶ
1252 556 1308 606 αί
1358 552 1655 624 μεταϐολαὶ
1684 552 1780 605 καὶ

188 635 510 707 ὀξύῤῥοποι.
553 635 611 688 '0
648 636 747 704 μὲν
784 637 889 690 ὑπὸ
917 637 1017 710 τῆς
1053 636 1355 707 εὐημερίας
1386 635 1525 705 πρὸς
1561 635 1621 687 16
1647 634 1778 700 ὑιζκκ,

191 719 444 790 ἐπήρθη,
478 720 508 772 6
550 719 607 772 δὲ
642 719 747 772 ὑπὸ
782 719 1128 790 ’δυσπραγίας
1169 722 1252 783 είς
1294 719 1431 773 πολὺ
1472 718 1776 789 κατηνέχθη

192 801 386 872 βάθος
424 803 559 857 ἀλλά
590 809 726 873 μήτε
757 804 964 866 ἐκεῖνος
1000 803 1281 872 φυσάσθω,
1331 802 1473 872 μήτε
1503 793 1659 863 οὗτος
1687 817 1782 852 τα-

190 884 523 939 πεινούσθω·
552 885 816 957 ταχίστην
841 885 951 957 γάρ
985 885 1215 949 ἕκαστος
1245 884 1456 949 δέξεται
1479 883 1575 955 τὴν
1612 899 1782 953 μετα-

188 966 383 1037 ϐολήν·
409 967 524 1021 ἀλλ’
555 969 655 1022 οὐκ
675 970 880 1033 ἐκεῖνος
907 969 936 1020 6
957 967 1092 1038 πρὸς
1117 969 1206 1022 τὸν
1229 967 1458 1038 οὐρανὸν
1482 965 1779 1036 μεταστάς,

186 1053 216 1104 6
246 1051 392 1122 πρὸς
419 1051 512 1104 16v
540 1051 874 1122 ποθούμενον
903 1049 1156 1106 ἀπελθὼν
1190 1049 1422 1122 Ἰησοῦν,
1444 1052 1483 1104 ·ό
1512 1050 1649 1120 πρὸς
1672 1067 1782 1122 χωτ

193 1133 312 1205 ρίον
344 1133 515 1189 ἐλθὼν
537 1134 774 1207 καθαρὸν
803 1134 1069 1207 θορύϐων,
1101 1134 1232 1189 ἔνθα
1259 1134 1471 1207 ἀπέδρα
1491 1133 1655 1203 ὀδύνη
1685 1133 1781 1186 καὶ

187 1201 342 1288 λύπη
380 1218 475 1271 καὶ
513 1201 833 1287 στεναγμός.
866 1201 981 1271 ὸῦκ
1019 1217 1169 1271 ἔστιν
1211 1218 1328 1270 ἐκεῖ
1359 1201 1662 1286 μεταϐολῆς
1697 1217 1780 1267 εί-

186 1297 326 1362 κὼν,
351 1300 452 1351 οὑκ
479 1298 595 1353 ἔστι
616 1301 824 1371 τροπῆς
869 1300 1264 1371 ἀποσκίασμα.
1295 1299 1476 1353 πάντα
1506 1299 1563 1352 δὲ
1598 1314 1780 1368 πεπη-

186 1380 329 1448 γότα
363 1382 459 1435 καὶ
483 1382 738 1453 ἀκίνητα.
759 1383 938 1437 πάντα
966 1382 1160 1453 βέϐαια
1186 1382 1279 1435 καὶ
1301 1381 1586 1452 ἱδρυμένα,
1605 1380 1784 1434 πάντα

187 1461 454 1535 ἄφθαρτα
505 1465 598 1518 καὶ
643 1465 889 1521 ἀθάνατα
907 1507 923 1533 ,
966 1465 1144 1519 πάντα
1175 1467 1432 1536 ἀκήρατα
1459 1464 1555 1518 καὶ
1584 1465 1665 1527 είς
1695 1464 1784 1517 ἀεὶ

189 1544 348 1618 Ῐ604]
402 1547 744 1618 διαμένοντα.
799 1548 902 1602 Διά
949 1547 1110 1602 τοῦτό
1154 1564 1308 1617 φησι,
1343 1546 1466 1614 Πρὸ
1497 1543 1787 1613 τελευτῆς

185 1631 276 1699 μὴ
300 1629 588 1699 μακάριζε
611 1631 867 1700 μηδένα.
898 1631 998 1685 Διά
1032 1632 1119 1698 τί;
1157 1628 1388 1701 Ἄδηλον
1414 1629 1524 1700 γὰρ
1560 1629 1621 1681 16
1652 1628 1785 1697 μέλ-

188 1711 308 1778 λον,
347 1716 444 1767 καὶ
485 1716 517 1784 ή
561 1715 726 1782 φύσις
771 1714 1020 1787 ἀσθενήςο
1058 1716 1091 1787 ή
1139 1714 1462 1786 προαίρεσις
1500 1709 1743 1783 ῥᾴθυμος
1768 1748 1784 1774 ν

191 1798 227 1867 ή
265 1797 515 1867 ἁμαρτία
544 1798 971 1868 εύπερίστατος,
1010 1797 1205 1850 πολλαὶ
1231 1798 1288 1850 αἱ
1320 1795 1575 1863 παγίδεςο
1622 1795 1786 1849 Ἐπί-

192 1885 378 1951 τνωθι
395 1881 527 1949 γὰρ,
557 1880 741 1953 φησιν,
767 1880 855 1934 ὅτι
880 1880 1128 1951 ἐνμέσῳ
1155 1879 1423 1950 πατίδων
1440 1877 1783 1942 διαϐαίνεις·

195 1963 497 2034 ἐπάλληλοι
548 1964 598 2016 οί
647 1966 965 2035 πειρασμοὶ,
1000 1964 1166 2027 πολὺς
1215 1965 1245 2016 6
1286 1962 1397 2015 τῶν
1444 1960 1788 2032 πραγμάτων

194 2047 379 2118 δχλος,
418 2048 512 2101 καὶ
543 2047 794 2118 διηνεκὴς
842 2047 952 2100 τῶν
999 2046 1271 2119 δαιμόνων
1311 2048 1340 2100 6
1386 2045 1652 2111 πόλεμος,
1694 2044 1786 2097 καὶ

200 2133 454 2201 συνεχεῖς
473 2131 530 2183 al
555 2130 667 2184 τῶν
694 2129 885 2184 παθῶν
903 2131 1324 2194 ἐπαναστάσειςο
1343 2127 1434 2181 διά
1450 2126 1642 2190 ταῦτα,
1666 2127 1789 2194 Πρὸ

197 2213 494 2283 τελευτῆς
510 2213 597 2284 μὴ
621 2212 904 2284 μακάριᾷ
922 2212 1175 2284 μηδένα,
1206 2213 1392 2283 φησίν.
1414 2211 1624 2266 Οὐκοῦν
1650 2209 1792 2280 μετά

195 2297 464 2368 τελευτὴν
497 2296 823 2369 μακαρίζειν
853 2295 1094 2365 ἀσφαλὲς
1140 2295 1234 2348 τὸν
1275 2295 1448 2363 ἀξιον·
1492 2296 1694 2367 μᾶλλον
1731 2293 1790 2346 δὲ

197 2382 301 2450 οὐχ
334 2380 523 2444 ἀπλῶς
557 2381 696 2451 μετά
719 2379 998 2450 τελευτὴν,
1029 2378 1167 2432 ἀλλά
1203 2378 1464 2451 τελευτὴν
1496 2379 1786 2448 τοιαύτην,

196 2463 333 2517 ὅταν
371 2463 510 2535 μετά
546 2464 814 2534 στεφάνου
841 2463 934 2516 τὸν
967 2457 1139 2535 βίονῇ
1174 2461 1487 2526 καταλύσας
1523 2479 1631 2525 τις,
1662 2463 1792 2515 ὅταν

200 2548 346 2618 μετά
394 2547 687 2617 ὁμολογίας
740 2548 837 2602 καὶ
876 2547 1113 2610 ⁴Ιτίστεως
1153 2546 1540 2618 ἀνυποκρίτου.
1587 2546 1651 2598 Εἰ
1681 2543 1792 2616 γάρ

198 2630 332 2693 τοὺς
367 2629 558 2693 ἁπλῶς
604 2630 1038 2702 τελευτήσαντας
1067 2641 1095 2670 ι
1124 2623 1436 2701 ἐμακάβισέ
1467 2645 1552 2692 τις
1572 2668 1589 2695 ,
1639 2626 1792 2698 πόσῳ

201 2713 412 2784 μᾶλλον
445 2713 574 2778 τοὺς
601 2712 744 2766 οὕτω
771 2713 1230 2783 τελευτήσανταςς

272 2797 390 2850 Kal
417 2797 501 2861 τίς
526 2797 854 2868 ἐμακάρισε,
873 2797 1032 2866 φησι,
1061 2795 1189 2859 τοὺς
1215 2794 1405 2859 ἀπλῶς
1426 2794 1792 2865 τελευτήσαν-

196 2897 335 2946 τας;
372 2882 430 2933 '0
460 2880 734 2951 Σολομὼν,
777 2880 1031 2951 Σολομὼν
1075 2880 1283 2942 ἐκεῖνος
1317 2881 1347 2932 6
1377 2880 1652 2948 πάνσοφος
1673 2895 1688 2908 ·
1719 2877 1794 2947 μὴ

198 2965 317 3035 γάρ
337 2963 524 3026 ἁπλῶς
549 2963 918 3037 παραδράμῃς
939 2962 1031 3017 τὸν
1056 2961 1368 3033 ἄνθρωπον,
1401 2960 1518 3014 ἀλλ’
1540 2962 1796 3030 ἐννόησον

199 3046 291 3110 τίς
322 3042 422 3117 ἦν,
465 3047 559 3100 καὶ
595 3046 712 3109 πῶς
748 3044 1051 3118 βεϐιωκὼς,
1091 3045 1188 3099 καὶ
1233 3044 1374 3115 μετά
1413 3043 1588 3113 πόσης
1614 3044 1797 3108 ἀδείας

200 3131 303 3185 καὶ
329 3129 566 3193 ἀνέσεως
584 3132 678 3184 16v
712 3130 880 3201 ὑγρὸν
910 3130 1005 3184 καλ⁸
1043 3126 1428 3199 ἀταλαίπωρον
1465 3126 1579 3199 βίον
1611 3125 1707 3197 ἔζη
1742 3127 1794 3181 δ.

203 3214 395 3267 ’Δπαν
423 3213 536 3283 γάρ
585 3208 724 3276 είδοᾷ
773 3211 977 3284 ἐπῆλθε
1010 3211 1222 3284 τρυφῆς
1243 3253 1258 3277 ,
1289 3211 1387 3266 καὶ
1435 3210 1798 3282 ψυχαγωγίας

203 3295 587 3358 παντοδαποὺς
641 3295 904 3366 ἐπενόησε
949 3294 1224 3366 τρόπους,
1271 3294 1369 3348 καὶ
1423 3293 1677 3356 ποικίλας
1706 3294 1800 3345 καὶ

205 3378 587 3449 πολυτρόπους
619 3377 868 3450 τέρψεων
912 3373 1073 3450 εὗρεν
1100 3376 1298 3441 τίδέας,
1341 3376 1439 3430 καὶ
1487 3375 1693 3439 ταύτας
1719 3375 1799 3428 διε

203 3461 346 3533 ηγού
354 3477 513 3532 μενος
522 3461 730 3530 ελεγενο
747 3459 1122 3532 ’ῼκοδόμησά
1131 3477 1234 3530 μοι
1252 3459 1480 3527 οῐκους,
1494 3454 1802 3528 ἐφύτεῦσά

206 3563 310 3614 μοι
341 3544 724 3614 ἀμπελῶνας,
757 3543 1020 3611 ἐποίησά
1053 3560 1159 3612 μοι
1198 3541 1436 3610 κήπους
1475 3542 1577 3596 καί
1609 3555 1801 3609 παρα-

208 3628 479 3695 δείσους,
502 3626 764 3696 ἐποίησά
776 3645 880 3702 μοι
899 3625 1324 3695 κολυμϐήθρας
1342 3624 1597 3690 warm,
1627 3626 1803 3695 ἐκτη-

210 3712 419 3783 σάμην
463 3712 725 3777 δούλους
776 3710 878 3764 καί
929 3709 1285 3775 παιδίσκας,
1338 3708 1440 3762 καί
1475 3710 1802 3778 οἰκογενεῖς

211 3796 498 3865 ἐγένοντό
537 3813 644 3866 μοι
666 3809 683 3826 ο
719 3794 939 3863 κτῆσις
981 3793 1333 3858 ﬂat:onle
1364 3792 1463 3846 καί
1511 3793 1805 3862 ποιμνίωνρ

213 3879 455 3947 ἐγένετό
496 3894 634 3948 μοι⁹
672 3876 1026 3946 συνήγαγον
1065 3875 1350 3945 ἀργύριον
1393 3874 1496 3928 καί
1544 3878 1805 3944 χρυσίον

215 3961 335 4016 tam
358 3961 582 4032 ψάμμῳ
603 3977 617 3991 ·
654 3959 919 4028 ἐποίησά
940 3975 1041 4029 μοι
1073 3957 1334 4026 ᾆδον-τας
1373 3958 1473 4012 καὶ
1499 3957 1769 4026 ᾀδούσας
1787 3996 1803 4022 ,

215 4047 534 4126 οἰνοχόους
560 4044 661 4098 καί
689 4045 1109 4126 οίνοχοούσας.
1145 4041 1211 4095 Τί
1241 4037 1354 4126 οὖν.
1375 4043 1406 4095 6
1453 4041 1616 4104 αὐτὸς
1652 4035 1808 4105 οὗτος

219 4128 362 4200 μαετά
384 4124 653 4199 τοσαύτην
681 4125 1001 4197 περιουσίαν
1030 4124 1140 4178 τῶν
1172 4124 1505 4196 χρημάτων,
1533 4125 1642 4177 τῶν
1672 4142 1807 4195 κτη-

221 4211 443 4283 μάτων,
481 4210 584 4281 τῆς
626 4210 859 4281 τρυφῆς,
918 4209 1016 4278 τῆς
1074 4208 1352 4275 ἀνέσεως;
1400 4205 1801 4276 Ἐμακάρισα,

218 4296 384 4366 φησὶ,
426 4295 570 4360 τοὺς
597 4287 1017 4358 ἀποθανόντας
1048 4290 1204 4359 ὑπὲρ
1244 4291 1388 4357 τοὺς
1421 4289 1661 4356 ζῶντας,
1707 4289 1806 4344 καί

217 4377 444 4449 ἀγαθὸς
463 4376 616 4445 ὑπὲρ
638 4377 892 4440 τούτους
919 4374 1092 4441 ὅστις
1117 4375 1284 4428 οὔπω
1301 4373 1564 4444 ἐγένετο.
1600 4366 1807 4436 Ὄντως

220 4462 536 4526 ἀξιόπιστος
569 4454 724 4522 οὗτος
751 4461 1058 4528 κατήγορος
1090 4456 1336 4528 τρυφῆς,
1372 4458 1400 4510 6
1427 4455 1651 4509 τοιαῦτα
1682 4455 1810 4526 περὶ

221 4545 391 4614 αὐτῆς
418 4541 807 4612 ψηφιζόμενος.
845 4543 909 4596 Εί
935 4542 1036 4611 μὲν
1066 4541 1176 4611 γάρ
1197 4557 1282 4603 τις
1309 4539 1419 4594 τῶν
1450 4541 1507 4592 ἐν
1529 4539 1690 4610 πενία
1715 4539 1812 4593 καὶ

223 4627 469 4698 πτωχείᾳ
493 4624 835 4695 βεϐιωκότων
863 4624 1070 4695 ταύτην
1096 4622 1322 4698 ἐξέφερε
1341 4621 1440 4693 τὴν
1463 4620 1642 4693 ψῆφον
1669 4620 1813 4674 κατὰ

221 4709 324 4779 τῆς
347 4685 566 4781 ’τρύφῆς
591 4749 606 4772 ,
648 4706 827 4772 ἔδοξεν
864 4707 931 4760 ἀν
970 4685 1082 4760 ὀὑκ
1122 4685 1354 4776 ἀληθείᾳ
1375 4685 1408 4768 ,’
1435 4685 1812 4775 ἀλλ’-ἀπειρία

224 4790 399 4846 ταῦτα
425 4792 781 4861 κατηγορεῖνο
817 4790 947 4843 ὅταν
979 4790 1037 4842 δὲ
1064 4790 1093 4841 6
1128 4790 1310 4843 πᾶσαν
1346 4788 1518 4858 αὐτὴν
1562 4786 1810 4849 ἐπελθὼν

228 4875 323 4928 καὶ
358 4873 848 4945 διερευνησάμενος
874 4872 1044 4942 αὐτῆς
1079 4872 1318 4942 ἑκάστην
1350 4870 1492 4934 ὁδὸν,
1530 4864 1684 4933 οὗτος
1714 4870 1812 4922 a6-

227 4961 330 5029 τὴν
361 4956 630 5028 ἀτιμάζῃ,
657 4956 970 5018 ἀνύποπτος
996 4958 1030 5024 ἡ
1067 4955 1374 5025 κατηγορία
1406 4953 1614 5007 λοιπόν.
1659 4955 1816 5024 Τάχα

230 5039 477 5110 νομίζετε
503 5039 602 5109 τῆς
618 5038 899 5110 παρούσης
920 5036 1229 5101 ὑποθέσεως
1245 5040 1378 5109 ήμίν
1399 5035 1816 5091 ἐκπεπτωκέναι

228 5124 323 5176 16v
359 5124 536 5191 λόγον’
570 5123 685 5176 ἀλλ’
718 5121 877 5195 εἴπερ
913 5125 1298 5192 προσέχωμεν,
1335 5123 1708 5193 εὑρήσομενο,
1732 5123 1816 5174 ὅτι

231 5208 434 5277 ταύτης
470 5208 704 5278 μάλιστα
732 5206 916 5278 ἔχεται
946 5206 1017 5260 τὰ
1051 5207 1338 5278 εἰρημένα.
1399 5207 1488 5259 Ἐν
1524 5205 1634 5275 γάρ
1678 5223 1818 5277 μαρ-

231 5291 411 5362 τύρων
443 5292 654 5362 μνείαις
706 5294 1003 5361 ἀναγκαῖον
1059 5292 1154 5345 καὶ
1207 5290 1529 5359 ἀκόλουθον,
1567 5291 1661 5342 καὶ
1691 5292 1818 5354 τοὺς

231 5377 364 5450 περὶ
395 5375 714 5458 φιλοσοφίας
759 5379 930 5430 κινειν
959 5375 1172 5445 λόγους.
1212 5375 1322 5430 Καὶ
1363 5374 1538 5428 ταῦτα
1582 5372 1816 5446 λέγομεν

295 5541 324 5573 ⁸
342 5541 468 5592 Tres
481 5555 594 5592 mss.
614 5545 777 5600 ἀπλῶς
793 5543 1194 5600 τετελευτηκότας.

298 5601 328 5672 ξ
347 5604 496 5672 $_avil.
517 5605 688 5672 ἀδείας
711 5607 791 5654 τὸν
811 5608 972 5672 ἄνετον
989 5603 1159 5652 τοῦτον
1281 5605 1420 5668 ὑγρὸν
1447 5605 1584 5672 ἔζησε
1605 5604 1721 5672 βίον.

225 5667 326 5782 mo
349 5664 611 5781 £13333}
634 5669 765 5733 ειπερ
783 5669 1115 5732 προσέχωμεν,
1144 5664 1422 5732 εὑρήσομεν,
1445 5664 1629 5718 desunt
1662 5668 1710 5717 iu
1732 5665 1820 5716 Sa-

1223 271 1291 328 IN
1335 272 1391 328 S.
1433 268 1889 329 EUSTATHIUM
1930 264 2448 325 ANTIOCHENUM.

3364 263 3496 335 sou.

1891 388 1952 442 οὑ
1986 387 2086 458 τῆς
2121 384 2403 457 παρούσης
2430 381 2864 454 κατηγοροῦντες
2913 380 3079 449 ζωῆς,
3113 378 3187 450 μὴ
3225 380 3469 448 γένοιτο,

1883 471 2020 524 ἀλλὰ
2048 469 2149 541 τὴν
2173 467 2385 540 τρυφὴν
2415 464 2814 528 διαϐάλλοντες·
2840 464 2902 517 οὐ
2922 463 3032 533 γὰρ
3060 462 3121 516 16
3149 463 3248 534 ζῇν
3277 463 3470 536 κακὸν,

1887 553 2024 607 ἀλλα
2055 552 2118 605 16
2146 551 2271 621 είκῆ
2300 550 2392 603 καὶ
2418 547 2605 612 ἁπλῶς
2637 547 2758 617 ζῇν.
2797 590 2802 597 .

1959 642 2026 714 β’.
2061 644 2150 707 Ὣς
2173 645 2268 696 ἐάν
2282 659 2367 705 τις
2394 641 2487 694 ἐπὶ
2517 639 2905 713 κατορθώμασι
2926 638 3020 692 καὶ
3043 640 3108 707 τῇ
3125 637 3232 690 τῶν
3253 637 3472 706 μελλόν-

1882 744 1992 781 των
2021 727 2241 795 ἀγαθῶν
2272 725 2446 778 ἐλπίδι
2483 724 2576 778 16v
2609 723 2854 795 παρόντα
2897 721 3040 794 ζήσῃ
3074 720 3206 789 βίον,
3247 719 3475 790 δυνήσε-

1885 828 1978 865 ται
2029 808 2171 863 κατά
2222 808 2439 868 Παῦλον
2493 807 2710 877 λέγειν,
2760 807 2843 860 ὅτι
2899 805 2971 860 Τό
3018 803 3126 872 ζῇν
3168 805 3238 857 ἐν
3291 802 3472 872 σαρκί

1883 890 2096 958 πολλῷ
2132 893 2451 962 κρεῖσσονο
2485 891 2645 945 τοῦτο
2681 890 2789 962 γάρ
2814 887 3028 960 καρπὸς
3067 886 3261 958 ἔργου·
3298 885 3472 940 καθά-

1884 994 1992 1049 περ
2027 972 2121 1030 οὖν
2171 975 2266 1031 καὶ
2318 975 2412 1028 ἐπὶ
2443 974 2539 1028 τοῦ
2583 973 2852 1044 μακαρίου
2885 972 3110 1039 γέγονεν
3147 968 3472 1033 Εὑσταθίου,

1884 1060 1943 1123 δς
1970 1059 2065 1113 καὶ
2089 1061 2157 1131 τῇ
2185 1059 2298 1130 ζωῇ
2327 1057 2424 1111 καὶ
2450 1059 2516 1128 τῇ
2546 1056 2771 1126 τελευτῇ
2799 1053 2936 1126 πρὸς
2955 1053 3017 1106 16
3037 1052 3154 1105 δέον
3180 1053 3474 1122 ἐχρήσατο.

1888 1144 1975 1198 06'
2005 1141 2116 1213 γὰρ
2148 1142 2244 1195 ἐπὶ
2273 1142 2376 1211 τῆς
2402 1140 2605 1203 οίκείας
2635 1140 2758 1209 γῆς,
2785 1137 2900 1191 ἀλλ’
2934 1136 3026 1189 ἐπὶ
3061 1135 3159 1205 τῆς
3187 1135 3477 1206 ἀλλοτρίας

1887 1227 2094 1296 ταύτην
2125 1225 2385 1295 ὑπέμεινε
2410 1224 2497 1278 διά
2523 1224 2616 1276 τὸν
2643 1221 2878 1294 Χριστόν
2895 1238 2908 1252 ο
2936 1220 3095 1274 τοῦτο
3125 1220 3235 1273 τῶν
3264 1218 3476 1290 ἐχθρῶν

1885 1309 1946 1362 16
1971 1306 2122 1380 [605]
2151 1306 2504 1378 κατόρθωμα.
2543 1306 2771 1359 Ἐκεῖνοι
2808 1304 2908 1374 μὲν
2938 1303 3047 1372 γάρ
3073 1302 3174 1373 τῆς
3215 1301 3477 1372 πατρίδος

1886 1394 2049 1448 αὑτὸν
2083 1392 2350 1463 ἐξήλασαν
2395 1391 2471 1454 ὡς
2506 1389 2901 1462 ἀτιμάζοντες’
2942 1390 2970 1441 6
2999 1387 3056 1440 δέ
3095 1387 3476 1458 λαμπρότερος

1889 1476 2097 1546 ἐγίνετο
2151 1475 2350 1546 μᾶλλον
2403 1475 2497 1527 καὶ
2549 1474 3012 1543 περιφανέστερος
3061 1473 3131 1541 τῇ
3178 1470 3316 1541 πρὸς
3376 1467 3477 1541 τήν

1888 1560 2185 1631 ὑπερορίαν
2232 1557 2583 1628 μεταστάσει,
2619 1556 2693 1619 ὠς
2737 1557 2834 1609 καὶ
2879 1554 2989 1608 τῶν
3031 1553 3376 1624 πραγμάτων
3416 1551 3502 1604 τὸ,

1886 1643 2040 1707 τέλος
2072 1642 2342 1708 ἀπέδειξε.
2375 1639 2624 1712 Τοσαύτη
2661 1640 2769 1710 γάρ
2804 1641 2837 1708 ἡ
2874 1637 3203 1708 περιφάνεια
3230 1636 3478 1703 γέγονεν,

1887 1727 1965 1790 ὼς
2005 1726 2098 1780 τοῦ
2159 1726 2412 1796 σώματος
2466 1722 2643 1777 αὑτοῦ
2692 1721 2958 1790 ταφέντος
2999 1722 3058 1772 ἐν
3113 1718 3330 1790 Θρᾴκῃ,
3377 1717 3479 1787 τὴν

1888 1813 2116 1882 μνήμην
2153 1810 2318 1864 αὑτοῦ
2350 1808 2481 1873 καθ’,
2516 1807 2755 1875 ἑκάστην
2787 1804 3003 1875 ἡμέραν
3049 1803 3178 1873 παρ’
3211 1803 3342 1871 ἡμῖν
3383 1801 3483 1852 ἀν-

1890 1895 2026 1959 θεῖν,
2057 1896 2152 1948 καὶ
2187 1895 2279 1948 τὸν
2321 1892 2421 1964 μέν
2463 1891 2634 1959 τάφον
2674 1885 2813 1942 εἶναι
2843 1889 2902 1940 ἐν
2933 1886 3128 1954 ἐκείνῳ
3156 1885 3236 1956 τῷ
3273 1883 3480 1954 βαρϐα-

1893 1979 2030 2050 ρικῷ
2063 1977 2270 2048 χωρίῳ,
2313 1977 2406 2030 τὸν
2430 1975 2489 2028 δέ
2519 1971 2683 2026 πόθον
2712 1973 2844 2042 παρ’
2873 1973 3028 2041 ἡμῖν,
3058 1971 3172 2032 τοῖς
3204 1971 3269 2021 ἐκ
3294 1965 3485 2050 τοσού-

1890 2049 1984 2115 του
2011 2059 2429 2132 άπειργομένοις
2460 2058 2850 2127 διαστήματος,
2889 2053 3030 2124 μετά
3058 2053 3250 2125 χρόνον
3288 2049 3484 2103 τοσοῦ.

1891 2162 1984 2200 τον
2009 2144 2131 2199 καθ’
2157 2147 2394 2213 εκάστην
2423 2139 2684 2206 αὔξεσθαι
2731 2139 2831 2208 τὴν
2871 2137 3085 2208 ἡμέραν
3107 2153 3120 2166 ·
3168 2133 3372 2205 μᾶλλον
3401 2132 3482 2199 δὲ,

1891 2235 1942 2284 εἰ
1971 2228 2078 2300 χρὴ
2101 2227 2334 2298 τάληθὲς
2359 2227 2554 2289 εἰπεῖν,
2583 2224 2678 2277 καὶ
2704 2225 2732 2276 6
2757 2223 2927 2290 τάφος
2960 2219 3126 2272 αὐτοῦ
3168 2217 3297 2287 παρ’
3326 2217 3484 2286 ἡμῖν,

1893 2313 1992 2366 οὑκ
2023 2315 2080 2366 ἐν
2107 2312 2299 2383 Θρᾴκῃ
2344 2309 2524 2380 μόνον.
2552 2307 2828 2378 Μνήματα
2856 2304 2966 2374 γὰρ
3010 2302 3179 2371 ἀγίων
3211 2300 3485 2383 ούνσοροὶ,

1893 2396 1991 2449 καὶ
2029 2381 2318 2465 λάρνακες,
2355 2393 2448 2445 καὶ
2488 2390 2702 2460 στῆλαι,
2749 2389 2845 2465 καὶ
2873 2387 3200 2456 γράμματα,
3248 2382 3364 2436 ἀλλ’
3391 2381 3486 2451 ἐρ-

1895 2493 2007 2546 γων
2037 2464 2458 2548 κατορθώματα,
2496 2473 2592 2527 καὶ
2620 2464 2854 2534 πίστεως
2901 2470 3081 2539 ζῆλος,
3117 2468 3212 2520 καὶ
3247 2464 3488 2526 συνειδὸς

1896 2562 2033 2635 πρὸς
2057 2560 2188 2613 Θεὸν
2215 2559 2384 2627 ὑγιές.
2414 2557 2523 2611 Καὶ
2550 2556 2660 2625 γὰρ
2691 2553 2872 2624 πάσης
2902 2552 3104 2624 στήλης
3126 2548 3488 2619 λαμπροτέρα

1896 2644 2194 2714 ἀνέστηκεν
2224 2641 2362 2713 αὕτη
2391 2643 2426 2712 ὴ
2466 2638 2763 2708 Ἐκκλησία
2784 2636 2863 2707 τῷ
2890 2637 3145 2707 μάρτυρι,
3178 2635 3489 2704 γράμματα

1896 2728 2099 2800 ἔχουσα
2121 2726 2223 2780 οὑκ
2259 2724 2472 2794 ἄφωνα,
2514 2722 2650 2776 ἀλλά
2677 2722 2767 2776 διά
2793 2718 2902 2786 τῶν
2934 2717 3279 2790 πραγμάτων
3306 2714 3515 2769 αὑτῶν

1896 2811 2276 2884 λαμπρότερον
2303 2809 2605 2876 σάλπιγγος
2649 2805 2858 2875 βοῶντα
2883 2803 2984 2872 τήν
3019 2801 3490 2884 ἐκείνουῌμνήμην

1899 2881 1995 2950 καίι
2026 2881 2124 2965 τὴν
2148 2891 2530 2964 λαμπρότητα,
2572 2890 2666 2942 καὶ
2691 2888 2923 2948 ἕκαστος
2953 2883 3107 2955 ὑμῶν
3130 2881 3158 2922 ἀ
3190 2882 3302 2935 τῶν
3349 2899 3490 2952 παρα

1898 2981 2068 3034 όντων
2101 2976 2195 3030 τοῦ
2230 2975 2386 3044 ἁγίου
2413 2973 2584 3040 τάφος
2609 2971 2761 3024 ἐστὶν
2789 2967 3024 3033 ἐκείνου,
3051 2967 3222 3036 τάφος
3244 2965 3490 3036 ἔμψυχος

1899 3063 1996 3118 καὶ
2040 3059 2432 3130 πνευματικός.
2478 3057 2574 3108 Ἂν
2621 3054 2733 3123 γὰρ
2785 3050 3081 3116 ἀναπτύξω
3126 3050 3190 3104 16
3246 3046 3492 3108 συνειδὸς

1903 3149 2136 3202 ἑκάστου
2184 3137 2294 3198 τῶν
2350 3141 2637 3214 παρόντων
2684 3136 2862 3208 ὑμῶν,
2909 3136 3154 3207 εὑρίσκω
3196 3133 3288 3188 τὸν
3333 3133 3492 3201 ἀγιον

1901 3229 2089 3285 τοῦτον
2109 3227 2255 3282 ένδον
2275 3227 2375 3296 τῆς
2393 3224 2631 3285 διανοίας
2651 3221 2805 3293 ὑμῶν
2827 3218 3265 3289 ἐνδιαιτώμενον.
3291 3214 3491 3287 Ὁρᾶτε

1910 3314 2023 3376 πῶς
2068 3310 2221 3365 οὐδὲν
2275 3309 2435 3362 πλέον
2481 3307 2696 3376 ἐγένετο
2741 3306 2857 3367 τοῖς
2915 3302 3168 3374 ἐχθροῖς;
3219 3299 3339 3363 πῶς
3390 3299 3494 3352 οὒκ

1904 3395 2135 3452 ἔσϐεσαν
2166 3393 2266 3466 τὴν
2293 3393 2474 3459 δόξαν,
2516 3390 2634 3444 ἀλλ’
2669 3389 2882 3460 ἐπῆραν
2907 3385 3115 3458 ταύτην
3149 3383 3352 3456 μᾶλλον
3396 3381 3494 3466 καὶ

1904 3463 2289 3552 λαμπροτέραν
2327 3475 2676 3546 εἰργάσαντο,
2713 3469 3003 3533 τοσούτους
3032 3469 3362 3540 ποιήσαντες
3397 3463 3496 3552 τάς-

1905 3548 2039 3634 φους
2064 3548 2198 3616 “άνθ’ί
2243 3560 2398 3625 ἐνὸς,
2451 3559 2656 3628 τάφους
2705 3553 3004 3627 ἐμψύχους,
3055 3554 3262 3614 τάφους
3309 3548 3495 3619 φωνὴν

1905 3647 2184 3715 ἀφιέντας,
2223 3643 2429 3712 τάφους
2458 3640 2596 3712 πρὸς
2625 3638 2717 3693 16v
2748 3637 2912 3692 αὑτὸν
2953 3635 3114 3706 ζῆλον
3141 3649 3498 3705 παρασκευα-

1908 3729 2208 3802 ζομένους;
2259 3726 2359 3778 Διά
2397 3724 2556 3778 τοῦτο
2606 3722 2678 3776 τά
2730 3721 2842 3775 τῶν
2886 3720 3067 3802 ἁγίων
3120 3716 3351 3787 σώματα
3401 3715 3498 3802 καὶ

1908 3798 2130 3883 πηγὰς,
2169 3812 2266 3864 καὶ
2323 3806 2514 3879 ῥίζας,
2567 3807 2664 3859 καὶ
2722 3803 2871 3876 μύρα
2928 3801 3074 3856 καλᾶ
3121 3798 3494 3883 πνευματικά.

1909 3879 2066 3958 Τίνος
2101 3890 2193 3948 οὖν
2225 3893 2442 3956 ἐνεκεν;
2471 3890 2596 3943 Ὀτι
2629 3889 2861 3942 ἕκαστον
2894 3886 3097 3939 τούτων
3127 3882 3236 3936 τῶν
3267 3879 3498 3952 εἰρημέ-

1909 3996 2017 4033 νων
2045 3979 2143 4048 τὴν
2178 3976 2387 4030 οἰκείαν
2428 3972 2630 4046 ἀρετὴν
2645 3971 2722 4022 -ού
2758 3970 2888 4041 παρ’
2924 3967 3104 4038 ἐαυτῷ
3131 3966 3353 4037 κατέχει
3404 3964 3501 4034 μό-

1910 4079 2022 4128 νον,
2064 4062 2202 4115 ἀλλά
2231 4060 2324 4113 καὶ
2359 4059 2520 4129 μέχρι
2550 4052 2747 4108 πολλοῦ
2776 4064 2800 4093 ο
2839 4051 3208 4122 διαπέμπεται
3264 4050 3497 4120 μήκους.

1912 4143 2040 4202 Οἷόν
2073 4164 2126 4200 τι
2157 4143 2303 4213 λέγω
2322 4161 2336 4174 ’
2370 4144 2427 4195 al
2458 4142 2634 4208 πηγαὶ
2669 4136 3034 4200 ἀναϐλύζουσι
3074 4135 3176 4206 μὲν
3204 4134 3378 4187 πολλὰ
3405 4134 3502 4187 νά-

1916 4248 2084 4303 ματα,
2107 4230 2168 4282 ού
2209 4227 2314 4298 μὴν
2344 4225 2475 4303 είσω
2506 4223 2615 4290 τῶν
2648 4221 2864 4275 οἰκείων
2884 4220 3115 4273 κόλπων
3153 4220 3326 4272 ταῦτα
3369 4234 3501 4271 κατ-

1913 4298 2150 4386 έχουσιν,
2194 4309 2333 4365 ἀλλά
2377 4298 2621 4381 μακροὺς
2649 4305 2931 4360 τίκτουσαι
2991 4305 3274 4374 ποταμοὺς
3310 4302 3503 4386 συγγί-

1913 4385 2096 4450 νονται
2121 4393 2200 4465 τῷ
2239 4391 2487 4460 πελάγει,
2529 4389 2625 4444 καὶ¹
2654 4388 2910 4458 καθάπερ
2940 4386 3124 4458 χειρός
3158 4403 3303 4448 τινος
3341 4385 3504 4440 ἐκτά-

1915 4495 2022 4543 σει,
2052 4476 2130 4547 τῷ
2163 4477 2342 4548 ιμήκει
2383 4475 2590 4527 τούτων
2641 4470 3108 4542 ἐπιλαμϐάνονται
3140 4468 3250 4524 τῶν
3302 4469 3501 4522 θαλατα

1913 4563 2046 4615 τίων
2079 4559 2309 4613 ὑδάτων.
2355 4557 2526 4610 Πάλιν
2559 4559 2592 4627 ή
2645 4555 2770 4628 ῥίζα
2813 4555 2923 4609 τῶν
2971 4554 3154 4625 φυτῶν
3189 4554 3502 4627 κέκρυπται

1915 4648 1972 4699 ἐν
2004 4647 2118 4708 τοῖς
2168 4642 2392 4704 κόλποις
2426 4641 2526 4711 τῆς
2555 4641 2680 4711 γῆς,
2723 4641 2840 4694 ἀλλ’
2872 4641 2932 4694 οὐ
2963 4640 3114 4693 κάτω
3148 4639 3371 4708 κατέχει
3404 4638 3504 4707 τὴν

1915 4729 2118 4801 ἀρετὴν
2151 4727 2321 4797 αὑτῆς
2373 4724 2616 4790 ἅπασαν,
2669 4725 2764 4778 καὶ
2819 4724 3055 4793 μάλιστα
3095 4721 3205 4775 τῶν
3239 4721 3504 4792 ἀμπέλων

1916 4813 2026 4866 τῶν
2073 4808 2475 4879 ἀναδενδράδων
2527 4807 2668 4879 αὕτη
2717 4809 2750 4878 ή
2809 4807 2990 4876 φύσις.
3037 4807 3207 4860 Ὅταν
3257 4805 3368 4876 γὰρ
3419 4805 3504 4871 ἐφ’

1919 4893 2140 4964 ὑψηλῶν
2181 4891 2292 4945 τῶν
2341 4889 2602 4961 καλάμων
2646 4891 2773 4952 τοὺς
2807 4890 2988 4945 αὑτῶν
3029 4888 3316 4942 ἐκτείνωσι
3370 4886 3506 4940 κλάο

1917 4977 2062 5042 δους,
2088 4975 2158 5028 τά
2190 4975 2444 5045 κλήματα
2472 4973 2561 5026 διά
2603 4973 2712 5025 τῶν
2744 4973 2986 5026 δονάκων
3018 4971 3242 5025 ἐκείνων
3268 4970 3507 5042 ἐρποντα

1924 5063 2088 5134 μέχρι
2142 5059 2340 5114 πολλοῦ
2399 5059 2616 5130 πρόεισι
2663 5059 3061 5130 διαστήματος,
3121 5058 3336 5128 μακράν
3387 5073 3525 5108 τινα-

1919 5145 2124 5217 ὀροφὴν
2155 5147 2222 5215 τῇ
2247 5143 2358 5197 τῶν
2387 5142 2599 5212 φύλλων
2627 5142 2888 5195 ποιοῦντα
2920 5141 3237 5211 πυκνότητι.
3267 5138 3506 5208 Τοιαύτη

1923 5233 2018 5288 καὶ
2050 5227 2159 5282 τῶν
2213 5227 2403 5300 μύρων
2441 5229 2474 5296 ἡ
2525 5227 2720 5296 φύσις’
2771 5226 2910 5280 αύτά
2945 5228 3043 5296 μὲν
3082 5226 3190 5296 γὰρ
3241 5226 3418 5277 κεῖται
3447 5224 3507 5276 ἐν

1925 5313 2156 5382 οίκίσκῳ
2201 5311 2484 5376 πολλάκις,
2526 5312 2614 5364 διὰ
2659 5311 2717 5364 δέ
2744 5312 2854 5364 τῶν
2903 5309 3136 5380 θυρίδων
3199 5307 3507 5378 ὑπερεκπί-

1930 5414 2138 5452 πτουσα
2183 5395 2361 5449 αὐτῶν
2388 5397 2422 5466 ή
2451 5395 2648 5449 εὐωδία
2677 5397 2756 5458 εἰς
2799 5393 3016 5464 άμφοδα
3048 5393 3144 5447 καὶ
3187 5389 3497 5451 στενωποὺς

1927 5481 2022 5536 καὶ
2067 5479 2307 5552 ἀγοράς,
2349 5481 2598 5543 καὶτοὺς
2646 5479 2751 5546 ἔξω
2785 5477 3094 5548 βαδίζοντας
3137 5475 3378 5529 διδάσκει
3411 5474 3512 5542 τὴν

1923 5603 2311 5780 ωεξἐέιὲ
2335 5667 2414 5718 nl
2438 5667 2501 5724 εἰς
2521 5667 2657 5733 ἕτερα
2678 5665 2832 5715 πολλὰ
2854 5665 2988 5730 μέχρι
3012 5658 3208 5710 πολλοῦ.
3239 5658 3421 5710 Celeri
3459 5659 3513 5707 υι

2055 5743 2081 5777 ι
2109 5742 2156 5778 ιι.

2055 5742 2156 5778 χιιι.
