4082 6434
649 233 749 294 601

652 351 800 405 ἔνδον
829 346 1086 417 κειμένην
1112 344 1222 398 τῶν
1263 343 1570 416 ἀρωμάτων
1611 345 1834 414 ἀρετήν.
1866 345 1930 397 Εί
1958 343 2015 396 δέ
2041 342 2215 414 πηγὴ,

655 434 749 487 καὶ
791 430 934 500 ῥίζα,
975 429 1072 481 καὶ
1125 427 1311 496 φυτῶν
1351 428 1444 480 καὶ
1488 427 1795 498 ἀρωμάτων
1833 428 1994 495 φύσις
2033 424 2229 478 τοσαύ-

651 531 751 585 την
793 512 968 582 έχουσι.
1005 511 1103 582 τὴν
1139 511 1310 581 ἰσχὺν,
1345 508 1523 579 πολλῷ
1563 508 1760 579 μᾶλλον
1799 508 1906 562 τῶν
1944 508 2115 577 ἀγίων
2158 505 2226 561 τά

655 595 911 666 σώματα·
947 595 1040 648 καὶ
1071 595 1154 648 ὅτι
1189 594 1251 647 ού
1292 592 1462 663 ψευδῆ
1499 592 1569 645 τά
1613 591 1905 661 λεγόμενα,
1949 591 2225 663 μάρτυρες

653 680 830 750 ὑμεῖς.
869 679 944 731 Tb
982 679 1082 747 μέν
1123 678 1230 748 7&9
1278 677 1440 746 σῶμα
1483 675 1576 728 τοῦ
1622 676 1896 746 μάρτυρος
1939 677 2118 728 κεῖται
2166 675 2225 726 ἐν

652 763 861 834 Θρᾴκῃ,
889 763 1044 832 ὑμεῖς
1088 759 1147 813 δέ
1184 760 1284 819 οὐκ
1328 760 1387 813 ἐν
1427 759 1617 830 Θράκῃ
1665 758 2054 829 διατρίϐοντες,
2089 756 2222 810 ἀλλά

653 845 787 897 πολὺ
828 845 927 914 τῆς
969 840 1150 913 χώρας
1197 842 1416 912 ἐκείνης
1472 844 1845 911 ἀφεστηκότες
1893 839 2224 910 ἀντιλαμϐά-

652 925 807 979 νεσθε
852 925 951 995 τῆς
997 922 1226 995 εὐωδίας
1264 926 1334 976 ἐκ
1375 923 1632 978 τοσούτου
1691 923 2089 992 διαστήματος,
2131 922 2225 974 καὶ

649 1007 737 1060 διά
780 1005 938 1059 τοῦτο
966 1003 1384 1073 συνεληλύθατε,
1410 1005 1592 1058 καὶού
1634 1003 1926 1057 διεκώλυσε
1963 1003 2065 1072 τῆς
2103 1001 2222 1055 όδού

649 1087 800 1161 [606]
842 1088 903 1141 τὸ
936 1088 1130 1158 μῆκος,
1160 1086 1263 1140 οὑκ
1309 1085 1500 1140 ἐσϐεσε
1539 1085 1634 1140 τοῦ
1675 1085 1865 1156 χρόνου
1909 1084 1970 1138 τὸ
1997 1083 2220 1154 πλῆθος.

649 1169 880 1240 Τοιαύτη
935 1169 1047 1240 7&9
1090 1166 1201 1222 τῶν
1258 1165 1644 1238 πνευματικῶν
1702 1167 2141 1236 κατορθωμάτων
2185 1168 2219 1235 ἠ

651 1250 843 1320 φύσις·
881 1250 1055 1304 οὐδενὶ
1111 1249 1420 1321 σωματικῷ
1453 1250 1803 1310 διακόπτεται
1853 1248 2134 1319 κωλύματι
2164 1262 2214 1313 ι,

651 1333 764 1385 ἀλλ’
807 1331 958 1385 ἀνθεῖ
988 1331 1082 1385 καὶ
1127 1331 1344 1399 αὔξεται
1392 1331 1510 1386 καθ’
1541 1331 1777 1400 ἑκάστην
1825 1329 2072 1401 ἡμέραν,
2130 1329 2223 1382 καὶ

651 1412 775 1466 οὔτε
822 1413 1016 1483 χρόνου
1067 1416 1318 1486 μαραίνει
1370 1415 1433 1469 τὸ
1473 1411 1674 1483 πλῆθος
1726 1413 1917 1482 αὐτὴν,
1965 1411 2064 1483 οὐχ
2100 1410 2221 1465 όδοῦ

650 1496 960 1564 διατειχίζει
997 1496 1192 1565 μῆκος.

720 1596 817 1667 Μὴ
842 1596 1162 1668 θαυμάσητε
1184 1597 1242 1651 δέ
1275 1599 1324 1651 εί
1363 1598 1458 1652 τοῦ
1489 1599 1650 1668 λόγου
1677 1599 1769 1652 καὶ
1801 1596 1907 1651 τῶν
1934 1595 2222 1666 ἐγκωμίων

650 1679 950 1750 ἀρχόμενος
980 1679 1233 1750 μάρτυρα
1268 1680 1360 1734 τδν
1392 1681 1548 1749 ἀγιον
1581 1679 1814 1734 ἐκάλεσα
1835 1695 1850 1709 ο
1883 1680 1974 1733 καὶ
2003 1676 2112 1750 7&9
2139 1679 2214 1732 οί-

651 1761 784 1830 κείῳ
802 1759 945 1814 τέλει
963 1761 1064 1831 τὴν
1087 1759 1230 1830 ζωὴν
1255 1760 1520 1815 κατέλυσι
1539 1778 1554 1793 ο
1580 1761 1698 1826 πῶς
1715 1757 1811 1816 οὖν
1838 1763 1952 1815 ἐστι
1980 1761 2219 1833 μάρτυς;

653 1837 822 1894 Εἶπον
853 1840 1110 1905 πολλάκις
1133 1842 1268 1912 πρὸς
1294 1841 1392 1913 τὴν
1415 1843 1689 1914 ὑμετέραν
1717 1844 1958 1913 ἀγάπην,
1981 1844 2062 1896 ὅτι
2091 1843 2222 1913 μάρ-

653 1940 791 1994 τυρα
833 1924 952 1993 οὐχὶ⁵
987 1926 1016 1977 6
1049 1923 1276 1987 θάνατος
1308 1928 1452 1978 ποιεῖ
1483 1925 1676 1994 μόνον,
1709 1925 1844 1980 ἀλλά
1887 1927 2038 1996 καὶὴ
2087 1927 2224 1997 πρό-

644 2008 822 2069 θεσις.
855 2007 928 2059 Οὐ
976 2007 1084 2077 7&9
1128 2005 1235 2059 ἀπὸ
1278 2006 1376 2077 τῆς
1409 2005 1686 2070 ἐκϐάσεως
1734 2006 1925 2076 μόνον,
1957 2006 2092 2061 ἀλλὰ
2131 2008 2224 2059 καὶ

653 2086 761 2140 ἀπὸ
796 2086 896 2155 τῆς
925 2087 1148 2158 γνώμης
1178 2085 1439 2140 πλέκεται
1465 2087 1729 2151 πολλάκις
1757 2090 1784 2141 6
1809 2088 1902 2140 τοῦ
1927 2089 2222 2159 μαρτυρίου

653 2167 937 2236 στέφανος.
965 2168 1074 2220 Καὶ
1101 2166 1289 2221 τοῦτον
1327 2169 1428 2221 οὐκ
1459 2168 1588 2238 ἐγὼ,
1617 2169 1756 2222 ἀλλά
1790 2168 2000 2231 Παῦλος
2038 2170 2222 2223 δίδωσι

651 2247 745 2301 τοῦ
774 2246 1069 2319 μαρτυρίου
1097 2249 1186 2302 τὸν
1223 2250 1348 2320 δρον
1379 2251 1578 2304 οὑτωσὶ
1609 2249 1804 2318 λέγων,
1834 2252 1972 2305 Καθ’
1995 2249 2225 2321 ἡμέραν

652 2331 1038 2397 ἀποθνήσκω.
1091 2331 1214 2396 Πῶς
1251 2332 1613 2402 ἀποθνήσκεις
1652 2334 1773 2387 καθ’
1812 2335 2052 2405 ἡμέραν;
2106 2335 2222 2399 πῶς

651 2412 877 2466 δυνατὸν
916 2414 997 2469 ἐνὶ
1042 2412 1256 2482 σώματι
1285 2411 1464 2484 θνητῷ
1508 2414 1732 2484 μυρίους
1757 2414 2011 2482 δέξασθαι
2057 2415 2222 2471 θανά-

651 2510 775 2556 τους
796 2512 811 2561 ;
836 2496 914 2564 Τῇ
938 2494 1210 2562 προθέσει,
1233 2496 1386 2565 φησι,
1411 2496 1604 2568 καὶτῷ
1630 2498 2068 2568 παρεσκευάσθαι
2091 2498 2223 2569 πρὸς

650 2576 925 2646 τελευτήν.
961 2576 1115 2630 Οὖτω
1153 2579 1248 2631 καὶ
1289 2581 1317 2631 6
1345 2578 1477 2642 Θεὸς
1506 2580 1897 2649 ἀποφαίνεται·
1925 2583 2020 2635 καὶ
2053 2580 2162 2651 7&9
2195 2585 2224 2635 6

665 2658 916 2729 Ἀϐραάμ
937 2659 1035 2728 οὐχ
1069 2658 1244 2728 ᾕμαξε
1275 2659 1373 2729 τὴν
1405 2661 1704 2732 μάχαιραν,
1734 2661 1834 2714 οὐκ
1869 2663 2100 2732 ἐφοίνιξε
2129 2665 2221 2717 τὸν

655 2740 854 2811 βωμὸν,
883 2742 1002 2801 ,οὑκ
1041 2741 1200 2794 ἔθυσε
1236 2740 1325 2795 τὸν
1374 2741 1575 2807 Ἰσαάκ,
1610 2744 1728 2797 ἀλλ’
1759 2745 1909 2815 ὅμως
1952 2747 2221 2817 ἀπήρτισε

654 2822 750 2891 τὴν
780 2823 987 2876 θυσίαν.
1016 2822 1112 2885 Τίς
1149 2821 1326 2876 ταῦτά
1376 2840 1576 2893 φησιν;
1623 2825 1795 2889 Αὐτὸς
1838 2828 1866 2879 6
1905 2826 2002 2897 τὴν
2035 2827 2222 2881 θυσίαν

650 2903 974 2973 δεξάμενοςο
1012 2907 1134 2958 Οὐκ
1175 2905 1397 2973 ἐφείσω
1431 2906 1559 2976 γὰρ,
1609 2908 1761 2976 φησὶ,
1793 2907 1899 2961 τοῦ
1938 2909 2072 2964 υίοῦ
2103 2924 2219 2964 σου

654 2984 758 3038 τοῦ
785 2984 1096 3053 ἀγαπητοῦ
1133 2985 1206 3040 δι’
1244 2986 1368 3054 ἐμέ.
1407 2987 1518 3040 Καὶ
1566 2987 1670 3058 μὴν
1702 2987 1878 3051 ζῶντα
1913 2990 2092 3054 ἐλαϐε,
2126 2993 2221 3045 καὶ

655 3065 780 3134 ὑγιῆ
831 3069 1146 3137 κατήγαγεο
1191 3067 1307 3132 πῶς
1349 3064 1441 3122 οὖν
1485 3069 1585 3122 οὑκ
1630 3069 1915 3139 ἐφείσατο;
1960 3072 2079 3125 Ὀτι
2122 3074 2223 3127 οὑκ

652 3146 762 3200 ἀπὸ
786 3146 880 3200 τοῦ
921 3148 1101 3213 τέλους
1136 3149 1245 3202 τῶν
1275 3150 1634 3221 πραγμάτων,
1662 3151 1779 3206 ἀλλ’
1812 3155 1922 3207 ἀπὸ
1953 3155 2052 3224 τῆς
2089 3171 2222 3226 προ-

651 3228 855 3292 θέσεως
879 3229 988 3283 τῶν
1008 3230 1404 3302 προελομένων,
1427 3231 1528 3294 τὰς
1550 3233 1807 3298 τοιαύτας
1831 3235 2001 3307 κρίνω
2034 3235 2223 3300 θυσίας

652 3310 798 3380 ἐγὼ,
831 3313 1014 3384 φησίν.
1059 3315 1174 3368 οὑκ
1219 3313 1451 3382 ἔσφαξεν
1491 3316 1525 3385 ἡ
1574 3316 1725 3386 χεὶρ,
1768 3317 1880 3370 ἀλλ’
1925 3317 2155 3387 ἐσφαξεν
2182 3323 2219 3390 ή

654 3393 972 3466 προαίρεσις
998 3411 1011 3425 ’
1038 3396 1139 3449 οὐκ
1160 3395 1420 3449 ἐϐάπτισε
1438 3395 1498 3449 τὸ
1522 3395 1674 3466 ξίφος
1695 3400 1774 3462 είς
1796 3399 1886 3470 τὸν
1907 3399 2099 3472 λαιμὸν
2125 3402 2218 3456 τοῦ

654 3475 865 3539 παιδὸς,
894 3477 954 3529 οὑ
985 3476 1196 3546 διέτεμε
1229 3477 1325 3549 τὴν
1353 3477 1516 3550 δέρην
1538 3479 1589 3544 ιι,
1621 3478 1736 3531 αλλ’
1769 3480 1884 3534 ἐστι
1927 3483 2085 3538 θυσία
2126 3486 2221 3540 καὶ

654 3558 828 3628 χωρὶς
847 3557 1100 3627 αἵματος.
1123 3558 1330 3612 Ἴσασιν
1360 3560 1410 3612 οί
1442 3561 1782 3630 μεμυημένοι
1805 3563 1866 3617 τὸ
1895 3562 2212 3635 λεγόμενον·

649 3639 741 3692 διά
760 3638 918 3692 τοῦτο
948 3639 1005 3693 δέ
1037 3640 1262 3710 κάκείνη
1288 3643 1320 3711 ἡ
1353 3640 1511 3695 θυσία
1533 3643 1702 3712 χωρὶς
1731 3643 1960 3715 αἵματος
1982 3646 2216 3715 ἐγένετο,

649 3720 839 3802 ἐπειδὴ
877 3721 1078 3792 ταύτης
1124 3721 1346 3793 ἔμελλεν
1389 3722 1607 3776 ἔσεσθαι
1639 3724 1827 3788 τύποςιι
1871 3727 2031 3799 Ὁρᾷς
2062 3730 2120 3783 ἐν
2149 3734 2216 3802 τῇ

652 3801 864 3873 Παλαιᾷ
903 3803 1444 3875 προδιαγραφομένην
1478 3805 1576 3877 τὴν
1609 3806 1827 3874 είκόνσ.;
1862 3809 1954 3881 Μὴ
1983 3801 2213 3883 ἀπιστήὲ

654 3900 755 3954 eg;
777 3887 843 3955 τῇ
873 3884 1117 3957 ἀληθείᾳ.

727 3994 798 4056 γ’.
821 3984 988 4052 Οὗτος
1007 3989 1188 4044 τοίνυν
1211 3992 1242 4044 6
1260 3991 1472 4062 μάρτυς
1491 3992 1766 4066 (μάρτυρα
1780 3997 1887 4066 γὰρ
1907 3996 2037 4067 ἡμῖν
2055 3997 2216 4052 αὑτὸν

649 4073 681 4124 ὁ
706 4070 858 4138 λόγος
882 4071 1165 4142 ἀπέδειξε)
1213 4073 1348 4142 πρὸς
1375 4074 1598 4146 μυρίους
1643 4080 2094 4148 παρεσκευάσατο
2117 4081 2215 4136 θα-

651 4152 863 4216 νάτους,
885 4153 979 4204 καὶ
1012 4153 1220 4217 πάντας
1245 4155 1441 4217 αὐτοὺς
1489 4156 1746 4227 ὑπέμεινε
1781 4161 1847 4230 τῇ
1891 4159 2080 4233 γνώμῃ
2121 4163 2215 4216 καὶ

649 4235 717 4303 τῇ
745 4233 1023 4306 προθυμία
1040 4250 1055 4267 ο
1078 4234 1186 4288 τῶν
1207 4236 1263 4289 δέ
1290 4238 1684 4307 ἐπενεχθέντων
1706 4241 1963 4295 κινδύνων
1989 4243 2214 4309 πολλοὺς

650 4316 746 4372 καὶ
772 4316 838 4369 δι’
875 4317 1164 4387 αὑτῆς,τῆς
1194 4318 1388 4389 πείρας
1422 4321 1695 4391 ἠνέσχετο.
1724 4323 1832 4377 Καὶ
1858 4325 1963 4396 γὰρ
1992 4327 2083 4379 καὶ
2113 4327 2210 4399 τῆς

649 4399 906 4469 πατρίδος
949 4400 1110 4452 αὑτὸν
1153 4399 1440 4470 ἐξήλασαν,
1470 4405 1565 4457 καὶ
1597 4404 1730 4475 πρὸς
1770 4405 1866 4476 τὴν
1915 4410 2210 4481 ὑπερορίαν

649 4483 991 4553 μετέστησαν
1017 4523 1032 4548 ,
1080 4483 1173 4536 καὶ
1214 4482 1385 4539 πολλά
1426 4484 1589 4556 ἐτερα
1626 4487 1766 4541 κατά
1812 4489 1906 4542 τοῦ
1939 4493 2210 4564 μακαρίου

648 4565 908 4635 ἐκίνησαν
949 4565 1070 4617 τότε
1124 4564 1356 4631 ἐκείνου,
1398 4567 1603 4622 δίκαιον
1655 4571 1751 4640 μὲν
1799 4572 1949 4626 οὐδὲν
1999 4574 2213 4644 ἔχοντες

645 4648 917 4727 ἐγκαλεῖν,
939 4648 1022 4701 ὅτι
1047 4647 1104 4701 δέ
1131 4647 1367 4713 ἀκούσας
1390 4650 1483 4703 τοῦ
1513 4651 1723 4706 Παύλου
1752 4654 2015 4724 λέγοντος,
2054 4658 2211 4713 Ἐσε-

644 4729 960 4796 ϐἁσθησαν
997 4730 1096 4784 καί
1140 4731 1515 4800 ἐλάτρευσαν
1557 4733 1630 4804 τῇ
1685 4737 1876 4791 κτίσει
1906 4741 2067 4807 παρὰ
2104 4740 2212 4794 τὸν

648 4813 936 4866 κτίσαντα
956 4855 970 4875 ,
1000 4813 1168 4883 ἔφυγε
1190 4814 1253 4867 τὸ
1288 4814 1539 4887 ἀσέϐημα
1562 4854 1576 4880 ,
1612 4817 1707 4871 καὶ
1739 4821 1837 4891 τὴν
1867 4823 2210 4892 παρανομίαν

643 4892 881 4976 ἐδεισεψ
922 4895 1056 4948 ἀλλὰ
1103 4895 1261 4950 τοῦτο
1290 4897 1389 4968 μὲν
1430 4901 1728 4969 στεφάνων,
1768 4903 1831 4955 ού
1880 4898 2210 4976 κατηγορίας

648 4974 914 5060 ἀξιομνΣὺ
940 4977 996 5030 δέ
1031 4995 1121 5048 μοι
1157 4981 1348 5033 σκόπει
1385 4981 1479 5036 τοῦ
1515 4982 1760 5037 διαϐόλου
1788 4985 1884 5056 τὴν
1925 4974 2204 5060 πονηρίαν.

659 5055 876 5130 Ἐπειδὴ
923 5060 1031 5132 7&9
1081 5063 1405 5138 προσφάτως
1454 5063 1521 5138 ἦν
1551 5069 1579 5120 6
1626 5055 1931 5139 Ἑλληνικὸς
1978 5055 2208 5142 πόλεμος

646 5142 994 5224 καταλυθεὶς,
1040 5145 1132 5198 καὶ
1162 5146 1285 5216 άρτι
1319 5146 1428 5200 τῶν
1467 5149 1718 5219 χαλεπῶν
1757 5153 1850 5205 καὶ
1896 5144 2208 5224 ἐπαλλήλων

644 5222 896 5304 διωγμῶν
924 5227 1422 5282 ἀνεπεπνεύκεισαν
1450 5232 1506 5284 αἱ
1547 5232 1859 5304 Ἐκκλησίαι
1897 5222 2095 5302 πᾶσαι,
2113 5243 2206 5294 καὶ

644 5305 746 5356 οὐκ
765 5301 830 5374 ἦν
857 5309 1020 5391 πολὺς
1043 5311 1070 5361 ό
1096 5311 1306 5378 χρόνος,
1335 5311 1394 5376 ἐξ
1417 5306 1477 5365 οὗ
1505 5313 1624 5367 λαοὶ
1650 5301 1747 5386 μὲν
1776 5301 2205 5391 ἀπεκλείσθησαν

645 5391 906 5454 ἅπαντες,
952 5390 1124 5460 βωμοὶ
1154 5394 1210 5446 δὲ
1250 5395 1613 5467 ἐσϐέσθησαν,
1657 5403 1804 5456 πᾶσα
1844 5405 1901 5458 δὲ
1943 5405 2048 5461 τῶν
2085 5390 2200 5463 δαι-

708 5510 725 5532 ⁸
748 5516 996 5576 Κωὶύματι
1020 5518 1162 5567 does!
1185 5521 1231 5566 in
1259 5535 1372 5569 mss.

698 5572 724 5611 ι)
741 5574 823 5624 Sic
856 5572 967 5626 mss.
994 5579 1143 5630 Morel
1193 5595 1307 5631 vero
1330 5583 1454 5632 male
1477 5586 1639 5649 δέρῥιν.

1358 231 1418 288 8.
1458 227 1741 287 JOANNIS
1775 227 2256 286 CHRYSOSTO)“
2290 226 2609 287 ARCHIEP.
2647 223 3187 284 CONSTANTINOP.

3765 224 3853 279 ιω

2333 341 2506 411 μόνων
2539 344 2574 414 ἡ
2624 342 2791 414 μανία
2824 339 3174 405 καταλέλυτο,
3219 335 3314 391 καὶ
3358 336 3531 390 ταῦτα
3562 334 3738 388 ἐλύπει
3774 337 3851 390 τὸν

2324 430 2562 502 πονηρὸν
2591 430 2842 502 δαίμονα,
2864 430 2958 484 καὶ
2988 429 3088 482 οὐκ
3107 426 3338 498 ⁴Ιγδύνατο
3366 426 3553 497 πράως
3582 425 3753 495 φέρειν
3773 426 3855 497 τὴν

2323 518 2424 588 τῆς
2449 518 2775 589 Ἐκκλησίας
2803 518 3045 590 εἰρήνην,
3067 515 3121 568 τί
3149 510 3243 568 οὖν
3271 516 3441 580 ποιεῖς
3460 513 3680 583 Ἕτερον
3703 513 3855 564 ἐπεισ-

2326 610 2451 677 άγει
2477 608 2627 682 [607]
2676 609 2913 680 πόλεμον
2952 605 3204 678 χαλεπόν.
3242 603 3305 660 '0
3339 605 3436 672 μὲν
3466 603 3576 674 7&9
3606 602 3853 669 ἐξωτικδς,

2321 681 2496 764 οὗτος
2521 681 2579 752 δέ
2625 698 2886 769 ἐμφύλιος
2914 693 3011 768 ἦν·
3047 697 3096 749 οί
3149 695 3207 748 δέ
3248 692 3480 748 τοιοῦτοι
3527 689 3857 760 δυσφύλακτοι

2325 789 2523 862 μᾶλλόν
2551 792 2678 856 είσι,
2695 790 2788 843 καὶ
2816 788 3012 860 ῥαδίως
3027 783 3330 859 χειροῦνται
3354 784 3481 847 τοὺς
3497 783 3856 852 ἐμπίπτοντας.

2392 881 2550 936 Κατά
2581 881 2672 934 τὸν
2695 880 2886 951 καιρὸν
2927 879 3106 932 τοίνυν
3143 878 3349 930 ἐκεῖνον
3380 875 3408 927 6
3442 873 3704 946 μακάριος
3725 862 3857 934 οὗτος

2321 973 2646 1045 ἐστρατήγει
2674 971 2778 1042 τῆς
2815 969 3111 1043 παρ’·ἡμῖν
3153 966 3500 1038 Ἐκκλησίας,
3545 965 3638 1025 καὶ
3672 964 3858 1030 αἴρεται

2325 1060 2424 1132 μὲν
2473 1061 2507 1130 ή
2553 1059 2734 1125 νόσος,
2771 1057 2961 1130 ὥσπερ
2991 1073 3074 1120 τις
3126 1054 3312 1127 λοιμὸς
3364 1053 3599 1125 χαλεπὸς
3629 1050 3731 1104 ἀπὸ
3768 1049 3860 1103 τῶν

2325 1149 2606 1220 Αἰγύπτου
2627 1149 2864 1222 χωρίων,
2897 1145 3016 1202 εἶτα
3047 1146 3135 1201 διά
3164 1144 3274 1199 τῶν
3318 1143 3522 1216 μεταξὺ
3555 1142 3750 1195 πόλεων
3777 1140 3862 1210 βαι

2318 1239 2479 1305 δίζων
2507 1242 2588 1305 είς
2609 1239 2709 1311 τὴν
2743 1239 2898 1293 πόλιν
2918 1239 3174 1293 ἔσπευδεν
3195 1235 3448 1308 ἐμϐαλεῖν
3477 1235 3579 1305 τὴν
3597 1231 3858 1304 ἡμετέραν.

2333 1329 2472 1383 Ἀλλ’
2524 1331 2734 1393 ἐκεῖνος
2766 1326 3082 1400 ἐγρηγορὼς
3113 1326 3208 1380 καὶ
3236 1326 3442 1396 νήφων,
3490 1323 3587 1377 καὶ
3616 1321 3779 1376 πάντα
3803 1321 3862 1373 τά

2323 1420 2587 1491 μέλλοντα
2613 1419 2864 1492 προορῶν
2898 1417 3200 1491 πόρρωθεν,
3223 1415 3518 1488 προσιόντα
3540 1413 3632 1467 τὸν
3657 1412 3864 1483 πόλεμον

2318 1512 2683 1584 ἀπεκρούετο⁸
2715 1513 2811 1566 καὶ
2843 1510 3095 1581 καθάπερ
3135 1509 3298 1576 σοφός
3334 1524 3419 1570 τις
3448 1505 3655 1578 ίατρδς,
3687 1504 3808 1573 πρὶν
3835 1503 3862 1572 ἢ

2318 1605 2417 1674 τὴν
2442 1603 2597 1657 νόσον
2627 1601 2884 1673 ἐμϐαλεῖν
2917 1603 2996 1665 είς
3032 1601 3132 1671 τὴν
3167 1600 3340 1664 ¹πόλιν,
3380 1595 3619 1651 ἐνταῦθα
3648 1594 3863 1662 καθήμε-

2320 1713 2431 1760 νος,
2464 1695 2536 1748 τά
2558 1694 2829 1766 φάρμακα
2851 1691 3238 1757 κατεσκεύαζε,
3265 1690 3360 1746 καὶ
3385 1688 3488 1760 τὴν
3520 1686 3671 1759 ἱεράν
3689 1684 3865 1752 ταύτην

2320 1786 2452 1841 ναῦν
2485 1784 2624 1856 μετά
2667 1783 2862 1855 πολλῆς
2888 1783 3156 1857 ἐκυϐέρνα
3189 1782 3291 1852 τῆς
3327 1779 3654 1850 ἀσφαλείας,
3686 1790 3865 1829 παντα-

2317 1877 2413 1948 χοῦ
2453 1876 2820 1947 περιτρέχων,
2863 1875 3095 1941 ναύτας,
3140 1875 3434 1938 ἐπιϐάτας,
3465 1872 3594 1934 τοὺς
3633 1867 3866 1928 πλέοντας

2321 1968 2564 2029 ἅπαντας
2587 1964 2920 2037 συγκροτῶν,
2937 1965 3144 2034 νήφειν,
3169 1959 3530 2032 ἐγρηγορέναι
3551 1953 3869 2028 παρασκευά-

2319 2057 2447 2123 ζων,
2475 2057 2551 2122 ὡς
2581 2054 2853 2126 πειρατῶν
2883 2052 3271 2122 ἐπιτιθεμένων
3294 2052 3388 2105 καὶ
3415 2050 3516 2120 τῆς
3545 2047 3769 2109 πίστεως
3791 2045 3866 2098 τὸν

2319 2147 2589 2220 θησαυρὸν
2610 2146 2953 2216 ἀποσυλῆσαι
2974 2143 3412 2216 ἐπιχειρούντων.
3438 2142 3557 2196 Οὑκ
3583 2138 3802 2194 ἐνταῦθα
3821 2136 3869 2188 δέ

2321 2240 2480 2311 μόνον
2511 2239 2777 2310 ἐκέχρητο
2810 2240 2874 2308 τῇ
2915 2237 3142 2308 προνοίᾳ
3169 2235 3365 2307 ταύτῃ,
3397 2232 3537 2287 ἀλλά
3567 2233 3659 2286 καὶ
3681 2246 3868 2285 ⁴παντα-

2319 2328 2413 2400 χοῦ
2454 2329 2788 2399 διεπέμπετο
2832 2330 2958 2390 τοὺς
2976 2324 3295 2391 διδάξοντας
3317 2364 3331 2390 ,
3374 2322 3867 2396 παρακαλέσοντας,

2316 2417 2744 2488 διαλεξομένους,
2771 2414 3318 2486 προαποτειχίσοντας
3340 2415 3451 2477 τοῖς
3474 2410 3752 2481 πολεμίοις
3787 2407 3869 2478 τὴν

2318 2503 2527 2573 έφοδον.
2558 2503 2666 2556 Καὶ
2690 2503 2799 2572 7&9
2825 2497 2895 2572 ἦν
2940 2499 3370 2571 πεπαιδευμένος
3399 2498 3582 2563 καλῶς
3609 2495 3752 2567 παρὰ
3785 2497 3868 2564 τῆς

2318 2594 2410 2649 τοῦ
2455 2593 2770 2664 Πνεύματος
2825 2591 3046 2662 χάριτος
3070 2632 3095 2658 ,,
3126 2591 3207 2644 δτι
3259 2589 3351 2643 τὸν
3402 2587 3726 2659 Ἐκκλησίας
3756 2601 3870 2654 προ-

2317 2684 2529 2738 εστῶτα
2555 2685 2656 2737 οὑκ
2676 2684 2891 2752 ἐκείνης
2921 2682 3088 2753 μόνης
3107 2679 3363 2752 κήδεσθαι
3383 2679 3463 2732 δεῖ
3489 2680 3592 2750 τῆς
3623 2675 3768 2748 παρά
3788 2673 3868 2726 τοῦ

2315 2776 2637 2848 Πνεύματος
2668 2774 3106 2847 ἐγχειρισθείσης
3158 2771 3342 2842 αὐτῷ,
3386 2770 3522 2825 ἀλλά
3574 2769 3671 2824 καὶ
3711 2767 3870 2835 πάσης

2315 2867 2416 2937 τῆς
2452 2865 2595 2920 κατὰ
2629 2864 2728 2936 τὴν
2759 2864 3086 2935 οίκουμένην
3127 2863 3418 2932 κειμένης·
3452 2862 3548 2916 καὶ
3583 2859 3751 2914 ταῦτα
3779 2857 3870 2911 ἀπὸ

2315 2955 2425 3009 τῶν
2457 2955 2618 3026 ιερῶν
2644 2953 2944 3025 ἐμάνθανεν
2971 2953 3165 3023 εὐχῶν.
3182 2954 3244 3006 Εί
3269 2953 3379 3022 7&9
3396 2951 3494 3016 τὰς
3529 2950 3693 3021 εὐχάς
3719 2949 3870 3001 ποιεῖ-

2319 3043 2442 3104 σθαι
2469 3049 2570 3114 δεῖ,
2600 3049 2785 3120 φησὶν,
2819 3047 2960 3118 ὑπὲρ
2985 3047 3086 3117 τῆς
3110 3045 3402 3116 καθολικῆς
3437 3042 3760 3115 Ἐκκλησίας
3783 3039 3869 3108 τῆς

2315 3141 2424 3196 ἀπὺ
2469 3141 2718 3212 περάτων
2754 3139 2861 3203 tu);
2907 3139 3158 3208 περάτων
3188 3137 3286 3208 τῆς
3320 3135 3680 3207 οἰκουμένης,
3712 3129 3870 3198 πολλῷ

2319 3232 2519 3304 μᾶλλον
2553 3231 2648 3286 καὶ
2685 3230 2789 3302 τὴν
2828 3229 3087 3301 πρόνοιαν
3120 3227 3260 3297 ὑπὲρ
3301 3226 3522 3298 ἀπάσης
3564 3224 3733 3294 αὐτῆς
3759 3224 3868 3276 ἐπι-

2313 3324 2626 3378 δείκνυσθαι
2667 3322 2770 3388 δεῐ,
2819 3321 2912 3375 καὶ
2959 3319 3163 3391 ὁμοίως
3213 3317 3442 3373 ἀπασῶν
3482 3316 3758 3388 κήδεσθαι,
3790 3313 3870 3367 καὶ

2317 3417 2590 3488 μεριμνᾷν
2613 3413 2811 3477 πάσας.
2834 3411 2942 3466 Καὶ
2964 3411 3101 3483 ὅπερ
3123 3409 3218 3464 ἐπὶ
3246 3408 3341 3464 τοῦ
3372 3409 3645 3477 Στεφάνου
3676 3406 3867 3474 γέγονε.

2312 3506 2473 3561 τοῦτο
2507 3505 2603 3560 καὶ
2634 3505 2723 3558 ἐπ’
2754 3503 2965 3556 ἐκείνου
3009 3501 3338 3556 συνέϐαινεν.
3375 3500 3598 3571 Ὥσπερ.
3643 3497 3748 3571 7&9
3782 3494 3867 3548 οὑκ

2316 3597 2591 3668 ίσχύοντες
2627 3595 2942 3665 ἀντιστῆναι
2965 3597 3034 3665 τῇ
3065 3593 3227 3665 σοφίᾳ
3255 3594 3322 3663 τῇ
3362 3591 3458 3646 τοῦ
3496 3590 3786 3661 Στεφάνου,
3824 3587 3865 3638 οἱ

2325 3689 2564 3744 Ἰουδαῖοι
2594 3685 2841 3750 ἐλίθαζον
2869 3684 2960 3740 τὸν
2987 3684 3142 3753 ἀγιον
3181 3685 3417 3760 ἐκεῖνον*
3452 3681 3597 3736 οὕτω
3621 3680 3713 3734 καὶ
3741 3672 3867 3732 οὗτοι

2311 3776 2411 3829 οὑκ
2464 3773 2739 3846 ίσχύοντες
2771 3772 3086 3843 ἀντιστῆναι
3129 3772 3195 3842 τῇ
3240 3771 3402 3842 σοφίᾳ
3427 3772 3496 3841 τῇ
3541 3768 3750 3832 τούτου,
3781 3765 3863 3819 καί

2310 3866 2545 3936 ὁρῶντες
2566 3861 2947 3935 ῆσφαλισμένα
2971 3861 3040 3915 τὰ
3068 3859 3418 3932 ὀχυρώματα,
3441 3858 3756 3914 ἐκϐάλλουσι
3777 3855 3861 3925 τῆς

2311 3956 2518 4019 πόλεως
2549 3953 2734 4007 λοιπον
2764 3953 2855 4006 τὸν
2885 3953 3122 4024 κήρυκα.
3161 3951 3298 4007 Ἀλλ’
3326 3953 3360 4023 ή
3397 3951 3550 4025 φωνὴ
3574 3953 3673 4007 οὐκ
3698 3950 3858 4020 ἐσίγα,

2310 4047 2425 4103 ἀλλ’
2478 4045 2791 4114 ἐξεϐάλλετο
2829 4045 2927 4116 μὲν
2979 4046 3008 4098 ό
3058 4043 3374 4116 ἄνθρωπος,
3426 4047 3455 4098 6
3495 4044 3553 4098 δὲ
3595 4044 3746 4113 λόγος
3774 4041 3862 4109 τῆς

2309 4137 2654 4201 διδασκαλίας
2683 4136 2784 4190 οὑκ
2827 4134 3165 4204 ἐξεϐάλλετο.
3213 4135 3327 4190 Καὶ
3369 4135 3479 4207 7&9
3517 4134 3727 4197 Παῦλος
3763 4131 3861 4185 ἐδέ-

2307 4230 2447 4293 δετο,
2483 4228 2576 4283 καὶ
2622 4228 2651 4281 6
2684 4227 2841 4297 λόγος
2881 4226 2977 4281 τοῦ
3005 4225 3141 4280 Θεοῦ
3183 4227 3285 4280 οὐκ
3313 4226 3555 4280 ἐδέδετο·
3592 4228 3687 4281 καὶ
3722 4218 3858 4284 οὗτος

2309 4323 2366 4374 ἐν
2394 4319 2670 4391 ἀλλοτρίᾳ,
2701 4319 2796 4372 καὶ
2821 4319 2855 4390 η
2883 4316 3202 4372 διδασκαλία
3226 4317 3389 4371 αὑτοῦ
3414 4319 3544 4388 παρ’
3568 4319 3718 4389 ἡμῖν.
3749 4313 3858 4367 Ἐκ-

2306 4410 2592 4475 ϐἀλλοντες
2617 4410 2797 4465 τοίνυν
2834 4409 3162 4481 ἐπεισῄεσαν
3200 4409 3669 4480 ωμφραξάμενοι,
3699 4404 3854 4465 καθά-

2307 4521 2416 4577 περ
2440 4504 2736 4579 χείμαρρος
2770 4501 2994 4575 σφοδρός
3015 4520 3028 4533 ·
3058 4501 3170 4556 ἀλλ’
3202 4500 3328 4555 οὕτε
3365 4500 3435 4554 τά
3458 4501 3602 4571 φυτά
3633 4498 3852 4570 παρέσυ-

2309 4613 2430 4667 ραν,
2466 4595 2590 4650 οῦτε
2623 4594 2694 4648 τά
2721 4594 3009 4666 σπέρματα
3044 4592 3378 4664 κατέχωσαν,
3412 4592 3538 4646 οὔτε
3567 4591 3663 4663 τὴν
3693 4605 3850 4660 γεωρ-

2303 4687 2430 4757 γίαν
2461 4675 2829 4758 ἐλυμήναντο’
2863 4684 3006 4738 οὕτω
3051 4684 3229 4748 καλῶς
3274 4685 3366 4738 καὶ
3421 4685 3538 4753 μετ’
3568 4683 3854 4752 ἐπιστήμης

2306 4778 2409 4832 ὑπὸ
2436 4778 2533 4846 τῆς
2561 4777 2769 4830 ἐκείνου
2794 4777 3177 4848 γεωργηθέντα
3201 4777 3389 4847 σοφίας
3414 4777 3693 4850 ἐῤῥίζωτο.
3711 4772 3850 4828 Ἀλλά

2304 4865 2412 4938 γάρ
2448 4865 2596 4931 ἀξιον
2627 4866 2822 4931 εἰπεῖν,
2844 4864 2988 4927 τίνος
3022 4864 3207 4917 ἕνεκεν
3234 4863 3607 4934 συνεχώρησεν
3650 4860 3798 4916 αὑτὸν
3826 4859 3850 4909 6

2304 4955 2437 5020 Θεὸς
2463 4953 2802 5023 ἀπελαθῆναι
2839 4951 3110 5005 ἐντεῦθεν.
3145 4951 3481 5023 Προσφάτως
3507 4947 3574 5019 ἦν
3603 4945 3848 5004 ἀναπνεύο

2305 5063 2446 5100 σασα
2468 5048 2502 5116 ὴ
2531 5044 2827 5116 Ἐκκλησία
2846 5062 2860 5077 ο
2891 5041 3005 5115 εἶχε
3034 5043 3385 5115 παραμυθίαν
3407 5044 3468 5097 ού
3487 5043 3585 5114 τὴν
3606 5039 3846 5112 τυχοῦσαν

2302 5137 2400 5206 τὴν
2434 5136 2753 5189 ἐπιστασίαν
2788 5137 2887 5207 τὴν
2908 5137 3118 5189 ἐκείνου
3140 5153 3153 5167 ·
3179 5135 3513 5206 πανταχόθεν
3541 5135 3704 5206 αὐτὴν
3727 5129 3844 5184 ἐτείο

2300 5228 2472 5296 χιζεν,
2499 5224 2718 5278 καὶτῶν
2750 5224 3022 5295 πολεμίων
3055 5225 3152 5287 τάς
3178 5224 3479 5295 προσϐολὰς
3511 5223 3841 5294 ἀπεκρούετο.

2371 5313 2528 5374 Τίνος
2572 5307 2664 5366 οὖν
2710 5311 2894 5365 ἕνεκεν
2941 5311 3274 5376 ἐξεϐάλλετο,
3305 5312 3396 5364 καὶ
3437 5310 3722 5380 συνεχώρει
3745 5308 3842 5367 τοῖς

2301 5405 2607 5472 ἀπάγουσιν
2645 5403 2807 5458 αὑτὸν
2833 5406 2859 5457 6
2888 5401 3059 5468 856;;
3088 5403 3231 5465 τίνος
3266 5403 3489 5468 ἐνεκεν;
3524 5402 3633 5455 Καὶ
3667 5401 3733 5469 μή
3772 5411 3840 5446 τοι

2299 5498 2556 5568 νομίσητε
2580 5497 2781 5568 ταύτης
2810 5497 2911 5568 τῆς
2933 5496 3163 5568 ἀπορίας
3191 5494 3342 5546 λύσιν
3375 5491 3512 5548 εἶναι
3546 5493 3607 5547 τὺ
3638 5490 3838 5559 λεγόμεη

2304 5604 2392 5646 νον
2419 5589 2583 5659 μόνης
2604 5605 2618 5621 '
2652 5590 2786 5644 ἀλλά
2822 5589 2920 5668 κᾶν
2947 5587 3082 5659 πρὸς
3113 5585 3397 5656 Ἕλληνας,
3424 5583 3527 5637 κᾶν
3557 5581 3686 5653 πρὸς
3707 5580 3836 5650 αίρε-
