4082 6456
266 255 367 312 σοι

262 382 458 423 eorum
497 367 643 424 odor
682 369 735 425 in
775 371 952 436 vicos,
977 370 1321 442 angiportu‘s,
1351 380 1405 426 et
1431 369 1568 440 fora,
1593 370 1671 427 eis
1700 371 1866 427 etiam

260 458 354 525 qui
384 456 524 513 foris
550 460 1020 528 ambulant,.intus
1048 462 1334 531 repositam
1368 470 1670 516 aromatum
1701 461 1870 516 virtu-

262 557 372 604 tem
398 549 638 607 indicat.
662 551 813 619 Quod
842 551 888 606 si
912 550 1054 618 fons,
1080 561 1136 607 et
1158 552 1327 619 radix,
1357 562 1412 609 et
1439 552 1690 607 arbontm
1709 560 1872 622 atque

259 649 678 710 unguentorum
719 650 905 697 natura
943 651 1139 698 tantam
1166 644 1273 699 vim
1303 643 1530 710 habent,
1558 643 1730 699 multo
1756 655 1874 698 ωδε

256 731 341 800 gis
371 741 697 795 sanctorum
725 747 970 802 corpora.
1003 733 1288 790 Enimvero
1314 733 1445 789 falsa
1471 749 1576 790 non
1607 748 1727 790 esse
1747 747 1872 805 qua:

255 827 526 896 dicimus,
557 844 660 884 vos
689 814 819 884 inihi
844 838 1008 886 testes
1028 830 1179 886 estis.
1205 829 1335 884 Nam
1367 829 1618 900 martyris
1653 827 1869 898 quidem

253 920 427 973 situm
457 929 549 974 est
581 934 778 989 corpus
805 920 858 976 in
888 920 1111 976 Thracia
1131 961 1148 987 ,
1179 934 1277 975 vos
1298 928 1477 974 autem
1507 919 1596 990 qui
1623 919 1676 974 in
1703 917 1872 972 Thra-

251 1011 339 1065 cia
369 1025 486 1065 non
514 1012 808 1067 versamini
833 1054 849 1080 ,
877 1011 970 1068 sed
997 1013 1064 1068 ab
1084 1012 1170 1067 illa
1204 1013 1422 1083 regione
1441 1012 1668 1067 multum
1694 1008 1868 1066 dissiti

253 1101 394 1156 estis
413 1143 429 1167 ,
459 1116 690 1160 suavem
715 1103 934 1159 odorem
961 1104 1121 1160 tantis
1159 1104 1345 1175 spatiis
1374 1103 1664 1174 interiectis
1691 1103 1867 1174 perci-

251 1192 386 1262 pitis
411 1237 429 1261 ,
467 1194 706 1266 ideoque
727 1197 1053 1252 convenistis
1069 1237 1084 1264 ,
1114 1211 1214 1253 nec
1235 1212 1358 1252 eum
1385 1194 1868 1266 vitelonginquitas

248 1283 592 1353 impedivit,
620 1301 721 1342 nec
757 1285 1076 1342 diuturnitas
1117 1287 1371 1356 temporis
1413 1284 1689 1342 exstinxit.
1721 1283 1868 1338 Talis

251 1375 407 1430 enim
440 1377 812 1446 spiritualium
847 1386 998 1434 recte
1026 1378 1289 1434 factorum
1335 1387 1418 1435 est
1463 1386 1691 1434 natura:
1719 1377 1867 1432 nullo

249 1476 533 1533 corporeo
581 1465 985 1537 interrumpitur
1009 1467 1314 1532 obstaculo,
1346 1468 1442 1522 sed
1487 1466 1646 1523 ﬂoret
1665 1475 1720 1522 et
1748 1480 1865 1521 cre-

248 1555 357 1608 scit
383 1554 442 1610 in
464 1555 593 1612 dies
615 1598 631 1624 ,
659 1572 884 1627 eamque
911 1572 1012 1614 nec
1038 1558 1396 1629 longinquitas
1416 1557 1681 1629 temporis
1719 1554 1868 1613 labe-

252 1644 429 1700 factat
449 1688 468 1714 ,
497 1662 604 1704 nec
633 1647 971 1704 intervallum
994 1648 1202 1704 itineris
1228 1648 1554 1704 intercludit.

327 1734 629 1808 Has-lyram
652 1755 753 1793 non
779 1732 892 1794 sola
918 1755 1054 1794 mors
1079 1740 1221 1810 facit.
1239 1738 1501 1809 —Neque
1518 1752 1645 1792 vero
1661 1735 1854 1792 mirum

249 1827 412 1882 vobis
442 1829 722 1895 videatur,
763 1829 906 1900 quod
937 1831 1052 1900 ipso
1081 1831 1134 1885 in
1163 1831 1347 1886 limine
1373 1829 1630 1885 orationis
1655 1843 1717 1883 ac
1742 1827 1862 1882 lau-

249 1917 500 1974 dationis
529 1929 774 1975 sanctum
799 1931 1090 1991 martyrem
1115 1921 1452 1991 appellarim,
1484 1919 1746 1990 siquidem
1767 1934 1861 1974 sua

251 2019 434 2065 morte
483 2011 733 2066 sublatus
769 2028 801 2068 e
840 2012 976 2068 vivis
998 2021 1117 2068 est:
1140 2013 1230 2084 qui
1256 2022 1435 2083 potest
1469 2012 1631 2082 igitur
1657 2019 1864 2082 martyr

252 2103 422 2157 esse?
452 2102 840 2172 Saepenumero
869 2104 978 2160 dixi
1004 2105 1155 2160 vobis
1176 2145 1192 2172 ,
1233 2113 1519 2176 martyrem
1546 2103 1724 2160 facere
1753 2118 1860 2159 non

253 2200 497 2246 mortem
537 2201 743 2247 tantum
767 2234 780 2258 ,
811 2194 905 2249 sed
931 2195 1093 2250 animi
1123 2210 1332 2264 quoque
1359 2194 1690 2264 propositum
1715 2210 1729 2248 :
1752 2209 1858 2249 non

251 2283 402 2334 enim
427 2291 631 2336 eventu
649 2283 786 2348 sole,
808 2283 904 2338 sed
924 2285 1085 2339 etiam
1109 2285 1380 2338 voluntate
1399 2283 1640 2355 martyrii
1659 2298 1858 2339 corona

249 2383 630 2441 comparatur.
661 2373 729 2428 Et
756 2375 892 2429 hanc
915 2389 1020 2429 non
1051 2389 1172 2444 ego,
1197 2374 1292 2428 sed
1313 2374 1508 2429 Paulus
1532 2374 1686 2429 affert
1711 2390 1858 2430 mar-

252 2465 380 2534 tyrii
432 2464 838 2531 definitionem,
885 2480 1008 2523 cum
1063 2465 1134 2519 ita
1180 2464 1342 2532 dicit,
1388 2465 1626 2533 Quotidie
1671 2467 1860 2520 morior

250 2554 320 2627 (l.
343 2555 472 2610 Cor.
498 2557 586 2611 15.
617 2554 733 2626 51.)
763 2555 1043 2622 Quomodo
1069 2555 1303 2626 quotidie
1336 2555 1597 2612 moreris?
1623 2556 1714 2626 qui
1744 2556 1858 2612 fieri

252 2654 440 2714 potest
465 2686 482 2710 ,
535 2655 593 2700 ut
634 2660 740 2700 uno
766 2660 991 2714 corpore
1033 2654 1313 2702 sexcentas
1355 2656 1557 2701 mortes
1589 2647 1856 2717 excipias?

251 2735 548 2806 Proposito
578 2736 827 2791 nimirum
855 2737 1056 2805 animi,
1087 2737 1297 2807 inquit,
1338 2739 1585 2808 quodque
1609 2737 1677 2793 ad
1707 2753 1854 2794 mor-

251 2835 361 2881 tem
393 2828 502 2882 sim
532 2835 768 2897 paratus.
795 2827 877 2882 ita
918 2827 1060 2883 Deus
1098 2828 1258 2884 etiam
1302 2827 1592 2884 declaravit
1617 2846 1631 2883 :
1656 2830 1854 2885 etenim

248 2916 533 2971 Abraham
564 2932 670 2971 non
713 2917 947 2988 gladium
990 2917 1324 2984 cruentavit,
1357 2933 1464 2972 non
1492 2919 1664 2974 altare
1690 2919 1854 2974 rube-

249 3004 400 3073 fecit,
425 3022 537 3060 uon
564 3005 712 3061 Isaac
731 3005 1027 3075 jugulavit:
1052 3007 1147 3062 sed
1175 3016 1353 3062 tamen
1382 3008 1704 3062 sacrificium
1733 3023 1854 3077 per-

249 3093 397 3165 fecit.
432 3096 567 3164 Quis
594 3095 697 3150 hoc
719 3095 830 3149 ait?
857 3094 948 3151 Ille
973 3097 1088 3166 ipse
1113 3097 1203 3166 qui
1231 3097 1552 3152 sacrificium
1581 3098 1850 3167 suscepit:

253 3182 381 3240 Non
411 3186 684 3256 pepercisti
721 3185 862 3241 enim
889 3227 905 3252 ,
949 3185 1155 3255 inquit,
1192 3187 1300 3256 ﬁlio
1331 3195 1416 3240 tuo
1443 3186 1626 3242 dilecto
1648 3198 1855 3259 propter

247 3293 331 3332 me
355 3276 514 3349 (Gen.
544 3277 635 3332 22.
670 3277 780 3349 i2).
809 3279 969 3348 Atqui
997 3278 1175 3333 vivum
1206 3292 1328 3333 eum
1359 3278 1582 3350 recepit,
1615 3287 1671 3334 et
1696 3279 1848 3334 inco-

254 3367 462 3425 lumem
490 3369 703 3425 reduxit
730 3387 744 3425 :
774 3369 1045 3440 quomodo
1074 3370 1234 3440 igitur
1256 3384 1363 3425 non
1393 3371 1675 3440 pepercit?
1697 3369 1850 3438 Quod

252 3473 362 3513 non
386 3474 458 3514 ex
480 3458 738 3515 factorum
761 3459 928 3524 exitu,
953 3459 1048 3514 sed
1067 3475 1133 3514 ex
1161 3460 1324 3516 animi
1344 3461 1629 3525 sententia,
1656 3461 1849 3532 inquit,

251 3551 321 3606 de
347 3551 616 3622 ejusmodi
645 3551 919 3608 sacrificiis
941 3551 1144 3607 soleam
1162 3551 1425 3623 judicare.
1452 3552 1569 3608 Non
1599 3555 1853 3609 mactavit

250 3657 450 3698 manus
475 3683 490 3709 ,
543 3651 600 3697 at
637 3644 884 3698 voluntas
925 3643 1176 3698 mactavit
1207 3660 1221 3697 :
1254 3659 1362 3698 non
1417 3643 1650 3714 gladium
1696 3645 1850 3715 pueri

251 3731 441 3802 jugulo
468 3732 765 3797 immersit,
809 3747 915 3788 non
945 3733 1207 3788 cervicem
1243 3732 1464 3800 incidit;
1505 3733 1600 3789 sed
1637 3742 1720 3789 est
1759 3747 1850 3789 sa-

255 3822 516 3877 crificium
528 3823 690 3877 etiam
702 3823 820 3877 sine
841 3823 1117 3892 sanguine.
1136 3822 1324 3878 Sciunt
1350 3823 1449 3890 illi,
1471 3825 1558 3896 qui
1582 3826 1850 3896 mysteriis

256 3911 450 3967 initiati
490 3920 648 3978 sunt,
681 3912 808 3982 quid
842 3911 1114 3967 dicamus:
1135 3921 1417 3983 propterea
1447 3922 1501 3970 et
1530 3914 1656 3970 illud
1685 3915 1853 3970 sacri-

258 4001 438 4058 ficium
481 4003 599 4059 sine
643 4003 900 4073 sanguine
928 4003 1225 4073 perfectum
1251 4011 1367 4072 est,
1410 4004 1662 4075 quoniam
1691 4006 1851 4076 hujus

259 4092 428 4164 figura
457 4109 576 4150 esse
599 4093 804 4149 debuit.
836 4094 998 4150 Vides
1036 4096 1090 4150 in
1109 4095 1290 4150 Veteri
1327 4096 1675 4154 Testamento
1713 4099 1850 4156 ima-

258 4182 438 4252 ginem
483 4183 654 4240 multo
678 4193 802 4241 ante
844 4183 1245 4240 adumbratam?
1277 4184 1396 4241 Noli
1443 4187 1652 4244 veritati
1687 4187 1849 4246 ﬁdem

259 4273 546 4345 denegare.

331 4365 386 4419 3.
415 4365 512 4420 Hic
550 4364 729 4436 itaque
765 4374 970 4438 martyr
1000 4366 1321 4440 (martyrem
1351 4368 1494 4424 enim
1532 4369 1686 4426 nobis
1727 4385 1849 4427 eum

261 4459 397 4515 ratio
426 4457 833 4531 demonstravit)
855 4459 919 4513 ad
939 4469 1221 4515 sexcentas
1246 4469 1448 4517 mortes
1473 4471 1690 4532 paratus
1714 4474 1847 4529 erat,

265 4556 319 4601 et
342 4563 532 4603 omnes
558 4548 678 4604 illas
697 4549 968 4605 voluntate
987 4549 1258 4620 animique
1279 4550 1551 4607 alacritate
1573 4553 1847 4608 toleravit:

265 4643 468 4694 talenta
493 4652 622 4692 vero
660 4637 894 4708 pericula
924 4638 1188 4709 permulta
1231 4639 1409 4708 reipsa
1440 4655 1652 4711 quoque
1693 4645 1854 4698 susti-

263 4724 398 4780 nuit.
438 4724 570 4780 Nam
614 4735 670 4782 et
692 4741 724 4780 e
752 4727 919 4797 patria
945 4741 1067 4782 eum
1095 4728 1400 4797 cjecerunt,
1431 4739 1591 4802 atque
1628 4731 1680 4787 in
1708 4733 1852 4788 exsi-

266 4814 397 4870 lium
444 4816 785 4887 relegarunt,
841 4818 1048 4889 aliaque
1097 4819 1263 4874 multa
1321 4828 1435 4876 tum
1487 4823 1743 4892 temporis
1799 4823 1853 4879 in

266 4907 479 4964 beatum
510 4909 657 4964 illum
685 4911 970 4965 machinati
1001 4921 1155 4975 sunt;
1189 4912 1400 4967 tametsi
1438 4914 1581 4984 quod
1621 4914 1698 4970 illi
1733 4916 1854 4984 jure

266 4999 476 5054 crimini
505 5009 794 5066 verterent,
827 5001 961 5056 nihil
1003 5001 1282 5070 baberent,
1315 5003 1409 5060 sed
1438 5005 1601 5074 quod,
1634 5006 1852 5063 Paulum

269 5088 534 5145 dicentem
561 5105 681 5146 cum
711 5091 969 5147 audiisset
992 5135 1007 5161 ,
1038 5093 1314 5148 Coluerunt
1341 5106 1390 5150 et
1416 5097 1690 5152 servierunt
1716 5116 1857 5153 crea-

270 5186 393 5234 tum
422 5181 586 5248 potius
614 5197 763 5250 quam
804 5193 1018 5237 creatori
1057 5183 1232 5254 (Rom.
1267 5185 1318 5239 l.
1350 5184 1441 5256 25)
1467 5226 1482 5253 ,
1527 5188 1855 5259 impietatem

273 5284 333 5324 ac
359 5272 535 5326 scelus
564 5273 790 5328 evitaret
814 5291 827 5328 :
850 5283 904 5328 at
932 5276 1073 5329 enim
1107 5275 1207 5332 hoc
1244 5277 1457 5347 quidem
1489 5294 1715 5345 corona,
1751 5297 1855 5337 non

273 5360 688 5426 reprehensione
710 5363 925 5434 dignum
952 5375 1086 5420 erat.
1111 5367 1189 5421 Tu
1210 5383 1334 5424 vero
1355 5368 1551 5424 diaboli
1577 5372 1854 5440 malitiam,

276 5465 476 5516 quaso,
509 5453 801 5520 perpende.
831 5454 961 5508 Nam
991 5457 1112 5524 quia
1148 5473 1252 5512 non
1293 5459 1362 5513 ita
1397 5461 1597 5529 pridem
1628 5478 1857 5532 pagano-

277 5555 388 5593 rum
418 5541 610 5594 bellum
642 5541 817 5598 fuerat
853 5547 1168 5601 exstinctum
1191 5589 1205 5613 ,
1250 5560 1302 5602 et
1345 5564 1373 5603 a
1411 5552 1658 5621 gravibus
1684 5555 1856 5608 conti-

278 5632 493 5703 nuisque
526 5638 1020 5705 perscquutionibus
1050 5641 1205 5711 paulo
1236 5652 1357 5700 ante
1384 5660 1568 5702 omnes
1601 5647 1854 5706 Ecclesia:

1277 259 1346 316 IN
1384 259 1440 314 S.
1481 257 1925 316 EUSTATHIUM
1988 255 2502 315 ANTIOCIIENUM.

3466 239 3572 298 ϐοὶ

1979 372 2340 443 respirarant,
2387 385 2562 442 neque
2601 367 2825 426 multum
2861 366 3146 426 enituerat
3186 366 3472 438 temporis,
3503 381 3570 422 ex

1977 478 2085 534 quo
2111 462 2310 532 templa
2348 462 2528 517 omnia
2553 460 2734 516 clausa
2757 499 2774 525 ,
2812 458 2999 515 altaria
3038 457 3296 514 exstincta
3326 456 3566 521 fuerant,

1977 562 2031 609 et
2055 552 2360 608 dmmonum
2385 551 2563 607 rabies
2589 549 2766 606 omnis
2793 549 2991 617 deleta,
3019 548 3242 620 haecque
3269 547 3569 617 improbum

1978 642 2280 699 dmmonem
2317 641 2460 698 male
2501 639 2804 708 habebant,
2856 649 3034 710 neque
3079 652 3264 709 pacem
3313 635 3570 692 Ecclesiae

1975 747 2132 802 equo
2156 732 2336 788 animo
2363 731 2503 788 ferre
2527 740 2736 802 poterat
2753 749 2768 786 :
2785 731 2913 802 quid
2943 744 3073 802 ergo
3111 726 3279 784 facit?
3301 726 3458 783 Aliud
3490 726 3571 780 in-

1975 821 2082 879 fert
2122 822 2324 878 bellum
2367 821 2639 878 infestum.
2680 820 2816 877 Nam
2857 819 2988 876 illud
3024 819 3239 890 quidem
3286 827 3568 874 externum

1975 912 2096 980 fuit,
2123 912 2228 969 hoc
2251 929 2385 970 vero
2408 913 2753 974 intestinum:
2777 913 2898 968 talia
2924 925 3089 982 porro
3109 911 3278 966 multo
3302 908 3570 964 difficilius

1973 1012 2345 1075 prazeaventur
2362 1047 2378 1074 ,
2407 1014 2462 1062 et
2490 1004 2646 1061 facile
2665 1018 2762 1061 eos
2784 1003 3113 1076 Oppi-imum.
3140 1001 3195 1056 in
3225 1015 3361 1074 quos
3384 1001 3568 1056 incur-

1972 1102 2120 1152 runt.

2044 1186 2342 1242 Eustathius
2351 1186 2679 1242 Antiocheam
2691 1195 2797 1240 tum
2810 1183 3055 1241 Ecclesia
3076 1183 3174 1256 fuit
3193 1182 3478 1264 episcopus.
3497 1209 3569 1224 --

1973 1275 2072 1333 illo
2120 1278 2298 1348 itaque
2338 1286 2578 1348 tempore
2617 1277 2911 1334 Ecciesiam
2935 1318 2950 1343 ,
2984 1291 3104 1347 quas
3142 1273 3283 1345 apud
3322 1288 3423 1329 uos
3448 1281 3565 1336 est.

1970 1367 2189 1438 regebat
2231 1367 2419 1423 beatus
2465 1369 2606 1434 iste,
2663 1382 2727 1424 ac
2774 1367 2994 1422 morbus
3034 1375 3255 1421 exortus
3294 1371 3377 1420 est
3414 1361 3568 1433 quasi

1969 1458 2135 1530 pestis
2154 1458 2401 1529 quaedam
2425 1458 2618 1515 infesta
2655 1458 2724 1512 ab
2748 1457 2965 1530 Egypti
2995 1456 3323 1527 regionibus,
3349 1453 3440 1525 qui
3469 1467 3570 1524 per

1969 1547 2132 1603 urbes
2164 1548 2470 1617 interjectas
2511 1556 2784 1619 grassatus
2823 1547 2875 1601 in
2915 1557 3156 1601 nostram
3184 1545 3370 1600 urbem
3400 1543 3570 1612 impe-

1969 1647 2082 1694 tum
2112 1636 2288 1694 facere
2315 1639 2654 1710 properabat.
2696 1639 2767 1692 At
2811 1637 2901 1693 ille
2929 1637 3154 1707 vigilans
3193 1644 3249 1691 et
3293 1642 3566 1699 attentus,

1967 1730 2252 1800 omniaque
2283 1729 2582 1800 prtevidens
2604 1744 2724 1800 quae
2751 1728 3105 1784 imminebant
3123 1770 3138 1791 ,
3166 1729 3420 1796 ingruens
3444 1729 3560 1784 bel-

1966 1820 2078 1876 lum
2109 1820 2327 1874 arcebat
2354 1837 2368 1874 :
2393 1826 2449 1874 et
2491 1828 2762 1889 tamquam
2806 1819 3022 1888 sapiens
3062 1819 3254 1889 aliquis
3283 1817 3523 1873 medicus
3548 1859 3564 1885 ,

1967 1913 2277 1984 priusquam
2309 1912 2529 1968 morbus
2556 1911 2774 1977 urbem,
2803 1910 2856 1966 in
2884 1927 2990 1982 qua
3013 1911 3302 1976 residebat,
3333 1911 3566 1966 invasis-

1966 2012 2082 2068 set,
2114 2005 2507 2061 medicamenta
2536 2004 2917 2075 comparabat,
2949 2019 3014 2058 ac
3051 2019 3260 2059 sacram
3297 2004 3436 2058 hanc
3465 2018 3564 2057 na-

1965 2111 2086 2151 vem
2114 2096 2280 2150 multa
2311 2111 2432 2152 cum
2456 2097 2750 2162 securitate
2769 2094 3124 2167 gubernabat,
3154 2085 3563 2166 quoquoversus

1964 2190 2420 2256 circumcursans,
2446 2197 2638 2245 nautas
2659 2230 2672 2254 ,
2699 2194 2946 2243 vectores
2970 2228 2986 2253 ,
3033 2186 3348 2257 navigantes
3374 2200 3564 2240 omnes

1963 2279 2276 2344 concitans,
2322 2287 2378 2334 et
2418 2294 2611 2335 curans
2654 2287 2713 2333 ut
2757 2278 3039 2348 vigilarent
3082 2286 3136 2332 et
3183 2275 3562 2340 attenderem,

1963 2370 2113 2439 quasi
2139 2370 2249 2438 jam
2278 2369 2594 2426 invaderent
2621 2383 2739 2425 eam
2770 2368 2976 2438 piratae,
3003 2383 3068 2424 ac
3098 2367 3226 2423 fidei
3251 2366 3560 2422 thesaurum

1961 2459 2349 2514 contenderent
2377 2458 2698 2530 depraedari.
2721 2457 2906 2527 Neque
2925 2473 3056 2513 vero
3082 2458 3166 2512 hic
3189 2466 3391 2513 tantum
3423 2457 3562 2513 hanc

1960 2563 2146 2604 curam
2177 2549 2453 2616 adhibuit,
2501 2549 2596 2605 sed
2639 2548 2693 2604 in
2742 2563 2932 2604 omnes
2968 2557 3151 2618 partes
3196 2547 3441 2602 mittebat
3469 2547 3559 2617 qui

1960 2640 2251 2707 docerent,
2293 2642 2384 2711 qui
2429 2641 2880 2708 cohortarentur,
2920 2642 3008 2711 qui
3054 2641 3422 2712 disputarent,
3468 2641 3559 2710 qui

1960 2733 2207 2789 hostibus
2233 2733 2436 2790 aditum
2464 2749 2680 2790 omnem
2709 2733 3150 2790 intercluderent.
3182 2733 3357 2788 Probe
3390 2733 3560 2803 siqui-

1960 2827 2084 2883 dem
2117 2843 2146 2882 a
2173 2827 2402 2896 Spiritus
2427 2827 2599 2897 gratia
2636 2826 2812 2881 fuerat
2837 2825 3061 2881 edoctus
3080 2866 3094 2889 ,
3135 2824 3390 2883 Ecclesiae
3416 2838 3559 2894 pra-

1958 2918 2131 2974 sulem
2174 2933 2283 2973 non
2324 2916 2392 2973 de
2437 2918 2526 2972 illa
2579 2925 2785 2971 tantum
2831 2915 3119 2972 sollicitum
3155 2929 3277 2971 esse
3319 2913 3557 2982 debere,

1957 3023 2075 3079 quae
2101 3023 2132 3062 a
2161 3009 2364 3078 Spiritu
2389 3015 2576 3064 sancto
2601 3007 2675 3062 illi
2703 3007 2988 3063 commissa
3017 3013 3136 3074 est,
3181 3005 3273 3062 sed
3299 3006 3459 3060 etiam
3489 3004 3559 3060 de

1957 3100 2144 3168 quavis
2194 3100 2248 3155 in
2281 3100 2416 3156 orbe
2451 3107 2715 3154 terrarum
2763 3097 3054 3153 constituta
3089 3114 3102 3151 :
3132 3104 3292 3167 atque
3330 3096 3433 3153 hoc
3469 3094 3561 3152 ille

1956 3191 2125 3245 sacris
2163 3205 2194 3246 e
2231 3189 2483 3261 precibus
2527 3188 2836 3260 colligebat.
2886 3186 2946 3242 Si
2993 3188 3136 3242 enim
3177 3201 3276 3257 pro
3311 3187 3558 3242 universa

1953 3281 2221 3349 Ecclesia,
2249 3282 2445 3352 inquit,
2476 3280 2759 3336 fundandae
2780 3288 2908 3336 sunt
2930 3293 3136 3348 preces,
3160 3294 3280 3350 quae
3306 3293 3335 3332 a
3365 3278 3559 3333 finibus

1957 3373 2024 3428 ad
2052 3373 2187 3430 flues
2213 3389 2385 3445 usque
2407 3372 2642 3444 pertinet
2669 3372 2819 3428 orbis
2844 3379 3110 3427 terrarum
3131 3411 3147 3436 ,
3190 3370 3364 3426 multo
3387 3368 3558 3439 magis

1953 3471 2009 3518 et
2036 3464 2151 3532 ejus
2178 3465 2442 3519 universa:
2465 3478 2655 3534 gerere
2673 3477 2857 3518 curam
2887 3467 3117 3531 oportet,
3147 3469 3203 3516 et
3221 3459 3288 3516 de
3308 3459 3558 3516 omnibus

1953 3555 2156 3627 pariter
2183 3571 2305 3612 esse
2325 3556 2637 3621 sollicitum,
2655 3555 2903 3611 omnibus
2931 3537 3232 3624 providere.
3255 3551 3408 3621 Quod
3427 3565 3558 3620 ergo

1955 3647 2007 3701 in
2051 3646 2322 3718 Stephano
2367 3647 2588 3710 accidit,
2635 3647 2687 3701 id
2715 3647 2767 3701 in
2795 3660 2862 3701 eo
2892 3645 3052 3700 etiam
3083 3644 3282 3700 evenit.
3304 3642 3382 3700 θυι
3399 3643 3555 3699 enim
3599 3695 3606 3703 .

1953 3735 2122 3792 Judaai
2148 3751 2272 3792 cum
2299 3737 2554 3807 Stephani
2585 3735 2862 3806 sapientia:
2889 3749 2995 3789 non
3023 3726 3546 3804 possent‘rcsistere,

1954 3835 2199 3882 sanetum
2231 3826 2380 3881 illum
2411 3825 2722 3896 lapidabant
2743 3843 2756 3879 :
2781 3825 2859 3880 sic
2899 3832 2953 3880 et
2994 3824 3080 3879 isti
3121 3839 3242 3878 cum
3274 3822 3433 3892 hujus
3461 3837 3553 3878 sa-

1953 3918 2168 3987 pientite
2206 3916 2458 3973 resistere
2501 3932 2605 3970 non
2641 3923 2889 3986 possent,
2933 3929 2998 3969 ac
3039 3915 3242 3969 munita
3268 3921 3557 3970 cernerent

1954 4009 2347 4080 propugnacula
2371 4049 2388 4074 ,
2435 4015 2546 4064 tum
2588 4022 2621 4062 e
2658 4006 2878 4062 civitate
2919 4020 3224 4076 praeconem
3257 4006 3550 4075 expellunt.

1953 4100 2025 4156 At
2050 4100 2192 4155 enim
2217 4114 2322 4154 vox
2347 4097 2569 4154 minime
2595 4097 2825 4162 tacebat,
2851 4097 2945 4151 sed
2972 4096 3097 4152 licet
3124 4096 3288 4151 homo
3317 4096 3554 4165 expelle-

1953 4197 2128 4252 retur,
2145 4203 2250 4244 non
2268 4188 2636 4258 expellebatur
2648 4202 2829 4243 sermo
2840 4187 3114 4243 doctrinm.
3130 4188 3261 4243 Nam
3285 4199 3338 4243 et
3358 4188 3555 4244 Paulus

1955 4283 2204 4352 alligatus
2247 4289 2393 4348 erat,
2439 4281 2534 4336 sed
2579 4280 2801 4335 verbum
2847 4279 2942 4334 Dei
2983 4295 3090 4334 non
3126 4287 3245 4335 erat
3281 4279 3553 4351 alligatum

1955 4373 2035 4440 (2.
2064 4371 2202 4428 Tim.
2235 4372 2300 4427 2.
2324 4373 2484 4443 9):et
2526 4372 2612 4428 hic
2642 4387 2860 4442 peregre
2889 4379 3006 4426 erat
3027 4411 3042 4436 ,
3062 4379 3118 4426 et
3159 4370 3404 4426 doctrina
3431 4371 3550 4442 ejus

1956 4465 2094 4534 apud
2126 4479 2225 4520 nos
2253 4473 2388 4520 erat.
2426 4464 2780 4532 Erumpentes
2808 4477 2937 4533 ergo
2965 4462 3251 4532 constipati
3280 4455 3552 4533 tamquam

1956 4558 2224 4612 violentus
2274 4556 2489 4625 quidam
2543 4566 2754 4612 torrens
2814 4556 3073 4626 impetum
3130 4556 3402 4620 fecerunt;
3458 4555 3558 4611 sed

1956 4664 2131 4719 neque
2163 4649 2371 4719 plantas
2411 4649 2722 4716 vulserunt,
2770 4664 2946 4719 neque
3002 4648 3180 4721 fruges
3221 4649 3559 4713 obruerunt,

1957 4755 2132 4811 neque
2152 4748 2359 4810 segetes
2382 4748 2662 4796 vastarunt
2686 4758 2700 4795 :
2726 4749 2834 4796 tam
2862 4741 3075 4812 egregie
3096 4781 3113 4807 ,
3158 4749 3266 4796 tam
3293 4740 3466 4811 perite
3489 4741 3565 4794 ab

1957 4833 2074 4904 ejus
2090 4831 2348 4903 sapientia
2366 4834 2591 4890 exculte
2609 4832 2874 4888 radicibus
2892 4835 3014 4889 fixis
3028 4832 3319 4888 hmrebant.
3338 4833 3564 4889 Verum-

1958 4927 2232 4983 enimvero
2256 4925 2724 4981 dicendumuobis
2769 4934 2870 4986 est,
2901 4941 3006 4996 qua
3053 4925 3120 4980 de
3166 4941 3327 4980 causa
3359 4925 3571 4995 permiq

1959 5018 2092 5072 serit
2116 5017 2262 5072 illum
2295 5016 2434 5072 Deus
2461 5017 2585 5070 hinc
2613 5016 2828 5086 expelli.
2861 5015 3148 5085 Respirare
3174 5024 3413 5084 cmperat
3437 5030 3549 5069 non

1961 5110 2034 5164 ita
2065 5109 2269 5179 pridem
2308 5109 2545 5184 Ecclesia
2571 5152 2586 5175 ,
2619 5124 2795 5180 neque
2825 5109 3149 5165 mediocrem
3181 5110 3278 5180 ipsi
3307 5109 3561 5165 consola-

1965 5201 2161 5257 tionem
2192 5202 2331 5256 illius
2360 5203 2597 5271 regimen
2623 5200 2880 5256 aﬂ‘erebat
2899 5219 2912 5253 :
2933 5202 3166 5271 undique
3188 5201 3332 5256 illam
3355 5201 3561 5256 munie«

1963 5293 2074 5359 bat,
2107 5304 2155 5348 et
2184 5293 2415 5348 hostium
2443 5294 2671 5363 impetus
2699 5295 3063 5364 propulsabat.

2036 5383 2137 5439 Cur
2161 5386 2214 5439 in
2255 5385 2495 5439 exsilium
2537 5386 2666 5439 mitti
2711 5385 3038 5440 Eustathium
3088 5385 3374 5455 permiserit
3399 5383 3561 5440 Deus.

1966 5505 2037 5516 —
2065 5475 2175 5530 Cur
2203 5475 2361 5545 igitur
2409 5486 2491 5531 est
2529 5476 2749 5546 eiectus.
2781 5486 2834 5532 et
2880 5478 2981 5531 hoc
3013 5478 3119 5532 illis
3162 5476 3422 5546 permisit,
3468 5475 3562 5544 qui

1966 5565 2092 5619 hinc
2116 5581 2236 5619 eum
2263 5567 2594 5636 ablegarunt,
2617 5568 2790 5622 Deus?
2805 5583 2962 5636 quam
2983 5568 3198 5621 tandem
3222 5567 3288 5620 ob
3306 5581 3520 5620 causam
3536 5565 3566 5619 9

1969 5653 2143 5711 Nolite
2172 5665 2350 5712 autem
2378 5656 2647 5716 arbitrari.
2680 5660 2820 5730 quod
2850 5674 2990 5715 nunc
3019 5667 3310 5714 tractamus
3332 5700 3348 5728 ,
3394 5657 3564 5714 solius
