  <div class='ocr_page' id='page_1' title='image "/cluster/home/n/w/nwhite01/storage/ocr_20150623/50/ien.35556001660778/201.png"; bbox 0 0 4082 6422; ppageno 0'>
   <div class='ocr_carea' id='block_1_1' title="bbox 597 251 704 309">
    <p class='ocr_par' dir='ltr' id='par_1_1' title="bbox 597 251 704 309">
     <span class='ocr_line' id='line_1_1' title="bbox 597 251 704 309; baseline -0.009 0"><span class='ocrx_word' id='word_1_1' title='bbox 597 251 704 309; x_wconf 72' lang='lat'><strong>603</strong></span> 
     </span>
    </p>
   </div>
   <div class='ocr_carea' id='block_1_2' title="bbox 598 364 2172 443">
    <p class='ocr_par' dir='ltr' id='par_1_2' title="bbox 598 364 2172 443">
     <span class='ocr_line' id='line_1_2' title="bbox 598 364 2172 443; baseline 0 -23"><span class='ocrx_word' id='word_1_2' title='bbox 598 364 909 436; x_wconf 67' lang='lat' dir='ltr'><strong>quaestionis</strong></span> <span class='ocrx_word' id='word_1_3' title='bbox 928 364 1086 436; x_wconf 81' lang='lat' dir='ltr'><strong>hujus</strong></span> <span class='ocrx_word' id='word_1_4' title='bbox 1111 379 1230 441; x_wconf 70' lang='lat' dir='ltr'><strong>esse</strong></span> <span class='ocrx_word' id='word_1_5' title='bbox 1253 366 1605 433; x_wconf 83' lang='lat' dir='ltr'><strong>solutionem;</strong></span> <span class='ocrx_word' id='word_1_6' title='bbox 1633 367 1730 443; x_wconf 75' lang='lat' dir='ltr'><strong>sed</strong></span> <span class='ocrx_word' id='word_1_7' title='bbox 1756 367 1869 429; x_wconf 83' lang='lat' dir='ltr'><strong>sive</strong></span> <span class='ocrx_word' id='word_1_8' title='bbox 1909 381 2032 422; x_wconf 90' lang='lat' dir='ltr'><strong>cum</strong></span> <span class='ocrx_word' id='word_1_9' title='bbox 2078 380 2172 435; x_wconf 90' lang='lat' dir='ltr'><strong>pa-</strong></span> 
     </span>
    </p>
   </div>
   <div class='ocr_carea' id='block_1_3' title="bbox 600 453 2175 527">
    <p class='ocr_par' dir='ltr' id='par_1_3' title="bbox 600 453 2175 527">
     <span class='ocr_line' id='line_1_3' title="bbox 600 453 2175 527; baseline 0.001 -19"><span class='ocrx_word' id='word_1_10' title='bbox 600 455 775 527; x_wconf 86' lang='lat' dir='ltr'><strong>ganis,</strong></span> <span class='ocrx_word' id='word_1_11' title='bbox 806 455 920 510; x_wconf 91' lang='lat' dir='ltr'><strong>sive</strong></span> <span class='ocrx_word' id='word_1_12' title='bbox 947 470 1070 510; x_wconf 90' lang='lat' dir='ltr'><strong>cum</strong></span> <span class='ocrx_word' id='word_1_13' title='bbox 1101 453 1369 510; x_wconf 67' lang='lat' dir='ltr'><strong>baareticis</strong></span> <span class='ocrx_word' id='word_1_14' title='bbox 1395 470 1425 509; x_wconf 90' lang='lat' dir='ltr'><strong>a</strong></span> <span class='ocrx_word' id='word_1_15' title='bbox 1447 455 1599 511; x_wconf 92' lang='lat' dir='ltr'><strong>vobis</strong></span> <span class='ocrx_word' id='word_1_16' title='bbox 1621 455 1688 512; x_wconf 93' lang='lat' dir='ltr'><strong>de</strong></span> <span class='ocrx_word' id='word_1_17' title='bbox 1723 456 1884 511; x_wconf 82' lang='lat' dir='ltr'><strong>rebus</strong></span> <span class='ocrx_word' id='word_1_18' title='bbox 1910 455 2175 524; x_wconf 87' lang='lat' dir='ltr'><strong>ejusmodi</strong></span> 
     </span>
    </p>
   </div>
   <div class='ocr_carea' id='block_1_4' title="bbox 599 533 2175 616">
    <p class='ocr_par' dir='ltr' id='par_1_4' title="bbox 599 533 2175 616">
     <span class='ocr_line' id='line_1_4' title="bbox 599 533 2175 616; baseline 0.001 -19"><span class='ocrx_word' id='word_1_19' title='bbox 599 533 775 598; x_wconf 72' lang='lat' dir='ltr'><strong>sermo</strong></span> <span class='ocrx_word' id='word_1_20' title='bbox 794 542 906 612; x_wconf 83' lang='lat' dir='ltr'><strong>dat,</strong></span> <span class='ocrx_word' id='word_1_21' title='bbox 929 544 998 600; x_wconf 89' lang='lat' dir='ltr'><strong>ad</strong></span> <span class='ocrx_word' id='word_1_22' title='bbox 1052 560 1264 600; x_wconf 90' lang='lat' dir='ltr'><strong>omnem</strong></span> <span class='ocrx_word' id='word_1_23' title='bbox 1308 545 1616 614; x_wconf 85' lang='lat' dir='ltr'><strong>solvendam</strong></span> <span class='ocrx_word' id='word_1_24' title='bbox 1646 546 1996 616; x_wconf 66' lang='lat' dir='ltr'><strong>quaestionem</strong></span> <span class='ocrx_word' id='word_1_25' title='bbox 2023 543 2175 599; x_wconf 71' lang='lat' dir='ltr'><strong>suffi-</strong></span> 
     </span>
    </p>
   </div>
   <div class='ocr_carea' id='block_1_5' title="bbox 598 629 2178 708">
    <p class='ocr_par' dir='ltr' id='par_1_5' title="bbox 598 629 2178 708">
     <span class='ocr_line' id='line_1_5' title="bbox 598 629 2178 708; baseline 0.002 -18"><span class='ocrx_word' id='word_1_26' title='bbox 598 637 704 692; x_wconf 85' lang='lat' dir='ltr'><strong>ciet</strong></span> <span class='ocrx_word' id='word_1_27' title='bbox 729 638 870 707; x_wconf 85' lang='lat' dir='ltr'><strong>quod</strong></span> <span class='ocrx_word' id='word_1_28' title='bbox 899 638 1157 694; x_wconf 85' lang='lat' dir='ltr'><strong>dicemus.</strong></span> <span class='ocrx_word' id='word_1_29' title='bbox 1191 629 1332 693; x_wconf 84' lang='lat' dir='ltr'><strong>Deus</strong></span> <span class='ocrx_word' id='word_1_30' title='bbox 1358 638 1573 708; x_wconf 87' lang='lat' dir='ltr'><strong>quidem</strong></span> <span class='ocrx_word' id='word_1_31' title='bbox 1592 653 1771 694; x_wconf 82' lang='lat' dir='ltr'><strong>veram</strong></span> <span class='ocrx_word' id='word_1_32' title='bbox 1798 653 1947 692; x_wconf 86' lang='lat' dir='ltr'><strong>suam</strong></span> <span class='ocrx_word' id='word_1_33' title='bbox 1969 645 2023 691; x_wconf 88' lang='lat' dir='ltr'><strong>et</strong></span> <span class='ocrx_word' id='word_1_34' title='bbox 2048 651 2178 706; x_wconf 89' lang='lat' dir='ltr'><strong>apo-</strong></span> 
     </span>
    </p>
   </div>
   <div class='ocr_carea' id='block_1_6' title="bbox 599 725 2174 799">
    <p class='ocr_par' dir='ltr' id='par_1_6' title="bbox 599 725 2174 799">
     <span class='ocr_line' id='line_1_6' title="bbox 599 725 2174 799; baseline 0.001 -19"><span class='ocrx_word' id='word_1_35' title='bbox 599 727 843 781; x_wconf 78' lang='lat' dir='ltr'><strong>stolicam</strong></span> <span class='ocrx_word' id='word_1_36' title='bbox 869 728 1024 782; x_wconf 87' lang='lat' dir='ltr'><strong>tidem</strong></span> <span class='ocrx_word' id='word_1_37' title='bbox 1053 729 1106 782; x_wconf 90' lang='lat' dir='ltr'><strong>in</strong></span> <span class='ocrx_word' id='word_1_38' title='bbox 1134 727 1316 782; x_wconf 92' lang='lat' dir='ltr'><strong>multis</strong></span> <span class='ocrx_word' id='word_1_39' title='bbox 1344 729 1639 799; x_wconf 88' lang='lat' dir='ltr'><strong>oppugnari</strong></span> <span class='ocrx_word' id='word_1_40' title='bbox 1676 727 1931 798; x_wconf 89' lang='lat' dir='ltr'><strong>permittit</strong></span> <span class='ocrx_word' id='word_1_41' title='bbox 1955 744 1970 793; x_wconf 90' lang='lat'><strong>;</strong></span> <span class='ocrx_word' id='word_1_42' title='bbox 1999 725 2174 782; x_wconf 72' lang='lat' dir='ltr'><strong>bzere-</strong></span> 
     </span>
    </p>
   </div>
   <div class='ocr_carea' id='block_1_7' title="bbox 603 819 2179 890">
    <p class='ocr_par' dir='ltr' id='par_1_7' title="bbox 603 819 2179 890">
     <span class='ocr_line' id='line_1_7' title="bbox 603 819 2179 890; baseline -0.001 -17"><span class='ocrx_word' id='word_1_43' title='bbox 603 833 692 873; x_wconf 82' lang='lat' dir='ltr'><strong>scs</strong></span> <span class='ocrx_word' id='word_1_44' title='bbox 743 829 919 874; x_wconf 89' lang='lat' dir='ltr'><strong>autem</strong></span> <span class='ocrx_word' id='word_1_45' title='bbox 956 827 1113 890; x_wconf 87' lang='lat' dir='ltr'><strong>atque</strong></span> <span class='ocrx_word' id='word_1_46' title='bbox 1145 821 1513 890; x_wconf 90' lang='lat' dir='ltr'><strong>paganismum</strong></span> <span class='ocrx_word' id='word_1_47' title='bbox 1566 835 1750 875; x_wconf 88' lang='lat' dir='ltr'><strong>secura</strong></span> <span class='ocrx_word' id='word_1_48' title='bbox 1793 819 2179 890; x_wconf 88' lang='lat' dir='ltr'><strong>tranquiltitate</strong></span> 
     </span>
    </p>
   </div>
   <div class='ocr_carea' id='block_1_8' title="bbox 603 904 2179 983">
    <p class='ocr_par' dir='ltr' id='par_1_8' title="bbox 603 904 2179 983">
     <span class='ocr_line' id='line_1_8' title="bbox 603 904 2179 983; baseline 0.001 -19"><span class='ocrx_word' id='word_1_49' title='bbox 603 910 803 981; x_wconf 75' lang='lat' dir='ltr'><strong>perfrui</strong></span> <span class='ocrx_word' id='word_1_50' title='bbox 825 912 969 968; x_wconf 96' lang='lat' dir='ltr'><strong>sinit.</strong></span> <span class='ocrx_word' id='word_1_51' title='bbox 1019 913 1156 980; x_wconf 88' lang='lat' dir='ltr'><strong>Quid</strong></span> <span class='ocrx_word' id='word_1_52' title='bbox 1182 912 1294 968; x_wconf 77' lang='lat' dir='ltr'><strong>ita?</strong></span> <span class='ocrx_word' id='word_1_53' title='bbox 1325 913 1392 969; x_wconf 91' lang='lat' dir='ltr'><strong>Ut</strong></span> <span class='ocrx_word' id='word_1_54' title='bbox 1417 913 1628 969; x_wconf 87' lang='lat' dir='ltr'><strong>illorum</strong></span> <span class='ocrx_word' id='word_1_55' title='bbox 1653 911 1869 983; x_wconf 85' lang='lat' dir='ltr'><strong>quidem</strong></span> <span class='ocrx_word' id='word_1_56' title='bbox 1896 904 2179 970; x_wconf 55' lang='lat' dir='ltr'><strong>inﬁrmita-L</strong></span> 
     </span>
    </p>
   </div>
   <div class='ocr_carea' id='block_1_9' title="bbox 607 1001 2178 1074">
    <p class='ocr_par' dir='ltr' id='par_1_9' title="bbox 607 1001 2178 1074">
     <span class='ocr_line' id='line_1_9' title="bbox 607 1001 2178 1074; baseline 0 -18"><span class='ocrx_word' id='word_1_57' title='bbox 607 1013 712 1057; x_wconf 88' lang='lat' dir='ltr'><strong>tem</strong></span> <span class='ocrx_word' id='word_1_58' title='bbox 735 1001 926 1069; x_wconf 88' lang='lat' dir='ltr'><strong>discas,</strong></span> <span class='ocrx_word' id='word_1_59' title='bbox 958 1015 1077 1073; x_wconf 71' lang='lat' dir='ltr'><strong>qua:</strong></span> <span class='ocrx_word' id='word_1_60' title='bbox 1119 1018 1241 1058; x_wconf 90' lang='lat' dir='ltr'><strong>cum</strong></span> <span class='ocrx_word' id='word_1_61' title='bbox 1271 1004 1488 1059; x_wconf 88' lang='lat' dir='ltr'><strong>minime</strong></span> <span class='ocrx_word' id='word_1_62' title='bbox 1515 1003 1850 1071; x_wconf 85' lang='lat' dir='ltr'><strong>divexentur,</strong></span> <span class='ocrx_word' id='word_1_63' title='bbox 1873 1010 2064 1074; x_wconf 91' lang='lat' dir='ltr'><strong>sponte</strong></span> <span class='ocrx_word' id='word_1_64' title='bbox 2086 1001 2178 1056; x_wconf 88' lang='lat' dir='ltr'><strong>de-</strong></span> 
     </span>
    </p>
   </div>
   <div class='ocr_carea' id='block_1_10' title="bbox 600 1092 2178 1166">
    <p class='ocr_par' dir='ltr' id='par_1_10' title="bbox 600 1092 2178 1166">
     <span class='ocr_line' id='line_1_10' title="bbox 600 1092 2178 1166; baseline 0.001 -20"><span class='ocrx_word' id='word_1_65' title='bbox 600 1101 912 1160; x_wconf 88' lang='lat' dir='ltr'><strong>struuntur;</strong></span> <span class='ocrx_word' id='word_1_66' title='bbox 938 1092 1060 1148; x_wconf 80' lang='lat' dir='ltr'><strong>fidei</strong></span> <span class='ocrx_word' id='word_1_67' title='bbox 1089 1109 1214 1166; x_wconf 87' lang='lat' dir='ltr'><strong>vero</strong></span> <span class='ocrx_word' id='word_1_68' title='bbox 1259 1095 1510 1150; x_wconf 82' lang='lat' dir='ltr'><strong>virtutem</strong></span> <span class='ocrx_word' id='word_1_69' title='bbox 1556 1108 1852 1162; x_wconf 76' lang='lat' dir='ltr'><strong>agnoscas,</strong></span> <span class='ocrx_word' id='word_1_70' title='bbox 1889 1109 2007 1166; x_wconf 66' lang='lat' dir='ltr'><strong>quae</strong></span> <span class='ocrx_word' id='word_1_71' title='bbox 2051 1093 2178 1148; x_wconf 89' lang='lat' dir='ltr'><strong>dum</strong></span> 
     </span>
    </p>
   </div>
   <div class='ocr_carea' id='block_1_11' title="bbox 599 1184 2182 1255">
    <p class='ocr_par' dir='ltr' id='par_1_11' title="bbox 599 1184 2182 1255">
     <span class='ocr_line' id='line_1_11' title="bbox 599 1184 2182 1255; baseline 0.004 -22"><span class='ocrx_word' id='word_1_72' title='bbox 599 1191 954 1251; x_wconf 78' lang='lat' dir='ltr'><strong>oppugnatur,</strong></span> <span class='ocrx_word' id='word_1_73' title='bbox 985 1199 1170 1238; x_wconf 92' lang='lat' dir='ltr'><strong>eorum</strong></span> <span class='ocrx_word' id='word_1_74' title='bbox 1195 1200 1356 1254; x_wconf 87' lang='lat' dir='ltr'><strong>opera</strong></span> <span class='ocrx_word' id='word_1_75' title='bbox 1380 1186 1470 1255; x_wconf 88' lang='lat' dir='ltr'><strong>qui</strong></span> <span class='ocrx_word' id='word_1_76' title='bbox 1511 1198 1572 1240; x_wconf 89' lang='lat' dir='ltr'><strong>se</strong></span> <span class='ocrx_word' id='word_1_77' title='bbox 1612 1184 1693 1249; x_wconf 84' lang='lat' dir='ltr'><strong>illi</strong></span> <span class='ocrx_word' id='word_1_78' title='bbox 1720 1194 1995 1254; x_wconf 80' lang='lat' dir='ltr'><strong>apponunt</strong></span> <span class='ocrx_word' id='word_1_79' title='bbox 2018 1199 2182 1254; x_wconf 88' lang='lat' dir='ltr'><strong>auge-</strong></span> 
     </span>
    </p>
   </div>
   <div class='ocr_carea' id='block_1_12' title="bbox 602 1271 2177 1344">
    <p class='ocr_par' dir='ltr' id='par_1_12' title="bbox 602 1271 2177 1344">
     <span class='ocr_line' id='line_1_12' title="bbox 602 1271 2177 1344; baseline 0.002 -19"><span class='ocrx_word' id='word_1_80' title='bbox 602 1281 716 1326; x_wconf 74' lang='lat' dir='ltr'><strong>tur.</strong></span> <span class='ocrx_word' id='word_1_81' title='bbox 740 1273 894 1340; x_wconf 87' lang='lat' dir='ltr'><strong>Quod</strong></span> <span class='ocrx_word' id='word_1_82' title='bbox 945 1284 1121 1330; x_wconf 89' lang='lat' dir='ltr'><strong>autem</strong></span> <span class='ocrx_word' id='word_1_83' title='bbox 1160 1290 1267 1330; x_wconf 93' lang='lat' dir='ltr'><strong>non</strong></span> <span class='ocrx_word' id='word_1_84' title='bbox 1305 1289 1423 1330; x_wconf 90' lang='lat' dir='ltr'><strong>mea</strong></span> <span class='ocrx_word' id='word_1_85' title='bbox 1452 1275 1520 1330; x_wconf 91' lang='lat' dir='ltr'><strong>sit</strong></span> <span class='ocrx_word' id='word_1_86' title='bbox 1540 1273 1657 1328; x_wconf 61' lang='lat' dir='ltr'><strong>haec</strong></span> <span class='ocrx_word' id='word_1_87' title='bbox 1696 1273 2028 1344; x_wconf 85' lang='lat' dir='ltr'><strong>conjectura,</strong></span> <span class='ocrx_word' id='word_1_88' title='bbox 2080 1271 2177 1328; x_wconf 86' lang='lat' dir='ltr'><strong>sed</strong></span> 
     </span>
    </p>
   </div>
   <div class='ocr_carea' id='block_1_13' title="bbox 601 1363 2181 1435">
    <p class='ocr_par' dir='ltr' id='par_1_13' title="bbox 601 1363 2181 1435">
     <span class='ocr_line' id='line_1_13' title="bbox 601 1363 2181 1435; baseline 0.001 -18"><span class='ocrx_word' id='word_1_89' title='bbox 601 1363 841 1419; x_wconf 92' lang='lat' dir='ltr'><strong>divinum</strong></span> <span class='ocrx_word' id='word_1_90' title='bbox 870 1380 933 1420; x_wconf 89' lang='lat' dir='ltr'><strong>ac</strong></span> <span class='ocrx_word' id='word_1_91' title='bbox 962 1365 1028 1421; x_wconf 91' lang='lat' dir='ltr'><strong>de</strong></span> <span class='ocrx_word' id='word_1_92' title='bbox 1054 1365 1189 1420; x_wconf 65' lang='lat' dir='ltr'><strong>caelo</strong></span> <span class='ocrx_word' id='word_1_93' title='bbox 1207 1364 1483 1435; x_wconf 87' lang='lat' dir='ltr'><strong>delapsum</strong></span> <span class='ocrx_word' id='word_1_94' title='bbox 1525 1380 1841 1435; x_wconf 85' lang='lat' dir='ltr'><strong>responsum</strong></span> <span class='ocrx_word' id='word_1_95' title='bbox 1860 1406 1874 1430; x_wconf 93' lang='lat'><strong>,</strong></span> <span class='ocrx_word' id='word_1_96' title='bbox 1903 1363 2181 1419; x_wconf 85' lang='lat' dir='ltr'><strong>audiamus</strong></span> 
     </span>
    </p>
   </div>
   <div class='ocr_carea' id='block_1_14' title="bbox 600 1454 2178 1526">
    <p class='ocr_par' dir='ltr' id='par_1_14' title="bbox 600 1454 2178 1526">
     <span class='ocr_line' id='line_1_14' title="bbox 600 1454 2178 1526; baseline -0.002 -15"><span class='ocrx_word' id='word_1_97' title='bbox 600 1457 728 1526; x_wconf 88' lang='lat' dir='ltr'><strong>quid</strong></span> <span class='ocrx_word' id='word_1_98' title='bbox 750 1456 942 1512; x_wconf 83' lang='lat' dir='ltr'><strong>Paulus</strong></span> <span class='ocrx_word' id='word_1_99' title='bbox 973 1457 1072 1512; x_wconf 87' lang='lat' dir='ltr'><strong>hac</strong></span> <span class='ocrx_word' id='word_1_100' title='bbox 1095 1456 1160 1512; x_wconf 91' lang='lat' dir='ltr'><strong>de</strong></span> <span class='ocrx_word' id='word_1_101' title='bbox 1187 1473 1246 1512; x_wconf 91' lang='lat' dir='ltr'><strong>re</strong></span> <span class='ocrx_word' id='word_1_102' title='bbox 1270 1456 1410 1512; x_wconf 85' lang='lat' dir='ltr'><strong>dicat</strong></span> <span class='ocrx_word' id='word_1_103' title='bbox 1437 1475 1450 1510; x_wconf 88' lang='lat'><strong>:</strong></span> <span class='ocrx_word' id='word_1_104' title='bbox 1480 1473 1602 1512; x_wconf 92' lang='lat' dir='ltr'><strong>nam</strong></span> <span class='ocrx_word' id='word_1_105' title='bbox 1633 1465 1688 1512; x_wconf 91' lang='lat' dir='ltr'><strong>et</strong></span> <span class='ocrx_word' id='word_1_106' title='bbox 1720 1455 2009 1511; x_wconf 83' lang='lat' dir='ltr'><strong>humanum</strong></span> <span class='ocrx_word' id='word_1_107' title='bbox 2053 1454 2178 1524; x_wconf 90' lang='lat' dir='ltr'><strong>quid</strong></span> 
     </span>
    </p>
   </div>
   <div class='ocr_carea' id='block_1_15' title="bbox 600 1544 2180 1618">
    <p class='ocr_par' dir='ltr' id='par_1_15' title="bbox 600 1544 2180 1618">
     <span class='ocr_line' id='line_1_15' title="bbox 600 1544 2180 1618; baseline -0.001 -16"><span class='ocrx_word' id='word_1_108' title='bbox 600 1547 887 1618; x_wconf 78' lang='lat' dir='ltr'><strong>aliquando</strong></span> <span class='ocrx_word' id='word_1_109' title='bbox 928 1562 1115 1618; x_wconf 90' lang='lat' dir='ltr'><strong>passus</strong></span> <span class='ocrx_word' id='word_1_110' title='bbox 1142 1547 1231 1603; x_wconf 82' lang='lat' dir='ltr'><strong>hic</strong></span> <span class='ocrx_word' id='word_1_111' title='bbox 1269 1548 1430 1603; x_wconf 89' lang='lat' dir='ltr'><strong>etiam</strong></span> <span class='ocrx_word' id='word_1_112' title='bbox 1476 1548 1749 1603; x_wconf 82' lang='lat' dir='ltr'><strong>estzlicet</strong></span> <span class='ocrx_word' id='word_1_113' title='bbox 1795 1544 2180 1601; x_wconf 62' lang='lat' dir='ltr'><strong>enim&#39;Paulus</strong></span> 
     </span>
    </p>
   </div>
   <div class='ocr_carea' id='block_1_16' title="bbox 595 1636 2180 1708">
    <p class='ocr_par' dir='ltr' id='par_1_16' title="bbox 595 1636 2180 1708">
     <span class='ocr_line' id='line_1_16' title="bbox 595 1636 2180 1708; baseline -0.001 -15"><span class='ocrx_word' id='word_1_114' title='bbox 595 1649 774 1706; x_wconf 81' lang='lat' dir='ltr'><strong>esset,</strong></span> <span class='ocrx_word' id='word_1_115' title='bbox 822 1648 1056 1695; x_wconf 77' lang='lat' dir='ltr'><strong>attamen</strong></span> <span class='ocrx_word' id='word_1_116' title='bbox 1085 1649 1288 1701; x_wconf 60' lang='lat' dir='ltr'><strong>natura;</strong></span> <span class='ocrx_word' id='word_1_117' title='bbox 1330 1648 1526 1694; x_wconf 75' lang='lat' dir='ltr'><strong>nostra:</strong></span> <span class='ocrx_word' id='word_1_118' title='bbox 1570 1639 1834 1708; x_wconf 85' lang='lat' dir='ltr'><strong>particeps</strong></span> <span class='ocrx_word' id='word_1_119' title='bbox 1878 1646 2013 1692; x_wconf 88' lang='lat' dir='ltr'><strong>erat.</strong></span> <span class='ocrx_word' id='word_1_120' title='bbox 2041 1636 2180 1703; x_wconf 87' lang='lat' dir='ltr'><strong>Quid</strong></span> 
     </span>
    </p>
   </div>
   <div class='ocr_carea' id='block_1_17' title="bbox 598 1728 2181 1800">
    <p class='ocr_par' dir='ltr' id='par_1_17' title="bbox 598 1728 2181 1800">
     <span class='ocr_line' id='line_1_17' title="bbox 598 1728 2181 1800; baseline 0.001 -19"><span class='ocrx_word' id='word_1_121' title='bbox 598 1744 728 1784; x_wconf 84' lang='lat' dir='ltr'><strong>vero</strong></span> <span class='ocrx_word' id='word_1_122' title='bbox 755 1729 886 1789; x_wconf 85' lang='lat' dir='ltr'><strong>illud</strong></span> <span class='ocrx_word' id='word_1_123' title='bbox 906 1741 1008 1796; x_wconf 86' lang='lat' dir='ltr'><strong>est,</strong></span> <span class='ocrx_word' id='word_1_124' title='bbox 1038 1729 1179 1800; x_wconf 92' lang='lat' dir='ltr'><strong>quod</strong></span> <span class='ocrx_word' id='word_1_125' title='bbox 1206 1737 1288 1785; x_wconf 91' lang='lat' dir='ltr'><strong>est</strong></span> <span class='ocrx_word' id='word_1_126' title='bbox 1317 1729 1542 1799; x_wconf 75' lang='lat' dir='ltr'><strong>paSsus?</strong></span> <span class='ocrx_word' id='word_1_127' title='bbox 1567 1728 1975 1798; x_wconf 83' lang='lat' dir='ltr'><strong>Exagitabatur,</strong></span> <span class='ocrx_word' id='word_1_128' title='bbox 2008 1742 2181 1798; x_wconf 83' lang='lat' dir='ltr'><strong>oppu-</strong></span> 
     </span>
    </p>
   </div>
   <div class='ocr_carea' id='block_1_18' title="bbox 601 1820 2184 1893">
    <p class='ocr_par' dir='ltr' id='par_1_18' title="bbox 601 1820 2184 1893">
     <span class='ocr_line' id='line_1_18' title="bbox 601 1820 2184 1893; baseline -0.001 -18"><span class='ocrx_word' id='word_1_129' title='bbox 601 1820 880 1891; x_wconf 83' lang='lat' dir='ltr'><strong>gnabatur,</strong></span> <span class='ocrx_word' id='word_1_130' title='bbox 911 1821 1070 1893; x_wconf 88' lang='lat' dir='ltr'><strong>virgis</strong></span> <span class='ocrx_word' id='word_1_131' title='bbox 1095 1822 1435 1889; x_wconf 63' lang='lat' dir='ltr'><strong>credebatur,</strong></span> <span class='ocrx_word' id='word_1_132' title='bbox 1462 1821 1728 1877; x_wconf 81' lang='lat' dir='ltr'><strong>sexcentis</strong></span> <span class='ocrx_word' id='word_1_133' title='bbox 1753 1820 2066 1876; x_wconf 90' lang='lat' dir='ltr'><strong>insidiarum</strong></span> <span class='ocrx_word' id='word_1_134' title='bbox 2091 1835 2184 1891; x_wconf 87' lang='lat' dir='ltr'><strong>ge-</strong></span> 
     </span>
    </p>
   </div>
   <div class='ocr_carea' id='block_1_19' title="bbox 599 1910 2180 1984">
    <p class='ocr_par' dir='ltr' id='par_1_19' title="bbox 599 1910 2180 1984">
     <span class='ocr_line' id='line_1_19' title="bbox 599 1910 2180 1984; baseline -0.003 -17"><span class='ocrx_word' id='word_1_135' title='bbox 599 1913 820 1968; x_wconf 88' lang='lat' dir='ltr'><strong>neribus</strong></span> <span class='ocrx_word' id='word_1_136' title='bbox 864 1912 1230 1984; x_wconf 80' lang='lat' dir='ltr'><strong>appetebatur,</strong></span> <span class='ocrx_word' id='word_1_137' title='bbox 1271 1913 1435 1979; x_wconf 86' lang='lat' dir='ltr'><strong>intus,</strong></span> <span class='ocrx_word' id='word_1_138' title='bbox 1486 1911 1638 1978; x_wconf 89' lang='lat' dir='ltr'><strong>foris,</strong></span> <span class='ocrx_word' id='word_1_139' title='bbox 1684 1911 1842 1967; x_wconf 80' lang='lat' dir='ltr'><strong>abiis</strong></span> <span class='ocrx_word' id='word_1_140' title='bbox 1875 1911 1964 1982; x_wconf 91' lang='lat' dir='ltr'><strong>qui</strong></span> <span class='ocrx_word' id='word_1_141' title='bbox 1992 1910 2180 1966; x_wconf 80' lang='lat' dir='ltr'><strong>dome-</strong></span> 
     </span>
    </p>
   </div>
   <div class='ocr_carea' id='block_1_20' title="bbox 597 2001 2184 2072">
    <p class='ocr_par' dir='ltr' id='par_1_20' title="bbox 597 2001 2184 2072">
     <span class='ocr_line' id='line_1_20' title="bbox 597 2001 2184 2072; baseline -0.001 -16"><span class='ocrx_word' id='word_1_142' title='bbox 597 2004 723 2057; x_wconf 83' lang='lat' dir='ltr'><strong>stici</strong></span> <span class='ocrx_word' id='word_1_143' title='bbox 749 2018 869 2058; x_wconf 91' lang='lat' dir='ltr'><strong>esse</strong></span> <span class='ocrx_word' id='word_1_144' title='bbox 894 2004 1231 2070; x_wconf 77' lang='lat' dir='ltr'><strong>videbantur,</strong></span> <span class='ocrx_word' id='word_1_145' title='bbox 1258 2003 1327 2058; x_wconf 90' lang='lat' dir='ltr'><strong>ab</strong></span> <span class='ocrx_word' id='word_1_146' title='bbox 1352 2002 1558 2058; x_wconf 85' lang='lat' dir='ltr'><strong>alienis.</strong></span> <span class='ocrx_word' id='word_1_147' title='bbox 1598 2001 1703 2059; x_wconf 87' lang='lat' dir='ltr'><strong>Sed</strong></span> <span class='ocrx_word' id='word_1_148' title='bbox 1752 2001 1879 2072; x_wconf 86' lang='lat' dir='ltr'><strong>quid</strong></span> <span class='ocrx_word' id='word_1_149' title='bbox 1925 2015 2060 2070; x_wconf 89' lang='lat' dir='ltr'><strong>opus</strong></span> <span class='ocrx_word' id='word_1_150' title='bbox 2099 2007 2184 2055; x_wconf 89' lang='lat' dir='ltr'><strong>est</strong></span> 
     </span>
    </p>
   </div>
   <div class='ocr_carea' id='block_1_21' title="bbox 594 2089 2183 2167">
    <p class='ocr_par' dir='ltr' id='par_1_21' title="bbox 594 2089 2183 2167">
     <span class='ocr_line' id='line_1_21' title="bbox 594 2089 2183 2167; baseline -0.003 -19"><span class='ocrx_word' id='word_1_151' title='bbox 594 2108 1042 2167; x_wconf 75' lang='lat' dir='ltr'><strong>commemorare,</strong></span> <span class='ocrx_word' id='word_1_152' title='bbox 1062 2102 1286 2163; x_wconf 89' lang='lat' dir='ltr'><strong>quantas</strong></span> <span class='ocrx_word' id='word_1_153' title='bbox 1302 2093 1615 2161; x_wconf 74' lang='lat' dir='ltr'><strong>afflictiones</strong></span> <span class='ocrx_word' id='word_1_154' title='bbox 1642 2093 1709 2148; x_wconf 90' lang='lat' dir='ltr'><strong>sit</strong></span> <span class='ocrx_word' id='word_1_155' title='bbox 1736 2091 2057 2162; x_wconf 82' lang='lat' dir='ltr'><strong>perpessus?</strong></span> <span class='ocrx_word' id='word_1_156' title='bbox 2081 2089 2183 2144; x_wconf 87' lang='lat' dir='ltr'><strong>Fa-</strong></span> 
     </span>
    </p>
   </div>
   <div class='ocr_carea' id='block_1_22' title="bbox 597 2181 2180 2256">
    <p class='ocr_par' dir='ltr' id='par_1_22' title="bbox 597 2181 2180 2256">
     <span class='ocr_line' id='line_1_22' title="bbox 597 2181 2180 2256; baseline -0.002 -20"><span class='ocrx_word' id='word_1_157' title='bbox 597 2183 796 2254; x_wconf 86' lang='lat' dir='ltr'><strong>tigatus</strong></span> <span class='ocrx_word' id='word_1_158' title='bbox 819 2183 996 2256; x_wconf 90' lang='lat' dir='ltr'><strong>igitur,</strong></span> <span class='ocrx_word' id='word_1_159' title='bbox 1029 2197 1128 2238; x_wconf 90' lang='lat' dir='ltr'><strong>nec</strong></span> <span class='ocrx_word' id='word_1_160' title='bbox 1156 2183 1383 2254; x_wconf 87' lang='lat' dir='ltr'><strong>amplius</strong></span> <span class='ocrx_word' id='word_1_161' title='bbox 1411 2181 1586 2237; x_wconf 80' lang='lat' dir='ltr'><strong>ferens</strong></span> <span class='ocrx_word' id='word_1_162' title='bbox 1619 2190 1696 2236; x_wconf 90' lang='lat' dir='ltr'><strong>tot</strong></span> <span class='ocrx_word' id='word_1_163' title='bbox 1723 2181 1955 2236; x_wconf 88' lang='lat' dir='ltr'><strong>hostium</strong></span> <span class='ocrx_word' id='word_1_164' title='bbox 1995 2181 2180 2234; x_wconf 85' lang='lat' dir='ltr'><strong>incur-</strong></span> 
     </span>
    </p>
   </div>
   <div class='ocr_carea' id='block_1_23' title="bbox 599 2270 2177 2343">
    <p class='ocr_par' dir='ltr' id='par_1_23' title="bbox 599 2270 2177 2343">
     <span class='ocr_line' id='line_1_23' title="bbox 599 2270 2177 2343; baseline -0.001 -17"><span class='ocrx_word' id='word_1_165' title='bbox 599 2273 801 2338; x_wconf 83' lang='lat' dir='ltr'><strong>siones,</strong></span> <span class='ocrx_word' id='word_1_166' title='bbox 832 2273 920 2343; x_wconf 90' lang='lat' dir='ltr'><strong>qui</strong></span> <span class='ocrx_word' id='word_1_167' title='bbox 951 2287 1162 2342; x_wconf 88' lang='lat' dir='ltr'><strong>semper</strong></span> <span class='ocrx_word' id='word_1_168' title='bbox 1193 2272 1308 2342; x_wconf 89' lang='lat' dir='ltr'><strong>ejus</strong></span> <span class='ocrx_word' id='word_1_169' title='bbox 1349 2272 1645 2327; x_wconf 85' lang='lat' dir='ltr'><strong>doctrinam</strong></span> <span class='ocrx_word' id='word_1_170' title='bbox 1689 2270 2177 2340; x_wconf 82' lang='lat' dir='ltr'><strong>interrumpebant,</strong></span> 
     </span>
    </p>
   </div>
   <div class='ocr_carea' id='block_1_24' title="bbox 597 2363 2180 2435">
    <p class='ocr_par' dir='ltr' id='par_1_24' title="bbox 597 2363 2180 2435">
     <span class='ocr_line' id='line_1_24' title="bbox 597 2363 2180 2435; baseline -0.002 -15"><span class='ocrx_word' id='word_1_171' title='bbox 597 2364 823 2435; x_wconf 84' lang='lat' dir='ltr'><strong>ejusque</strong></span> <span class='ocrx_word' id='word_1_172' title='bbox 868 2365 1034 2420; x_wconf 92' lang='lat' dir='ltr'><strong>verbo</strong></span> <span class='ocrx_word' id='word_1_173' title='bbox 1058 2363 1507 2431; x_wconf 85' lang='lat' dir='ltr'><strong>adversabantur,</strong></span> <span class='ocrx_word' id='word_1_174' title='bbox 1539 2364 1764 2434; x_wconf 79' lang='lat' dir='ltr'><strong>supplex</strong></span> <span class='ocrx_word' id='word_1_175' title='bbox 1802 2363 2028 2418; x_wconf 88' lang='lat' dir='ltr'><strong>Domino</strong></span> <span class='ocrx_word' id='word_1_176' title='bbox 2057 2377 2180 2432; x_wconf 89' lang='lat' dir='ltr'><strong>pro-</strong></span> 
     </span>
    </p>
   </div>
   <div class='ocr_carea' id='block_1_25' title="bbox 602 2453 2182 2520">
    <p class='ocr_par' dir='ltr' id='par_1_25' title="bbox 602 2453 2182 2520">
     <span class='ocr_line' id='line_1_25' title="bbox 602 2453 2182 2520; baseline -0.002 -12"><span class='ocrx_word' id='word_1_177' title='bbox 602 2455 811 2509; x_wconf 83' lang='lat' dir='ltr'><strong>volutus</strong></span> <span class='ocrx_word' id='word_1_178' title='bbox 835 2469 957 2508; x_wconf 90' lang='lat' dir='ltr'><strong>eum</strong></span> <span class='ocrx_word' id='word_1_179' title='bbox 982 2455 1296 2520; x_wconf 83' lang='lat' dir='ltr'><strong>obtestatur,</strong></span> <span class='ocrx_word' id='word_1_180' title='bbox 1321 2453 1376 2509; x_wconf 85' lang='lat' dir='ltr'><strong>et</strong></span> <span class='ocrx_word' id='word_1_181' title='bbox 1403 2453 1686 2520; x_wconf 52' lang='lat' dir='ltr'><strong>ait,,Da1us</strong></span> <span class='ocrx_word' id='word_1_182' title='bbox 1705 2463 1778 2507; x_wconf 78' lang='lat' dir='ltr'><strong>est</strong></span> <span class='ocrx_word' id='word_1_183' title='bbox 1799 2453 1924 2506; x_wconf 81' lang='lat' dir='ltr'><strong>mihi</strong></span> <span class='ocrx_word' id='word_1_184' title='bbox 1949 2453 2182 2506; x_wconf 87' lang='lat' dir='ltr'><strong>stimulus</strong></span> 
     </span>
    </p>
   </div>
   <div class='ocr_carea' id='block_1_26' title="bbox 596 2541 2183 2615">
    <p class='ocr_par' dir='ltr' id='par_1_26' title="bbox 596 2541 2183 2615">
     <span class='ocr_line' id='line_1_26' title="bbox 596 2541 2183 2615; baseline -0.003 -16"><span class='ocrx_word' id='word_1_185' title='bbox 596 2544 743 2599; x_wconf 75' lang='lat' dir='ltr'><strong>carni</strong></span> <span class='ocrx_word' id='word_1_186' title='bbox 759 2542 968 2615; x_wconf 87' lang='lat' dir='ltr'><strong>angelus</strong></span> <span class='ocrx_word' id='word_1_187' title='bbox 999 2541 1230 2609; x_wconf 78' lang='lat' dir='ltr'><strong>Satamr,</strong></span> <span class='ocrx_word' id='word_1_188' title='bbox 1272 2551 1328 2596; x_wconf 89' lang='lat' dir='ltr'><strong>ut</strong></span> <span class='ocrx_word' id='word_1_189' title='bbox 1369 2559 1448 2597; x_wconf 87' lang='lat' dir='ltr'><strong>me</strong></span> <span class='ocrx_word' id='word_1_190' title='bbox 1487 2542 1790 2612; x_wconf 83' lang='lat' dir='ltr'><strong>colaphizet.</strong></span> <span class='ocrx_word' id='word_1_191' title='bbox 1830 2541 2052 2611; x_wconf 79' lang='lat' dir='ltr'><strong>Propter</strong></span> <span class='ocrx_word' id='word_1_192' title='bbox 2088 2543 2183 2595; x_wconf 80' lang='lat' dir='ltr'><strong>hoc</strong></span> 
     </span>
    </p>
   </div>
   <div class='ocr_carea' id='block_1_27' title="bbox 601 2630 2184 2702">
    <p class='ocr_par' dir='ltr' id='par_1_27' title="bbox 601 2630 2184 2702">
     <span class='ocr_line' id='line_1_27' title="bbox 601 2630 2184 2702; baseline -0.002 -16"><span class='ocrx_word' id='word_1_193' title='bbox 601 2643 678 2686; x_wconf 80' lang='lat' dir='ltr'><strong>tor</strong></span> <span class='ocrx_word' id='word_1_194' title='bbox 696 2632 971 2686; x_wconf 86' lang='lat' dir='ltr'><strong>Dominum</strong></span> <span class='ocrx_word' id='word_1_195' title='bbox 998 2632 1191 2702; x_wconf 79' lang='lat' dir='ltr'><strong>rogaui,</strong></span> <span class='ocrx_word' id='word_1_196' title='bbox 1220 2641 1266 2685; x_wconf 87' lang='lat' dir='ltr'><strong>et</strong></span> <span class='ocrx_word' id='word_1_197' title='bbox 1302 2633 1432 2686; x_wconf 63' lang='lat' dir='ltr'><strong>dixit.</strong></span> <span class='ocrx_word' id='word_1_198' title='bbox 1470 2633 1616 2700; x_wconf 84' lang='lat' dir='ltr'><strong>mihi,</strong></span> <span class='ocrx_word' id='word_1_199' title='bbox 1657 2630 1854 2700; x_wconf 76' lang='lat' dir='ltr'><strong>Sufﬁcit</strong></span> <span class='ocrx_word' id='word_1_200' title='bbox 1887 2631 1976 2683; x_wconf 82' lang='lat' dir='ltr'><strong>tibi</strong></span> <span class='ocrx_word' id='word_1_201' title='bbox 2016 2631 2184 2701; x_wconf 82' lang='lat' dir='ltr'><strong>gratia</strong></span> 
     </span>
    </p>
   </div>
   <div class='ocr_carea' id='block_1_28' title="bbox 603 2721 2154 2794">
    <p class='ocr_par' dir='ltr' id='par_1_28' title="bbox 603 2721 2154 2794">
     <span class='ocr_line' id='line_1_28' title="bbox 603 2721 2154 2794; baseline -0.003 -16"><span class='ocrx_word' id='word_1_202' title='bbox 603 2740 716 2778; x_wconf 77' lang='lat' dir='ltr'><strong>mea</strong></span> <span class='ocrx_word' id='word_1_203' title='bbox 746 2739 765 2776; x_wconf 90' lang='lat'><strong><em>:</em></strong></span> <span class='ocrx_word' id='word_1_204' title='bbox 792 2740 910 2777; x_wconf 88' lang='lat' dir='ltr'><strong>nam</strong></span> <span class='ocrx_word' id='word_1_205' title='bbox 927 2723 1086 2777; x_wconf 76' lang='lat' dir='ltr'><strong>uirtus</strong></span> <span class='ocrx_word' id='word_1_206' title='bbox 1112 2740 1222 2777; x_wconf 77' lang='lat' dir='ltr'><strong>mea</strong></span> <span class='ocrx_word' id='word_1_207' title='bbox 1244 2723 1298 2776; x_wconf 87' lang='lat' dir='ltr'><strong>in</strong></span> <span class='ocrx_word' id='word_1_208' title='bbox 1322 2723 1618 2792; x_wconf 77' lang='lat' dir='ltr'><strong>inﬁrmitate</strong></span> <span class='ocrx_word' id='word_1_209' title='bbox 1645 2723 1904 2792; x_wconf 76' lang='lat' dir='ltr'><strong>perﬁcitur</strong></span> <span class='ocrx_word' id='word_1_210' title='bbox 1929 2722 2004 2794; x_wconf 70' lang='grc' dir='ltr'><strong>(Ξ.</strong></span> <span class='ocrx_word' id='word_1_211' title='bbox 2034 2721 2154 2777; x_wconf 87' lang='lat' dir='ltr'><strong>Cor.</strong></span> 
     </span>
    </p>
   </div>
   <div class='ocr_carea' id='block_1_29' title="bbox 602 2811 2182 2885">
    <p class='ocr_par' dir='ltr' id='par_1_29' title="bbox 602 2811 2182 2885">
     <span class='ocr_line' id='line_1_29' title="bbox 602 2811 2182 2885; baseline -0.002 -16"><span class='ocrx_word' id='word_1_212' title='bbox 602 2813 692 2869; x_wconf 73' lang='grc' dir='ltr'><strong>η.</strong></span> <span class='ocrx_word' id='word_1_213' title='bbox 725 2813 758 2866; x_wconf 89' lang='lat'><strong>7</strong></span> <span class='ocrx_word' id='word_1_214' title='bbox 780 2813 904 2885; x_wconf 66' lang='grc' dir='ltr'><strong>αθ).</strong></span> <span class='ocrx_word' id='word_1_215' title='bbox 935 2813 1059 2868; x_wconf 85' lang='lat' dir='ltr'><strong>Scio</strong></span> <span class='ocrx_word' id='word_1_216' title='bbox 1110 2813 1355 2884; x_wconf 88' lang='lat' dir='ltr'><strong>equidem</strong></span> <span class='ocrx_word' id='word_1_217' title='bbox 1393 2813 1654 2883; x_wconf 87' lang='lat' dir='ltr'><strong>quosdam</strong></span> <span class='ocrx_word' id='word_1_218' title='bbox 1699 2813 1940 2883; x_wconf 88' lang='lat' dir='ltr'><strong>corporis</strong></span> <span class='ocrx_word' id='word_1_219' title='bbox 1957 2811 2182 2866; x_wconf 81' lang='lat' dir='ltr'><strong>inﬁmi-</strong></span> 
     </span>
    </p>
   </div>
   <div class='ocr_carea' id='block_1_30' title="bbox 602 2904 2180 2973">
    <p class='ocr_par' dir='ltr' id='par_1_30' title="bbox 602 2904 2180 2973">
     <span class='ocr_line' id='line_1_30' title="bbox 602 2904 2180 2973; baseline -0.001 -13"><span class='ocrx_word' id='word_1_220' title='bbox 602 2913 768 2962; x_wconf 86' lang='lat' dir='ltr'><strong>tatem</strong></span> <span class='ocrx_word' id='word_1_221' title='bbox 796 2919 916 2960; x_wconf 90' lang='lat' dir='ltr'><strong>esse</strong></span> <span class='ocrx_word' id='word_1_222' title='bbox 960 2904 1231 2972; x_wconf 90' lang='lat' dir='ltr'><strong>arbitrari,</strong></span> <span class='ocrx_word' id='word_1_223' title='bbox 1271 2904 1366 2960; x_wconf 89' lang='lat' dir='ltr'><strong>sed</strong></span> <span class='ocrx_word' id='word_1_224' title='bbox 1398 2919 1507 2960; x_wconf 88' lang='lat' dir='ltr'><strong>non</strong></span> <span class='ocrx_word' id='word_1_225' title='bbox 1533 2912 1616 2959; x_wconf 92' lang='lat' dir='ltr'><strong>est</strong></span> <span class='ocrx_word' id='word_1_226' title='bbox 1646 2904 1796 2971; x_wconf 89' lang='lat' dir='ltr'><strong>illud,</strong></span> <span class='ocrx_word' id='word_1_227' title='bbox 1827 2918 2045 2973; x_wconf 86' lang='lat' dir='ltr'><strong>prorsus</strong></span> <span class='ocrx_word' id='word_1_228' title='bbox 2073 2919 2180 2960; x_wconf 92' lang='lat' dir='ltr'><strong>non</strong></span> 
     </span>
    </p>
   </div>
   <div class='ocr_carea' id='block_1_31' title="bbox 599 2995 2180 3068">
    <p class='ocr_par' dir='ltr' id='par_1_31' title="bbox 599 2995 2180 3068">
     <span class='ocr_line' id='line_1_31' title="bbox 599 2995 2180 3068; baseline -0.002 -15"><span class='ocrx_word' id='word_1_229' title='bbox 599 3007 718 3064; x_wconf 89' lang='lat' dir='ltr'><strong>est;</strong></span> <span class='ocrx_word' id='word_1_230' title='bbox 747 3012 932 3053; x_wconf 89' lang='lat' dir='ltr'><strong>verum</strong></span> <span class='ocrx_word' id='word_1_231' title='bbox 959 2997 1204 3068; x_wconf 85' lang='lat' dir='ltr'><strong>angelum</strong></span> <span class='ocrx_word' id='word_1_232' title='bbox 1233 2995 1446 3052; x_wconf 65' lang='lat' dir='ltr'><strong>Satanas</strong></span> <span class='ocrx_word' id='word_1_233' title='bbox 1495 2995 1759 3062; x_wconf 85' lang='lat' dir='ltr'><strong>homines,</strong></span> <span class='ocrx_word' id='word_1_234' title='bbox 1801 2996 1891 3066; x_wconf 91' lang='lat' dir='ltr'><strong>qui</strong></span> <span class='ocrx_word' id='word_1_235' title='bbox 1928 2996 2180 3050; x_wconf 88' lang='lat' dir='ltr'><strong>adversa-</strong></span> 
     </span>
    </p>
   </div>
   <div class='ocr_carea' id='block_1_32' title="bbox 601 3085 2178 3157">
    <p class='ocr_par' dir='ltr' id='par_1_32' title="bbox 601 3085 2178 3157">
     <span class='ocr_line' id='line_1_32' title="bbox 601 3085 2178 3157; baseline -0.002 -14"><span class='ocrx_word' id='word_1_236' title='bbox 601 3089 816 3155; x_wconf 84' lang='lat' dir='ltr'><strong>bantur,</strong></span> <span class='ocrx_word' id='word_1_237' title='bbox 844 3087 1078 3157; x_wconf 90' lang='lat' dir='ltr'><strong>appellat</strong></span> <span class='ocrx_word' id='word_1_238' title='bbox 1099 3104 1114 3141; x_wconf 88' lang='lat'><strong>:</strong></span> <span class='ocrx_word' id='word_1_239' title='bbox 1136 3086 1264 3147; x_wconf 82' lang='lat' dir='ltr'><strong>illud</strong></span> <span class='ocrx_word' id='word_1_240' title='bbox 1278 3087 1444 3153; x_wconf 90' lang='lat' dir='ltr'><strong>enim,</strong></span> <span class='ocrx_word' id='word_1_241' title='bbox 1460 3086 1640 3152; x_wconf 89' lang='lat' dir='ltr'><strong>Satan,</strong></span> <span class='ocrx_word' id='word_1_242' title='bbox 1664 3101 1768 3141; x_wconf 83' lang='lat' dir='ltr'><strong>vox</strong></span> <span class='ocrx_word' id='word_1_243' title='bbox 1791 3091 1875 3142; x_wconf 79' lang='lat' dir='ltr'><strong>est</strong></span> <span class='ocrx_word' id='word_1_244' title='bbox 1898 3085 2178 3153; x_wconf 83' lang='lat' dir='ltr'><strong>llebraica;</strong></span> 
     </span>
    </p>
   </div>
   <div class='ocr_carea' id='block_1_33' title="bbox 602 3168 2181 3250">
    <p class='ocr_par' dir='ltr' id='par_1_33' title="bbox 602 3168 2181 3250">
     <span class='ocr_line' id='line_1_33' title="bbox 602 3168 2181 3250; baseline 0.001 -16"><span class='ocrx_word' id='word_1_245' title='bbox 602 3195 764 3250; x_wconf 90' lang='lat' dir='ltr'><strong>porro</strong></span> <span class='ocrx_word' id='word_1_246' title='bbox 803 3178 966 3237; x_wconf 88' lang='lat' dir='ltr'><strong>Satan</strong></span> <span class='ocrx_word' id='word_1_247' title='bbox 1015 3180 1210 3236; x_wconf 90' lang='lat' dir='ltr'><strong>dicitur</strong></span> <span class='ocrx_word' id='word_1_248' title='bbox 1255 3175 1608 3235; x_wconf 84' lang='lat' dir='ltr'><strong>adversarius.</strong></span> <span class='ocrx_word' id='word_1_249' title='bbox 1650 3168 2006 3234; x_wconf 80' lang='lat' dir='ltr'><strong>Instrumenta</strong></span> <span class='ocrx_word' id='word_1_250' title='bbox 2053 3194 2181 3250; x_wconf 85' lang='lat' dir='ltr'><strong>ergo</strong></span> 
     </span>
    </p>
   </div>
   <div class='ocr_carea' id='block_1_34' title="bbox 597 3267 2180 3342">
    <p class='ocr_par' dir='ltr' id='par_1_34' title="bbox 597 3267 2180 3342">
     <span class='ocr_line' id='line_1_34' title="bbox 597 3267 2180 3342; baseline -0.002 -15"><span class='ocrx_word' id='word_1_251' title='bbox 597 3272 820 3338; x_wconf 89' lang='lat' dir='ltr'><strong>diaboli,</strong></span> <span class='ocrx_word' id='word_1_252' title='bbox 849 3281 902 3328; x_wconf 94' lang='lat' dir='ltr'><strong>et</strong></span> <span class='ocrx_word' id='word_1_253' title='bbox 926 3286 1021 3328; x_wconf 86' lang='lat' dir='ltr'><strong>eos</strong></span> <span class='ocrx_word' id='word_1_254' title='bbox 1071 3271 1336 3338; x_wconf 85' lang='lat' dir='ltr'><strong>homines,</strong></span> <span class='ocrx_word' id='word_1_255' title='bbox 1365 3269 1456 3342; x_wconf 93' lang='lat' dir='ltr'><strong>qui</strong></span> <span class='ocrx_word' id='word_1_256' title='bbox 1495 3269 1546 3325; x_wconf 91' lang='lat' dir='ltr'><strong>ei</strong></span> <span class='ocrx_word' id='word_1_257' title='bbox 1594 3267 1936 3336; x_wconf 71' lang='lat' dir='ltr'><strong>famulantur,</strong></span> <span class='ocrx_word' id='word_1_258' title='bbox 1963 3270 2180 3339; x_wconf 88' lang='lat' dir='ltr'><strong>angelos</strong></span> 
     </span>
    </p>
   </div>
   <div class='ocr_carea' id='block_1_35' title="bbox 600 3361 2178 3433">
    <p class='ocr_par' dir='ltr' id='par_1_35' title="bbox 600 3361 2178 3433">
     <span class='ocr_line' id='line_1_35' title="bbox 600 3361 2178 3433; baseline -0.001 -16"><span class='ocrx_word' id='word_1_259' title='bbox 600 3365 721 3433; x_wconf 86' lang='lat' dir='ltr'><strong>ejus</strong></span> <span class='ocrx_word' id='word_1_260' title='bbox 745 3363 996 3432; x_wconf 87' lang='lat' dir='ltr'><strong>appellat.</strong></span> <span class='ocrx_word' id='word_1_261' title='bbox 1027 3361 1136 3418; x_wconf 89' lang='lat' dir='ltr'><strong>Cur</strong></span> <span class='ocrx_word' id='word_1_262' title='bbox 1162 3362 1343 3433; x_wconf 85' lang='lat' dir='ltr'><strong>igitur,</strong></span> <span class='ocrx_word' id='word_1_263' title='bbox 1389 3361 1530 3418; x_wconf 87' lang='lat' dir='ltr'><strong>dicet</strong></span> <span class='ocrx_word' id='word_1_264' title='bbox 1558 3361 1769 3432; x_wconf 87' lang='lat' dir='ltr'><strong>aliquis,</strong></span> <span class='ocrx_word' id='word_1_265' title='bbox 1814 3361 2053 3417; x_wconf 90' lang='lat' dir='ltr'><strong>additum</strong></span> <span class='ocrx_word' id='word_1_266' title='bbox 2075 3369 2178 3429; x_wconf 87' lang='lat' dir='ltr'><strong>est,</strong></span> 
     </span>
    </p>
   </div>
   <div class='ocr_carea' id='block_1_36' title="bbox 596 3451 2182 3523">
    <p class='ocr_par' dir='ltr' id='par_1_36' title="bbox 596 3451 2182 3523">
     <span class='ocr_line' id='line_1_36' title="bbox 596 3451 2182 3523; baseline 0.001 -16"><span class='ocrx_word' id='word_1_267' title='bbox 596 3453 790 3508; x_wconf 74' lang='lat' dir='ltr'><strong>carni?</strong></span> <span class='ocrx_word' id='word_1_268' title='bbox 814 3452 948 3519; x_wconf 89' lang='lat' dir='ltr'><strong>Quia</strong></span> <span class='ocrx_word' id='word_1_269' title='bbox 972 3468 1098 3508; x_wconf 91' lang='lat' dir='ltr'><strong>caro</strong></span> <span class='ocrx_word' id='word_1_270' title='bbox 1127 3451 1511 3523; x_wconf 78' lang='lat' dir='ltr'><strong>flagellabatur,</strong></span> <span class='ocrx_word' id='word_1_271' title='bbox 1543 3453 1722 3507; x_wconf 91' lang='lat' dir='ltr'><strong>anima</strong></span> <span class='ocrx_word' id='word_1_272' title='bbox 1764 3466 1895 3508; x_wconf 91' lang='lat' dir='ltr'><strong>vero</strong></span> <span class='ocrx_word' id='word_1_273' title='bbox 1937 3452 2182 3508; x_wconf 87' lang='lat' dir='ltr'><strong>elevaba-</strong></span> 
     </span>
    </p>
   </div>
   <div class='ocr_carea' id='block_1_37' title="bbox 603 3542 2180 3614">
    <p class='ocr_par' dir='ltr' id='par_1_37' title="bbox 603 3542 2180 3614">
     <span class='ocr_line' id='line_1_37' title="bbox 603 3542 2180 3614; baseline -0.001 -17"><span class='ocrx_word' id='word_1_274' title='bbox 603 3555 692 3598; x_wconf 87' lang='lat' dir='ltr'><strong>tur</strong></span> <span class='ocrx_word' id='word_1_275' title='bbox 714 3558 809 3614; x_wconf 90' lang='lat' dir='ltr'><strong>spe</strong></span> <span class='ocrx_word' id='word_1_276' title='bbox 831 3543 1130 3598; x_wconf 85' lang='lat' dir='ltr'><strong>futurorum</strong></span> <span class='ocrx_word' id='word_1_277' title='bbox 1156 3552 1352 3597; x_wconf 90' lang='lat' dir='ltr'><strong>erecta.</strong></span> <span class='ocrx_word' id='word_1_278' title='bbox 1381 3542 1500 3597; x_wconf 80' lang='lat' dir='ltr'><strong>Non</strong></span> <span class='ocrx_word' id='word_1_279' title='bbox 1542 3544 1687 3599; x_wconf 90' lang='lat' dir='ltr'><strong>enim</strong></span> <span class='ocrx_word' id='word_1_280' title='bbox 1731 3543 1966 3597; x_wconf 88' lang='lat' dir='ltr'><strong>animam</strong></span> <span class='ocrx_word' id='word_1_281' title='bbox 2014 3542 2180 3596; x_wconf 89' lang='lat' dir='ltr'><strong>attin-</strong></span> 
     </span>
    </p>
   </div>
   <div class='ocr_carea' id='block_1_38' title="bbox 599 3632 2179 3704">
    <p class='ocr_par' dir='ltr' id='par_1_38' title="bbox 599 3632 2179 3704">
     <span class='ocr_line' id='line_1_38' title="bbox 599 3632 2179 3704; baseline 0.003 -18"><span class='ocrx_word' id='word_1_282' title='bbox 599 3633 779 3704; x_wconf 87' lang='lat' dir='ltr'><strong>gebat,</strong></span> <span class='ocrx_word' id='word_1_283' title='bbox 811 3648 911 3688; x_wconf 85' lang='lat' dir='ltr'><strong>nec</strong></span> <span class='ocrx_word' id='word_1_284' title='bbox 938 3633 1219 3688; x_wconf 88' lang='lat' dir='ltr'><strong>interiores</strong></span> <span class='ocrx_word' id='word_1_285' title='bbox 1242 3632 1594 3702; x_wconf 82' lang='lat' dir='ltr'><strong>cogitationes</strong></span> <span class='ocrx_word' id='word_1_286' title='bbox 1638 3633 2031 3703; x_wconf 88' lang='lat' dir='ltr'><strong>supplantabat,</strong></span> <span class='ocrx_word' id='word_1_287' title='bbox 2083 3634 2179 3690; x_wconf 89' lang='lat' dir='ltr'><strong>sed</strong></span> 
     </span>
    </p>
   </div>
   <div class='ocr_carea' id='block_1_39' title="bbox 598 3710 2181 3796">
    <p class='ocr_par' dir='ltr' id='par_1_39' title="bbox 598 3710 2181 3796">
     <span class='ocr_line' id='line_1_39' title="bbox 598 3710 2181 3796; baseline 0.001 -18"><span class='ocrx_word' id='word_1_288' title='bbox 598 3725 736 3778; x_wconf 90' lang='lat' dir='ltr'><strong>intra</strong></span> <span class='ocrx_word' id='word_1_289' title='bbox 779 3710 992 3779; x_wconf 75' lang='lat' dir='ltr'><strong>Carnem</strong></span> <span class='ocrx_word' id='word_1_290' title='bbox 1020 3723 1381 3796; x_wconf 79' lang='lat' dir='ltr'><strong>consistebant</strong></span> <span class='ocrx_word' id='word_1_291' title='bbox 1419 3733 1683 3781; x_wconf 90' lang='lat' dir='ltr'><strong>tormenta</strong></span> <span class='ocrx_word' id='word_1_292' title='bbox 1726 3725 2051 3796; x_wconf 76' lang='lat' dir='ltr'><strong>Bellumque,</strong></span> <span class='ocrx_word' id='word_1_293' title='bbox 2080 3740 2181 3782; x_wconf 87' lang='lat' dir='ltr'><strong>nec</strong></span> 
     </span>
    </p>
   </div>
   <div class='ocr_carea' id='block_1_40' title="bbox 601 3814 2174 3886">
    <p class='ocr_par' dir='ltr' id='par_1_40' title="bbox 601 3814 2174 3886">
     <span class='ocr_line' id='line_1_40' title="bbox 601 3814 2174 3886; baseline 0.003 -19"><span class='ocrx_word' id='word_1_294' title='bbox 601 3815 747 3868; x_wconf 87' lang='lat' dir='ltr'><strong>intus</strong></span> <span class='ocrx_word' id='word_1_295' title='bbox 769 3821 1009 3881; x_wconf 89' lang='lat' dir='ltr'><strong>poterant</strong></span> <span class='ocrx_word' id='word_1_296' title='bbox 1030 3822 1326 3882; x_wconf 89' lang='lat' dir='ltr'><strong>penetrare.</strong></span> <span class='ocrx_word' id='word_1_297' title='bbox 1356 3814 1618 3883; x_wconf 86' lang='lat' dir='ltr'><strong>Quoniam</strong></span> <span class='ocrx_word' id='word_1_298' title='bbox 1644 3816 1803 3886; x_wconf 90' lang='lat' dir='ltr'><strong>igitur</strong></span> <span class='ocrx_word' id='word_1_299' title='bbox 1837 3816 1953 3872; x_wconf 68' lang='lat' dir='ltr'><strong>haec</strong></span> <span class='ocrx_word' id='word_1_300' title='bbox 1995 3817 2174 3873; x_wconf 88' lang='lat' dir='ltr'><strong>conci-</strong></span> 
     </span>
    </p>
   </div>
   <div class='ocr_carea' id='block_1_41' title="bbox 600 3904 2180 3977">
    <p class='ocr_par' dir='ltr' id='par_1_41' title="bbox 600 3904 2180 3977">
     <span class='ocr_line' id='line_1_41' title="bbox 600 3904 2180 3977; baseline 0.002 -18"><span class='ocrx_word' id='word_1_301' title='bbox 600 3905 844 3970; x_wconf 89' lang='lat' dir='ltr'><strong>debatur,</strong></span> <span class='ocrx_word' id='word_1_302' title='bbox 875 3904 989 3959; x_wconf 63' lang='lat' dir='ltr'><strong>base</strong></span> <span class='ocrx_word' id='word_1_303' title='bbox 1017 3904 1403 3975; x_wconf 83' lang='lat' dir='ltr'><strong>ﬂagellabatur,</strong></span> <span class='ocrx_word' id='word_1_304' title='bbox 1428 3905 1543 3961; x_wconf 63' lang='lat' dir='ltr'><strong>haec</strong></span> <span class='ocrx_word' id='word_1_305' title='bbox 1570 3906 1901 3962; x_wconf 90' lang='lat' dir='ltr'><strong>vinciebatur</strong></span> <span class='ocrx_word' id='word_1_306' title='bbox 1926 3907 2180 3977; x_wconf 90' lang='lat' dir='ltr'><strong>(animam</strong></span> 
     </span>
    </p>
   </div>
   <div class='ocr_carea' id='block_1_42' title="bbox 598 3996 2182 4070">
    <p class='ocr_par' dir='ltr' id='par_1_42' title="bbox 598 3996 2182 4070">
     <span class='ocr_line' id='line_1_42' title="bbox 598 3996 2182 4070; baseline 0.003 -20"><span class='ocrx_word' id='word_1_307' title='bbox 598 3998 798 4068; x_wconf 86' lang='lat' dir='ltr'><strong>quippe</strong></span> <span class='ocrx_word' id='word_1_308' title='bbox 823 3996 988 4068; x_wconf 84' lang='lat' dir='ltr'><strong>ligare</strong></span> <span class='ocrx_word' id='word_1_309' title='bbox 1015 4012 1173 4053; x_wconf 87' lang='lat' dir='ltr'><strong>nemo</strong></span> <span class='ocrx_word' id='word_1_310' title='bbox 1199 4007 1374 4067; x_wconf 86' lang='lat' dir='ltr'><strong>potest</strong></span> <span class='ocrx_word' id='word_1_311' title='bbox 1401 3997 1443 4070; x_wconf 92' lang='lat'><strong>),</strong></span> <span class='ocrx_word' id='word_1_312' title='bbox 1491 3998 1691 4054; x_wconf 90' lang='lat' dir='ltr'><strong>idcirco</strong></span> <span class='ocrx_word' id='word_1_313' title='bbox 1715 3999 1864 4065; x_wconf 86' lang='lat' dir='ltr'><strong>dicit,</strong></span> <span class='ocrx_word' id='word_1_314' title='bbox 1908 3997 2076 4054; x_wconf 86' lang='lat' dir='ltr'><strong>Datus</strong></span> <span class='ocrx_word' id='word_1_315' title='bbox 2108 4010 2182 4054; x_wconf 86' lang='lat' dir='ltr'><strong>est</strong></span> 
     </span>
    </p>
   </div>
   <div class='ocr_carea' id='block_1_43' title="bbox 599 4089 2182 4162">
    <p class='ocr_par' dir='ltr' id='par_1_43' title="bbox 599 4089 2182 4162">
     <span class='ocr_line' id='line_1_43' title="bbox 599 4089 2182 4162; baseline 0.002 -19"><span class='ocrx_word' id='word_1_316' title='bbox 599 4089 723 4143; x_wconf 78' lang='lat' dir='ltr'><strong>mihi</strong></span> <span class='ocrx_word' id='word_1_317' title='bbox 752 4089 986 4144; x_wconf 77' lang='lat' dir='ltr'><strong>stimulus</strong></span> <span class='ocrx_word' id='word_1_318' title='bbox 1011 4091 1153 4143; x_wconf 87' lang='lat' dir='ltr'><strong>carni</strong></span> <span class='ocrx_word' id='word_1_319' title='bbox 1177 4089 1387 4159; x_wconf 76' lang='lat' dir='ltr'><strong>angelus</strong></span> <span class='ocrx_word' id='word_1_320' title='bbox 1433 4091 1663 4158; x_wconf 74' lang='lat' dir='ltr'><strong>Satanae,</strong></span> <span class='ocrx_word' id='word_1_321' title='bbox 1695 4101 1749 4160; x_wconf 73' lang='lat' dir='ltr'><strong>ut</strong></span> <span class='ocrx_word' id='word_1_322' title='bbox 1786 4108 1866 4146; x_wconf 86' lang='lat' dir='ltr'><strong>me</strong></span> <span class='ocrx_word' id='word_1_323' title='bbox 1899 4093 2182 4162; x_wconf 74' lang='lat' dir='ltr'><strong>colapltizet</strong></span> 
     </span>
    </p>
   </div>
   <div class='ocr_carea' id='block_1_44' title="bbox 598 4178 2180 4253">
    <p class='ocr_par' dir='ltr' id='par_1_44' title="bbox 598 4178 2180 4253">
     <span class='ocr_line' id='line_1_44' title="bbox 598 4178 2180 4253; baseline 0.002 -20"><span class='ocrx_word' id='word_1_324' title='bbox 598 4178 808 4251; x_wconf 85' lang='lat' dir='ltr'><strong>(lbid.),</strong></span> <span class='ocrx_word' id='word_1_325' title='bbox 837 4181 1174 4246; x_wconf 88' lang='lat' dir='ltr'><strong>tentationes,</strong></span> <span class='ocrx_word' id='word_1_326' title='bbox 1205 4179 1537 4248; x_wconf 87' lang='lat' dir='ltr'><strong>al‘tlictiones,</strong></span> <span class='ocrx_word' id='word_1_327' title='bbox 1561 4182 2180 4253; x_wconf 86' lang='lat' dir='ltr'><strong>persequutionesinnu-</strong></span> 
     </span>
    </p>
   </div>
   <div class='ocr_carea' id='block_1_45' title="bbox 597 4270 2180 4344">
    <p class='ocr_par' dir='ltr' id='par_1_45' title="bbox 597 4270 2180 4344">
     <span class='ocr_line' id='line_1_45' title="bbox 597 4270 2180 4344; baseline 0 -18"><span class='ocrx_word' id='word_1_328' title='bbox 597 4287 715 4326; x_wconf 91' lang='lat' dir='ltr'><strong>ens.</strong></span> <span class='ocrx_word' id='word_1_329' title='bbox 745 4270 947 4326; x_wconf 88' lang='lat' dir='ltr'><strong>Deinde</strong></span> <span class='ocrx_word' id='word_1_330' title='bbox 967 4270 1092 4341; x_wconf 90' lang='lat' dir='ltr'><strong>quid</strong></span> <span class='ocrx_word' id='word_1_331' title='bbox 1117 4270 1139 4324; x_wconf 85' lang='lat'><strong>?</strong></span> <span class='ocrx_word' id='word_1_332' title='bbox 1169 4270 1388 4342; x_wconf 85' lang='lat' dir='ltr'><strong>Propter</strong></span> <span class='ocrx_word' id='word_1_333' title='bbox 1417 4273 1511 4326; x_wconf 84' lang='lat' dir='ltr'><strong>hoc</strong></span> <span class='ocrx_word' id='word_1_334' title='bbox 1539 4282 1636 4339; x_wconf 86' lang='lat' dir='ltr'><strong>ter,</strong></span> <span class='ocrx_word' id='word_1_335' title='bbox 1681 4274 1871 4344; x_wconf 82' lang='lat' dir='ltr'><strong>inquit,</strong></span> <span class='ocrx_word' id='word_1_336' title='bbox 1906 4273 2180 4327; x_wconf 84' lang='lat' dir='ltr'><strong>Dominum</strong></span> 
     </span>
    </p>
   </div>
   <div class='ocr_carea' id='block_1_46' title="bbox 599 4361 2176 4436">
    <p class='ocr_par' dir='ltr' id='par_1_46' title="bbox 599 4361 2176 4436">
     <span class='ocr_line' id='line_1_46' title="bbox 599 4361 2176 4436; baseline 0.004 -22"><span class='ocrx_word' id='word_1_337' title='bbox 599 4362 774 4430; x_wconf 82' lang='lat' dir='ltr'><strong>rogavi</strong></span> <span class='ocrx_word' id='word_1_338' title='bbox 803 4377 822 4416; x_wconf 93' lang='lat'><strong><em>:</em></strong></span> <span class='ocrx_word' id='word_1_339' title='bbox 847 4361 948 4416; x_wconf 93' lang='lat' dir='ltr'><strong>hoc</strong></span> <span class='ocrx_word' id='word_1_340' title='bbox 985 4371 1084 4428; x_wconf 90' lang='lat' dir='ltr'><strong>est,</strong></span> <span class='ocrx_word' id='word_1_341' title='bbox 1136 4377 1504 4432; x_wconf 63' lang='lat' dir='ltr'><strong>saepenumero</strong></span> <span class='ocrx_word' id='word_1_342' title='bbox 1547 4373 1794 4434; x_wconf 85' lang='lat' dir='ltr'><strong>precatus</strong></span> <span class='ocrx_word' id='word_1_343' title='bbox 1821 4380 1960 4433; x_wconf 90' lang='lat' dir='ltr'><strong>sum,</strong></span> <span class='ocrx_word' id='word_1_344' title='bbox 1985 4365 2176 4436; x_wconf 89' lang='lat' dir='ltr'><strong>inquit,</strong></span> 
     </span>
    </p>
   </div>
   <div class='ocr_carea' id='block_1_47' title="bbox 599 4453 2181 4526">
    <p class='ocr_par' dir='ltr' id='par_1_47' title="bbox 599 4453 2181 4526">
     <span class='ocr_line' id='line_1_47' title="bbox 599 4453 2181 4526; baseline 0.006 -22"><span class='ocrx_word' id='word_1_345' title='bbox 599 4462 656 4505; x_wconf 82' lang='grc' dir='ltr'><strong>ιιι</strong></span> <span class='ocrx_word' id='word_1_346' title='bbox 705 4467 735 4507; x_wconf 83' lang='lat' dir='ltr'><strong>a</strong></span> <span class='ocrx_word' id='word_1_347' title='bbox 767 4453 1144 4509; x_wconf 87' lang='lat' dir='ltr'><strong>tentationibus</strong></span> <span class='ocrx_word' id='word_1_348' title='bbox 1187 4455 1466 4524; x_wconf 89' lang='lat' dir='ltr'><strong>paululum</strong></span> <span class='ocrx_word' id='word_1_349' title='bbox 1522 4457 1860 4526; x_wconf 89' lang='lat' dir='ltr'><strong>respirarem.</strong></span> <span class='ocrx_word' id='word_1_350' title='bbox 1896 4458 2004 4513; x_wconf 83' lang='lat' dir='ltr'><strong>Vos</strong></span> <span class='ocrx_word' id='word_1_351' title='bbox 2051 4473 2181 4514; x_wconf 89' lang='lat' dir='ltr'><strong>vero</strong></span> 
     </span>
    </p>
   </div>
   <div class='ocr_carea' id='block_1_48' title="bbox 595 4545 2180 4617">
    <p class='ocr_par' dir='ltr' id='par_1_48' title="bbox 595 4545 2180 4617">
     <span class='ocr_line' id='line_1_48' title="bbox 595 4545 2180 4617; baseline 0.004 -20"><span class='ocrx_word' id='word_1_352' title='bbox 595 4557 772 4599; x_wconf 67' lang='lat' dir='ltr'><strong>causa:</strong></span> <span class='ocrx_word' id='word_1_353' title='bbox 816 4545 1153 4612; x_wconf 83' lang='lat' dir='ltr'><strong>meministis,</strong></span> <span class='ocrx_word' id='word_1_354' title='bbox 1203 4546 1274 4600; x_wconf 93' lang='lat' dir='ltr'><strong>ob</strong></span> <span class='ocrx_word' id='word_1_355' title='bbox 1321 4563 1480 4617; x_wconf 90' lang='lat' dir='ltr'><strong>quam</strong></span> <span class='ocrx_word' id='word_1_356' title='bbox 1533 4548 1700 4603; x_wconf 90' lang='lat' dir='ltr'><strong>Deum</strong></span> <span class='ocrx_word' id='word_1_357' title='bbox 1751 4547 1859 4603; x_wconf 87' lang='lat' dir='ltr'><strong>dixi</strong></span> <span class='ocrx_word' id='word_1_358' title='bbox 1909 4549 2180 4604; x_wconf 76' lang='lat' dir='ltr'><strong>verberari</strong></span> 
     </span>
    </p>
   </div>
   <div class='ocr_carea' id='block_1_49' title="bbox 597 4637 2174 4710">
    <p class='ocr_par' dir='ltr' id='par_1_49' title="bbox 597 4637 2174 4710">
     <span class='ocr_line' id='line_1_49' title="bbox 597 4637 2174 4710; baseline 0.004 -23"><span class='ocrx_word' id='word_1_359' title='bbox 597 4649 782 4689; x_wconf 87' lang='lat' dir='ltr'><strong>servos</strong></span> <span class='ocrx_word' id='word_1_360' title='bbox 802 4649 930 4691; x_wconf 90' lang='lat' dir='ltr'><strong>suos</strong></span> <span class='ocrx_word' id='word_1_361' title='bbox 958 4637 1289 4706; x_wconf 83' lang='lat' dir='ltr'><strong>permittere,</strong></span> <span class='ocrx_word' id='word_1_362' title='bbox 1314 4638 1514 4704; x_wconf 91' lang='lat' dir='ltr'><strong>vexari,</strong></span> <span class='ocrx_word' id='word_1_363' title='bbox 1548 4638 1752 4694; x_wconf 81' lang='lat' dir='ltr'><strong>inﬁnita</strong></span> <span class='ocrx_word' id='word_1_364' title='bbox 1783 4639 1923 4694; x_wconf 91' lang='lat' dir='ltr'><strong>mala</strong></span> <span class='ocrx_word' id='word_1_365' title='bbox 1946 4641 2174 4710; x_wconf 88' lang='lat' dir='ltr'><strong>perpeti,</strong></span> 
     </span>
    </p>
   </div>
   <div class='ocr_carea' id='block_1_50' title="bbox 598 4727 2179 4787">
    <p class='ocr_par' dir='ltr' id='par_1_50' title="bbox 598 4727 2179 4787">
     <span class='ocr_line' id='line_1_50' title="bbox 598 4727 2179 4787; baseline 0.006 -9"><span class='ocrx_word' id='word_1_366' title='bbox 598 4735 652 4780; x_wconf 89' lang='lat' dir='ltr'><strong>ut</strong></span> <span class='ocrx_word' id='word_1_367' title='bbox 691 4727 940 4782; x_wconf 81' lang='lat' dir='ltr'><strong>virtutem</strong></span> <span class='ocrx_word' id='word_1_368' title='bbox 984 4743 1133 4783; x_wconf 91' lang='lat' dir='ltr'><strong>suam</strong></span> <span class='ocrx_word' id='word_1_369' title='bbox 1160 4729 1423 4785; x_wconf 85' lang='lat' dir='ltr'><strong>ostendat.</strong></span> <span class='ocrx_word' id='word_1_370' title='bbox 1457 4730 1594 4786; x_wconf 89' lang='lat' dir='ltr'><strong>Ecce</strong></span> <span class='ocrx_word' id='word_1_371' title='bbox 1641 4733 1782 4786; x_wconf 90' lang='lat' dir='ltr'><strong>enim</strong></span> <span class='ocrx_word' id='word_1_372' title='bbox 1832 4741 1885 4786; x_wconf 91' lang='lat' dir='ltr'><strong>et</strong></span> <span class='ocrx_word' id='word_1_373' title='bbox 1934 4731 2020 4787; x_wconf 91' lang='lat' dir='ltr'><strong>hic</strong></span> <span class='ocrx_word' id='word_1_374' title='bbox 2057 4747 2179 4787; x_wconf 92' lang='lat' dir='ltr'><strong>cum</strong></span> 
     </span>
    </p>
   </div>
   <div class='ocr_carea' id='block_1_51' title="bbox 598 4821 2180 4885">
    <p class='ocr_par' dir='ltr' id='par_1_51' title="bbox 598 4821 2180 4885">
     <span class='ocr_line' id='line_1_51' title="bbox 598 4821 2180 4885; baseline 0.004 -15"><span class='ocrx_word' id='word_1_375' title='bbox 598 4827 844 4885; x_wconf 83' lang='lat' dir='ltr'><strong>precatus</strong></span> <span class='ocrx_word' id='word_1_376' title='bbox 865 4828 1025 4884; x_wconf 89' lang='lat' dir='ltr'><strong>esset,</strong></span> <span class='ocrx_word' id='word_1_377' title='bbox 1068 4828 1186 4874; x_wconf 91' lang='lat' dir='ltr'><strong>uta</strong></span> <span class='ocrx_word' id='word_1_378' title='bbox 1209 4835 1268 4875; x_wconf 87' lang='lat' dir='ltr'><strong>se</strong></span> <span class='ocrx_word' id='word_1_379' title='bbox 1294 4821 1571 4876; x_wconf 90' lang='lat' dir='ltr'><strong>innumera</strong></span> <span class='ocrx_word' id='word_1_380' title='bbox 1605 4823 1742 4875; x_wconf 90' lang='lat' dir='ltr'><strong>mala</strong></span> <span class='ocrx_word' id='word_1_381' title='bbox 1782 4821 2096 4878; x_wconf 86' lang='lat' dir='ltr'><strong>recederent</strong></span> <span class='ocrx_word' id='word_1_382' title='bbox 2124 4833 2180 4877; x_wconf 87' lang='lat' dir='ltr'><strong>et</strong></span> 
     </span>
    </p>
   </div>
   <div class='ocr_carea' id='block_1_52' title="bbox 597 4907 2180 4982">
    <p class='ocr_par' dir='ltr' id='par_1_52' title="bbox 597 4907 2180 4982">
     <span class='ocr_line' id='line_1_52' title="bbox 597 4907 2180 4982; baseline 0.007 -24"><span class='ocrx_word' id='word_1_383' title='bbox 597 4907 906 4973; x_wconf 84' lang='lat' dir='ltr'><strong>adversarii,</strong></span> <span class='ocrx_word' id='word_1_384' title='bbox 937 4924 1042 4965; x_wconf 92' lang='lat' dir='ltr'><strong>non</strong></span> <span class='ocrx_word' id='word_1_385' title='bbox 1067 4909 1294 4965; x_wconf 89' lang='lat' dir='ltr'><strong>obtinuit</strong></span> <span class='ocrx_word' id='word_1_386' title='bbox 1321 4911 1462 4982; x_wconf 92' lang='lat' dir='ltr'><strong>quod</strong></span> <span class='ocrx_word' id='word_1_387' title='bbox 1491 4912 1738 4982; x_wconf 89' lang='lat' dir='ltr'><strong>petebat;</strong></span> <span class='ocrx_word' id='word_1_388' title='bbox 1764 4921 1817 4967; x_wconf 90' lang='lat' dir='ltr'><strong>et</strong></span> <span class='ocrx_word' id='word_1_389' title='bbox 1842 4927 2054 4967; x_wconf 85' lang='lat' dir='ltr'><strong>causam</strong></span> <span class='ocrx_word' id='word_1_390' title='bbox 2082 4914 2180 4969; x_wconf 75' lang='lat' dir='ltr'><strong>ad-</strong></span> 
     </span>
    </p>
   </div>
   <div class='ocr_carea' id='block_1_53' title="bbox 598 4994 2180 5073">
    <p class='ocr_par' dir='ltr' id='par_1_53' title="bbox 598 4994 2180 5073">
     <span class='ocr_line' id='line_1_53' title="bbox 598 4994 2180 5073; baseline 0.009 -26"><span class='ocrx_word' id='word_1_391' title='bbox 598 4994 714 5062; x_wconf 86' lang='lat' dir='ltr'><strong>dit,</strong></span> <span class='ocrx_word' id='word_1_392' title='bbox 761 4995 832 5050; x_wconf 92' lang='lat' dir='ltr'><strong>ob</strong></span> <span class='ocrx_word' id='word_1_393' title='bbox 875 5012 1032 5067; x_wconf 92' lang='lat' dir='ltr'><strong>quam</strong></span> <span class='ocrx_word' id='word_1_394' title='bbox 1082 5014 1188 5055; x_wconf 92' lang='lat' dir='ltr'><strong>non</strong></span> <span class='ocrx_word' id='word_1_395' title='bbox 1229 5001 1538 5056; x_wconf 89' lang='lat' dir='ltr'><strong>obtinuerit.</strong></span> <span class='ocrx_word' id='word_1_396' title='bbox 1588 5001 1843 5068; x_wconf 64' lang='lat' dir='ltr'><strong>Quaenam</strong></span> <span class='ocrx_word' id='word_1_397' title='bbox 1890 5003 2048 5073; x_wconf 86' lang='lat' dir='ltr'><strong>igitur</strong></span> <span class='ocrx_word' id='word_1_398' title='bbox 2095 5013 2180 5061; x_wconf 90' lang='lat' dir='ltr'><strong>est</strong></span> 
     </span>
    </p>
   </div>
   <div class='ocr_carea' id='block_1_54' title="bbox 597 5089 2173 5161">
    <p class='ocr_par' dir='ltr' id='par_1_54' title="bbox 597 5089 2173 5161">
     <span class='ocr_line' id='line_1_54' title="bbox 597 5089 2173 5161; baseline 0.008 -21"><span class='ocrx_word' id='word_1_399' title='bbox 597 5089 802 5140; x_wconf 83' lang='lat' dir='ltr'><strong>causa?</strong></span> <span class='ocrx_word' id='word_1_400' title='bbox 834 5089 964 5144; x_wconf 85' lang='lat' dir='ltr'><strong>nihil</strong></span> <span class='ocrx_word' id='word_1_401' title='bbox 988 5092 1128 5146; x_wconf 91' lang='lat' dir='ltr'><strong>enim</strong></span> <span class='ocrx_word' id='word_1_402' title='bbox 1161 5093 1405 5161; x_wconf 85' lang='lat' dir='ltr'><strong>prohibet</strong></span> <span class='ocrx_word' id='word_1_403' title='bbox 1449 5112 1632 5150; x_wconf 88' lang='lat' dir='ltr'><strong>rursus</strong></span> <span class='ocrx_word' id='word_1_404' title='bbox 1680 5112 1797 5151; x_wconf 88' lang='lat' dir='ltr'><strong>eam</strong></span> <span class='ocrx_word' id='word_1_405' title='bbox 1849 5111 2173 5154; x_wconf 86' lang='lat' dir='ltr'><strong>memorare.</strong></span> 
     </span>
    </p>
   </div>
   <div class='ocr_carea' id='block_1_55' title="bbox 599 5178 2175 5253">
    <p class='ocr_par' dir='ltr' id='par_1_55' title="bbox 599 5178 2175 5253">
     <span class='ocr_line' id='line_1_55' title="bbox 599 5178 2175 5253; baseline 0.008 -24"><span class='ocrx_word' id='word_1_406' title='bbox 599 5178 814 5247; x_wconf 74' lang='lat' dir='ltr'><strong>Sufﬁcit,</strong></span> <span class='ocrx_word' id='word_1_407' title='bbox 842 5180 1030 5253; x_wconf 87' lang='lat' dir='ltr'><strong>inquit,</strong></span> <span class='ocrx_word' id='word_1_408' title='bbox 1063 5183 1152 5236; x_wconf 82' lang='lat' dir='ltr'><strong>tibi</strong></span> <span class='ocrx_word' id='word_1_409' title='bbox 1167 5185 1333 5253; x_wconf 87' lang='lat' dir='ltr'><strong>gratia</strong></span> <span class='ocrx_word' id='word_1_410' title='bbox 1353 5202 1460 5238; x_wconf 86' lang='lat' dir='ltr'><strong>mea</strong></span> <span class='ocrx_word' id='word_1_411' title='bbox 1477 5202 1496 5249; x_wconf 82' lang='lat'><strong>,&#39;</strong></span> <span class='ocrx_word' id='word_1_412' title='bbox 1523 5187 1679 5240; x_wconf 81' lang='lat' dir='ltr'><strong>virtus</strong></span> <span class='ocrx_word' id='word_1_413' title='bbox 1706 5189 1839 5241; x_wconf 85' lang='lat' dir='ltr'><strong>enim</strong></span> <span class='ocrx_word' id='word_1_414' title='bbox 1864 5203 1976 5242; x_wconf 83' lang='lat' dir='ltr'><strong>mea</strong></span> <span class='ocrx_word' id='word_1_415' title='bbox 2004 5189 2054 5241; x_wconf 86' lang='lat' dir='ltr'><strong>in</strong></span> <span class='ocrx_word' id='word_1_416' title='bbox 2094 5189 2175 5242; x_wconf 83' lang='lat' dir='ltr'><strong>in-</strong></span> 
     </span>
    </p>
   </div>
   <div class='ocr_carea' id='block_1_56' title="bbox 594 5271 1126 5341">
    <p class='ocr_par' dir='ltr' id='par_1_56' title="bbox 594 5271 1126 5341">
     <span class='ocr_line' id='line_1_56' title="bbox 594 5271 1126 5341; baseline 0.015 -22"><span class='ocrx_word' id='word_1_417' title='bbox 594 5271 832 5337; x_wconf 72' lang='lat' dir='ltr'><strong>ﬁrmitate</strong></span> <span class='ocrx_word' id='word_1_418' title='bbox 849 5281 1126 5341; x_wconf 77' lang='lat' dir='ltr'><strong>per/icitur.</strong></span> 
     </span>
    </p>
   </div>
   <div class='ocr_carea' id='block_1_57' title="bbox 670 5361 2176 5442">
    <p class='ocr_par' dir='ltr' id='par_1_57' title="bbox 670 5361 2176 5442">
     <span class='ocr_line' id='line_1_57' title="bbox 670 5361 2176 5442; baseline 0.009 -27"><span class='ocrx_word' id='word_1_419' title='bbox 670 5361 724 5415; x_wconf 69' lang='grc'><strong>4.</strong></span> <span class='ocrx_word' id='word_1_420' title='bbox 771 5361 930 5418; x_wconf 81' lang='lat' dir='ltr'><strong>Vides</strong></span> <span class='ocrx_word' id='word_1_421' title='bbox 974 5364 1171 5420; x_wconf 91' lang='lat' dir='ltr'><strong>idcirco</strong></span> <span class='ocrx_word' id='word_1_422' title='bbox 1201 5367 1365 5421; x_wconf 88' lang='lat' dir='ltr'><strong>Deum</strong></span> <span class='ocrx_word' id='word_1_423' title='bbox 1392 5370 1698 5437; x_wconf 88' lang='lat' dir='ltr'><strong>permittere</strong></span> <span class='ocrx_word' id='word_1_424' title='bbox 1723 5374 1942 5442; x_wconf 83' lang='lat' dir='ltr'><strong>angelos</strong></span> <span class='ocrx_word' id='word_1_425' title='bbox 1963 5374 2176 5429; x_wconf 62' lang='lat' dir='ltr'><strong>Satanae</strong></span> 
     </span>
    </p>
   </div>
   <div class='ocr_carea' id='block_1_58' title="bbox 595 5459 2172 5532">
    <p class='ocr_par' dir='ltr' id='par_1_58' title="bbox 595 5459 2172 5532">
     <span class='ocr_line' id='line_1_58' title="bbox 595 5459 2172 5532; baseline 0.011 -28"><span class='ocrx_word' id='word_1_426' title='bbox 595 5466 785 5506; x_wconf 88' lang='lat' dir='ltr'><strong>servos</strong></span> <span class='ocrx_word' id='word_1_427' title='bbox 803 5467 926 5506; x_wconf 91' lang='lat' dir='ltr'><strong>suos</strong></span> <span class='ocrx_word' id='word_1_428' title='bbox 939 5469 1203 5524; x_wconf 88' lang='lat' dir='ltr'><strong>premere,</strong></span> <span class='ocrx_word' id='word_1_429' title='bbox 1223 5466 1275 5511; x_wconf 91' lang='lat' dir='ltr'><strong>et</strong></span> <span class='ocrx_word' id='word_1_430' title='bbox 1290 5467 1536 5513; x_wconf 86' lang='lat' dir='ltr'><strong>sexcenta</strong></span> <span class='ocrx_word' id='word_1_431' title='bbox 1554 5459 1652 5514; x_wconf 91' lang='lat' dir='ltr'><strong>illis</strong></span> <span class='ocrx_word' id='word_1_432' title='bbox 1671 5463 1879 5531; x_wconf 85' lang='lat' dir='ltr'><strong>negotia</strong></span> <span class='ocrx_word' id='word_1_433' title='bbox 1897 5464 2172 5532; x_wconf 89' lang='lat' dir='ltr'><strong>exhibere,</strong></span> 
     </span>
    </p>
   </div>
   <div class='ocr_carea' id='block_1_59' title="bbox 600 5542 2174 5626">
    <p class='ocr_par' dir='ltr' id='par_1_59' title="bbox 600 5542 2174 5626">
     <span class='ocr_line' id='line_1_59' title="bbox 600 5542 2174 5626; baseline 0.01 -31"><span class='ocrx_word' id='word_1_434' title='bbox 600 5550 658 5596; x_wconf 91' lang='lat' dir='ltr'><strong>ut</strong></span> <span class='ocrx_word' id='word_1_435' title='bbox 675 5542 836 5611; x_wconf 87' lang='lat' dir='ltr'><strong>ipsius</strong></span> <span class='ocrx_word' id='word_1_436' title='bbox 854 5545 1021 5602; x_wconf 90' lang='lat' dir='ltr'><strong>virtus</strong></span> <span class='ocrx_word' id='word_1_437' title='bbox 1036 5549 1327 5617; x_wconf 76' lang='lat' dir='ltr'><strong>appareat?</strong></span> <span class='ocrx_word' id='word_1_438' title='bbox 1345 5549 1478 5604; x_wconf 84' lang='lat' dir='ltr'><strong>Vere</strong></span> <span class='ocrx_word' id='word_1_439' title='bbox 1496 5564 1721 5620; x_wconf 87' lang='lat' dir='ltr'><strong>namque</strong></span> <span class='ocrx_word' id='word_1_440' title='bbox 1739 5553 1852 5608; x_wconf 86' lang='lat' dir='ltr'><strong>sive</strong></span> <span class='ocrx_word' id='word_1_441' title='bbox 1867 5570 1989 5612; x_wconf 84' lang='lat' dir='ltr'><strong>cum</strong></span> <span class='ocrx_word' id='word_1_442' title='bbox 2013 5571 2174 5626; x_wconf 86' lang='lat' dir='ltr'><strong>paga-</strong></span> 
     </span>
    </p>
   </div>
   <div class='ocr_carea' id='block_1_60' title="bbox 593 5636 2173 5717">
    <p class='ocr_par' dir='ltr' id='par_1_60' title="bbox 593 5636 2173 5717">
     <span class='ocr_line' id='line_1_60' title="bbox 593 5636 2173 5717; baseline 0.009 -26"><span class='ocrx_word' id='word_1_443' title='bbox 593 5638 698 5708; x_wconf 70' lang='lat' dir='ltr'><strong>nis,</strong></span> <span class='ocrx_word' id='word_1_444' title='bbox 710 5636 819 5695; x_wconf 84' lang='lat' dir='ltr'><strong>sive</strong></span> <span class='ocrx_word' id='word_1_445' title='bbox 831 5654 947 5697; x_wconf 90' lang='lat' dir='ltr'><strong>cum</strong></span> <span class='ocrx_word' id='word_1_446' title='bbox 963 5641 1169 5698; x_wconf 84' lang='lat' dir='ltr'><strong>miseris</strong></span> <span class='ocrx_word' id='word_1_447' title='bbox 1182 5640 1376 5700; x_wconf 74' lang='lat' dir='ltr'><strong>Iudaeis</strong></span> <span class='ocrx_word' id='word_1_448' title='bbox 1397 5641 1742 5717; x_wconf 82' lang='lat' dir='ltr'><strong>disseramus,</strong></span> <span class='ocrx_word' id='word_1_449' title='bbox 1753 5645 1817 5702; x_wconf 86' lang='lat' dir='ltr'><strong>ad</strong></span> <span class='ocrx_word' id='word_1_450' title='bbox 1836 5646 2065 5705; x_wconf 79' lang='lat' dir='ltr'><strong>divinam</strong></span> <span class='ocrx_word' id='word_1_451' title='bbox 2082 5649 2173 5705; x_wconf 77' lang='lat' dir='ltr'><strong>vir-</strong></span> 
     </span>
    </p>
   </div>
   <div class='ocr_carea' id='block_1_61' title="bbox 1335 248 3900 321">
    <p class='ocr_par' dir='ltr' id='par_1_61' title="bbox 1335 248 3900 321">
     <span class='ocr_line' id='line_1_61' title="bbox 1335 248 3900 321; baseline -0.002 -12"><span class='ocrx_word' id='word_1_452' title='bbox 1335 251 1397 309; x_wconf 74' lang='grc'><strong>8.</strong></span> <span class='ocrx_word' id='word_1_453' title='bbox 1436 251 1712 309; x_wconf 78' lang='lat' dir='ltr'><strong>JOANNIS</strong></span> <span class='ocrx_word' id='word_1_454' title='bbox 1747 249 2222 308; x_wconf 68' lang='lat' dir='ltr'><strong>CBRYSOSTOMI</strong></span> <span class='ocrx_word' id='word_1_455' title='bbox 2258 249 2577 308; x_wconf 77' lang='lat' dir='ltr'><strong>ARCHIEP.</strong></span> <span class='ocrx_word' id='word_1_456' title='bbox 2617 248 3148 307; x_wconf 75' lang='lat' dir='ltr'><strong>CONSTANTINOP.</strong></span> <span class='ocrx_word' id='word_1_457' title='bbox 3756 263 3851 321; x_wconf 69' lang='grc' dir='ltr'><strong>σοι</strong></span> <span class='ocrx_word' id='word_1_458' title='bbox 3873 303 3900 318; x_wconf 29' lang='grc' dir='ltr'><strong>ί</strong></span> 
     </span>
    </p>
   </div>
   <div class='ocr_carea' id='block_1_62' title="bbox 2284 364 3856 437">
    <p class='ocr_par' dir='ltr' id='par_1_62' title="bbox 2284 364 3856 437">
     <span class='ocr_line' id='line_1_62' title="bbox 2284 364 3856 437; baseline 0.002 -17"><span class='ocrx_word' id='word_1_459' title='bbox 2284 373 2448 422; x_wconf 90' lang='lat' dir='ltr'><strong>tutem</strong></span> <span class='ocrx_word' id='word_1_460' title='bbox 2460 365 2841 422; x_wconf 87' lang='lat' dir='ltr'><strong>ostendendam</strong></span> <span class='ocrx_word' id='word_1_461' title='bbox 2854 366 2957 422; x_wconf 89' lang='lat' dir='ltr'><strong>hoc</strong></span> <span class='ocrx_word' id='word_1_462' title='bbox 2970 364 3181 434; x_wconf 74' lang='lat' dir='ltr'><strong>sufﬁcit,</strong></span> <span class='ocrx_word' id='word_1_463' title='bbox 3199 365 3340 437; x_wconf 92' lang='lat' dir='ltr'><strong>quod</strong></span> <span class='ocrx_word' id='word_1_464' title='bbox 3361 365 3591 421; x_wconf 80' lang='lat' dir='ltr'><strong>infinitis</strong></span> <span class='ocrx_word' id='word_1_465' title='bbox 3609 369 3856 436; x_wconf 79' lang='lat' dir='ltr'><strong>exagitata</strong></span> 
     </span>
    </p>
   </div>
   <div class='ocr_carea' id='block_1_63' title="bbox 2281 455 3861 527">
    <p class='ocr_par' dir='ltr' id='par_1_63' title="bbox 2281 455 3861 527">
     <span class='ocr_line' id='line_1_63' title="bbox 2281 455 3861 527; baseline 0.001 -15"><span class='ocrx_word' id='word_1_466' title='bbox 2281 455 2440 512; x_wconf 91' lang='lat' dir='ltr'><strong>bellis</strong></span> <span class='ocrx_word' id='word_1_467' title='bbox 2464 456 2596 512; x_wconf 83' lang='lat' dir='ltr'><strong>ﬁdes</strong></span> <span class='ocrx_word' id='word_1_468' title='bbox 2617 457 2967 525; x_wconf 88' lang='lat' dir='ltr'><strong>superaverit,</strong></span> <span class='ocrx_word' id='word_1_469' title='bbox 2995 456 3138 527; x_wconf 92' lang='lat' dir='ltr'><strong>quod</strong></span> <span class='ocrx_word' id='word_1_470' title='bbox 3165 456 3416 512; x_wconf 88' lang='lat' dir='ltr'><strong>universo</strong></span> <span class='ocrx_word' id='word_1_471' title='bbox 3444 467 3715 512; x_wconf 88' lang='lat' dir='ltr'><strong>terrarum</strong></span> <span class='ocrx_word' id='word_1_472' title='bbox 3741 457 3861 513; x_wconf 84' lang='lat' dir='ltr'><strong>orbe</strong></span> 
     </span>
    </p>
   </div>
   <div class='ocr_carea' id='block_1_64' title="bbox 2282 547 3862 622">
    <p class='ocr_par' dir='ltr' id='par_1_64' title="bbox 2282 547 3862 622">
     <span class='ocr_line' id='line_1_64' title="bbox 2282 547 3862 622; baseline 0 -20"><span class='ocrx_word' id='word_1_473' title='bbox 2282 557 2630 619; x_wconf 89' lang='lat' dir='ltr'><strong>repugnante,</strong></span> <span class='ocrx_word' id='word_1_474' title='bbox 2648 547 2959 618; x_wconf 87' lang='lat' dir='ltr'><strong>cunctisque</strong></span> <span class='ocrx_word' id='word_1_475' title='bbox 2980 547 3261 603; x_wconf 91' lang='lat' dir='ltr'><strong>duodecim</strong></span> <span class='ocrx_word' id='word_1_476' title='bbox 3277 548 3398 603; x_wconf 89' lang='lat' dir='ltr'><strong>illos</strong></span> <span class='ocrx_word' id='word_1_477' title='bbox 3414 547 3672 604; x_wconf 86' lang='lat' dir='ltr'><strong>homines</strong></span> <span class='ocrx_word' id='word_1_478' title='bbox 3677 562 3862 622; x_wconf 73' lang='lat' dir='ltr'><strong>magna</strong></span> 
     </span>
    </p>
   </div>
   <div class='ocr_carea' id='block_1_65' title="bbox 2284 639 3866 712">
    <p class='ocr_par' dir='ltr' id='par_1_65' title="bbox 2284 639 3866 712">
     <span class='ocr_line' id='line_1_65' title="bbox 2284 639 3866 712; baseline -0.003 -16"><span class='ocrx_word' id='word_1_479' title='bbox 2284 645 2624 696; x_wconf 85' lang='lat' dir='ltr'><strong>contentione</strong></span> <span class='ocrx_word' id='word_1_480' title='bbox 2647 641 3048 711; x_wconf 84' lang='lat' dir='ltr'><strong>repellentibus,</strong></span> <span class='ocrx_word' id='word_1_481' title='bbox 3079 641 3326 712; x_wconf 84' lang='lat' dir='ltr'><strong>apostoli,</strong></span> <span class='ocrx_word' id='word_1_482' title='bbox 3350 641 3599 711; x_wconf 86' lang='lat' dir='ltr'><strong>inquam,</strong></span> <span class='ocrx_word' id='word_1_483' title='bbox 3630 639 3706 694; x_wconf 90' lang='lat' dir='ltr'><strong>illi</strong></span> <span class='ocrx_word' id='word_1_484' title='bbox 3723 639 3866 694; x_wconf 84' lang='lat' dir='ltr'><strong>brevi</strong></span> 
     </span>
    </p>
   </div>
   <div class='ocr_carea' id='block_1_66' title="bbox 2285 732 3890 804">
    <p class='ocr_par' dir='ltr' id='par_1_66' title="bbox 2285 732 3890 804">
     <span class='ocr_line' id='line_1_66' title="bbox 2285 732 3890 804; baseline -0.002 -17"><span class='ocrx_word' id='word_1_485' title='bbox 2285 743 2526 804; x_wconf 84' lang='lat' dir='ltr'><strong>tempore</strong></span> <span class='ocrx_word' id='word_1_486' title='bbox 2553 733 2718 804; x_wconf 87' lang='lat' dir='ltr'><strong>virgis</strong></span> <span class='ocrx_word' id='word_1_487' title='bbox 2737 734 2882 800; x_wconf 66' lang='lat' dir='ltr'><strong>cesi,</strong></span> <span class='ocrx_word' id='word_1_488' title='bbox 2907 733 3102 798; x_wconf 79' lang='lat' dir='ltr'><strong>vexati,</strong></span> <span class='ocrx_word' id='word_1_489' title='bbox 3125 732 3404 789; x_wconf 88' lang='lat' dir='ltr'><strong>innumera</strong></span> <span class='ocrx_word' id='word_1_490' title='bbox 3447 732 3595 800; x_wconf 76' lang='lat' dir='ltr'><strong>mala</strong></span> <span class='ocrx_word' id='word_1_491' title='bbox 3639 733 3890 803; x_wconf 84' lang='lat' dir='ltr'><strong>perpessi.</strong></span> 
     </span>
    </p>
   </div>
   <div class='ocr_carea' id='block_1_67' title="bbox 2286 822 3870 900">
    <p class='ocr_par' dir='ltr' id='par_1_67' title="bbox 2286 822 3870 900">
     <span class='ocr_line' id='line_1_67' title="bbox 2286 822 3870 900; baseline -0.001 -22"><span class='ocrx_word' id='word_1_492' title='bbox 2286 837 2448 888; x_wconf 87' lang='lat' dir='ltr'><strong>eos,a</strong></span> <span class='ocrx_word' id='word_1_493' title='bbox 2475 824 2667 894; x_wconf 90' lang='lat' dir='ltr'><strong>quibus</strong></span> <span class='ocrx_word' id='word_1_494' title='bbox 2711 823 2826 879; x_wconf 67' lang='lat' dir='ltr'><strong>haec</strong></span> <span class='ocrx_word' id='word_1_495' title='bbox 2867 822 3249 890; x_wconf 83' lang='lat' dir='ltr'><strong>inferebantur,</strong></span> <span class='ocrx_word' id='word_1_496' title='bbox 3297 825 3580 900; x_wconf 87' lang='lat' dir='ltr'><strong>potuerint</strong></span> <span class='ocrx_word' id='word_1_497' title='bbox 3623 836 3870 892; x_wconf 87' lang='lat' dir='ltr'><strong>prospero</strong></span> 
     </span>
    </p>
   </div>
   <div class='ocr_carea' id='block_1_68' title="bbox 2285 910 3874 983">
    <p class='ocr_par' dir='ltr' id='par_1_68' title="bbox 2285 910 3874 983">
     <span class='ocr_line' id='line_1_68' title="bbox 2285 910 3874 983; baseline 0.001 -17"><span class='ocrx_word' id='word_1_498' title='bbox 2285 925 2537 967; x_wconf 83' lang='lat' dir='ltr'><strong>successu</strong></span> <span class='ocrx_word' id='word_1_499' title='bbox 2563 912 2876 969; x_wconf 60' lang='lat' dir='ltr'><strong>devincere.</strong></span> <span class='ocrx_word' id='word_1_500' title='bbox 2897 913 3186 983; x_wconf 87' lang='lat' dir='ltr'><strong>Propterea</strong></span> <span class='ocrx_word' id='word_1_501' title='bbox 3227 912 3444 967; x_wconf 83' lang='lat' dir='ltr'><strong>beatum</strong></span> <span class='ocrx_word' id='word_1_502' title='bbox 3471 911 3645 967; x_wconf 89' lang='lat' dir='ltr'><strong>etiam</strong></span> <span class='ocrx_word' id='word_1_503' title='bbox 3692 910 3874 967; x_wconf 82' lang='lat' dir='ltr'><strong>Eusta-</strong></span> 
     </span>
    </p>
   </div>
   <div class='ocr_carea' id='block_1_69' title="bbox 2286 999 3875 1072">
    <p class='ocr_par' dir='ltr' id='par_1_69' title="bbox 2286 999 3875 1072">
     <span class='ocr_line' id='line_1_69' title="bbox 2286 999 3875 1072; baseline 0.001 -18"><span class='ocrx_word' id='word_1_504' title='bbox 2286 999 2456 1055; x_wconf 88' lang='lat' dir='ltr'><strong>thium</strong></span> <span class='ocrx_word' id='word_1_505' title='bbox 2485 1001 2541 1056; x_wconf 94' lang='lat' dir='ltr'><strong>in</strong></span> <span class='ocrx_word' id='word_1_506' title='bbox 2564 1002 2812 1057; x_wconf 89' lang='lat' dir='ltr'><strong>exsilium</strong></span> <span class='ocrx_word' id='word_1_507' title='bbox 2835 1001 3022 1057; x_wconf 87' lang='lat' dir='ltr'><strong>abduci</strong></span> <span class='ocrx_word' id='word_1_508' title='bbox 3072 1001 3312 1072; x_wconf 90' lang='lat' dir='ltr'><strong>permisit</strong></span> <span class='ocrx_word' id='word_1_509' title='bbox 3358 1001 3527 1066; x_wconf 85' lang='lat' dir='ltr'><strong>Deus,</strong></span> <span class='ocrx_word' id='word_1_510' title='bbox 3558 1008 3620 1054; x_wconf 89' lang='lat' dir='ltr'><strong>ut</strong></span> <span class='ocrx_word' id='word_1_511' title='bbox 3645 1000 3875 1056; x_wconf 74' lang='lat' dir='ltr'><strong>veritat‘u</strong></span> 
     </span>
    </p>
   </div>
   <div class='ocr_carea' id='block_1_70' title="bbox 2285 1092 3876 1150">
    <p class='ocr_par' dir='ltr' id='par_1_70' title="bbox 2285 1092 3876 1150">
     <span class='ocr_line' id='line_1_70' title="bbox 2285 1092 3876 1150; baseline 0.002 -5"><span class='ocrx_word' id='word_1_512' title='bbox 2285 1092 2441 1149; x_wconf 90' lang='lat' dir='ltr'><strong>nobis</strong></span> <span class='ocrx_word' id='word_1_513' title='bbox 2490 1093 2740 1150; x_wconf 89' lang='lat' dir='ltr'><strong>virtutem</strong></span> <span class='ocrx_word' id='word_1_514' title='bbox 2779 1104 2834 1150; x_wconf 90' lang='lat' dir='ltr'><strong>et</strong></span> <span class='ocrx_word' id='word_1_515' title='bbox 2886 1094 3258 1150; x_wconf 66' lang='lat' dir='ltr'><strong>haereticorum</strong></span> <span class='ocrx_word' id='word_1_516' title='bbox 3303 1092 3735 1149; x_wconf 85' lang='lat' dir='ltr'><strong>imbecillitatem</strong></span> <span class='ocrx_word' id='word_1_517' title='bbox 3771 1107 3876 1148; x_wconf 86' lang='lat' dir='ltr'><strong>am-</strong></span> 
     </span>
    </p>
   </div>
   <div class='ocr_carea' id='block_1_71' title="bbox 2286 1182 3877 1257">
    <p class='ocr_par' dir='ltr' id='par_1_71' title="bbox 2286 1182 3877 1257">
     <span class='ocr_line' id='line_1_71' title="bbox 2286 1182 3877 1257; baseline 0.003 -21"><span class='ocrx_word' id='word_1_518' title='bbox 2286 1183 2423 1253; x_wconf 90' lang='lat' dir='ltr'><strong>plius</strong></span> <span class='ocrx_word' id='word_1_519' title='bbox 2489 1184 2899 1241; x_wconf 88' lang='lat' dir='ltr'><strong>demonstraret.</strong></span> <span class='ocrx_word' id='word_1_520' title='bbox 2987 1185 3166 1256; x_wconf 87' lang='lat' dir='ltr'><strong>Itaque</strong></span> <span class='ocrx_word' id='word_1_521' title='bbox 3237 1200 3469 1257; x_wconf 87' lang='lat' dir='ltr'><strong>peregre</strong></span> <span class='ocrx_word' id='word_1_522' title='bbox 3547 1182 3877 1256; x_wconf 78' lang='lat' dir='ltr'><strong>profecturus</strong></span> 
     </span>
    </p>
   </div>
   <div class='ocr_carea' id='block_1_72' title="bbox 2287 1274 3878 1346">
    <p class='ocr_par' dir='ltr' id='par_1_72' title="bbox 2287 1274 3878 1346">
     <span class='ocr_line' id='line_1_72' title="bbox 2287 1274 3878 1346; baseline 0.003 -17"><span class='ocrx_word' id='word_1_523' title='bbox 2287 1274 2472 1330; x_wconf 88' lang='lat' dir='ltr'><strong>urbem</strong></span> <span class='ocrx_word' id='word_1_524' title='bbox 2516 1277 2728 1346; x_wconf 86' lang='lat' dir='ltr'><strong>quidem</strong></span> <span class='ocrx_word' id='word_1_525' title='bbox 2765 1276 3087 1344; x_wconf 90' lang='lat' dir='ltr'><strong>dimittebat,</strong></span> <span class='ocrx_word' id='word_1_526' title='bbox 3127 1285 3183 1331; x_wconf 90' lang='lat' dir='ltr'><strong>at</strong></span> <span class='ocrx_word' id='word_1_527' title='bbox 3229 1277 3518 1333; x_wconf 83' lang='lat' dir='ltr'><strong>caritatem</strong></span> <span class='ocrx_word' id='word_1_528' title='bbox 3568 1277 3626 1331; x_wconf 88' lang='lat' dir='ltr'><strong>in</strong></span> <span class='ocrx_word' id='word_1_529' title='bbox 3654 1290 3752 1332; x_wconf 85' lang='lat' dir='ltr'><strong>vos</strong></span> <span class='ocrx_word' id='word_1_530' title='bbox 3779 1290 3878 1333; x_wconf 88' lang='lat' dir='ltr'><strong>nou</strong></span> 
     </span>
    </p>
   </div>
   <div class='ocr_carea' id='block_1_73' title="bbox 2285 1364 3877 1438">
    <p class='ocr_par' dir='ltr' id='par_1_73' title="bbox 2285 1364 3877 1438">
     <span class='ocr_line' id='line_1_73' title="bbox 2285 1364 3877 1438; baseline 0 -18"><span class='ocrx_word' id='word_1_531' title='bbox 2285 1364 2627 1421; x_wconf 89' lang='lat' dir='ltr'><strong>dimittebat:</strong></span> <span class='ocrx_word' id='word_1_532' title='bbox 2659 1381 2833 1437; x_wconf 87' lang='lat' dir='ltr'><strong>neque</strong></span> <span class='ocrx_word' id='word_1_533' title='bbox 2861 1366 3004 1438; x_wconf 89' lang='lat' dir='ltr'><strong>quod</strong></span> <span class='ocrx_word' id='word_1_534' title='bbox 3054 1366 3123 1422; x_wconf 89' lang='lat' dir='ltr'><strong>ab</strong></span> <span class='ocrx_word' id='word_1_535' title='bbox 3173 1366 3410 1422; x_wconf 87' lang='lat' dir='ltr'><strong>Ecclesia</strong></span> <span class='ocrx_word' id='word_1_536' title='bbox 3463 1365 3877 1436; x_wconf 86' lang='lat' dir='ltr'><strong>expellebatur,</strong></span> 
     </span>
    </p>
   </div>
   <div class='ocr_carea' id='block_1_74' title="bbox 2286 1458 3880 1528">
    <p class='ocr_par' dir='ltr' id='par_1_74' title="bbox 2286 1458 3880 1528">
     <span class='ocr_line' id='line_1_74' title="bbox 2286 1458 3880 1528; baseline 0 -16"><span class='ocrx_word' id='word_1_537' title='bbox 2286 1472 2317 1512; x_wconf 92' lang='lat' dir='ltr'><strong>a</strong></span> <span class='ocrx_word' id='word_1_538' title='bbox 2359 1459 2604 1528; x_wconf 69' lang='lat' dir='ltr'><strong>praesulis</strong></span> <span class='ocrx_word' id='word_1_539' title='bbox 2651 1460 2812 1514; x_wconf 90' lang='lat' dir='ltr'><strong>etiam</strong></span> <span class='ocrx_word' id='word_1_540' title='bbox 2858 1475 3100 1528; x_wconf 89' lang='lat' dir='ltr'><strong>munere,</strong></span> <span class='ocrx_word' id='word_1_541' title='bbox 3151 1459 3445 1514; x_wconf 90' lang='lat' dir='ltr'><strong>velacura</strong></span> <span class='ocrx_word' id='word_1_542' title='bbox 3483 1458 3682 1524; x_wconf 85' lang='lat' dir='ltr'><strong>vestri,</strong></span> <span class='ocrx_word' id='word_1_543' title='bbox 3731 1470 3880 1528; x_wconf 84' lang='lat' dir='ltr'><strong>quam</strong></span> 
     </span>
    </p>
   </div>
   <div class='ocr_carea' id='block_1_75' title="bbox 2286 1548 3880 1621">
    <p class='ocr_par' dir='ltr' id='par_1_75' title="bbox 2286 1548 3880 1621">
     <span class='ocr_line' id='line_1_75' title="bbox 2286 1548 3880 1621; baseline 0.001 -20"><span class='ocrx_word' id='word_1_544' title='bbox 2286 1548 2544 1617; x_wconf 85' lang='lat' dir='ltr'><strong>gerebat,</strong></span> <span class='ocrx_word' id='word_1_545' title='bbox 2593 1549 2825 1604; x_wconf 91' lang='lat' dir='ltr'><strong>alienum</strong></span> <span class='ocrx_word' id='word_1_546' title='bbox 2875 1550 3114 1619; x_wconf 83' lang='lat' dir='ltr'><strong>seipsum</strong></span> <span class='ocrx_word' id='word_1_547' title='bbox 3154 1548 3394 1621; x_wconf 88' lang='lat' dir='ltr'><strong>putabat,</strong></span> <span class='ocrx_word' id='word_1_548' title='bbox 3461 1548 3567 1604; x_wconf 87' lang='lat' dir='ltr'><strong>sed</strong></span> <span class='ocrx_word' id='word_1_549' title='bbox 3614 1557 3732 1602; x_wconf 87' lang='lat' dir='ltr'><strong>tum</strong></span> <span class='ocrx_word' id='word_1_550' title='bbox 3771 1561 3880 1602; x_wconf 84' lang='lat' dir='ltr'><strong>am-</strong></span> 
     </span>
    </p>
   </div>
   <div class='ocr_carea' id='block_1_76' title="bbox 2288 1640 3881 1710">
    <p class='ocr_par' dir='ltr' id='par_1_76' title="bbox 2288 1640 3881 1710">
     <span class='ocr_line' id='line_1_76' title="bbox 2288 1640 3881 1710; baseline 0 -16"><span class='ocrx_word' id='word_1_551' title='bbox 2288 1640 2426 1710; x_wconf 85' lang='lat' dir='ltr'><strong>plius</strong></span> <span class='ocrx_word' id='word_1_552' title='bbox 2502 1641 2724 1696; x_wconf 89' lang='lat' dir='ltr'><strong>curabat</strong></span> <span class='ocrx_word' id='word_1_553' title='bbox 2789 1649 2844 1697; x_wconf 92' lang='lat' dir='ltr'><strong>et</strong></span> <span class='ocrx_word' id='word_1_554' title='bbox 2911 1643 3172 1708; x_wconf 74' lang='lat' dir='ltr'><strong>soUiciuis</strong></span> <span class='ocrx_word' id='word_1_555' title='bbox 3248 1650 3385 1698; x_wconf 92' lang='lat' dir='ltr'><strong>erat.</strong></span> <span class='ocrx_word' id='word_1_556' title='bbox 3463 1640 3601 1696; x_wconf 89' lang='lat' dir='ltr'><strong>Ideo</strong></span> <span class='ocrx_word' id='word_1_557' title='bbox 3673 1647 3881 1695; x_wconf 82' lang='lat' dir='ltr'><strong>vocatos</strong></span> 
     </span>
    </p>
   </div>
   <div class='ocr_carea' id='block_1_77' title="bbox 2287 1734 3882 1803">
    <p class='ocr_par' dir='ltr' id='par_1_77' title="bbox 2287 1734 3882 1803">
     <span class='ocr_line' id='line_1_77' title="bbox 2287 1734 3882 1803; baseline -0.002 -15"><span class='ocrx_word' id='word_1_558' title='bbox 2287 1747 2474 1789; x_wconf 89' lang='lat' dir='ltr'><strong>omnes</strong></span> <span class='ocrx_word' id='word_1_559' title='bbox 2551 1734 2907 1803; x_wconf 84' lang='lat' dir='ltr'><strong>admonebat,</strong></span> <span class='ocrx_word' id='word_1_560' title='bbox 2965 1743 3039 1792; x_wconf 87' lang='lat' dir='ltr'><strong>&#39;ut</strong></span> <span class='ocrx_word' id='word_1_561' title='bbox 3098 1751 3167 1791; x_wconf 90' lang='lat' dir='ltr'><strong>ne</strong></span> <span class='ocrx_word' id='word_1_562' title='bbox 3233 1735 3690 1798; x_wconf 84' lang='lat' dir='ltr'><strong>succumberent,</strong></span> <span class='ocrx_word' id='word_1_563' title='bbox 3756 1745 3882 1786; x_wconf 84' lang='lat' dir='ltr'><strong>neve</strong></span> 
     </span>
    </p>
   </div>
   <div class='ocr_carea' id='block_1_78' title="bbox 2291 1819 3882 1897">
    <p class='ocr_par' dir='ltr' id='par_1_78' title="bbox 2291 1819 3882 1897">
     <span class='ocr_line' id='line_1_78' title="bbox 2291 1819 3882 1897; baseline 0 -21"><span class='ocrx_word' id='word_1_564' title='bbox 2291 1822 2433 1892; x_wconf 91' lang='lat' dir='ltr'><strong>lupis</strong></span> <span class='ocrx_word' id='word_1_565' title='bbox 2499 1824 2756 1880; x_wconf 88' lang='lat' dir='ltr'><strong>cederent</strong></span> <span class='ocrx_word' id='word_1_566' title='bbox 2782 1864 2799 1892; x_wconf 92' lang='lat'><strong>,</strong></span> <span class='ocrx_word' id='word_1_567' title='bbox 2851 1833 2946 1880; x_wconf 87' lang='lat' dir='ltr'><strong>aut</strong></span> <span class='ocrx_word' id='word_1_568' title='bbox 2999 1825 3106 1880; x_wconf 90' lang='lat' dir='ltr'><strong>illis</strong></span> <span class='ocrx_word' id='word_1_569' title='bbox 3148 1839 3365 1897; x_wconf 87' lang='lat' dir='ltr'><strong>gregem</strong></span> <span class='ocrx_word' id='word_1_570' title='bbox 3413 1823 3751 1895; x_wconf 82' lang='lat' dir='ltr'><strong>proderent;</strong></span> <span class='ocrx_word' id='word_1_571' title='bbox 3795 1819 3882 1876; x_wconf 82' lang='lat' dir='ltr'><strong>sed</strong></span> 
     </span>
    </p>
   </div>
   <div class='ocr_carea' id='block_1_79' title="bbox 2289 1910 3882 1986">
    <p class='ocr_par' dir='ltr' id='par_1_79' title="bbox 2289 1910 3882 1986">
     <span class='ocr_line' id='line_1_79' title="bbox 2289 1910 3882 1986; baseline -0.001 -16"><span class='ocrx_word' id='word_1_572' title='bbox 2289 1914 2434 1970; x_wconf 90' lang='lat' dir='ltr'><strong>intus</strong></span> <span class='ocrx_word' id='word_1_573' title='bbox 2477 1926 2777 1986; x_wconf 85' lang='lat' dir='ltr'><strong>manerent,</strong></span> <span class='ocrx_word' id='word_1_574' title='bbox 2813 1926 2891 1972; x_wconf 87' lang='lat' dir='ltr'><strong>ut</strong></span> <span class='ocrx_word' id='word_1_575' title='bbox 2936 1931 2999 1973; x_wconf 89' lang='lat' dir='ltr'><strong>os</strong></span> <span class='ocrx_word' id='word_1_576' title='bbox 3049 1916 3155 1972; x_wconf 89' lang='lat' dir='ltr'><strong>illis</strong></span> <span class='ocrx_word' id='word_1_577' title='bbox 3205 1910 3574 1982; x_wconf 86' lang='lat' dir='ltr'><strong>obstruerent,</strong></span> <span class='ocrx_word' id='word_1_578' title='bbox 3622 1929 3720 1971; x_wconf 89' lang='lat' dir='ltr'><strong>eos</strong></span> <span class='ocrx_word' id='word_1_579' title='bbox 3762 1928 3882 1969; x_wconf 86' lang='lat' dir='ltr'><strong>con-</strong></span> 
     </span>
    </p>
   </div>
   <div class='ocr_carea' id='block_1_80' title="bbox 2286 2003 3881 2078">
    <p class='ocr_par' dir='ltr' id='par_1_80' title="bbox 2286 2003 3881 2078">
     <span class='ocr_line' id='line_1_80' title="bbox 2286 2003 3881 2078; baseline -0.001 -18"><span class='ocrx_word' id='word_1_580' title='bbox 2286 2006 2584 2074; x_wconf 85' lang='lat' dir='ltr'><strong>vincerent,</strong></span> <span class='ocrx_word' id='word_1_581' title='bbox 2626 2023 2689 2062; x_wconf 91' lang='lat' dir='ltr'><strong>ac</strong></span> <span class='ocrx_word' id='word_1_582' title='bbox 2731 2007 3088 2078; x_wconf 87' lang='lat' dir='ltr'><strong>simpliciores</strong></span> <span class='ocrx_word' id='word_1_583' title='bbox 3134 2008 3330 2064; x_wconf 81' lang='lat' dir='ltr'><strong>fratres</strong></span> <span class='ocrx_word' id='word_1_584' title='bbox 3371 2007 3789 2064; x_wconf 80' lang='lat' dir='ltr'><strong>conﬁrmarent.</strong></span> <span class='ocrx_word' id='word_1_585' title='bbox 3821 2003 3881 2060; x_wconf 83' lang='lat' dir='ltr'><strong>Et</strong></span> 
     </span>
    </p>
   </div>
   <div class='ocr_carea' id='block_1_81' title="bbox 2287 2097 3880 2170">
    <p class='ocr_par' dir='ltr' id='par_1_81' title="bbox 2287 2097 3880 2170">
     <span class='ocr_line' id='line_1_81' title="bbox 2287 2097 3880 2170; baseline 0 -20"><span class='ocrx_word' id='word_1_586' title='bbox 2287 2111 2416 2152; x_wconf 68' lang='lat' dir='ltr'><strong>vero</strong></span> <span class='ocrx_word' id='word_1_587' title='bbox 2458 2106 2603 2153; x_wconf 87' lang='lat' dir='ltr'><strong>recte</strong></span> <span class='ocrx_word' id='word_1_588' title='bbox 2642 2097 2789 2152; x_wconf 90' lang='lat' dir='ltr'><strong>illum</strong></span> <span class='ocrx_word' id='word_1_589' title='bbox 2832 2098 3125 2170; x_wconf 88' lang='lat' dir='ltr'><strong>imperasse</strong></span> <span class='ocrx_word' id='word_1_590' title='bbox 3169 2099 3383 2154; x_wconf 88' lang='lat' dir='ltr'><strong>tandem</strong></span> <span class='ocrx_word' id='word_1_591' title='bbox 3421 2100 3608 2154; x_wconf 87' lang='lat' dir='ltr'><strong>exitus</strong></span> <span class='ocrx_word' id='word_1_592' title='bbox 3635 2111 3880 2166; x_wconf 82' lang='lat' dir='ltr'><strong>compro-</strong></span> 
     </span>
    </p>
   </div>
   <div class='ocr_carea' id='block_1_82' title="bbox 2288 2186 3877 2254">
    <p class='ocr_par' dir='ltr' id='par_1_82' title="bbox 2288 2186 3877 2254">
     <span class='ocr_line' id='line_1_82' title="bbox 2288 2186 3877 2254; baseline 0 -12"><span class='ocrx_word' id='word_1_593' title='bbox 2288 2188 2433 2243; x_wconf 89' lang='lat' dir='ltr'><strong>bavit</strong></span> <span class='ocrx_word' id='word_1_594' title='bbox 2477 2206 2492 2242; x_wconf 90' lang='lat'><strong>:</strong></span> <span class='ocrx_word' id='word_1_595' title='bbox 2550 2190 2652 2245; x_wconf 89' lang='lat' dir='ltr'><strong>nisi</strong></span> <span class='ocrx_word' id='word_1_596' title='bbox 2706 2191 2851 2246; x_wconf 90' lang='lat' dir='ltr'><strong>enim</strong></span> <span class='ocrx_word' id='word_1_597' title='bbox 2898 2199 3012 2246; x_wconf 90' lang='lat' dir='ltr'><strong>tum</strong></span> <span class='ocrx_word' id='word_1_598' title='bbox 3063 2190 3118 2245; x_wconf 89' lang='lat' dir='ltr'><strong>in</strong></span> <span class='ocrx_word' id='word_1_599' title='bbox 3163 2190 3405 2246; x_wconf 87' lang='lat' dir='ltr'><strong>Ecclesia</strong></span> <span class='ocrx_word' id='word_1_600' title='bbox 3461 2186 3877 2254; x_wconf 81' lang='lat' dir='ltr'><strong>remansissetis,</strong></span> 
     </span>
    </p>
   </div>
   <div class='ocr_carea' id='block_1_83' title="bbox 2287 2275 3880 2349">
    <p class='ocr_par' dir='ltr' id='par_1_83' title="bbox 2287 2275 3880 2349">
     <span class='ocr_line' id='line_1_83' title="bbox 2287 2275 3880 2349; baseline 0 -18"><span class='ocrx_word' id='word_1_601' title='bbox 2287 2287 2537 2348; x_wconf 87' lang='lat' dir='ltr'><strong>corrupta</strong></span> <span class='ocrx_word' id='word_1_602' title='bbox 2598 2293 2722 2348; x_wconf 90' lang='lat' dir='ltr'><strong>pars</strong></span> <span class='ocrx_word' id='word_1_603' title='bbox 2782 2279 2956 2349; x_wconf 87' lang='lat' dir='ltr'><strong>major</strong></span> <span class='ocrx_word' id='word_1_604' title='bbox 3013 2280 3242 2334; x_wconf 89' lang='lat' dir='ltr'><strong>civitatis</strong></span> <span class='ocrx_word' id='word_1_605' title='bbox 3319 2277 3558 2346; x_wconf 88' lang='lat' dir='ltr'><strong>fuisset,</strong></span> <span class='ocrx_word' id='word_1_606' title='bbox 3639 2290 3770 2332; x_wconf 86' lang='lat' dir='ltr'><strong>oves</strong></span> <span class='ocrx_word' id='word_1_607' title='bbox 3830 2275 3880 2331; x_wconf 87' lang='lat' dir='ltr'><strong>iu</strong></span> 
     </span>
    </p>
   </div>
   <div class='ocr_carea' id='block_1_84' title="bbox 2287 2367 3882 2440">
    <p class='ocr_par' dir='ltr' id='par_1_84' title="bbox 2287 2367 3882 2440">
     <span class='ocr_line' id='line_1_84' title="bbox 2287 2367 3882 2440; baseline -0.001 -17"><span class='ocrx_word' id='word_1_608' title='bbox 2287 2367 2504 2424; x_wconf 86' lang='lat' dir='ltr'><strong>deserto</strong></span> <span class='ocrx_word' id='word_1_609' title='bbox 2528 2369 2907 2426; x_wconf 90' lang='lat' dir='ltr'><strong>devorantibus</strong></span> <span class='ocrx_word' id='word_1_610' title='bbox 2959 2370 3128 2440; x_wconf 88' lang='lat' dir='ltr'><strong>lupis;</strong></span> <span class='ocrx_word' id='word_1_611' title='bbox 3167 2385 3355 2426; x_wconf 89' lang='lat' dir='ltr'><strong>verum</strong></span> <span class='ocrx_word' id='word_1_612' title='bbox 3400 2371 3544 2426; x_wconf 90' lang='lat' dir='ltr'><strong>illius</strong></span> <span class='ocrx_word' id='word_1_613' title='bbox 3584 2383 3790 2434; x_wconf 89' lang='lat' dir='ltr'><strong>sermo,</strong></span> <span class='ocrx_word' id='word_1_614' title='bbox 3819 2381 3882 2422; x_wconf 84' lang='lat' dir='ltr'><strong>ne</strong></span> 
     </span>
    </p>
   </div>
   <div class='ocr_carea' id='block_1_85' title="bbox 2287 2459 3875 2533">
    <p class='ocr_par' dir='ltr' id='par_1_85' title="bbox 2287 2459 3875 2533">
     <span class='ocr_line' id='line_1_85' title="bbox 2287 2459 3875 2533; baseline 0.001 -19"><span class='ocrx_word' id='word_1_615' title='bbox 2287 2474 2439 2514; x_wconf 89' lang='lat' dir='ltr'><strong>suam</strong></span> <span class='ocrx_word' id='word_1_616' title='bbox 2468 2461 2756 2531; x_wconf 87' lang='lat' dir='ltr'><strong>nequitiam</strong></span> <span class='ocrx_word' id='word_1_617' title='bbox 2787 2461 3124 2533; x_wconf 90' lang='lat' dir='ltr'><strong>impudenter</strong></span> <span class='ocrx_word' id='word_1_618' title='bbox 3175 2472 3530 2529; x_wconf 89' lang='lat' dir='ltr'><strong>exercerent,</strong></span> <span class='ocrx_word' id='word_1_619' title='bbox 3584 2459 3875 2532; x_wconf 78' lang='lat' dir='ltr'><strong>impedivit.</strong></span> 
     </span>
    </p>
   </div>
   <div class='ocr_carea' id='block_1_86' title="bbox 2287 2550 3875 2621">
    <p class='ocr_par' dir='ltr' id='par_1_86' title="bbox 2287 2550 3875 2621">
     <span class='ocr_line' id='line_1_86' title="bbox 2287 2550 3875 2621; baseline -0.001 -16"><span class='ocrx_word' id='word_1_620' title='bbox 2287 2550 2471 2621; x_wconf 80' lang='lat' dir='ltr'><strong>Neque</strong></span> <span class='ocrx_word' id='word_1_621' title='bbox 2495 2567 2625 2607; x_wconf 90' lang='lat' dir='ltr'><strong>vero</strong></span> <span class='ocrx_word' id='word_1_622' title='bbox 2661 2553 2834 2608; x_wconf 87' lang='lat' dir='ltr'><strong>solum</strong></span> <span class='ocrx_word' id='word_1_623' title='bbox 2864 2555 3038 2609; x_wconf 91' lang='lat' dir='ltr'><strong>exitus</strong></span> <span class='ocrx_word' id='word_1_624' title='bbox 3076 2553 3130 2610; x_wconf 92' lang='lat' dir='ltr'><strong>id</strong></span> <span class='ocrx_word' id='word_1_625' title='bbox 3169 2553 3441 2621; x_wconf 88' lang='lat' dir='ltr'><strong>ostendit,</strong></span> <span class='ocrx_word' id='word_1_626' title='bbox 3486 2553 3585 2609; x_wconf 87' lang='lat' dir='ltr'><strong>sed</strong></span> <span class='ocrx_word' id='word_1_627' title='bbox 3625 2562 3681 2608; x_wconf 89' lang='lat' dir='ltr'><strong>et</strong></span> <span class='ocrx_word' id='word_1_628' title='bbox 3725 2550 3875 2607; x_wconf 86' lang='lat' dir='ltr'><strong>Pauli</strong></span> 
     </span>
    </p>
   </div>
   <div class='ocr_carea' id='block_1_87' title="bbox 2287 2640 3875 2699">
    <p class='ocr_par' dir='ltr' id='par_1_87' title="bbox 2287 2640 3875 2699">
     <span class='ocr_line' id='line_1_87' title="bbox 2287 2640 3875 2699; baseline 0.001 -6"><span class='ocrx_word' id='word_1_629' title='bbox 2287 2640 2451 2696; x_wconf 90' lang='lat' dir='ltr'><strong>verba</strong></span> <span class='ocrx_word' id='word_1_630' title='bbox 2485 2658 2499 2695; x_wconf 87' lang='lat'><strong>:</strong></span> <span class='ocrx_word' id='word_1_631' title='bbox 2530 2656 2655 2697; x_wconf 89' lang='lat' dir='ltr'><strong>nam</strong></span> <span class='ocrx_word' id='word_1_632' title='bbox 2701 2651 2757 2698; x_wconf 90' lang='lat' dir='ltr'><strong>et</strong></span> <span class='ocrx_word' id='word_1_633' title='bbox 2794 2643 2863 2698; x_wconf 93' lang='lat' dir='ltr'><strong>ab</strong></span> <span class='ocrx_word' id='word_1_634' title='bbox 2901 2643 2991 2697; x_wconf 93' lang='lat' dir='ltr'><strong>illo</strong></span> <span class='ocrx_word' id='word_1_635' title='bbox 3031 2643 3118 2699; x_wconf 88' lang='lat' dir='ltr'><strong>hic</strong></span> <span class='ocrx_word' id='word_1_636' title='bbox 3155 2643 3379 2699; x_wconf 89' lang='lat' dir='ltr'><strong>edoctus</strong></span> <span class='ocrx_word' id='word_1_637' title='bbox 3415 2644 3496 2698; x_wconf 91' lang='lat' dir='ltr'><strong>sic</strong></span> <span class='ocrx_word' id='word_1_638' title='bbox 3535 2642 3875 2699; x_wconf 85' lang='lat' dir='ltr'><strong>admonebat.</strong></span> 
     </span>
    </p>
   </div>
   <div class='ocr_carea' id='block_1_88' title="bbox 2289 2730 3881 2802">
    <p class='ocr_par' dir='ltr' id='par_1_88' title="bbox 2289 2730 3881 2802">
     <span class='ocr_line' id='line_1_88' title="bbox 2289 2730 3881 2802; baseline 0.001 -18"><span class='ocrx_word' id='word_1_639' title='bbox 2289 2730 2427 2797; x_wconf 89' lang='lat' dir='ltr'><strong>Quid</strong></span> <span class='ocrx_word' id='word_1_640' title='bbox 2451 2732 2610 2802; x_wconf 89' lang='lat' dir='ltr'><strong>igitur</strong></span> <span class='ocrx_word' id='word_1_641' title='bbox 2635 2732 2710 2787; x_wconf 90' lang='lat' dir='ltr'><strong>ait</strong></span> <span class='ocrx_word' id='word_1_642' title='bbox 2729 2731 2964 2788; x_wconf 81' lang='lat' dir='ltr'><strong>Paulus?</strong></span> <span class='ocrx_word' id='word_1_643' title='bbox 2984 2732 3118 2788; x_wconf 84' lang='lat' dir='ltr'><strong>Cum</strong></span> <span class='ocrx_word' id='word_1_644' title='bbox 3144 2734 3272 2789; x_wconf 92' lang='lat' dir='ltr'><strong>olim</strong></span> <span class='ocrx_word' id='word_1_645' title='bbox 3299 2733 3527 2788; x_wconf 81' lang='lat' dir='ltr'><strong>Romam</strong></span> <span class='ocrx_word' id='word_1_646' title='bbox 3550 2741 3701 2789; x_wconf 80' lang='lat' dir='ltr'><strong>esset</strong></span> <span class='ocrx_word' id='word_1_647' title='bbox 3722 2730 3881 2787; x_wconf 88' lang='lat' dir='ltr'><strong>abdu-</strong></span> 
     </span>
    </p>
   </div>
   <div class='ocr_carea' id='block_1_89' title="bbox 2287 2820 3878 2894">
    <p class='ocr_par' dir='ltr' id='par_1_89' title="bbox 2287 2820 3878 2894">
     <span class='ocr_line' id='line_1_89' title="bbox 2287 2820 3878 2894; baseline 0.001 -18"><span class='ocrx_word' id='word_1_648' title='bbox 2287 2820 2491 2877; x_wconf 85' lang='lat' dir='ltr'><strong>cendus</strong></span> <span class='ocrx_word' id='word_1_649' title='bbox 2517 2822 2702 2877; x_wconf 90' lang='lat' dir='ltr'><strong>ultima</strong></span> <span class='ocrx_word' id='word_1_650' title='bbox 2722 2836 2819 2878; x_wconf 89' lang='lat' dir='ltr'><strong>sua</strong></span> <span class='ocrx_word' id='word_1_651' title='bbox 2848 2822 3204 2893; x_wconf 90' lang='lat' dir='ltr'><strong>profectione,</strong></span> <span class='ocrx_word' id='word_1_652' title='bbox 3225 2831 3509 2894; x_wconf 86' lang='lat' dir='ltr'><strong>postquam</strong></span> <span class='ocrx_word' id='word_1_653' title='bbox 3528 2838 3641 2878; x_wconf 92' lang='lat' dir='ltr'><strong>non</strong></span> <span class='ocrx_word' id='word_1_654' title='bbox 3657 2821 3878 2891; x_wconf 79' lang='lat' dir='ltr'><strong>amplius</strong></span> 
     </span>
    </p>
   </div>
   <div class='ocr_carea' id='block_1_90' title="bbox 2288 2903 3878 2985">
    <p class='ocr_par' dir='ltr' id='par_1_90' title="bbox 2288 2903 3878 2985">
     <span class='ocr_line' id='line_1_90' title="bbox 2288 2903 3878 2985; baseline 0 -19"><span class='ocrx_word' id='word_1_655' title='bbox 2288 2911 2579 2982; x_wconf 87' lang='lat' dir='ltr'><strong>discipulos</strong></span> <span class='ocrx_word' id='word_1_656' title='bbox 2599 2913 2810 2969; x_wconf 88' lang='lat' dir='ltr'><strong>visurus</strong></span> <span class='ocrx_word' id='word_1_657' title='bbox 2834 2923 2952 2969; x_wconf 87' lang='lat' dir='ltr'><strong>erat</strong></span> <span class='ocrx_word' id='word_1_658' title='bbox 2974 2955 2989 2979; x_wconf 95' lang='lat'><strong>,</strong></span> <span class='ocrx_word' id='word_1_659' title='bbox 3023 2913 3146 2968; x_wconf 90' lang='lat' dir='ltr'><strong>Non</strong></span> <span class='ocrx_word' id='word_1_660' title='bbox 3177 2903 3310 2969; x_wconf 70' lang='lat' dir='ltr'><strong>enim</strong></span> <span class='ocrx_word' id='word_1_661' title='bbox 3335 2915 3562 2985; x_wconf 80' lang='lat' dir='ltr'><strong>mnplius</strong></span> <span class='ocrx_word' id='word_1_662' title='bbox 3599 2914 3779 2968; x_wconf 82' lang='lat' dir='ltr'><strong>uidebo</strong></span> <span class='ocrx_word' id='word_1_663' title='bbox 3797 2928 3878 2967; x_wconf 74' lang='lat' dir='ltr'><strong>vos</strong></span> 
     </span>
    </p>
   </div>
   <div class='ocr_carea' id='block_1_91' title="bbox 2289 3002 3876 3074">
    <p class='ocr_par' dir='ltr' id='par_1_91' title="bbox 2289 3002 3876 3074">
     <span class='ocr_line' id='line_1_91' title="bbox 2289 3002 3876 3074; baseline 0.002 -19"><span class='ocrx_word' id='word_1_664' title='bbox 2289 3002 2429 3073; x_wconf 80' lang='lat' dir='ltr'><strong>(Act.</strong></span> <span class='ocrx_word' id='word_1_665' title='bbox 2455 3003 2545 3058; x_wconf 75' lang='lat'><strong>20.</strong></span> <span class='ocrx_word' id='word_1_666' title='bbox 2568 3003 2685 3074; x_wconf 76' lang='lat'><strong>25),</strong></span> <span class='ocrx_word' id='word_1_667' title='bbox 2712 3003 2883 3074; x_wconf 90' lang='lat' dir='ltr'><strong>inquit</strong></span> <span class='ocrx_word' id='word_1_668' title='bbox 2911 3021 2925 3057; x_wconf 89' lang='lat'><strong>:</strong></span> <span class='ocrx_word' id='word_1_669' title='bbox 2955 3004 3058 3060; x_wconf 91' lang='lat' dir='ltr'><strong>hoc</strong></span> <span class='ocrx_word' id='word_1_670' title='bbox 3086 3013 3262 3060; x_wconf 90' lang='lat' dir='ltr'><strong>autem</strong></span> <span class='ocrx_word' id='word_1_671' title='bbox 3290 3004 3521 3071; x_wconf 90' lang='lat' dir='ltr'><strong>dicebat,</strong></span> <span class='ocrx_word' id='word_1_672' title='bbox 3555 3020 3666 3060; x_wconf 90' lang='lat' dir='ltr'><strong>non</strong></span> <span class='ocrx_word' id='word_1_673' title='bbox 3697 3013 3756 3059; x_wconf 94' lang='lat' dir='ltr'><strong>ut</strong></span> <span class='ocrx_word' id='word_1_674' title='bbox 3780 3002 3876 3058; x_wconf 88' lang='lat' dir='ltr'><strong>illis</strong></span> 
     </span>
    </p>
   </div>
   <div class='ocr_carea' id='block_1_92' title="bbox 2250 3091 3888 3164">
    <p class='ocr_par' dir='ltr' id='par_1_92' title="bbox 2250 3091 3888 3164">
     <span class='ocr_line' id='line_1_92' title="bbox 2250 3091 3888 3164; baseline -0.001 -17"><span class='ocrx_word' id='word_1_675' title='bbox 2250 3091 2530 3148; x_wconf 67' lang='lat' dir='ltr'><strong>dolorem</strong></span> <span class='ocrx_word' id='word_1_676' title='bbox 2558 3093 2811 3159; x_wconf 88' lang='lat' dir='ltr'><strong>inureret,</strong></span> <span class='ocrx_word' id='word_1_677' title='bbox 2858 3093 2952 3148; x_wconf 90' lang='lat' dir='ltr'><strong>sed</strong></span> <span class='ocrx_word' id='word_1_678' title='bbox 3001 3094 3144 3164; x_wconf 88' lang='lat' dir='ltr'><strong>quod</strong></span> <span class='ocrx_word' id='word_1_679' title='bbox 3187 3093 3509 3149; x_wconf 82' lang='lat' dir='ltr'><strong>conﬁrmare</strong></span> <span class='ocrx_word' id='word_1_680' title='bbox 3531 3095 3660 3149; x_wconf 88' lang='lat' dir='ltr'><strong>illos</strong></span> <span class='ocrx_word' id='word_1_681' title='bbox 3677 3093 3888 3148; x_wconf 78' lang='lat' dir='ltr'><strong>vellet:</strong></span> 
     </span>
    </p>
   </div>
   <div class='ocr_carea' id='block_1_93' title="bbox 2287 3180 3874 3255">
    <p class='ocr_par' dir='ltr' id='par_1_93' title="bbox 2287 3180 3874 3255">
     <span class='ocr_line' id='line_1_93' title="bbox 2287 3180 3874 3255; baseline -0.002 -17"><span class='ocrx_word' id='word_1_682' title='bbox 2287 3182 2412 3238; x_wconf 85' lang='lat' dir='ltr'><strong>lude</strong></span> <span class='ocrx_word' id='word_1_683' title='bbox 2439 3182 2599 3253; x_wconf 87' lang='lat' dir='ltr'><strong>igitur</strong></span> <span class='ocrx_word' id='word_1_684' title='bbox 2615 3183 2953 3253; x_wconf 87' lang='lat' dir='ltr'><strong>profecturus</strong></span> <span class='ocrx_word' id='word_1_685' title='bbox 2980 3185 3082 3239; x_wconf 92' lang='lat' dir='ltr'><strong>hoc</strong></span> <span class='ocrx_word' id='word_1_686' title='bbox 3114 3193 3268 3255; x_wconf 91' lang='lat' dir='ltr'><strong>pacto</strong></span> <span class='ocrx_word' id='word_1_687' title='bbox 3285 3185 3403 3240; x_wconf 89' lang='lat' dir='ltr'><strong>illos</strong></span> <span class='ocrx_word' id='word_1_688' title='bbox 3425 3180 3874 3241; x_wconf 82' lang='lat' dir='ltr'><strong>conﬁrmabatdi-</strong></span> 
     </span>
    </p>
   </div>
   <div class='ocr_carea' id='block_1_94' title="bbox 2287 3271 3875 3343">
    <p class='ocr_par' dir='ltr' id='par_1_94' title="bbox 2287 3271 3875 3343">
     <span class='ocr_line' id='line_1_94' title="bbox 2287 3271 3875 3343; baseline -0.002 -16"><span class='ocrx_word' id='word_1_689' title='bbox 2287 3277 2451 3338; x_wconf 83' lang='lat' dir='ltr'><strong>cens,</strong></span> <span class='ocrx_word' id='word_1_690' title='bbox 2481 3271 2604 3328; x_wconf 83' lang='lat' dir='ltr'><strong>Scio</strong></span> <span class='ocrx_word' id='word_1_691' title='bbox 2630 3274 2868 3342; x_wconf 86' lang='lat' dir='ltr'><strong>quoniam</strong></span> <span class='ocrx_word' id='word_1_692' title='bbox 2903 3273 3160 3327; x_wconf 84' lang='lat' dir='ltr'><strong>intrabunt</strong></span> <span class='ocrx_word' id='word_1_693' title='bbox 3186 3283 3298 3343; x_wconf 86' lang='lat' dir='ltr'><strong>post</strong></span> <span class='ocrx_word' id='word_1_694' title='bbox 3329 3275 3692 3329; x_wconf 71' lang='lat' dir='ltr'><strong>discessionem</strong></span> <span class='ocrx_word' id='word_1_695' title='bbox 3720 3287 3875 3326; x_wconf 73' lang='lat' dir='ltr'><strong>meant</strong></span> 
     </span>
    </p>
   </div>
   <div class='ocr_carea' id='block_1_95' title="bbox 2287 3361 3873 3434">
    <p class='ocr_par' dir='ltr' id='par_1_95' title="bbox 2287 3361 3873 3434">
     <span class='ocr_line' id='line_1_95' title="bbox 2287 3361 3873 3434; baseline 0.002 -20"><span class='ocrx_word' id='word_1_696' title='bbox 2287 3361 2398 3431; x_wconf 85' lang='lat' dir='ltr'><strong>lupi</strong></span> <span class='ocrx_word' id='word_1_697' title='bbox 2424 3377 2633 3432; x_wconf 81' lang='lat' dir='ltr'><strong>graves,</strong></span> <span class='ocrx_word' id='word_1_698' title='bbox 2669 3371 2719 3416; x_wconf 83' lang='lat' dir='ltr'><strong>et</strong></span> <span class='ocrx_word' id='word_1_699' title='bbox 2759 3377 2823 3416; x_wconf 77' lang='lat' dir='ltr'><strong>ea:</strong></span> <span class='ocrx_word' id='word_1_700' title='bbox 2862 3361 3001 3416; x_wconf 79' lang='lat' dir='ltr'><strong>uobis</strong></span> <span class='ocrx_word' id='word_1_701' title='bbox 3037 3363 3162 3433; x_wconf 87' lang='lat' dir='ltr'><strong>ipsis</strong></span> <span class='ocrx_word' id='word_1_702' title='bbox 3192 3372 3459 3433; x_wconf 68' lang='lat' dir='ltr'><strong>exsurgant</strong></span> <span class='ocrx_word' id='word_1_703' title='bbox 3488 3364 3583 3416; x_wconf 77' lang='lat' dir='ltr'><strong>viri</strong></span> <span class='ocrx_word' id='word_1_704' title='bbox 3626 3364 3873 3434; x_wconf 75' lang='lat' dir='ltr'><strong>loquentes</strong></span> 
     </span>
    </p>
   </div>
   <div class='ocr_carea' id='block_1_96' title="bbox 2289 3451 3870 3522">
    <p class='ocr_par' dir='ltr' id='par_1_96' title="bbox 2289 3451 3870 3522">
     <span class='ocr_line' id='line_1_96' title="bbox 2289 3451 3870 3522; baseline 0.002 -18"><span class='ocrx_word' id='word_1_705' title='bbox 2289 3467 2526 3520; x_wconf 84' lang='lat' dir='ltr'><strong>perversa</strong></span> <span class='ocrx_word' id='word_1_706' title='bbox 2572 3451 2733 3520; x_wconf 85' lang='lat' dir='ltr'><strong>(Ibid.</strong></span> <span class='ocrx_word' id='word_1_707' title='bbox 2759 3467 2810 3506; x_wconf 76' lang='grc' dir='ltr'><strong>ν.</strong></span> <span class='ocrx_word' id='word_1_708' title='bbox 2842 3451 2933 3508; x_wconf 77' lang='grc'><strong>29.</strong></span> <span class='ocrx_word' id='word_1_709' title='bbox 2971 3451 3083 3521; x_wconf 79' lang='grc'><strong>50).</strong></span> <span class='ocrx_word' id='word_1_710' title='bbox 3114 3452 3333 3522; x_wconf 84' lang='lat' dir='ltr'><strong>Triplex</strong></span> <span class='ocrx_word' id='word_1_711' title='bbox 3367 3453 3567 3509; x_wconf 90' lang='lat' dir='ltr'><strong>bellum</strong></span> <span class='ocrx_word' id='word_1_712' title='bbox 3589 3497 3605 3522; x_wconf 96' lang='lat'><strong>,</strong></span> <span class='ocrx_word' id='word_1_713' title='bbox 3649 3455 3870 3509; x_wconf 86' lang='lat' dir='ltr'><strong>ferarum</strong></span> 
     </span>
    </p>
   </div>
   <div class='ocr_carea' id='block_1_97' title="bbox 2289 3541 3870 3614">
    <p class='ocr_par' dir='ltr' id='par_1_97' title="bbox 2289 3541 3870 3614">
     <span class='ocr_line' id='line_1_97' title="bbox 2289 3541 3870 3614; baseline 0.001 -18"><span class='ocrx_word' id='word_1_714' title='bbox 2289 3551 2500 3608; x_wconf 89' lang='lat' dir='ltr'><strong>natura,</strong></span> <span class='ocrx_word' id='word_1_715' title='bbox 2520 3541 2646 3598; x_wconf 83' lang='lat' dir='ltr'><strong>belli</strong></span> <span class='ocrx_word' id='word_1_716' title='bbox 2673 3543 2897 3609; x_wconf 67' lang='lat' dir='ltr'><strong>saevitia,</strong></span> <span class='ocrx_word' id='word_1_717' title='bbox 2920 3543 3171 3614; x_wconf 90' lang='lat' dir='ltr'><strong>quodque</strong></span> <span class='ocrx_word' id='word_1_718' title='bbox 3198 3559 3305 3598; x_wconf 90' lang='lat' dir='ltr'><strong>non</strong></span> <span class='ocrx_word' id='word_1_719' title='bbox 3325 3545 3485 3599; x_wconf 88' lang='lat' dir='ltr'><strong>alieni</strong></span> <span class='ocrx_word' id='word_1_720' title='bbox 3508 3545 3638 3613; x_wconf 91' lang='lat' dir='ltr'><strong>sint,</strong></span> <span class='ocrx_word' id='word_1_721' title='bbox 3664 3544 3757 3600; x_wconf 89' lang='lat' dir='ltr'><strong>sed</strong></span> <span class='ocrx_word' id='word_1_722' title='bbox 3783 3543 3870 3598; x_wconf 85' lang='lat' dir='ltr'><strong>do-</strong></span> 
     </span>
    </p>
   </div>
   <div class='ocr_carea' id='block_1_98' title="bbox 2287 3633 3868 3707">
    <p class='ocr_par' dir='ltr' id='par_1_98' title="bbox 2287 3633 3868 3707">
     <span class='ocr_line' id='line_1_98' title="bbox 2287 3633 3868 3707; baseline 0.001 -20"><span class='ocrx_word' id='word_1_723' title='bbox 2287 3633 2520 3700; x_wconf 90' lang='lat' dir='ltr'><strong>mestici,</strong></span> <span class='ocrx_word' id='word_1_724' title='bbox 2545 3634 2636 3704; x_wconf 91' lang='lat' dir='ltr'><strong>qui</strong></span> <span class='ocrx_word' id='word_1_725' title='bbox 2657 3633 2857 3689; x_wconf 93' lang='lat' dir='ltr'><strong>bellum</strong></span> <span class='ocrx_word' id='word_1_726' title='bbox 2879 3634 3138 3699; x_wconf 87' lang='lat' dir='ltr'><strong>inferunt,</strong></span> <span class='ocrx_word' id='word_1_727' title='bbox 3162 3635 3389 3706; x_wconf 90' lang='lat' dir='ltr'><strong>ideoque</strong></span> <span class='ocrx_word' id='word_1_728' title='bbox 3411 3637 3651 3707; x_wconf 87' lang='lat' dir='ltr'><strong>gravius.</strong></span> <span class='ocrx_word' id='word_1_729' title='bbox 3677 3636 3807 3692; x_wconf 87' lang='lat' dir='ltr'><strong>Nam</strong></span> <span class='ocrx_word' id='word_1_730' title='bbox 3826 3636 3868 3690; x_wconf 88' lang='lat' dir='ltr'><strong>si</strong></span> 
     </span>
    </p>
   </div>
   <div class='ocr_carea' id='block_1_99' title="bbox 2286 3724 3863 3796">
    <p class='ocr_par' dir='ltr' id='par_1_99' title="bbox 2286 3724 3863 3796">
     <span class='ocr_line' id='line_1_99' title="bbox 2286 3724 3863 3796; baseline 0.001 -18"><span class='ocrx_word' id='word_1_731' title='bbox 2286 3724 2621 3781; x_wconf 85' lang='lat' dir='ltr'><strong>extrinsecus</strong></span> <span class='ocrx_word' id='word_1_732' title='bbox 2644 3725 2889 3781; x_wconf 90' lang='lat' dir='ltr'><strong>vulneret</strong></span> <span class='ocrx_word' id='word_1_733' title='bbox 2909 3740 2996 3781; x_wconf 90' lang='lat' dir='ltr'><strong>me</strong></span> <span class='ocrx_word' id='word_1_734' title='bbox 3015 3726 3301 3796; x_wconf 90' lang='lat' dir='ltr'><strong>quispiam,</strong></span> <span class='ocrx_word' id='word_1_735' title='bbox 3324 3735 3415 3782; x_wconf 91' lang='lat' dir='ltr'><strong>aut</strong></span> <span class='ocrx_word' id='word_1_736' title='bbox 3437 3727 3638 3783; x_wconf 91' lang='lat' dir='ltr'><strong>bellum</strong></span> <span class='ocrx_word' id='word_1_737' title='bbox 3660 3727 3863 3792; x_wconf 89' lang='lat' dir='ltr'><strong>inferat,</strong></span> 
     </span>
    </p>
   </div>
   <div class='ocr_carea' id='block_1_100' title="bbox 2287 3814 3867 3888">
    <p class='ocr_par' dir='ltr' id='par_1_100' title="bbox 2287 3814 3867 3888">
     <span class='ocr_line' id='line_1_100' title="bbox 2287 3814 3867 3888; baseline 0.002 -18"><span class='ocrx_word' id='word_1_738' title='bbox 2287 3814 2443 3872; x_wconf 87' lang='lat' dir='ltr'><strong>facile</strong></span> <span class='ocrx_word' id='word_1_739' title='bbox 2483 3817 2630 3872; x_wconf 88' lang='lat' dir='ltr'><strong>illum</strong></span> <span class='ocrx_word' id='word_1_740' title='bbox 2660 3826 2847 3886; x_wconf 90' lang='lat' dir='ltr'><strong>potero</strong></span> <span class='ocrx_word' id='word_1_741' title='bbox 2876 3833 3171 3888; x_wconf 84' lang='lat' dir='ltr'><strong>superare;</strong></span> <span class='ocrx_word' id='word_1_742' title='bbox 3217 3819 3300 3874; x_wconf 90' lang='lat' dir='ltr'><strong>sin</strong></span> <span class='ocrx_word' id='word_1_743' title='bbox 3336 3829 3514 3875; x_wconf 88' lang='lat' dir='ltr'><strong>autem</strong></span> <span class='ocrx_word' id='word_1_744' title='bbox 3555 3820 3867 3876; x_wconf 87' lang='lat' dir='ltr'><strong>intrinsecus</strong></span> 
     </span>
    </p>
   </div>
   <div class='ocr_carea' id='block_1_101' title="bbox 2287 3909 3867 3980">
    <p class='ocr_par' dir='ltr' id='par_1_101' title="bbox 2287 3909 3867 3980">
     <span class='ocr_line' id='line_1_101' title="bbox 2287 3909 3867 3980; baseline 0.001 -18"><span class='ocrx_word' id='word_1_745' title='bbox 2287 3909 2355 3962; x_wconf 90' lang='lat' dir='ltr'><strong>ab</strong></span> <span class='ocrx_word' id='word_1_746' title='bbox 2384 3909 2500 3979; x_wconf 92' lang='lat' dir='ltr'><strong>ipso</strong></span> <span class='ocrx_word' id='word_1_747' title='bbox 2531 3924 2754 3980; x_wconf 90' lang='lat' dir='ltr'><strong>corpore</strong></span> <span class='ocrx_word' id='word_1_748' title='bbox 2780 3911 2932 3966; x_wconf 92' lang='lat' dir='ltr'><strong>ulcus</strong></span> <span class='ocrx_word' id='word_1_749' title='bbox 2956 3912 3177 3976; x_wconf 90' lang='lat' dir='ltr'><strong>oriatur,</strong></span> <span class='ocrx_word' id='word_1_750' title='bbox 3220 3921 3407 3967; x_wconf 82' lang='lat' dir='ltr'><strong>sanata</strong></span> <span class='ocrx_word' id='word_1_751' title='bbox 3433 3912 3653 3969; x_wconf 82' lang='lat' dir='ltr'><strong>dillicile</strong></span> <span class='ocrx_word' id='word_1_752' title='bbox 3678 3913 3737 3967; x_wconf 81' lang='lat' dir='ltr'><strong>iit</strong></span> <span class='ocrx_word' id='word_1_753' title='bbox 3762 3925 3867 3965; x_wconf 75' lang='lat' dir='ltr'><strong>ma—</strong></span> 
     </span>
    </p>
   </div>
   <div class='ocr_carea' id='block_1_102' title="bbox 2287 3998 3864 4075">
    <p class='ocr_par' dir='ltr' id='par_1_102' title="bbox 2287 3998 3864 4075">
     <span class='ocr_line' id='line_1_102' title="bbox 2287 3998 3864 4075; baseline 0.003 -23"><span class='ocrx_word' id='word_1_754' title='bbox 2287 3998 2395 4054; x_wconf 87' lang='lat' dir='ltr'><strong>lum</strong></span> <span class='ocrx_word' id='word_1_755' title='bbox 2427 4017 2441 4054; x_wconf 93' lang='lat'><strong>:</strong></span> <span class='ocrx_word' id='word_1_756' title='bbox 2473 3999 2612 4069; x_wconf 93' lang='lat' dir='ltr'><strong>quod</strong></span> <span class='ocrx_word' id='word_1_757' title='bbox 2657 4001 2907 4056; x_wconf 88' lang='lat' dir='ltr'><strong>nimirum</strong></span> <span class='ocrx_word' id='word_1_758' title='bbox 2960 4011 3086 4057; x_wconf 91' lang='lat' dir='ltr'><strong>tunc</strong></span> <span class='ocrx_word' id='word_1_759' title='bbox 3133 4003 3295 4058; x_wconf 88' lang='lat' dir='ltr'><strong>etiam</strong></span> <span class='ocrx_word' id='word_1_760' title='bbox 3343 4005 3542 4059; x_wconf 88' lang='lat' dir='ltr'><strong>evenit.</strong></span> <span class='ocrx_word' id='word_1_761' title='bbox 3582 4005 3864 4075; x_wconf 85' lang='lat' dir='ltr'><strong>Propterea</strong></span> 
     </span>
    </p>
   </div>
   <div class='ocr_carea' id='block_1_103' title="bbox 2288 4089 3866 4167">
    <p class='ocr_par' dir='ltr' id='par_1_103' title="bbox 2288 4089 3866 4167">
     <span class='ocr_line' id='line_1_103' title="bbox 2288 4089 3866 4167; baseline 0.006 -24"><span class='ocrx_word' id='word_1_762' title='bbox 2288 4089 2539 4145; x_wconf 90' lang='lat' dir='ltr'><strong>monebat</strong></span> <span class='ocrx_word' id='word_1_763' title='bbox 2586 4091 2801 4157; x_wconf 88' lang='lat' dir='ltr'><strong>dicens,</strong></span> <span class='ocrx_word' id='word_1_764' title='bbox 2853 4095 3107 4149; x_wconf 78' lang='lat' dir='ltr'><strong>Attemlite</strong></span> <span class='ocrx_word' id='word_1_765' title='bbox 3152 4097 3311 4163; x_wconf 78' lang='lat' dir='ltr'><strong>vobis,</strong></span> <span class='ocrx_word' id='word_1_766' title='bbox 3366 4105 3417 4150; x_wconf 87' lang='lat' dir='ltr'><strong>et</strong></span> <span class='ocrx_word' id='word_1_767' title='bbox 3455 4098 3690 4152; x_wconf 80' lang='lat' dir='ltr'><strong>uniuerso</strong></span> <span class='ocrx_word' id='word_1_768' title='bbox 3734 4092 3866 4167; x_wconf 73' lang='lat' dir='ltr'><strong>gregi</strong></span> 
     </span>
    </p>
   </div>
   <div class='ocr_carea' id='block_1_104' title="bbox 2289 4179 3862 4254">
    <p class='ocr_par' dir='ltr' id='par_1_104' title="bbox 2289 4179 3862 4254">
     <span class='ocr_line' id='line_1_104' title="bbox 2289 4179 3862 4254; baseline 0.003 -22"><span class='ocrx_word' id='word_1_769' title='bbox 2289 4179 2451 4249; x_wconf 85' lang='lat' dir='ltr'><strong>(Ibid.</strong></span> <span class='ocrx_word' id='word_1_770' title='bbox 2481 4197 2532 4235; x_wconf 85' lang='grc' dir='ltr'><em>υ.</em></span> <span class='ocrx_word' id='word_1_771' title='bbox 2559 4179 2652 4254; x_wconf 77' lang='grc'><strong>28)</strong></span> <span class='ocrx_word' id='word_1_772' title='bbox 2686 4200 2700 4237; x_wconf 87' lang='lat'><strong>:</strong></span> <span class='ocrx_word' id='word_1_773' title='bbox 2734 4199 2839 4238; x_wconf 90' lang='lat' dir='ltr'><strong>non</strong></span> <span class='ocrx_word' id='word_1_774' title='bbox 2867 4184 3038 4252; x_wconf 80' lang='lat' dir='ltr'><strong>dixit,</strong></span> <span class='ocrx_word' id='word_1_775' title='bbox 3080 4186 3364 4242; x_wconf 89' lang='lat' dir='ltr'><strong>Derelictis</strong></span> <span class='ocrx_word' id='word_1_776' title='bbox 3388 4189 3576 4243; x_wconf 89' lang='lat' dir='ltr'><strong>ovibus</strong></span> <span class='ocrx_word' id='word_1_777' title='bbox 3603 4188 3748 4242; x_wconf 86' lang='lat' dir='ltr'><strong>foras</strong></span> <span class='ocrx_word' id='word_1_778' title='bbox 3774 4200 3862 4238; x_wconf 81' lang='lat' dir='ltr'><strong>au-</strong></span> 
     </span>
    </p>
   </div>
   <div class='ocr_carea' id='block_1_105' title="bbox 2287 4269 3860 4340">
    <p class='ocr_par' dir='ltr' id='par_1_105' title="bbox 2287 4269 3860 4340">
     <span class='ocr_line' id='line_1_105' title="bbox 2287 4269 3860 4340; baseline 0.003 -16"><span class='ocrx_word' id='word_1_779' title='bbox 2287 4269 2467 4340; x_wconf 84' lang='lat' dir='ltr'><strong>fugite.</strong></span> <span class='ocrx_word' id='word_1_780' title='bbox 2496 4272 2589 4327; x_wconf 80' lang='lat' dir='ltr'><strong>llis</strong></span> <span class='ocrx_word' id='word_1_781' title='bbox 2615 4273 2909 4329; x_wconf 89' lang='lat' dir='ltr'><strong>instructus</strong></span> <span class='ocrx_word' id='word_1_782' title='bbox 2933 4289 3055 4328; x_wconf 93' lang='lat' dir='ltr'><strong>cum</strong></span> <span class='ocrx_word' id='word_1_783' title='bbox 3092 4276 3279 4331; x_wconf 88' lang='lat' dir='ltr'><strong>fuisset</strong></span> <span class='ocrx_word' id='word_1_784' title='bbox 3305 4278 3492 4331; x_wconf 89' lang='lat' dir='ltr'><strong>beatus</strong></span> <span class='ocrx_word' id='word_1_785' title='bbox 3532 4275 3860 4339; x_wconf 82' lang='lat' dir='ltr'><strong>Eustathius,</strong></span> 
     </span>
    </p>
   </div>
   <div class='ocr_carea' id='block_1_106' title="bbox 2287 4361 3861 4439">
    <p class='ocr_par' dir='ltr' id='par_1_106' title="bbox 2287 4361 3861 4439">
     <span class='ocr_line' id='line_1_106' title="bbox 2287 4361 3861 4439; baseline 0.003 -23"><span class='ocrx_word' id='word_1_786' title='bbox 2287 4361 2573 4431; x_wconf 90' lang='lat' dir='ltr'><strong>discipulos</strong></span> <span class='ocrx_word' id='word_1_787' title='bbox 2598 4378 2726 4419; x_wconf 90' lang='lat' dir='ltr'><strong>suos</strong></span> <span class='ocrx_word' id='word_1_788' title='bbox 2749 4365 3107 4421; x_wconf 87' lang='lat' dir='ltr'><strong>admonebat:</strong></span> <span class='ocrx_word' id='word_1_789' title='bbox 3133 4383 3252 4436; x_wconf 74' lang='lat' dir='ltr'><strong>qua:</strong></span> <span class='ocrx_word' id='word_1_790' title='bbox 3275 4369 3524 4422; x_wconf 82' lang='lat' dir='ltr'><strong>nimirum</strong></span> <span class='ocrx_word' id='word_1_791' title='bbox 3547 4370 3759 4439; x_wconf 89' lang='lat' dir='ltr'><strong>sapiens</strong></span> <span class='ocrx_word' id='word_1_792' title='bbox 3783 4366 3861 4420; x_wconf 86' lang='lat' dir='ltr'><strong>hic</strong></span> 
     </span>
    </p>
   </div>
   <div class='ocr_carea' id='block_1_107' title="bbox 2287 4457 3860 4528">
    <p class='ocr_par' dir='ltr' id='par_1_107' title="bbox 2287 4457 3860 4528">
     <span class='ocr_line' id='line_1_107' title="bbox 2287 4457 3860 4528; baseline 0.003 -22"><span class='ocrx_word' id='word_1_793' title='bbox 2287 4467 2496 4524; x_wconf 82' lang='lat' dir='ltr'><strong>quoque</strong></span> <span class='ocrx_word' id='word_1_794' title='bbox 2536 4469 2598 4509; x_wconf 89' lang='lat' dir='ltr'><strong>ac</strong></span> <span class='ocrx_word' id='word_1_795' title='bbox 2625 4466 2919 4525; x_wconf 89' lang='lat' dir='ltr'><strong>generosus</strong></span> <span class='ocrx_word' id='word_1_796' title='bbox 2946 4457 3200 4527; x_wconf 89' lang='lat' dir='ltr'><strong>magister</strong></span> <span class='ocrx_word' id='word_1_797' title='bbox 3229 4472 3350 4512; x_wconf 91' lang='lat' dir='ltr'><strong>cum</strong></span> <span class='ocrx_word' id='word_1_798' title='bbox 3391 4459 3670 4525; x_wconf 89' lang='lat' dir='ltr'><strong>audisset,</strong></span> <span class='ocrx_word' id='word_1_799' title='bbox 3711 4472 3860 4528; x_wconf 81' lang='lat' dir='ltr'><strong>opere</strong></span> 
     </span>
    </p>
   </div>
   <div class='ocr_carea' id='block_1_108' title="bbox 2287 4545 3856 4617">
    <p class='ocr_par' dir='ltr' id='par_1_108' title="bbox 2287 4545 3856 4617">
     <span class='ocr_line' id='line_1_108' title="bbox 2287 4545 3856 4617; baseline 0.001 -22"><span class='ocrx_word' id='word_1_800' title='bbox 2287 4556 2588 4600; x_wconf 89' lang='lat' dir='ltr'><strong>sermonem</strong></span> <span class='ocrx_word' id='word_1_801' title='bbox 2619 4545 2876 4615; x_wconf 89' lang='lat' dir='ltr'><strong>implevit.</strong></span> <span class='ocrx_word' id='word_1_802' title='bbox 2905 4545 3282 4602; x_wconf 88' lang='lat' dir='ltr'><strong>lnvadentibus</strong></span> <span class='ocrx_word' id='word_1_803' title='bbox 3303 4547 3460 4617; x_wconf 91' lang='lat' dir='ltr'><strong>igitur</strong></span> <span class='ocrx_word' id='word_1_804' title='bbox 3488 4549 3592 4603; x_wconf 92' lang='lat' dir='ltr'><strong>illis</strong></span> <span class='ocrx_word' id='word_1_805' title='bbox 3617 4563 3742 4603; x_wconf 90' lang='lat' dir='ltr'><strong>oves</strong></span> <span class='ocrx_word' id='word_1_806' title='bbox 3762 4560 3856 4600; x_wconf 88' lang='lat' dir='ltr'><strong>non</strong></span> 
     </span>
    </p>
   </div>
   <div class='ocr_carea' id='block_1_109' title="bbox 2286 4634 3857 4709">
    <p class='ocr_par' dir='ltr' id='par_1_109' title="bbox 2286 4634 3857 4709">
     <span class='ocr_line' id='line_1_109' title="bbox 2286 4634 3857 4709; baseline 0.001 -22"><span class='ocrx_word' id='word_1_807' title='bbox 2286 4634 2541 4702; x_wconf 88' lang='lat' dir='ltr'><strong>deseruit,</strong></span> <span class='ocrx_word' id='word_1_808' title='bbox 2584 4638 2793 4692; x_wconf 89' lang='lat' dir='ltr'><strong>tametsi</strong></span> <span class='ocrx_word' id='word_1_809' title='bbox 2839 4638 2895 4692; x_wconf 89' lang='lat' dir='ltr'><strong>in</strong></span> <span class='ocrx_word' id='word_1_810' title='bbox 2936 4639 3188 4693; x_wconf 89' lang='lat' dir='ltr'><strong>thronum</strong></span> <span class='ocrx_word' id='word_1_811' title='bbox 3234 4639 3562 4709; x_wconf 70' lang='lat' dir='ltr'><strong>praefectura:</strong></span> <span class='ocrx_word' id='word_1_812' title='bbox 3608 4655 3720 4695; x_wconf 71' lang='lat' dir='ltr'><strong>suae</strong></span> <span class='ocrx_word' id='word_1_813' title='bbox 3761 4651 3857 4692; x_wconf 92' lang='lat' dir='ltr'><strong>non</strong></span> 
     </span>
    </p>
   </div>
   <div class='ocr_carea' id='block_1_110' title="bbox 2285 4725 3857 4802">
    <p class='ocr_par' dir='ltr' id='par_1_110' title="bbox 2285 4725 3857 4802">
     <span class='ocr_line' id='line_1_110' title="bbox 2285 4725 3857 4802; baseline 0.001 -24"><span class='ocrx_word' id='word_1_814' title='bbox 2285 4725 2637 4793; x_wconf 89' lang='lat' dir='ltr'><strong>ascenderat;</strong></span> <span class='ocrx_word' id='word_1_815' title='bbox 2666 4728 2762 4783; x_wconf 91' lang='lat' dir='ltr'><strong>sed</strong></span> <span class='ocrx_word' id='word_1_816' title='bbox 2789 4727 2892 4784; x_wconf 87' lang='lat' dir='ltr'><strong>hoc</strong></span> <span class='ocrx_word' id='word_1_817' title='bbox 2911 4729 3002 4783; x_wconf 89' lang='lat' dir='ltr'><strong>illa</strong></span> <span class='ocrx_word' id='word_1_818' title='bbox 3023 4743 3282 4799; x_wconf 89' lang='lat' dir='ltr'><strong>generosa</strong></span> <span class='ocrx_word' id='word_1_819' title='bbox 3303 4739 3357 4784; x_wconf 91' lang='lat' dir='ltr'><strong>et</strong></span> <span class='ocrx_word' id='word_1_820' title='bbox 3376 4729 3712 4802; x_wconf 85' lang='lat' dir='ltr'><strong>philosophia</strong></span> <span class='ocrx_word' id='word_1_821' title='bbox 3733 4740 3857 4798; x_wconf 77' lang='lat' dir='ltr'><strong>pra:—</strong></span> 
     </span>
    </p>
   </div>
   <div class='ocr_carea' id='block_1_111' title="bbox 2286 4819 3869 4889">
    <p class='ocr_par' dir='ltr' id='par_1_111' title="bbox 2286 4819 3869 4889">
     <span class='ocr_line' id='line_1_111' title="bbox 2286 4819 3869 4889; baseline 0.001 -19"><span class='ocrx_word' id='word_1_822' title='bbox 2286 4825 2431 4870; x_wconf 86' lang='lat' dir='ltr'><strong>stans</strong></span> <span class='ocrx_word' id='word_1_823' title='bbox 2475 4819 2650 4872; x_wconf 89' lang='lat' dir='ltr'><strong>anima</strong></span> <span class='ocrx_word' id='word_1_824' title='bbox 2698 4833 2806 4873; x_wconf 89' lang='lat' dir='ltr'><strong>non</strong></span> <span class='ocrx_word' id='word_1_825' title='bbox 2853 4819 3074 4873; x_wconf 89' lang='lat' dir='ltr'><strong>curabat</strong></span> <span class='ocrx_word' id='word_1_826' title='bbox 3103 4837 3116 4873; x_wconf 90' lang='lat'><strong>:</strong></span> <span class='ocrx_word' id='word_1_827' title='bbox 3146 4834 3268 4873; x_wconf 89' lang='lat' dir='ltr'><strong>nam</strong></span> <span class='ocrx_word' id='word_1_828' title='bbox 3307 4821 3596 4889; x_wconf 67' lang='lat' dir='ltr'><strong>praesulum</strong></span> <span class='ocrx_word' id='word_1_829' title='bbox 3638 4821 3869 4875; x_wconf 78' lang='lat' dir='ltr'><strong>honores</strong></span> 
     </span>
    </p>
   </div>
   <div class='ocr_carea' id='block_1_112' title="bbox 2284 4911 3852 4982">
    <p class='ocr_par' dir='ltr' id='par_1_112' title="bbox 2284 4911 3852 4982">
     <span class='ocr_line' id='line_1_112' title="bbox 2284 4911 3852 4982; baseline 0 -18"><span class='ocrx_word' id='word_1_830' title='bbox 2284 4911 2493 4965; x_wconf 65' lang='lat' dir='ltr'><strong>caeteris</strong></span> <span class='ocrx_word' id='word_1_831' title='bbox 2533 4912 2900 4982; x_wconf 89' lang='lat' dir='ltr'><strong>relinquebat;</strong></span> <span class='ocrx_word' id='word_1_832' title='bbox 2947 4912 3160 4966; x_wconf 91' lang='lat' dir='ltr'><strong>labores</strong></span> <span class='ocrx_word' id='word_1_833' title='bbox 3198 4920 3377 4967; x_wconf 90' lang='lat' dir='ltr'><strong>autem</strong></span> <span class='ocrx_word' id='word_1_834' title='bbox 3423 4913 3708 4982; x_wconf 67' lang='lat' dir='ltr'><strong>praesulum</strong></span> <span class='ocrx_word' id='word_1_835' title='bbox 3753 4912 3852 4979; x_wconf 84' lang='lat' dir='ltr'><strong>ipse</strong></span> 
     </span>
    </p>
   </div>
   <div class='ocr_carea' id='block_1_113' title="bbox 2284 5000 3851 5072">
    <p class='ocr_par' dir='ltr' id='par_1_113' title="bbox 2284 5000 3851 5072">
     <span class='ocr_line' id='line_1_113' title="bbox 2284 5000 3851 5072; baseline -0.003 -16"><span class='ocrx_word' id='word_1_836' title='bbox 2284 5003 2608 5068; x_wconf 86' lang='lat' dir='ltr'><strong>exantlabat,</strong></span> <span class='ocrx_word' id='word_1_837' title='bbox 2637 5013 2691 5057; x_wconf 91' lang='lat' dir='ltr'><strong>et</strong></span> <span class='ocrx_word' id='word_1_838' title='bbox 2721 5003 2860 5057; x_wconf 89' lang='lat' dir='ltr'><strong>intus</strong></span> <span class='ocrx_word' id='word_1_839' title='bbox 2887 5018 3008 5057; x_wconf 91' lang='lat' dir='ltr'><strong>cum</strong></span> <span class='ocrx_word' id='word_1_840' title='bbox 3033 5002 3173 5072; x_wconf 89' lang='lat' dir='ltr'><strong>lupis</strong></span> <span class='ocrx_word' id='word_1_841' title='bbox 3192 5003 3503 5058; x_wconf 90' lang='lat' dir='ltr'><strong>versabatur</strong></span> <span class='ocrx_word' id='word_1_842' title='bbox 3530 5021 3544 5057; x_wconf 91' lang='lat'>:</span> <span class='ocrx_word' id='word_1_843' title='bbox 3570 5004 3699 5058; x_wconf 89' lang='lat' dir='ltr'><strong>nihil</strong></span> <span class='ocrx_word' id='word_1_844' title='bbox 3724 5000 3851 5058; x_wconf 87' lang='lat' dir='ltr'><strong>enim</strong></span> 
     </span>
    </p>
   </div>
   <div class='ocr_carea' id='block_1_114' title="bbox 2286 5091 3848 5163">
    <p class='ocr_par' dir='ltr' id='par_1_114' title="bbox 2286 5091 3848 5163">
     <span class='ocr_line' id='line_1_114' title="bbox 2286 5091 3848 5163; baseline -0.001 -18"><span class='ocrx_word' id='word_1_845' title='bbox 2286 5107 2407 5145; x_wconf 88' lang='lat' dir='ltr'><strong>cum</strong></span> <span class='ocrx_word' id='word_1_846' title='bbox 2431 5091 2659 5147; x_wconf 83' lang='lat' dir='ltr'><strong>ferarum</strong></span> <span class='ocrx_word' id='word_1_847' title='bbox 2690 5093 2876 5148; x_wconf 86' lang='lat' dir='ltr'><strong>dentes</strong></span> <span class='ocrx_word' id='word_1_848' title='bbox 2903 5092 3164 5150; x_wconf 68' lang='lat' dir='ltr'><strong>laedebant</strong></span> <span class='ocrx_word' id='word_1_849' title='bbox 3185 5135 3199 5160; x_wconf 97' lang='lat'><strong>,</strong></span> <span class='ocrx_word' id='word_1_850' title='bbox 3231 5093 3302 5151; x_wconf 88' lang='lat' dir='ltr'><strong>ita</strong></span> <span class='ocrx_word' id='word_1_851' title='bbox 3332 5093 3571 5156; x_wconf 84' lang='lat' dir='ltr'><strong>solidiori</strong></span> <span class='ocrx_word' id='word_1_852' title='bbox 3599 5093 3703 5149; x_wconf 83' lang='lat' dir='ltr'><strong>ﬁde</strong></span> <span class='ocrx_word' id='word_1_853' title='bbox 3726 5105 3848 5163; x_wconf 32' lang='lat' dir='ltr'><strong>prter</strong></span> 
     </span>
    </p>
   </div>
   <div class='ocr_carea' id='block_1_115' title="bbox 2287 5182 3844 5253">
    <p class='ocr_par' dir='ltr' id='par_1_115' title="bbox 2287 5182 3844 5253">
     <span class='ocr_line' id='line_1_115' title="bbox 2287 5182 3844 5253; baseline -0.002 -18"><span class='ocrx_word' id='word_1_854' title='bbox 2287 5182 2589 5247; x_wconf 75' lang='lat' dir='ltr'><strong>ditus&#39;erat,</strong></span> <span class='ocrx_word' id='word_1_855' title='bbox 2624 5199 2782 5253; x_wconf 91' lang='lat' dir='ltr'><strong>quam</strong></span> <span class='ocrx_word' id='word_1_856' title='bbox 2813 5192 2871 5237; x_wconf 91' lang='lat' dir='ltr'><strong>ut</strong></span> <span class='ocrx_word' id='word_1_857' title='bbox 2905 5198 3090 5238; x_wconf 91' lang='lat' dir='ltr'><strong>eorum</strong></span> <span class='ocrx_word' id='word_1_858' title='bbox 3118 5186 3386 5239; x_wconf 90' lang='lat' dir='ltr'><strong>morsibus</strong></span> <span class='ocrx_word' id='word_1_859' title='bbox 3410 5195 3554 5240; x_wconf 90' lang='lat' dir='ltr'><strong>esset</strong></span> <span class='ocrx_word' id='word_1_860' title='bbox 3582 5185 3844 5240; x_wconf 85' lang='lat' dir='ltr'><strong>obnoxius.</strong></span> 
     </span>
    </p>
   </div>
   <div class='ocr_carea' id='block_1_116' title="bbox 2286 5275 3845 5347">
    <p class='ocr_par' dir='ltr' id='par_1_116' title="bbox 2286 5275 3845 5347">
     <span class='ocr_line' id='line_1_116' title="bbox 2286 5275 3845 5347; baseline -0.001 -17"><span class='ocrx_word' id='word_1_861' title='bbox 2286 5275 2417 5330; x_wconf 88' lang='lat' dir='ltr'><strong>Cum</strong></span> <span class='ocrx_word' id='word_1_862' title='bbox 2449 5276 2606 5346; x_wconf 89' lang='lat' dir='ltr'><strong>igitur</strong></span> <span class='ocrx_word' id='word_1_863' title='bbox 2636 5277 2775 5330; x_wconf 91' lang='lat' dir='ltr'><strong>intus</strong></span> <span class='ocrx_word' id='word_1_864' title='bbox 2809 5285 3117 5332; x_wconf 90' lang='lat' dir='ltr'><strong>versaretur</strong></span> <span class='ocrx_word' id='word_1_865' title='bbox 3139 5319 3154 5345; x_wconf 96' lang='lat'><strong>,</strong></span> <span class='ocrx_word' id='word_1_866' title='bbox 3185 5287 3238 5332; x_wconf 88' lang='lat' dir='ltr'><strong>et</strong></span> <span class='ocrx_word' id='word_1_867' title='bbox 3264 5293 3438 5347; x_wconf 89' lang='lat' dir='ltr'><strong>pugna</strong></span> <span class='ocrx_word' id='word_1_868' title='bbox 3461 5317 3477 5343; x_wconf 96' lang='lat'><strong>,</strong></span> <span class='ocrx_word' id='word_1_869' title='bbox 3510 5292 3612 5347; x_wconf 90' lang='lat' dir='ltr'><strong>qua</strong></span> <span class='ocrx_word' id='word_1_870' title='bbox 3638 5293 3753 5333; x_wconf 84' lang='lat' dir='ltr'><strong>cum</strong></span> <span class='ocrx_word' id='word_1_871' title='bbox 3789 5288 3845 5328; x_wconf 86' lang='lat' dir='ltr'><strong>eo</strong></span> 
     </span>
    </p>
   </div>
   <div class='ocr_carea' id='block_1_117' title="bbox 2287 5365 3844 5437">
    <p class='ocr_par' dir='ltr' id='par_1_117' title="bbox 2287 5365 3844 5437">
     <span class='ocr_line' id='line_1_117' title="bbox 2287 5365 3844 5437; baseline -0.001 -15"><span class='ocrx_word' id='word_1_872' title='bbox 2287 5367 2787 5437; x_wconf 86' lang='lat' dir='ltr'><strong>congrediebantur,</strong></span> <span class='ocrx_word' id='word_1_873' title='bbox 2814 5383 3001 5423; x_wconf 87' lang='lat' dir='ltr'><strong>omnes</strong></span> <span class='ocrx_word' id='word_1_874' title='bbox 3025 5369 3144 5424; x_wconf 88' lang='lat' dir='ltr'><strong>illos</strong></span> <span class='ocrx_word' id='word_1_875' title='bbox 3171 5370 3471 5435; x_wconf 86' lang='lat' dir='ltr'><strong>distineret,</strong></span> <span class='ocrx_word' id='word_1_876' title='bbox 3499 5369 3716 5424; x_wconf 86' lang='lat' dir='ltr'><strong>multam</strong></span> <span class='ocrx_word' id='word_1_877' title='bbox 3745 5365 3844 5420; x_wconf 86' lang='lat' dir='ltr'><strong>ovi-</strong></span> 
     </span>
    </p>
   </div>
   <div class='ocr_carea' id='block_1_118' title="bbox 2286 5461 3840 5533">
    <p class='ocr_par' dir='ltr' id='par_1_118' title="bbox 2286 5461 3840 5533">
     <span class='ocr_line' id='line_1_118' title="bbox 2286 5461 3840 5533; baseline -0.005 -17"><span class='ocrx_word' id='word_1_878' title='bbox 2286 5462 2385 5517; x_wconf 90' lang='lat' dir='ltr'><strong>bus</strong></span> <span class='ocrx_word' id='word_1_879' title='bbox 2419 5461 2851 5531; x_wconf 88' lang='lat' dir='ltr'><strong>tranquillitatem</strong></span> <span class='ocrx_word' id='word_1_880' title='bbox 2894 5463 3258 5532; x_wconf 89' lang='lat' dir='ltr'><strong>comparabat.</strong></span> <span class='ocrx_word' id='word_1_881' title='bbox 3294 5462 3478 5533; x_wconf 83' lang='lat' dir='ltr'><strong>Neque</strong></span> <span class='ocrx_word' id='word_1_882' title='bbox 3502 5479 3634 5519; x_wconf 88' lang='lat' dir='ltr'><strong>vero</strong></span> <span class='ocrx_word' id='word_1_883' title='bbox 3661 5470 3840 5517; x_wconf 89' lang='lat' dir='ltr'><strong>tantum</strong></span> 
     </span>
    </p>
   </div>
   <div class='ocr_carea' id='block_1_119' title="bbox 2285 5551 3843 5625">
    <p class='ocr_par' dir='ltr' id='par_1_119' title="bbox 2285 5551 3843 5625">
     <span class='ocr_line' id='line_1_119' title="bbox 2285 5551 3843 5625; baseline -0.003 -17"><span class='ocrx_word' id='word_1_884' title='bbox 2285 5554 2337 5608; x_wconf 88' lang='lat' dir='ltr'><strong>id</strong></span> <span class='ocrx_word' id='word_1_885' title='bbox 2369 5554 2591 5624; x_wconf 86' lang='lat' dir='ltr'><strong>agebat,</strong></span> <span class='ocrx_word' id='word_1_886' title='bbox 2625 5563 2682 5608; x_wconf 93' lang='lat' dir='ltr'><strong>ut</strong></span> <span class='ocrx_word' id='word_1_887' title='bbox 2723 5568 2906 5608; x_wconf 89' lang='lat' dir='ltr'><strong>eorum</strong></span> <span class='ocrx_word' id='word_1_888' title='bbox 2936 5569 3030 5610; x_wconf 91' lang='lat' dir='ltr'><strong>ora</strong></span> <span class='ocrx_word' id='word_1_889' title='bbox 3072 5555 3375 5619; x_wconf 89' lang='lat' dir='ltr'><strong>obturaret,</strong></span> <span class='ocrx_word' id='word_1_890' title='bbox 3413 5566 3467 5608; x_wconf 90' lang='lat' dir='ltr'><strong>et</strong></span> <span class='ocrx_word' id='word_1_891' title='bbox 3506 5551 3843 5625; x_wconf 74' lang='lat' dir='ltr'><strong>blasphemi-as</strong></span> 
     </span>
    </p>
   </div>
   <div class='ocr_carea' id='block_1_120' title="bbox 2285 5645 3840 5720">
    <p class='ocr_par' dir='ltr' id='par_1_120' title="bbox 2285 5645 3840 5720">
     <span class='ocr_line' id='line_1_120' title="bbox 2285 5645 3840 5720; baseline -0.003 -18"><span class='ocrx_word' id='word_1_892' title='bbox 2285 5646 2578 5714; x_wconf 77' lang='lat' dir='ltr'><strong>reielleret;</strong></span> <span class='ocrx_word' id='word_1_893' title='bbox 2609 5647 2701 5704; x_wconf 86' lang='lat' dir='ltr'><strong>sed</strong></span> <span class='ocrx_word' id='word_1_894' title='bbox 2733 5647 2871 5718; x_wconf 84' lang='lat' dir='ltr'><strong>ipsas</strong></span> <span class='ocrx_word' id='word_1_895' title='bbox 2898 5648 3056 5704; x_wconf 87' lang='lat' dir='ltr'><strong>etiam</strong></span> <span class='ocrx_word' id='word_1_896' title='bbox 3079 5661 3203 5705; x_wconf 80' lang='lat' dir='ltr'><strong>oves</strong></span> <span class='ocrx_word' id='word_1_897' title='bbox 3226 5647 3547 5705; x_wconf 84' lang='lat' dir='ltr'><strong>circumiens</strong></span> <span class='ocrx_word' id='word_1_898' title='bbox 3572 5645 3840 5720; x_wconf 74' lang='lat' dir='ltr'><strong>perpende-</strong></span> 
     </span>
    </p>
   </div>
  </div>
