4082 6422
283 434 386 490 ωδ

279 551 466 613 τικοὺς
491 549 681 613 ἄλλους
705 551 831 622 ὑμῖν
856 551 998 623 ὑπὲρ
1028 550 1137 604 τῶν
1165 551 1421 604 τοιούτων
1441 553 1657 623 γίνηται
1677 554 1856 620 λόγος,

281 634 464 689 ἰκανὸν
496 635 559 686 τὸ
605 634 979 706 ῥηθησόμενον
1021 635 1239 688 ἅπασαν
1273 635 1432 688 λῦσαι
1461 636 1563 706 τὴν
1604 636 1858 707 ἀπορίαν.

289 718 347 772 '0
370 717 505 781 Θεὸς
527 717 626 790 τὴν
652 719 749 788 μὲν
776 719 958 772 πίστιν
993 718 1158 772 αὑτοῦ
1183 719 1279 790 τήν
1312 720 1487 790 ἀληθῆ
1511 721 1605 772 καὶ
1634 723 1864 772 ἀποστο-

274 801 433 873 λικήν
462 803 522 854 ἐν
553 801 784 864 πολλοῖς
803 805 1078 873 συγχωρεῖ
1105 802 1480 873 πολεμεῖσθαι,
1497 803 1595 865 τάς
1627 802 1683 855 δέ
1711 802 1862 872 αἱρέο

276 901 388 948 σεις
417 884 570 956 [608]
617 886 710 938 καὶ
742 885 832 938 τὸν
881 886 1204 955 ἐλληνισμὸν
1247 886 1472 954 ἀφίησιν
1511 886 1697 948 ἀδείας
1729 887 1864 938 ἀπο-

273 968 480 1022 λαύειν.
512 967 579 1019 Τί
608 967 810 1038 δήποτε
836 986 852 1034 ;
884 968 1002 1020 ’Ίνα
1040 968 1263 1021 ἐκείνων
1305 967 1406 1038 μὲν
1450 967 1547 1038 τὴν
1577 968 1862 1022 ἀσθένειαν

274 1049 456 1122 μάθῃς
490 1050 593 1103 οὑκ
639 1050 1070 1120 ἐνοχλουμένων,
1105 1049 1199 1102 καί
1236 1052 1559 1122 αὐτομάτως
1595 1052 1861 1105 καταλυο-

271 1133 452 1206 μένων
471 1149 484 1162 ·
520 1134 622 1202 τῆς
652 1133 709 1185 δέ
737 1134 972 1196 πίστεως
993 1133 1093 1204 τήν
1125 1134 1277 1203 ἰσχὺν
1301 1134 1574 1206 γνωρίσῃς
1597 1134 1865 1204 πολεμου-

270 1217 463 1287 μένης,
498 1217 596 1270 καὶ
623 1215 710 1268 διὰ
738 1215 844 1269 τῶν
870 1215 1189 1269 κωλυόντων
1221 1214 1619 1287 αὐξανομένης.
1651 1215 1752 1269 Καὶ
1779 1219 1859 1270 ὅτι

267 1301 369 1353 οὑκ
395 1300 534 1370 ἐμός
568 1300 716 1352 ἐστιν
743 1294 898 1362 οὗτος
925 1297 1252 1368 στοχασμὸς,
1283 1298 1417 1351 ἀλλά
1442 1298 1585 1362 θεῖος
1612 1301 1860 1370 χρησμὸς

265 1383 475 1437 ἄνωθεν
499 1382 762 1452 ἐνεχθεὶς,
798 1381 1123 1450 ἀκούσωμεν
1159 1381 1375 1433 Παύλου
1410 1382 1463 1432 τί
1494 1384 1622 1453 περὶ
1653 1383 1858 1436 τούτων

266 1464 436 1534 φησί’
469 1466 567 1518 καὶ
594 1464 704 1534 γὰρ
729 1463 900 1517 ἔπαθέ
934 1464 989 1516 τί
1012 1479 1142 1515 ποτε
1185 1461 1524 1533 ἀνθρώπινον
1547 1465 1641 1516 καὶ
1671 1459 1853 1527 οὗτος⁹

265 1548 315 1600 εἰ
350 1548 461 1619 γὰρ
500 1547 600 1600 καὶ
631 1546 844 1609 Παῦλος
891 1541 982 1617 ἦν,
1010 1544 1154 1618 ἀλλά
1177 1545 1276 1614 τῆς
1316 1546 1592 1616 ἡμετέρας
1627 1546 1855 1617 μετέσχε

266 1630 508 1698 φύσεως.
546 1631 612 1683 Τί
643 1630 700 1683 δέ
740 1631 910 1694 ἐστιν,
945 1630 1080 1698 ὅπερ
1116 1625 1349 1691 έπαθενς
1392 1628 1698 1692 Ἦλαύνετο,
1731 1631 1855 1682 ἐπο-

265 1712 505 1785 λεμεῖτο,
556 1713 902 1784 ἐμαστίζετο,
937 1712 1151 1782 μυρίοις
1188 1709 1577 1763 ἐπεϐουλεύετο
1609 1713 1850 1783 τρόποις,

265 1797 467 1863 ἔξωθεν
488 1839 502 1864 ,
549 1796 783 1862 ἔσωθεν,
820 1795 926 1849 ὑπὸ
958 1795 1063 1848 τῶν
1106 1791 1409 1847 δοκούντων
1441 1795 1657 1848 οἰκείων
1690 1792 1850 1860 εἶναι,

265 1881 369 1934 ὑπὸ
397 1881 508 1933 τῶν
540 1880 860 1948 ἀλλοτρίων.
891 1878 1001 1932 Kal
1020 1878 1074 1929 τί
1103 1877 1184 1930 δεῖ
1213 1874 1414 1943 λέγειν,
1435 1877 1566 1941 ὅσας
1593 1878 1851 1948 ὑπέμεινε

263 1963 508 2032 mpm;
532 1963 774 2032 Κάμνων
791 1961 992 2025 τοίνυν,
1015 1960 1106 2012 καὶ
1131 1956 1326 2030 μηκέτι
1353 1959 1534 2030 φέρων
1566 1960 1666 2024 τὰς
1686 1977 1855 2032 προσ-

263 2044 427 2108 ϐολάς
455 2045 570 2100 τῶν
597 2045 872 2115 πολεμίων
913 2045 1000 2097 ἀεί⁵
1021 2044 1420 2098 διακοπτόντων
1454 2043 1620 2096 αὑτοῦ
1649 2042 1747 2114 τὴν
1771 2044 1852 2096 δι-

261 2129 584 2195 δασκαλίαν,
617 2132 712 2182 καὶ
745 2126 1175 2198 ἐναντιουμένων
1199 2126 1361 2181 αὑτοῦ
1386 2126 1465 2196 τῷ
1493 2126 1657 2195 λόγῳ,
1685 2143 1856 2196 προσ-

261 2212 454 2265 πίπτέι
481 2211 562 2282 τῷ
585 2212 854 2282 Δεσπότη,
881 2211 976 2263 καὶ
1001 2211 1310 2281 παρακαλεῖ
1338 2209 1520 2272 αὑτὸν,
1553 2209 1646 2261 καὶ
1669 2207 1817 2275 λέγει
1836 2222 1849 2236 ·

272 2293 482 2361 Ἐδόθη
500 2312 604 2363 μοι
636 2294 882 2361 σκόλοψ
901 2291 976 2360 τῇ
1005 2293 1187 2360 σαρκί
1226 2293 1482 2362 ἄγγελος
1503 2288 1718 2354 Σατᾶν,
1754 2290 1855 2344 ἵνα

258 2395 331 2448 με
353 2377 648 2448 κολαφίζῃ
671 2397 685 2410 ·
711 2379 862 2446 ὑπὲρ
895 2378 1112 2432 τούτου
1146 2376 1274 2446 τρίς
1303 2378 1412 2430 τὸν
1432 2376 1653 2443 Κύριον
1668 2391 1853 2443 παρε-

259 2460 519 2523 κάλεσα,
550 2462 648 2515 καί
682 2460 889 2529 εῖρηκέ
936 2477 1038 2529 μοι
1059 2477 1072 2490 ·
1106 2461 1288 2529 Ἀρκεῖ
1311 2474 1410 2513 σοι
1442 2460 1481 2528 ἡ
1511 2459 1684 2527 χάρις
1699 2473 1848 2527 μων

257 2543 296 2610 ὴ
337 2544 452 2614 γὰρ
495 2544 750 2613 δύναμίς
785 2560 902 2613 μου
944 2544 1014 2596 ἐν
1047 2542 1331 2608 ἀσθενείᾳ
1359 2542 1707 2595 τελειοῦται.
1740 2541 1851 2596 Kal

257 2622 377 2680 οἶδα
411 2626 514 2697 μέν
545 2627 626 2679 ὅτι
653 2625 796 2686 τινές
825 2624 1113 2680 ἀσθένειαν
1145 2622 1284 2678 εῐναι
1329 2625 1613 2695 νομίζουσι
1657 2641 1847 2694 σωμα-

255 2698 416 2781 τῗκήν
441 2727 454 2742 ο
490 2709 592 2762 οὑκ
633 2708 747 2762 ἐστι
780 2707 838 2761 δέ
880 2707 1060 2774 τοῦτο,
1101 2709 1204 2761 οὑκ
1246 2707 1428 2760 ἐστιν·
1472 2707 1586 2760 ἀλλ’
1618 2707 1851 2775 ἄγγελον

255 2791 437 2847 Σατᾶν
468 2791 596 2854 τοὺς
636 2790 1050 2859 ἀντικειμένους
1079 2787 1586 2860 ἀνθρώπους-καλεῖ
1606 2805 1620 2819 ο
1649 2789 1710 2841 τὸ
1741 2789 1850 2860 γὰρ

255 2874 438 2929 Σατᾶν
461 2875 620 2927 τοῦτο
654 2873 920 2944 Ἐϐραῖκή
956 2872 1102 2939 λέξις
1132 2872 1282 2925 ἐστί·
1325 2872 1502 2925 Σατᾶν
1540 2871 1598 2924 δὲ
1631 2873 1658 2925 6
1702 2872 1850 2925 ἀντι-

255 2957 514 3028 κείμενος
561 2957 800 3026 λέγεται.
837 2955 920 3010 Τὰ
964 2952 1057 3010 οὖν
1109 2955 1280 3024 σκεύη
1321 2955 1415 3008 τοῦ
1453 2955 1719 3022 διαϐόλου,
1753 2956 1849 3008 καὶ

263 3043 384 3105 τοὺς
416 3041 615 3112 ἐκείνῳ
637 3040 1087 3110 διακονουμένους
1114 3038 1435 3110 ἀνθρώπους
1461 3040 1722 3108 ἀγγέλους
1751 3040 1848 3092 αὑ-

255 3123 350 3177 τοῦ
398 3125 579 3179 καλεῖ.
625 3123 725 3178 Διά
770 3123 823 3176 τί
847 3119 961 3186 οὖν,
998 3121 1155 3193 φησὶ,
1196 3122 1518 3195 πρόσκειται
1555 3125 1620 3193 τῇ
1654 3123 1816 3194 σαρκί
1830 3139 1845 3188 ;

255 3205 383 3261 Ὀτι
430 3211 463 3276 ἠ
499 3206 639 3279 σάρξ
672 3206 1020 3278 ἐμαστίζετο,
1058 3208 1092 3275 ἠ
1135 3206 1194 3258 δέ
1227 3205 1375 3276 ψυχὴ
1423 3205 1740 3273 ὲκουφίζετο
1779 3208 1844 3278 τῇ

255 3291 434 3345 ἐλπίδι
455 3291 566 3345 τῶν
595 3290 900 3362 μελλόντων
931 3287 1271 3360 ἐπαιρομένη
1291 3305 1305 3319 ·
1345 3288 1465 3340 οὑδὲ
1503 3287 1613 3359 γὰρ
1645 3289 1848 3358 ἥπτετο

253 3374 356 3444 τῆς
383 3376 587 3446 ψυχῆς,
623 3373 746 3428 οὐδὲ
779 3372 1104 3436 ὑπεσκέλιζε
1159 3371 1287 3433 τοὺς
1333 3369 1480 3424 ἔνδον
1515 3370 1844 3440 λογισμοὺς,

254 3458 394 3512 ἀλλὰ
429 3461 592 3528 μέχρι
621 3458 722 3528 τῆς
747 3455 951 3526 σαρκὸς
978 3455 1222 3526 εἱστήκει
1247 3452 1319 3506 τά
1352 3455 1720 3525 μηχανήματα
1749 3455 1845 3508 καὶ

255 3541 285 3592 6
318 3541 555 3610 πόλεμος
576 3581 592 3603 ,
639 3538 774 3592 είσω
815 3537 1064 3608 διαϐῆναι
1109 3538 1183 3607 μή
1214 3535 1532 3606 δυνάμενος.
1568 3537 1720 3589 Ἐπεὶ
1751 3531 1844 3591 οὖν

253 3621 396 3694 αὕτη
414 3622 691 3692 ἐτέμνετο,
708 3619 846 3690 αὕτη
866 3618 1213 3690 ἐμαστίζετο,
1248 3617 1395 3689 αὕτη
1419 3619 1698 3690 ἐδεσμεῖτο
1724 3620 1845 3690 (ψυ-

254 3705 356 3774 χὴν
374 3703 485 3776 γὰρ
506 3704 672 3774 δῆσαι
689 3701 951 3756 ἀδύνατον
987 3697 1100 3773 ἠν),
1131 3701 1220 3754 διὰ
1244 3701 1400 3764 τοῦτο
1429 3700 1596 3770 λέγει,
1632 3702 1841 3771 Ἐδόθη

251 3803 352 3857 μοι
377 3789 626 3855 σκόλοψ
646 3785 722 3856 τῇ
745 3786 927 3854 σαρκί
960 3785 1216 3856 ἅγγελος
1251 3783 1470 3850 Σατᾶν,
1498 3786 1600 3839 ἵνα
1637 3802 1719 3854 με
1747 3803 1845 3840 κο-

251 3867 493 3940 λαφίζῃ,
515 3871 645 3932 τοὺς
672 3870 1033 3940 πειρασμοὺς,
1055 3869 1155 3931 τάς
1175 3867 1406 3938 θλίψεις,
1424 3868 1551 3932 τοὺς
1570 3869 1844 3939 διωγμοὺς

231 3952 646 4022 αἰνιττόμενος.
667 3947 800 4004 Εἶτα
823 3950 907 4018 τίς
937 3952 1107 4019 Ὑπὲρ
1131 3951 1348 4004 τούτου
1373 3952 1522 4018 τρὶς,
1553 3951 1709 4022 φησί,
1733 3950 1842 4006 τὸν

254 4036 478 4103 Κῦριον
499 4032 889 4102 παρεκάλεσα
911 4052 924 4065 ·
956 4033 1102 4086 τοῦτ’
1131 4033 1272 4096 ἐστι,
1291 4033 1562 4097 Πολλάκις
1588 4033 1836 4105 ἐδεήθην,

254 4119 440 4188 φησιν,
471 4117 612 4170 ὥστε
655 4114 992 4171 ἀναπνεῦσαι
1026 4115 1222 4186 μικρὸν
1251 4117 1315 4169 ἐκ
1343 4114 1452 4169 τῶν
1495 4118 1836 4187 πειρασμῶν.

265 4200 457 4270 Ὑμεῖς
481 4200 539 4253 δέ
564 4199 845 4271 μέμνησθε
867 4199 969 4270 τῆς
991 4200 1170 4263 αἰτίας
1187 4194 1256 4270 ἦς
1276 4194 1448 4261 εἷπον,
1464 4201 1546 4254 ὅτι
1565 4201 1653 4254 διά
1680 4200 1840 4255 τούτο

255 4286 533 4354 συγχωρεῖ
559 4285 588 4336 6
619 4282 753 4346 Θεὸς
784 4284 910 4346 τοὺς
962 4281 1159 4336 ἑαυτοῦ
1192 4283 1412 4347 δούλους
1457 4284 1836 4354 μαστίζεσθαι,

254 4365 619 4429 ἐλαύνεσθαι,
658 4365 831 4436 μυρία
874 4365 1108 4435 πάσχειν
1163 4366 1340 4429 δεὶνά,
1373 4367 1459 4420 ἵνα
1503 4365 1605 4438 τήν
1643 4366 1837 4422 ἐαυτοῦ

252 4447 403 4522 δείξῃ
428 4448 681 4519 δύναμιν.
719 4449 850 4503 Ἰδοὺ
876 4448 987 4520 γὰρ
1034 4449 1130 4503 καὶ
1159 4449 1396 4504 ἐνταῦθα
1433 4451 1668 4521 δεηθεὶς,
1697 4451 1838 4506 ὥστε

254 4533 558 4604 ἀποστῆναι
584 4532 750 4586 αὐτοῦ
783 4533 851 4587 τὰ
890 4534 1060 4605 μυρία
1115 4534 1264 4588 δεινὰ
1310 4536 1405 4590 καὶ
1436 4537 1561 4600 τοὺς
1600 4537 1839 4591 ἀντικει-

257 4616 476 4685 μένους,
505 4617 608 4670 οὑκ
637 4617 871 4687 ἐπέτυχε
900 4617 1003 4688 τῆς
1036 4619 1308 4688 αἰτήσεως
1326 4635 1341 4650 ο
1391 4618 1486 4672 καὶ
1531 4618 1631 4689 τήν
1661 4620 1840 4674 αἰτίαν

252 4699 470 4771 τίθησι,
513 4699 580 4753 δι’
611 4700 678 4769 ἠν
716 4700 817 4754 οὑκ
860 4701 1091 4770 ἐπέτυχε
1139 4699 1240 4770 τῆς
1280 4701 1569 4772 αἰτήσεως.
1608 4703 1707 4766 Τίς
1746 4698 1840 4758 οὖν

253 4782 405 4837 ἐστιν
432 4785 466 4855 ἠ
508 4783 696 4848 αἰτία;
725 4783 878 4836 οὐδὲν
907 4784 1015 4854 γὰρ
1059 4782 1258 4837 κωλύει
1283 4783 1445 4838 πάλιν
1493 4784 1666 4855 αὑτῆς
1714 4786 1837 4839 ἐπι-

259 4868 594 4940 μνησθῆναι·
633 4867 824 4936 Ἀρκεῖ
848 4883 968 4932 σοι,
1005 4869 1192 4938 φησὶν,
1219 4869 1256 4936 ἠ
1283 4867 1456 4937 χάρις
1473 4887 1592 4938 μου
1611 4886 1626 4901 ·
1661 4869 1700 4938 ἡ
1727 4871 1838 4941 γὰρ

255 4949 510 5022 δύναμις
531 4968 652 5021 μου
679 4951 750 5005 ἐν
769 4951 1054 5020 ἀσθενείᾳ
1085 4952 1437 5009 τελειοῦται.

294 5130 340 5184 δ’
351 5170 362 5182 .
379 5126 544 5197 Ὁρᾷς
560 5123 643 5178 ὅτι
669 5122 761 5177 διὰ
772 5123 934 5177 τοῦτο
954 5123 1268 5194 συγχωρεῖό
1279 5121 1412 5187 Θεὸς
1427 5122 1552 5187 τοὺς
1567 5121 1833 5192 ἀγγέλους

253 5216 346 5270 τοῦ
366 5217 584 5271 Σατανᾶ
616 5219 728 5279 τοῖς
756 5213 922 5270 αὑτοῦ
949 5214 1156 5278 δούλοις
1181 5213 1513 5275 ἐπικεῖσθαι,
1542 5215 1636 5268 καὶ
1664 5213 1834 5285 μυρία

255 5305 516 5377 παρέχειν
551 5304 986 5376 πράγματαίῖνα
1019 5305 1053 5374 ἡ
1085 5302 1315 5374 δύναμις
1343 5303 1510 5356 αὑτοῦ
1543 5303 1834 5373 διαφαίνη-

253 5415 378 5464 ταις
409 5399 618 5462 Ὄντως
644 5397 754 5469 γάρ
778 5395 882 5450 κᾶν
918 5394 1056 5467 πρὸς
1077 5395 1364 5465 Ἕλληνας,
1397 5394 1500 5448 κᾶν
1536 5395 1673 5466 πρὸς
1706 5395 1835 5460 τοὺς

254 5489 468 5554 ἀθλίως
522 5490 809 5554 Ἰουδαίους
853 5486 1264 5559 διαλεγώμεθα,
1300 5487 1460 5557 ἀρκεῖ
1499 5487 1658 5540 τοῦτο
1697 5489 1834 5558 ἡμῖν

256 5583 334 5645 εἰς
376 5579 653 5645 ἀπόδειξιν
683 5581 784 5652 τῆς
831 5580 981 5645 θείας
1027 5578 1338 5650 δυνάμεως,
1385 5578 1446 5630 τὸ
1492 5577 1580 5630 διά
1621 5579 1832 5650 μυρίων

258 5670 403 5744 [609]
436 5671 685 5742 πολέμων
730 5670 829 5741 τὴν
869 5670 1053 5724 πίστιν
1095 5669 1492 5740 εἰσενεχθεῖσαν
1536 5671 1832 5741 κρατῆσαι,

259 5763 351 5818 καὶ
394 5763 495 5833 τῆς
538 5763 860 5834 οἰκουμένης
909 5762 1128 5834 ἀπάσης
1188 5760 1685 5834 ἀντιπραττούσης,
1733 5762 1833 5816 καὶ

1293 437 1360 494 ΙΝ
1389 439 1446 495 S.
1477 437 1926 496 EUSTATHIUM
1969 441 2483 505 ANTIOCHENUM.

3433 457 3538 515 606

1966 556 2107 624 μετά
2124 557 2322 630 πολλῆς
2342 561 2442 630 τῆς
2471 561 2829 632 σφοδρότητος
2853 563 3254 637 ἀπωθουμένων
3285 568 3539 627 ἀπάντων

1960 650 2086 712 τοὺς
2129 650 2334 704 δώδεκα
2363 652 2684 725 ἀνθρώπους
2731 657 3004 723 ἐκείνους,
3040 660 3164 724 τοὺς
3209 661 3540 728 ἀποστόλους

1959 737 2143 807 λέγω,
2175 742 2466 814 δυνηθῆναι
2511 745 2568 796 ἐν
2617 744 2809 815 βραχεῖ
2854 746 3029 820 καιρῷ
3074 750 3541 821 μαστιζομένους,

1960 829 2387 903 ἐλαυνομένους,
2443 835 2612 906 μυρία
2647 836 2955 905 πάσχοντας
3001 839 3180 904 δεινὰ,
3229 841 3336 895 τῶν
3367 845 3541 899 ταῦτα

1960 922 2257 977 ποιούντων
2311 926 2584 996 κρατῆσαι
2633 927 2753 997 μεθ’
2801 929 3106 1002 ὑπερϐολῆς
3157 933 3394 1005 ἀπάσης.
3439 936 3542 988 Διά
3598 947 3603 952 ·

1957 1012 2131 1065 ταῦτα
2167 1015 2260 1066 καὶ
2286 1015 2378 1068 τὸν
2427 1017 2697 1088 μακάριον
2730 1018 3030 1074 Εὑστάθιον
3067 1022 3246 1092 ἀφῆκε
3278 1027 3412 1094 πρὸς
3437 1025 3538 1094 τὴν

1960 1102 2259 1175 ὑπερορίαν
2291 1108 2318 1159 6
2354 1106 2486 1170 Θεὸς
2530 1108 2917 1180 ἀπενεχθῆναι,
2959 1113 3046 1165 ῖνα
3100 1113 3365 1183 μειζόνως
3405 1117 3537 1184 ἡμῖν

1957 1193 2104 1265 δείξῃ
2132 1195 2226 1247 καὶ
2255 1196 2354 1266 τὴν
2383 1196 2613 1268 δύναμιν
2644 1201 2744 1269 τῆς
2797 1200 3084 1272 ἀληθείας,
3121 1205 3215 1256 καὶ
3253 1204 3361 1258 τῶν
3384 1207 3538 1276 αἰρε-

1956 1285 2124 1338 τικῶν
2151 1285 2249 1356 τήν
2278 1287 2584 1345 ἀσθένειαν.
2621 1290 2850 1344 Μέλλων
2889 1293 3066 1347 τοίνυν
3097 1294 3234 1365 πρὸς
3259 1294 3358 1366 τὴν
3403 1298 3539 1348 ἀπο-

1955 1376 2156 1446 δημίαν
2184 1379 2422 1447 ἀπιέναι,
2453 1380 2554 1450 τὴν
2589 1381 2688 1451 μὲν
2718 1383 2872 1435 πόλιν
2902 1384 3074 1453 ἠφίει,
3105 1385 3204 1456 τήν
3232 1386 3288 1438 δέ
3313 1389 3536 1457 ἀγάπην

1957 1468 2110 1538 ὑμῶν
2143 1471 2242 1524 οὑκ
2265 1473 2414 1541 ἠφίει
2435 1489 2447 1502 ·
2480 1473 2599 1526 οὐδὲ
2628 1474 2810 1548 ἐπειδὴ
2846 1475 2941 1547 τῆς
2965 1477 3292 1547 Ἐκκλησίας
3317 1480 3536 1546 ἐξεϐάλο

1955 1564 2094 1628 λετο,
2138 1567 2232 1619 καὶ
2263 1566 2361 1636 τῆς
2389 1568 2728 1638 προστασίας
2760 1573 2855 1621 καὶ
2881 1569 2981 1637 τῆς
3017 1571 3156 1641 ὑπὲρ
3185 1571 3339 1641 ὑμῶν
3371 1575 3534 1643 κηδε-

1957 1657 2147 1726 μονίας
2175 1658 2452 1729 ἀλλότριον
2484 1660 2675 1713 ἑαυτὸν
2715 1656 2855 1713 εἶναι
2882 1661 3153 1732 ἐνόμιζεν,
3181 1664 3315 1717 ἀλλά
3354 1666 3538 1734 μειζό-

1953 1764 2058 1810 νως
2085 1747 2204 1800 τότε
2237 1748 2481 1818 ἐκήδετο,
2511 1750 2605 1802 καὶ
2634 1751 2917 1820 ἐφρόντιζε
2935 1768 2950 1783 ο
2973 1752 3069 1807 καὶ
3093 1754 3330 1818 καλέσας
3363 1757 3538 1810 ἀπαν-

1950 1856 2048 1901 τας
2074 1839 2417 1908 παρεκάλεσε
2446 1841 2519 1911 μὴ
2550 1843 2971 1912 παραχωρῆσαι,
2999 1844 3132 1912 μηδὲ
3155 1845 3397 1900 ἐνδοῦναι
3421 1851 3534 1910 τοῖς

1951 1929 2135 1992 λύκοις
2159 1969 2173 1993 ,
2219 1928 2354 2000 μηδέ
2395 1930 2691 2000 προδοῦναι
2719 1931 2817 2002 τήν
2860 1932 3106 2003 ,ποίμνην
3145 1935 3358 1998 αὐτοῖς,
3396 1936 3533 1990 ἀλλά

1953 2023 2135 2090 μένειν
2168 2020 2315 2074 ἔνδον
2353 2021 2808 2092 ἐπιστομίζοντας
2842 2023 2939 2093 μέν
2969 2025 3169 2086 αὑτοὺς
3195 2025 3288 2077 καὶ
3323 2025 3532 2095 διελέγο

1951 2127 2164 2180 χοντας,
2193 2113 2318 2172 τοὺς
2344 2111 2767 2182 ἀκεραιοτέρους
2794 2111 2851 2164 δὲ
2881 2112 2990 2166 τῶν
3028 2114 3272 2184 ἀδελφῶν
3299 2111 3533 2184 ἀσφαλισὲ

1952 2197 2232 2270 ζομένους.
2259 2201 2369 2254 Καὶ
2393 2202 2475 2276 ῥτι
2509 2201 2688 2265 καλῶς
2721 2202 2998 2271 ἐκέλευσε,
3027 2205 3088 2257 τδ
3122 2205 3275 2270 τέλος
3298 2207 3531 2273 ἔδειξενο

1952 2291 2001 2343 εἰ
2040 2289 2148 2362 γάρ
2181 2289 2257 2362 μή
2295 2291 2546 2362 ἐμείνατε
2577 2294 2634 2346 ἐν
2669 2294 2734 2360 τῇ
2773 2293 3070 2364 Ἐκκλησία
3099 2296 3243 2362 τότε,
3281 2296 3339 2349 τὺ
3374 2295 3533 2350 πλέον

1950 2382 2052 2450 τῆς
2077 2381 2286 2445 πόλεως
2310 2378 2378 2452 ἦν
2407 2382 2828 2453 διεφθαρμένον,
2857 2384 2944 2434 ἐπ’
2970 2385 3204 2455 ἐρημίας
3228 2386 3333 2438 τῶν
3351 2385 3532 2440 λύκων

1949 2472 2020 2526 τὰ
2045 2473 2290 2546 πρόϐατα
2323 2473 2610 2528 ἐσθιόντων
2627 2492 2640 2505 ·
2667 2474 2783 2540 ἀλλ’
2808 2475 3015 2529 ἐκείνου
3036 2477 3097 2529 τὸ
3121 2477 3270 2547 ῥῆμα
3293 2477 3530 2531 ἐκώλυσε

1953 2565 2094 2634 μετά
2122 2565 2306 2628 ἀδείας
2336 2567 2535 2628 αὑτοὺς
2577 2566 2676 2638 τήν
2705 2565 2910 2618 οἰκείαν
2956 2567 3324 2631 ἐπιδείξασθαι
3367 2585 3534 2636 πονη-

1953 2656 2094 2726 ρίαν.
2122 2655 2197 2708 υὺ
2227 2655 2289 2707 τὸ
2315 2655 2468 2718 τέλος
2497 2655 2552 2708 δὲ
2585 2655 2752 2722 ἔδειξε
2789 2656 2968 2725 μόνον,
2996 2655 3133 2708 ἀλλά
3167 2656 3260 2710 καὶ
3292 2657 3360 2710 τά
3384 2658 3532 2710 Παύ-

1947 2745 2040 2799 λου
2074 2747 2323 2818 ρήματα’
2364 2745 2459 2798 καὶ
2487 2744 2595 2814 γάρ
2627 2739 2782 2807 οὗτος
2819 2747 2953 2816 παρ’
2979 2744 3189 2798 ἐκείνου
3220 2745 3530 2810 παιδευθεὶς

1946 2838 2118 2892 ταῦτα
2142 2836 2398 2909 παρῄνει.
2425 2837 2494 2888 Τί
2534 2831 2627 2890 οὖν
2661 2839 2688 2890 ό
2714 2835 2927 2900 Παῦλός
2959 2853 3093 2907 φησι
3119 2855 3135 2904 ;
3167 2837 3394 2892 Μέλλων
3422 2840 3530 2892 ἀπο

1945 2927 2175 2998 ἄγεσθαί
2198 2945 2329 2981 ποτε
2350 2930 2430 2992 εἰς
2453 2927 2552 2996 τὴν
2566 2926 2786 2998 Ῥώμην
2807 2927 2907 3000 τήν
2933 2929 3171 3000 ἐσχάτην
3195 2929 3530 3001 ἀποδημίαν,

1948 3018 2068 3089 μεθ’
2091 3019 2158 3088 ἠν
2183 3019 2283 3071 οὑκ
2311 3017 2391 3071 ἔτι
2424 3017 2646 3087 ἔμελλεν
2675 3017 2904 3084 ὄψεσθαι
2934 3019 3060 3080 τοὺς
3095 3018 3338 3090 μαθητάς
3359 3036 3372 3049 ⁶
3406 3023 3530 3075 Οὐκ

1943 3108 2031 3160 ἐτι
2057 3106 2170 3176 γὰρ
2217 3103 2374 3176 ὑμᾶς
2415 3107 2658 3175 ὄψομαι,
2693 3107 2861 3178 φησί·
2888 3107 3047 3160 τοῦτο
3076 3109 3134 3161 δέ
3173 3108 3378 3178 ἔλεγεν,
3408 3109 3530 3180 οὑχὶ

1944 3197 2225 3268 λυπῆσαι,
2279 3197 2394 3250 ἀλλ’
2442 3197 2851 3267 ἀσφαλίσασθαι
2903 3197 3224 3270 βουλόμενος
3249 3216 3264 3231 ο
3314 3202 3528 3270 μέλλων

1943 3288 2124 3342 τοίνυν
2152 3287 2454 3358 ἀποδημεῖν
2502 3289 2736 3354 ἐκεῖθεν,
2767 3288 2912 3342 οὕτω
2959 3306 3078 3353 πως
3118 3291 3316 3354 αὑτοὺς
3350 3293 3528 3361 ἠσφα-

1943 3376 2120 3441 λίζετο
2145 3377 2344 3446 λέγων·
2378 3373 2522 3431 Οἶδα
2555 3378 2645 3431 ὅτι
2665 3378 2819 3447 μετὰ
2850 3378 2967 3446 τὴν
3004 3379 3212 3449 ἄφιξίν
3245 3397 3364 3450 μου
3395 3384 3526 3435 εισ-

1944 3469 2302 3523 ελεύσονται
2333 3468 2486 3537 πρὸς
2509 3466 2664 3538 ὑμᾶς
2689 3470 2864 3524 λύκοι
2887 3470 3122 3539 βαρεῖς,
3145 3472 3239 3524 καί
3269 3470 3339 3535 ἐξ
3359 3471 3528 3540 ὑμῶν

1941 3559 2140 3616 αὐτῶν
2207 3558 2658 3626 ἀναστήσονται
2720 3559 2936 3629 ἄνδρες
2999 3561 3338 3627 λαλοῦντες
3404 3561 3525 3615 διε-

1942 3648 2307 3718 στραμμένα.
2323 3649 2596 3720 Τριπλοῦς
2615 3651 2644 3702 6
2660 3648 2916 3718 πόλεμος,
2933 3649 2967 3718 ἠ
2985 3648 3146 3718 φύσις
3166 3650 3275 3702 τῶν
3296 3648 3523 3720 θηρίων,

1941 3738 1982 3808 ἠ
1999 3737 2304 3808 χαλεπότης
2329 3736 2425 3790 τοῦ
2448 3737 2710 3808 πολέμου,
2733 3737 2793 3790 τὸ
2820 3737 2895 3808 μή
2917 3736 3253 3808 ἀλλοτρίους,
3271 3738 3408 3792 ἀλλά
3431 3740 3527 3792 καὶ

1941 3830 2179 3892 οἰκείους
2207 3825 2352 3882 εἰναι
2385 3829 2514 3892 τοὺς
2539 3828 2942 3898 πολεμοῦντας·
2976 3827 3066 3882 διά
3092 3828 3251 3882 τοῦτο
3275 3829 3526 3900 χαλεπώ-

1938 3937 2097 3992 τερος
2120 3937 2134 3951 ’
2171 3920 2420 3983 εἰκότως.
2468 3919 2570 3972 Ἂν
2606 3919 2704 3990 μὲν
2731 3918 2842 3989 γὰρ
2877 3919 3079 3985 ἔξωθέν
3115 3920 3188 3990 μέ
3228 3937 3311 3982 τις
3353 3921 3520 3992 βάλλῃ

1940 4013 2037 4066 καὶ
2074 4012 2313 4083 πολεμῇ,
2348 4011 2546 4082 ῥᾳδίως
2576 4009 2742 4064 αὑτοῦ
2772 4011 3156 4082 περιγενέσθαι
3183 4012 3520 4084 δυνήσομαιο

1941 4101 2007 4157 ἂν
2033 4103 2090 4156 δέ
2116 4101 2325 4156 ἔνδοθεν
2359 4101 2468 4156 ἀπὸ
2500 4101 2595 4154 τοῦ
2629 4101 2880 4172 σώματος
2918 4102 3029 4175 φύη
3052 4102 3112 4156 τδ
3134 4103 3308 4167 ἕλκος,
3336 4103 3527 4157 δυσία-
3623 4163 3626 4168 ι

1939 4212 2032 4250 τον
2061 4194 2272 4263 γίνεται
2299 4193 2360 4247 τὸ
2393 4193 2592 4248 κακόν⁸
2621 4193 2650 4246 6
2679 4193 2743 4264 δὴ
2775 4194 2872 4246 καὶ
2903 4193 3024 4246 τότε
3047 4194 3286 4262 ἐγένετο.
3312 4193 3403 4247 Διὸ
3427 4196 3525 4249 καὶ

1942 4286 2174 4358 παρῄνει
2210 4284 2406 4352 λέγων,
2451 4285 2785 4354 Προσέχετε
2830 4283 3068 4351 ἑαυτοῖς
3102 4285 3199 4338 καὶ
3227 4285 3406 4339 παντί
3442 4285 3530 4350 τῷ

1941 4380 2230 4448 ποιμνίῳο
2265 4379 2365 4431 οὑκ
2401 4372 2543 4443 εἰπε,
2577 4377 2984 4440 Καταλιπόντες
3015 4377 3083 4431 τά
3113 4377 3360 4449 πρόϐατα
3387 4378 3524 4446 φεύ-

1941 4485 2066 4536 τετε
2107 4467 2231 4534 ἔξω.
2258 4466 2445 4520 Ταῦτα
2481 4467 2576 4521 καὶ
2611 4469 2640 4520 6
2676 4468 2948 4538 μακάριος
2987 4467 3291 4534 Εύστάθιος¹
3323 4485 3528 4522 πεπαιο

1940 4559 2200 4631 δευμένος
2244 4556 2477 4629 παρῄνει
2519 4561 2632 4621 τοῖς
2667 4558 2865 4612 ἐαυτοῦ
2903 4559 3204 4630 μαθηταῖς’
3236 4559 3382 4630 ἀπερ
3425 4555 3528 4613 οὖν

1941 4651 2035 4704 καὶ
2057 4653 2087 4704 6
2115 4649 2279 4720 σοφὸς
2308 4645 2464 4714 οὗτος
2507 4651 2605 4704 καὶ
2633 4653 2878 4720 γενναῖος
2909 4651 3226 4715 διδάσκαλος
3258 4651 3525 4719 ἀκούσας,

1940 4741 2087 4814 ἔργῳ
2115 4741 2208 4796 τὸν
2232 4742 2384 4810 λόγον
2418 4741 2755 4814 ἐπλήρωσεν.
2785 4743 3080 4796 Εἰσιόντων
3106 4743 3237 4812 γοῦν
3272 4744 3521 4804 ἐκείνων,

1938 4836 2040 4889 οὑκ
2069 4835 2251 4906 ἀφῆκε
2274 4834 2345 4888 τὰ
2363 4835 2635 4907 πρόϐατα,
2662 4835 2839 4890 καίτοι
2856 4853 2921 4904 γε
2946 4835 3046 4889 οὑκ
3064 4832 3133 4906 ῆν
3163 4836 3255 4889 ἐπὶ
3280 4835 3368 4889 τὸν
3396 4835 3524 4906 θρό-

1939 4944 2029 4980 νον
2066 4926 2166 4997 τῆς
2196 4925 2374 4997 ἀρχῆς
2409 4925 2680 4980 ἀνελθώνο
2723 4925 2838 4979 ἀλλ’
2871 4925 3024 4978 οὐδὲν
3056 4924 3217 4978 τοῦτο
3247 4925 3384 4996 πρὸς
3417 4925 3525 4996 τὴν

1937 5017 2193 5086 γενναίαν
2222 5017 2440 5087 ἐκείνην
2479 5017 2573 5071 καὶ
2597 5016 2889 5086 φιλόσοφον
2914 5015 3116 5087 ψυχήν.
3153 5016 3266 5079 Τὰς
3290 5016 3390 5087 μὲν
3411 5016 3518 5088 γὰρ

1937 5109 2105 5180 τιμὰς
2141 5108 2252 5162 τῶν
2296 5108 2572 5180 ἀρχόντων
2607 5107 2816 5180 ἑτέροις
2857 5107 3029 5178 ἠφίει,
3055 5108 3182 5171 τοὺς
3220 5107 3278 5161 δέ
3323 5107 3518 5171 πόνους

1935 5199 2046 5253 τῶν
2094 5198 2371 5269 ἀρχόντων
2415 5198 2576 5260 αὐτὸς
2611 5199 2926 5270 ὑπέμενεν,
2977 5196 3124 5252 ἔνδον
3169 5197 3371 5269 μεταξὺ
3407 5196 3518 5250 τῶν

1935 5290 2116 5344 λύκων
2148 5289 2510 5362 στρεφόμενος
2529 5303 2544 5320 ·
2579 5288 2732 5342 οὐδὲν
2763 5288 2876 5361 γὰρ
2897 5288 3059 5343 αὑτὸν
3090 5289 3140 5343 οἰ
3169 5289 3278 5342 τῶν
3312 5289 3521 5360 θηρίων

1937 5379 2149 5443 ὀδόντες
2177 5380 2462 5446 ἔϐλαπτον,
2484 5377 2660 5442 οὕτως
2683 5379 3038 5450 ἰσχυροτέραν
3062 5378 3243 5432 πίστιν
3269 5374 3382 5449 εἶχε
3406 5378 3522 5431 τῶν

1938 5471 2162 5525 ἐκείνων
2197 5469 2511 5541 δηγμάτων.
2549 5470 2740 5524 Ἐνδον
2778 5469 2957 5524 τοίνυν
3003 5471 3390 5542 στρεφόμενος,
3420 5471 3516 5524 καί

1936 5565 2002 5634 τῇ
2033 5561 2291 5633 γινομένῃ
2325 5561 2460 5632 πρὸς
2491 5560 2654 5616 αὑτὸν
2684 5560 2834 5632 μάχῃ
2876 5560 3087 5626 πάντας
3126 5560 3323 5623 αὑτοὺς
3348 5561 3516 5629 ἀσχο-

1937 5652 2066 5713 λῶν,
2086 5651 2288 5722 πολλὴν
2318 5650 2504 5704 ἄδειαν
2530 5652 2644 5714 τοῖς
2668 5650 2962 5721 προϐάτοις
2985 5650 3411 5721 παρεσκεύαζεν.
3436 5649 3518 5701 Ού

1937 5741 2094 5798 τοῦτο
2114 5741 2171 5796 δὲ
2197 5742 2355 5812 μόνον
2387 5739 2560 5795 ἐποίει
2587 5740 2912 5813 ἐμφράττων
2944 5739 3128 5795 αὐτῶν
3147 5738 3218 5793 τά
3240 5738 3516 5809 στόματα,
