4082 6430
285 473 389 530 005

283 587 402 651 bat,
432 599 559 640 num
586 587 706 656 quis
732 586 839 644 telo
863 598 1150 658 percussus
1179 585 1384 654 fuisset,
1416 597 1542 643 num
1562 603 1725 659 grave
1753 589 1869 644 vul-

285 693 386 734 nus
412 680 711 749 accepisset
738 719 753 744 ,
781 680 1066 747 statimque
1087 679 1530 735 medicamentum
1562 679 1870 734 adhibebat.

284 766 394 824 Hoc
432 768 561 824 dum
599 769 816 829 faceret.
858 768 926 823 ad
966 783 1148 824 veram
1192 768 1348 824 ﬁdem
1371 784 1560 825 omnes
1582 769 1870 837 animavit,

280 875 382 914 nee
415 861 566 930 prius
592 859 838 927 destitit,
871 874 1028 930 quam
1057 861 1152 918 Dei
1180 877 1401 916 munere
1426 868 1587 931 atque
1611 874 1873 916 concessu

282 951 471 1005 beatus
493 950 740 1004 Meletius
776 951 1028 1019 advenit,
1056 953 1145 1022 qui
1175 962 1338 1008 totam
1364 967 1595 1008 massam
1633 953 1870 1023 accepit;

280 1040 369 1094 hic
397 1040 704 1105 seminavit,
728 1042 820 1097 ille
836 1043 1080 1097 messuit.
1104 1042 1230 1098 Tale
1251 1043 1376 1112 quid
1395 1043 1558 1097 etiam
1585 1043 1798 1114 Moyses
1819 1054 1875 1098 et

278 1131 460 1184 Aaron
487 1133 867 1200 praestiterunt.
893 1133 1027 1188 Nam
1065 1142 1122 1188 et
1159 1133 1233 1188 illi
1265 1132 1514 1188 fermenti
1539 1135 1591 1187 in
1627 1138 1832 1188 morem
1853 1175 1870 1202 ,

277 1220 406 1274 dum
441 1222 493 1275 in
527 1222 706 1278 medio
733 1223 1108 1294 Egyptiorum
1138 1229 1480 1278 versarentur
1499 1264 1515 1289 ,
1547 1223 1745 1278 multos
1771 1222 1870 1279 do-

278 1312 520 1367 mestica:
581 1313 796 1385 pietatis
862 1313 1202 1368 aemulatores
1256 1312 1571 1369 reddebant.
1623 1312 1874 1370 Testatur

280 1402 383 1458 hoc
415 1403 656 1476 Moyses,
697 1403 824 1458 dum
868 1403 1095 1458 multum
1138 1403 1326 1474 vulgus
1352 1404 1710 1476 promiscuum
1749 1419 1872 1459 cum

279 1494 535 1551 lsraelitis
603 1493 679 1548 ait
745 1494 1051 1550 ascendisse
1111 1493 1326 1566 (Exod.
1385 1495 1474 1552 i2.
1521 1495 1650 1566 38).
1718 1496 1874 1552 Hunc

280 1585 518 1656 Moysem
570 1583 783 1639 imitans
805 1584 938 1654 iste,
970 1585 1129 1639 etiam
1158 1594 1282 1641 ante
1308 1587 1674 1655 magistratum
1694 1627 1708 1652 ,
1752 1600 1872 1657 quae

283 1678 626 1745 magistratus
689 1685 845 1730 erant
897 1677 1118 1746 gerebat
1178 1694 1191 1730 :
1235 1676 1496 1746 siquidem
1535 1677 1625 1732 ille
1697 1676 1874 1746 prius-

279 1778 442 1833 quam
479 1764 532 1818 in
572 1765 826 1835 populum
850 1764 1082 1820 delatum
1111 1764 1187 1819 illi
1214 1773 1357 1820 esset
1394 1766 1675 1835 imperium
1699 1807 1712 1832 ,
1763 1764 1871 1819 for-

275 1857 402 1910 titer
447 1855 734 1911 admodum
777 1865 936 1928 atque
979 1872 1240 1928 generose
1280 1857 1571 1918 inferentes
1623 1857 1869 1926 injuriam

276 1945 551 2014 puniebat,
597 1945 845 2016 iniuriam
886 1947 1152 2018 patientes
1192 1947 1546 2002 ulciscebatur
1570 1989 1586 2015 ,
1630 1956 1685 2002 et
1724 1949 1871 2019 regia

1418 472 1482 529 [Ν
1511 473 1570 531 s.
1611 429 1966 533 nomnen
1986 474 2392 553 MARTYREM.
2431 482 2472 540 ι.

3463 502 3567 557 006

1979 604 2160 648 mensa
2183 633 2200 660 ,
2233 593 2528 652 honoribus
2555 596 3006 674 dignitatibusque
3043 608 3362 677 contemptis
3387 609 3454 664 ad
3483 611 3566 666 lu-
3606 654 3611 660 .

1979 688 2089 735 tum
2114 690 2170 738 et
2195 683 2483 740 lateritium
2508 700 2644 758 opus
2663 692 2946 759 currebat,
2969 709 3033 750 ac
3056 696 3261 753 deliciis
3289 700 3563 768 omnibus,

1977 771 2337 842 voluptatibus
2381 783 2437 831 et
2479 775 2770 835 honoribus
2813 782 3195 850 praeferendam
3235 790 3566 861 propinquo-

1976 874 2096 914 rum
2145 876 2326 918 curam
2371 866 2760 925 existimabat:
2789 871 2855 926 ad
2886 888 3042 942 quem
3073 877 3255 932 oculos
3294 879 3394 936 iste
3433 896 3564 937 cou-

1978 957 2191 1020 vertens
2220 955 2562 1026 magistratus
2587 973 2777 1017 omnes
2801 976 2896 1016 sua
2937 961 2991 1018 in
3021 967 3564 1034 populum'sollicitu-

1977 1038 2103 1131 dine
2130 1044 2666 1116 eommonefaciebat,
2696 1060 2750 1105 et
2787 1051 2998 1108 labores
3023 1055 3264 1124 perferre
3284 1099 3299 1121 ,
3329 1059 3565 1131 undique

1977 1130 2234 1197 divexari,
2264 1149 2425 1204 quam
2456 1139 2837 1208 tranquillitate
2863 1141 2964 1197 frui
2993 1144 3245 1213 malebat,
3277 1161 3339 1201 ac
3367 1130 3559 1219 perpe-

1977 1231 2096 1278 tuas
2126 1224 2178 1280 in
2208 1225 2326 1281 dies
2352 1227 2654 1285 inimicitias
2674 1231 3000 1288 incurrebat.
3029 1235 3401 1295 Verumtamen
3425 1240 3563 1296 levia

1975 1324 2130 1368 erant
2155 1315 2228 1371 illi
2255 1317 2434 1372 omnia
2463 1334 2476 1371 :
2507 1319 2769 1390 siquidem
2796 1337 2862 1378 ex
2891 1323 2954 1377 iis
2979 1325 3138 1380 rebus
3158 1367 3173 1391 ,
3204 1343 3326 1398 qua:
3351 1330 3563 1386 accide-

1976 1405 2134 1473 bant,
2180 1406 2425 1463 idoneam
2454 1413 2838 1468 consolationis
2867 1418 3206 1472 occasionem
3246 1421 3556 1490 arripiebat.

1976 1495 2105 1562 Quae
2155 1512 2274 1551 cum
2311 1500 2382 1555 ita
2430 1502 2537 1556 sint
2560 1545 2575 1569 ,
2623 1502 2734 1558 Deo
2772 1506 2973 1575 gratias
3009 1516 3230 1578 agentes
3254 1521 3562 1568 sanctorum

1977 1586 2201 1644 istorum
2230 1591 2452 1648 virtutes
2498 1594 2804 1662 imitemur,
2850 1607 2908 1653 ut
2938 1601 3243 1657 earumdem
3287 1618 3406 1658 cum
3436 1606 3566 1674 ipsis

1975 1690 2292 1733 coronarum
2322 1683 2605 1753 participes
2641 1700 2762 1742 esse
2790 1689 3061 1746 valeamus
3079 1731 3096 1758 ,
3125 1693 3292 1762 gratia
3323 1686 3377 1748 et
3406 1694 3558 1750 beni-

1976 1767 2174 1836 gnitate
2201 1769 2411 1824 Domini
2442 1775 2612 1828 nostri
2635 1774 2761 1830 Jesu
2785 1775 2985 1834 Christi
3012 1821 3027 1844 ,
3059 1796 3154 1850 per
3182 1798 3341 1852 quem
3365 1792 3420 1838 et
3444 1800 3564 1839 cum
3603 1806 3606 1808 ν

1975 1871 2080 1926 quo
2107 1859 2251 1914 Patri
2272 1877 2481 1934 unaque
2500 1875 2687 1920 sancto
2711 1864 2929 1936 Spiritui
2957 1869 3156 1938 gloria,
3187 1873 3357 1928 honor
3376 1881 3433 1929 et
3463 1875 3565 1929 im.-

1976 1950 2180 2019 perium
2207 1950 2260 2007 in
2289 1955 2481 2009 saecula
2511 1956 2850 2014 saeculorum.
2883 1961 3078 2016 Amen.

1701 2482 2145 2547 ADMONITIO.

279 2733 527 2791 secunda
559 2731 870 2787 dicendum.
899 2728 1054 2785 Licet
1077 2726 1226 2782 enim
1253 2725 1372 2780 hac
1399 2721 1564 2778 verba
1592 2720 1699 2776 sub
1725 2720 1890 2774 finem
1920 2717 2202 2773 homilite:
2246 2715 2539 2772 Valuisset»
2565 2717 2806 2788 equidem
2841 2716 2899 2769 in
2919 2716 3076 2786 hujus
3108 2720 3366 2788 martyris
3395 2735 3560 2789 argu-

280 2853 458 2900 mento
491 2845 846 2900 exsultantem
874 2843 1171 2897 orationem
1198 2841 1268 2894 ad
1305 2839 1464 2910 ﬁnem
1488 2853 1652 2905 usque
1679 2830 1938 2889 deducere
1964 2849 1982 2889 :
2009 2844 2066 2889 at
2097 2833 2237 2902 justi
2267 2833 2428 2903 spatii
2461 2841 2663 2902 tempus
2690 2832 2923 2899 advenit,
2945 2841 2998 2888 et
3029 2842 3088 2887 ut
3123 2832 3277 2906 [6H]
3302 2835 3559 2889 sileamus

278 2966 547 3020 hortatur.
581 2962 727 3017 Nam
751 2971 799 3016 et
829 2962 973 3025 vobis,
1000 2960 1069 3014 ad
1103 2957 1390 3012 utilitatem
1420 2956 1531 3010 lues
1567 2953 1712 3008 dicta
1739 2953 2026 3023 sufficiunt,
2055 2962 2102 3006 et
2136 2951 2431 3006 necessaria
2461 2959 2583 3004 sunt
2617 2948 2802 3005 Patris
2828 2950 3170 3018 documenta,
3198 2961 3255 3004 ut
3285 2951 3429 3005 dicta
3462 2952 3562 3006 illa

278 3082 646 3155 perﬁciantur.
690 3076 860 3140 Licet,
891 3076 1139 3145 inquam,
1169 3075 1284 3128 haec
1333 3070 1502 3126 verba
1534 3067 1857 3123 Flavianum
1890 3067 2212 3136 episcopum
2259 3079 2384 3119 mox
2438 3063 2897 3119 concionaturum
2942 3065 3210 3132 indicent,
3243 3075 3303 3120 ut
3345 3064 3403 3119 in
3433 3063 3558 3118 aliis

283 3194 666 3270 Chrysostomi
713 3192 958 3247 homiliis
991 3204 1099 3244 non
1133 3187 1512 3256 infrequenter
1542 3180 2060 3245 animadvertimus,
2110 3192 2482 3248 magnumque
2532 3177 2661 3232 hinc
2701 3178 3056 3250 γνησιότητος
3095 3178 3366 3234 indicium
3411 3179 3559 3236 sumi

281 3325 444 3384 posse
477 3309 746 3370 videatur,
796 3312 1036 3359 attamen
1089 3299 1217 3372 styli
1276 3311 1450 3370 genus
1481 3287 1588 3350 tam
1616 3293 1871 3350 absimile
1901 3292 2119 3348 videtur
2153 3292 2277 3345 aliis
2319 3289 2702 3362 Chrysostomi
2758 3292 3141 3360 orationibus,
3176 3293 3271 3348 vix
3300 3301 3363 3348 ut
3410 3294 3561 3350 credi

279 3425 460 3497 possit
490 3424 636 3478 hanc
666 3436 786 3477 esse
815 3419 873 3475 S.
905 3417 1145 3474 doctoris
1183 3414 1490 3471 homiliam.
1519 3411 1716 3468 Omnia
1744 3411 1834 3466 hic
1862 3411 2036 3481 tropis
2064 3408 2668 3480 exclamationibusque
2699 3410 3034 3476 redundant,
3063 3419 3118 3465 et
3167 3412 3358 3468 nescio
3398 3427 3564 3484 quam

289 3539 740 3614 peregrinitatem
775 3537 950 3602 olent,
973 3534 1019 3590 si
1051 3548 1176 3589 cum
1201 3530 1640 3604 praecedentibus
1676 3539 1730 3584 et
1759 3526 2119 3598 sequentibus
2160 3523 2525 3579 concionibus
2565 3531 2977 3592 comparentur.
3006 3520 3188 3587 Quare
3229 3524 3559 3579 crediderim

282 3661 467 3732 potius
495 3672 616 3713 esse
655 3655 942 3726 cujusdam
974 3652 1276 3723 presbyteri
1310 3648 1659 3715 Antiocheni,
1707 3649 1801 3719 qui
1837 3646 1940 3702 sub
1983 3643 2249 3700 Flaviano
2274 3641 2538 3736 alternas
2582 3656 2705 3696 cum
2751 3640 3153 3710 Chrysostomo
3194 3641 3566 3697 concionandi

283 3778 471 3842 partes
501 3774 704 3839 ageret.

356 3911 743 3983 luterpretatio
788 3907 992 3966 Latina
1030 3907 1223 3978 prima
1263 3905 1502 3960 homtlite
1533 3912 1619 3960 est
1662 3900 1859 3958 incerti
1891 3897 2205 3972 cujusdam,
2255 3893 2515 3952 secunde
2568 3909 2696 3952 vero
2748 3893 3045 3952 Frontonis
3099 3894 3321 3963 Ducaai;
3380 3896 3574 3953 ambas

283 4027 495 4096 aliquot
519 4027 571 4081 in
604 4025 738 4082 locis
765 4024 1208 4080 emendavimus.

274 4264 3350 4302 ____________________.____.__._____________..__._.________

1398 4404 2259 4513 ΜΠΒΑΤΙΟ
2332 4405 2401 4512 1

1421 4627 1642 4673 ssnon
1684 4626 2006 4671 κιιιπιιιε
2035 4625 2279 4672 ROMANI
2337 4615 2439 4689 (a).

1742 4778 2102 4836 eamea

353 4925 402 4979 l.
445 4920 561 4976 Nos
596 4932 772 4974 sumus
806 4913 1096 4982 Hartyrum
1137 4905 1390 4974 utentbra,
1420 4905 1521 4959 imo
1559 4901 1771 4958 Christi.
1798 4931 1870 4940 —

284 5017 488 5071 Rursus
514 5019 807 5080 martyrum
837 5003 1094 5061 memoria
1117 5043 1133 5070 ,
1165 5010 1220 5056 et
1257 5014 1442 5054 rursus
1471 4996 1588 5052 dies
1626 4995 1792 5050 festus
1821 5002 1876 5049 et

280 5105 565 5163 celebritas
587 5098 894 5171 spiritualis.
923 5095 1258 5151 Laborarunt
1285 5091 1381 5155 illi,
1402 5097 1456 5144 et
1475 5101 1572 5141 nos
1595 5085 1839 5141 lmtamur
1857 5102 1884 5138 :-

282 5201 628 5256 decertarunt
666 5194 780 5259 illi,
809 5201 863 5248 et
901 5204 998 5244 nos
1027 5187 1356 5244 exsultamus
1387 5201 1399 5237 :
1430 5183 1642 5237 illorum
1675 5189 1757 5234 est
1781 5192 1875 5233 co-

284 5305 413 5345 rona
448 5296 507 5343 et
533 5283 834 5341 communis
860 5280 1027 5352 gloria
1053 5321 1067 5344 ,
1099 5280 1207 5331 imo
1233 5276 1408 5347 potius
1435 5273 1595 5327 totius
1623 5269 1877 5325 Ecclesiae

285 5382 475 5454 gloria.
508 5379 575 5433 Et
601 5374 887 5446 quomodo,
916 5372 1058 5426 dicet
1085 5369 1367 5441 quiSpiam.
1397 5374 1579 5437 posset
1601 5364 1703 5418 hoc
1728 5361 1879 5454 ﬁeri?

285 5453 417 5541 Quia
457 5478 638 5541 partes
680 5477 734 5521 et
773 5463 1013 5520 membra
1054 5470 1233 5515 nostra
1268 5468 1392 5514 sunt
1420 5465 1681 5527 martyres
1714 5473 1727 5509 :
1761 5453 1882 5508 Sire

288 5571 456 5616 autem
499 5560 690 5633 patitur
730 5572 889 5610 unum
932 5552 1244 5617 membrum,
1292 5549 1667 5620 compatiuntur
1711 5546 1880 5602 omnia

350 5676 430 5741 (si)
458 5673 638 5725 collata
659 5681 769 5723 cum
789 5668 934 5722 codd.
959 5674 1110 5731 ἤθεα.
1140 5663 1262 5716 i959
1287 5668 1342 5714 et
1362 5659 1501 5715 9535.

1981 4902 2203 4956 membra
2233 4918 2252 4956 :
2275 4903 2378 4956 sive
2403 4901 2720 4973 gloriﬁcatur
2744 4914 2901 4956 unum
2931 4900 3228 4964 ntembrum,
3257 4897 3582 4968 congaudent

1981 4996 2151 5049 omnia
2179 4995 2400 5048 membra
2433 4995 2529 5066 (ι.
2553 4993 2673 5048 Cor.
2707 4993 2792 5048 12.
2820 4992 2890 5048 26
2908 4990 2949 5063 ).
2977 4991 3148 5061 Caput
3169 5001 3494 5054 coronatur,
3523 5000 3579 5044 et

1981 5086 2244 5156 reliquum
2289 5100 2482 5156 corpus
2527 5085 2758 5140 exsultat
2790 5103 2802 5140 :
2833 5098 2970 5140 unus
3009 5092 3091 5139 est
3133 5083 3302 5137 victor
3341 5082 3394 5136 in
3440 5081 3580 5135 ludis

1981 5177 2270 5251 Olympicis
2289 5221 2304 5246 ,
2334 5189 2388 5234 et
2417 5189 2559 5234 totus
2595 5180 2790 5254 gaudet
2819 5178 3047 5248 populus
3067 5217 3082 5242 ,
3112 5176 3426 5246 magnisque
3453 5189 3579 5229 eum

1947 5255 1958 5264 ’
1983 5270 2228 5326 laudibus
2249 5271 2464 5340 excipit.
2490 5270 2545 5327 Si
2568 5280 2746 5325 autem
2773 5269 2824 5323 in
2853 5267 3145 5340 Olympicis
3169 5266 3579 5325 certaminibus.

1982 5364 2073 5434 qui
2100 5364 2232 5418 nihil
2257 5363 2322 5418 ad
2354 5364 2475 5418 illm
2499 5362 2723 5418 sudores
2747 5361 3089 5417 contulerunt
3108 5401 3122 5426 ,
3152 5367 3297 5413 tanta
3331 5357 3579 5411 fruuntur

1984 5456 2293 5526 voluptate:
2325 5456 2494 5509 multo
2534 5455 2700 5525 magis
2728 5453 2835 5510 hoc
2873 5451 2967 5508 ﬁet
2999 5453 3056 5507 in
3091 5451 3306 5506 athletis
3346 5447 3580 5518 pietatis.

1985 5545 2092 5601 Nos
2133 5544 2299 5615 pedes
2344 5561 2560 5610 sumus,
2602 5553 2864 5616 martyres
2903 5554 3081 5599 autem
3118 5551 3295 5612 caput.
3325 5539 3430 5595 Sed
3475 5555 3580 5593 non

1987 5649 2163 5714 potest
2201 5645 2361 5712 caput
2402 5640 2580 5696 dicere
2616 5638 2872 5711 pedibus,
2905 5637 3082 5695 chi
3132 5649 3242 5691 non
3287 5649 3418 5705 egeo
3457 5629 3587 5703 (ib.
