4082 6448
574 446 674 501 607

577 578 623 614 υ.
653 557 770 631 2|).
797 556 1033 614 Gloriosa
1064 560 1187 609 sunt
1212 553 1470 618 membra,
1502 550 1594 604 sed
1632 548 1814 619 gloriae
1840 542 2148 601 excellentia

578 665 684 704 non
713 649 880 703 aliena
911 646 994 699 illa
1023 643 1148 704 facit
1175 658 1204 695 a
1235 641 1641 710 coajunctione,
1669 653 1784 707 qua:
1813 645 1894 690 est
1916 647 2038 687 cum
2063 646 2151 685 re-

579 740 736 808 liquis
770 737 1005 806 partibus
1027 735 1044 765 ί
1074 751 1089 787 z
1123 743 1245 786 tunc
1273 732 1413 784 enim
1451 729 1584 782 fiunt
1621 727 1848 780 maxime
1886 723 2114 792 gloriosa
2137 761 2153 788 ,

581 827 790 896 quando
814 840 931 880 eam
956 865 970 888 ,
1000 839 1118 894 quae
1145 822 1418 876 nobiscum
1446 829 1527 874 est
1551 858 1568 885 ,
1600 813 2022 885 coniunctionem
2049 825 2154 865 non

583 917 892 987 abruperint
920 933 937 970 :
967 930 1089 968 nam
1132 913 1318 966 oculus
1355 924 1601 980 quoque,
1639 908 1760 961 licet
1801 903 2006 972 reliquo
2049 909 2158 955 toto

586 1020 811 1076 corpore
831 1007 901 1058 sit
923 1001 1264 1072 splendidior,
1288 1014 1438 1054 suam
1465 1010 1588 1051 tunc
1609 995 1829 1064 gloriam
1857 999 2156 1055 conservat,

583 1095 793 1165 quando
830 1109 859 1146 a
899 1093 1103 1161 reliquo
1144 1104 1374 1158 corpore
1413 1102 1520 1142 non
1557 1083 1900 1139 abscinditur.
1941 1078 2006 1136 Et
2033 1078 2158 1149 quid

585 1186 654 1242 de
679 1184 998 1254 martyribus
1027 1181 1185 1236 dico?
1221 1181 1276 1236 Si
1311 1179 1452 1233 enim
1495 1176 1748 1230 Dominus
1789 1174 2025 1241 ipsorum
2063 1184 2162 1223 no-

584 1288 754 1331 strum
781 1282 938 1344 caput
961 1273 1074 1327 ﬂeri
1105 1287 1212 1328 non
1248 1271 1488 1334 erubuit,
1525 1268 1692 1321 multo
1725 1264 1893 1334 magis
1918 1262 2017 1331 ipsi
2041 1273 2161 1315 esse

587 1375 767 1421 nostra
793 1365 1031 1420 membra
1055 1379 1158 1417 non
1183 1362 1502 1416 erubescunt
1531 1376 1546 1413 :
1574 1357 1768 1411 habent
1793 1355 1933 1410 enim
1959 1352 2163 1407 radica-

590 1465 694 1509 tam
719 1457 990 1510 caritatem
1015 1471 1030 1509 :
1055 1453 1190 1508 solet
1219 1461 1396 1506 autem
1421 1449 1612 1503 caritas
1641 1461 1703 1502 ea
1723 1488 1738 1511 ,
1763 1461 1882 1516 qua:
1909 1453 2030 1499 sunt
2053 1442 2165 1496 dis-

582 1546 800 1616 juncta,
840 1546 1163 1616 conjungere
1201 1551 1256 1597 et
1296 1542 1579 1610 colligare,
1618 1553 1788 1608 neque
1814 1537 1881 1592 de
1909 1535 2162 1605 dignitate

588 1637 876 1691 admodum
905 1644 1146 1690 accurate
1170 1633 1407 1703 inquirit.
1436 1632 1583 1686 Sicut
1607 1645 1733 1700 ergo
1766 1626 1863 1698 ipsi
1892 1627 2161 1697 peccanti-

590 1729 688 1782 bus
715 1727 866 1781 nobis
891 1725 1072 1780 dolore
1096 1725 1253 1780 simul
1284 1721 1606 1788 afficiuntur,
1635 1723 1704 1775 ita
1733 1735 1830 1774 nos
1857 1720 2012 1774 etiam
2041 1732 2162 1772 cum

589 1823 669 1874 eis
712 1819 765 1872 in
802 1828 946 1871 recte
989 1817 1140 1870 factis
1176 1831 1360 1870 eorum
1403 1815 1662 1868 laetamur.
1703 1811 1791 1866 Sic
1818 1810 1975 1865 etiam
2006 1809 2165 1878 jussit

589 1909 784 1964 Paulus
808 1908 1038 1978 gaudere
1065 1922 1185 1962 cum
1210 1905 1579 1976 gaudentibus,
1610 1912 1664 1957 et
1689 1901 1817 1957 ﬂere
1841 1915 1960 1954 cum
1991 1899 2166 1954 ﬂenti-

591 1999 690 2052 bus
717 1999 892 2068 (Rom.
913 1997 1013 2056 ιη.
1050 1998 1153 2067 15).
1199 1995 1303 2050 Sed
1347 1994 1474 2049 ﬂere
1513 1993 1722 2064 quidem
1758 2007 1878 2047 cum
1917 1991 2166 2046 ﬂentibus

594 2079 748 2144 facile
777 2098 875 2152 est,
909 2087 1138 2157 gaudere
1162 2096 1336 2140 autem
1361 2100 1480 2140 cum
1509 2083 1857 2153 gaudentibus
1883 2097 1990 2136 non
2016 2081 2166 2135 facile

589 2180 874 2242 admodum
901 2196 915 2232 :
938 2177 1143 2233 facilius
1163 2179 1304 2232 enim
1329 2192 1450 2230 cum
1475 2174 1559 2239 iis,
1582 2174 1673 2244 qui
1700 2175 1753 2227 in
1778 2170 2166 2228 calamitatibus

591 2279 736 2335 sunt,
762 2270 1023 2332 dolemus,
1050 2283 1206 2338 quam
1233 2282 1353 2322 cum
1384 2266 1468 2330 iis,
1498 2265 1686 2334 quibus
1714 2274 1835 2319 sunt
1864 2279 1950 2317 res
1979 2276 2168 2316 secun-

591 2360 706 2425 das,
736 2359 1042 2429 gaudemus.
1075 2358 1203 2412 Nam
1235 2357 1340 2410 illic
1367 2355 1578 2425 quidem
1608 2355 1718 2423 ipsa
1740 2352 2052 2407 calamitatis
2073 2365 2164 2403 na-

592 2460 708 2503 tura
732 2458 904 2519 potest
931 2448 1012 2503 vel
1038 2447 1262 2517 lapidem
1286 2445 1499 2501 ﬂectere
1519 2444 1583 2498 ad
1607 2442 2121 2498 commiseraticnem
2145 2456 2161 2494 :

591 2539 677 2593 hic
714 2548 891 2594 autem
920 2539 972 2592 in
999 2537 1159 2592 rebus
1195 2537 1466 2606 prosperis
1509 2535 1702 2588 invidia
1738 2543 1793 2587 et
1830 2533 1962 2586 livor
2000 2546 2122 2586 eum
2147 2571 2161 2597 ,

589 2632 676 2701 qui
706 2647 810 2686 non
848 2631 1003 2685 valde
1033 2629 1431 2700 philosophatur
1453 2669 1468 2693 ,
1499 2641 1603 2681 non
1642 2626 1769 2679 sinit
1795 2624 1933 2679 efﬁci
1959 2625 2163 2679 socium

596 2722 891 2791 voluptatis.
916 2721 1047 2775 Nam
1072 2717 1514 2790 quemadmodum
1540 2717 1731 2771 caritas
1752 2730 1836 2780 ea,
1859 2704 1976 2784 qua:
1995 2714 2164 2768 divisa

589 2823 733 2875 sunt,
761 2811 1035 2880 conjungit
1058 2819 1113 2866 et
1136 2809 1350 2878 colligat
1375 2826 1389 2861 :
1416 2808 1495 2862 sic
1522 2806 1680 2862 etiam
1712 2804 1904 2859 invidia
1932 2819 2016 2871 ea,
2045 2818 2164 2873 quae

591 2904 733 2956 unita
762 2911 917 2968 sunt,
945 2901 1148 2957 dividit.
1172 2900 1522 2967 Quamobrem
1541 2939 1556 2964 ,
1581 2913 1676 2953 oro
1703 2912 1798 2952 vos
1817 2938 1832 2960 ,
1859 2896 2164 2951 studeamus

587 2990 819 3059 gaudere
846 3005 967 3045 cum
1006 2989 1089 3053 iis,
1115 2989 1204 3059 qui
1236 2998 1381 3044 recte
1409 3003 1520 3043 rem
1550 2995 1758 3057 gerunt,
1793 2993 1851 3038 ut
1877 2983 2162 3038 animama

587 3080 755 3134 livore
792 3089 950 3149 atque
988 3078 1184 3134 invidia
1223 3091 1576 3148 expurgemus
1609 3094 1623 3130 :
1655 3075 1787 3129 nihil
1829 3075 1969 3129 enim
2013 3088 2163 3143 teque

588 3171 834 3225 morbum
871 3170 1014 3227 hunc
1049 3186 1262 3242 gravem
1293 3179 1586 3240 curatuque
1611 3167 1878 3223 diflicilem
1908 3166 2160 3235 expellit,

586 3270 748 3331 atque
776 3277 897 3316 cum
934 3263 999 3316 lis
1021 3305 1037 3328 ,
1064 3263 1153 3331 qui
1192 3263 1383 3315 vivunt
1409 3261 1460 3314 in
1488 3261 1683 3313 virtute
1701 3297 1718 3324 ,
1748 3257 1997 3328 gaudere.
2025 3255 2163 3310 Audi

587 3351 762 3420 itaque
785 3367 941 3419 quam
966 3366 1205 3405 summus
1225 3350 1281 3404 in
1305 3350 1388 3404 his
1409 3350 1642 3418 utrisque
1666 3347 1734 3401 sit
1763 3346 1990 3401 Paulus:
2016 3344 2160 3412 Quis,

585 3441 776 3511 inquit,
803 3441 1108 3510 inﬁrmatur,
1138 3452 1185 3496 et
1215 3457 1303 3511 ego
1344 3457 1444 3494 non
1473 3439 1741 3508 inﬁrmos?
1765 3438 1877 3508 quis
1903 3436 2161 3492 scandali-

582 3540 748 3598 satur,
774 3541 820 3585 et
845 3547 934 3602 ego
969 3549 1069 3585 non
1094 3548 1214 3585 uror
1238 3529 1318 3602 (2.
1344 3529 1458 3585 Cor.
1491 3530 1577 3584 ﬂ.
1608 3527 1742 3601 29)?
1772 3528 1883 3582 Non
1913 3527 2064 3589 dixit,
2096 3527 2162 3581 Et

584 3635 686 3690 ego
723 3622 965 3678 molestia
995 3637 1098 3676 non
1135 3621 1340 3676 afficior
1369 3638 1382 3674 :
1412 3620 1529 3686 sed,
1560 3619 1671 3690 Ego
1700 3635 1802 3673 non
1833 3635 1974 3683 uror,
2006 3617 2156 3682 dixit,

583 3710 771 3764 urendi
808 3711 970 3765 verbo
1012 3725 1276 3765 summum
1315 3709 1467 3764 nobis
1497 3709 1734 3763 dolorem
1764 3707 1947 3762 volens
1974 3715 2157 3761 osten-

581 3803 728 3856 dere.
767 3803 827 3857 Et
873 3818 1055 3857 rursus
1090 3802 1156 3855 ad
1199 3801 1333 3856 alios
1373 3801 1614 3855 scribens
1652 3799 1806 3863 dicit,
1850 3798 1974 3854 Sine
2019 3797 2160 3851 nobis

579 3894 873 3964 regnavistis
897 3909 916 3947 :
935 3903 980 3946 et
999 3895 1192 3947 utinam
1217 3893 1584 3964 regnavissetis,
1608 3901 1661 3945 ut
1681 3908 1771 3946 nos
1791 3907 1985 3962 quoque
2008 3889 2160 3944 simul

579 3984 831 4036 vobiscum
855 3999 1177 4053 regnaremus
1205 3983 1280 4054 (l.
1317 3984 1434 4037 Cor.
1466 3984 1517 4036 4.
1549 3980 1635 4052 8).
1667 3983 1735 4036 Et
1762 3997 1976 4047 rursus,
2006 3981 2159 4035 Nunc

579 4074 788 4127 vivimus
807 4113 822 4139 ,
851 4075 893 4126 si
921 4088 1007 4126 vos
1032 4075 1173 4128 statis
1197 4074 1250 4128 in
1281 4073 1496 4127 Domino
1531 4073 1607 4141 (1.
1636 4072 1810 4126 Thess.
1843 4074 1894 4128 '5.
1924 4072 2000 4145 8).
2029 4073 2159 4128 Vide

580 4173 907 4234 quantopere
952 4163 1233 4230 studebat,
1268 4173 1325 4217 ut
1357 4179 1443 4219 res
1471 4163 1690 4217 fratrum
1731 4170 1875 4218 recte
1905 4177 1964 4217 se
1992 4162 2158 4218 habe-

579 4263 735 4312 rent.
767 4256 854 4310 aui
900 4269 998 4310 nec
1034 4270 1094 4310 se
1135 4255 1315 4310 vivere
1352 4254 1567 4326 quidem
1605 4254 1972 4321 existimabat,
2005 4254 2049 4308 si
2084 4253 2160 4308 illi

577 4345 710 4399 salvi
739 4360 843 4399 non
872 4354 1071 4401 essent.

649 4437 845 4492 Caritas
865 4439 971 4492 sine
990 4437 1230 4508 martyrio
1259 4448 1489 4506 proaest;
1512 4437 1807 4506 martyrium
1825 4435 1932 4489 sine
1954 4435 2160 4489 caritate

577 4544 680 4580 non
720 4528 938 4597 prodest.
993 4529 1224 4583 Romano
1265 4529 1438 4598 lingua
1475 4537 1765 4597 amputatur
1803 4544 1822 4582 :
1855 4528 2056 4598 quare?
2087 4557 2160 4568 —-

577 4617 749 4672 [ionio
775 4619 864 4688 qui
903 4619 967 4672 ad
1009 4618 1221 4673 tertium
1246 4620 1432 4673 caelum
1464 4627 1646 4688 raptus
1674 4618 1881 4685 fuerat,
1912 4627 2072 4688 atque
2101 4617 2155 4673 in

579 4710 880 4780 paradisum
916 4710 1123 4764 delatus
1147 4753 1162 4778 ,
1189 4718 1242 4765 et
1269 4710 1357 4779 qui
1396 4710 1767 4781 mysteriorum
1813 4708 2154 4764 ineﬂ‘abilium

576 4802 838 4870 particeps
866 4800 1056 4866 fuerat,
1088 4809 1390 4870 tantamque
1414 4799 1551 4868 apud
1581 4799 1746 4855 Deum
1774 4798 2018 4854 ﬁduciam
2045 4799 2157 4854 fue-

579 4901 661 4945 rat
689 4900 1005 4962 assequutus
1027 4934 1042 4958 ,
1075 4891 1286 4945 illorum
1316 4891 1575 4945 bonorum
1617 4904 1830 4944 sensum
1860 4905 1966 4944 non
1999 4889 2156 4944 valde

575 4981 889 5050 accipiebat,
915 4982 1016 5036 nisi
1042 4981 1200 5036 etiam
1228 4981 1420 5036 fratres
1445 4996 1625 5036 secum
1653 4982 1828 5036 salvos
1852 4996 1970 5036 esse
1995 4981 2156 5036 vidis-

575 5080 676 5125 set.
705 5071 918 5127 Sciebat
944 5072 1115 5136 enim,
1152 5071 1306 5141 plane
1348 5071 1585 5136 sciebat,
1617 5072 1838 5126 caritate
1874 5072 2004 5126 nihil
2033 5087 2154 5127 esse

574 5163 766 5232 majus,
798 5163 927 5218 nihil
959 5164 1057 5232 ipsi
1090 5179 1184 5233 par
1209 5179 1363 5230 esse;
1395 5178 1495 5218 nec
1522 5163 1691 5233 ipsum
1717 5163 1927 5233 quidem
1955 5172 2155 5235 marty-

573 5256 710 5309 rium
735 5295 749 5320 ,
778 5254 919 5324 quod
946 5265 1103 5325 caput
1128 5255 1363 5309 omnium
1391 5263 1473 5309 est
1500 5254 1779 5310 bonorum.
1807 5254 1921 5322 Quo
1945 5271 2071 5310 vero
2097 5256 2150 5310 id

575 5345 785 5400 tandem
816 5345 979 5401 modo
998 5386 1015 5411 ,
1042 5347 1120 5401 sic
1153 5346 1319 5402 disce.
1366 5345 1496 5400 Nam
1533 5345 1723 5400 caritas
1749 5346 1959 5417 quidem
1988 5348 2148 5400 etiam

570 5438 773 5508 absque
813 5440 1067 5512 martyrio
1091 5437 1290 5495 Christi
1324 5439 1610 5510 discipulos
1643 5439 1766 5494 facit
1795 5459 1809 5495 :
1836 5441 2147 5510 martyrium

570 5540 747 5585 autem
790 5531 906 5585 sine
943 5531 1164 5588 caritate
1201 5531 1374 5587 facere
1413 5531 1466 5586 id
1504 5548 1610 5587 non
1651 5540 1840 5602 potest.
1869 5531 2146 5588 Undenam

573 5621 676 5675 hoc
720 5621 843 5675 sciri
891 5621 1103 5691 potest?
1140 5623 1222 5677 Ab
1267 5624 1394 5693 ipsis
1435 5623 1632 5678 Christi
1677 5624 1854 5678 verbis
1889 5640 1903 5676 :
1938 5624 2143 5679 dicebat

571 5712 714 5766 enim
753 5713 1020 5786 discipulis
1050 5730 1064 5767 :
1094 5712 1160 5769 In
1195 5716 1289 5770 hoc
1312 5728 1610 5788 cognoscent
1638 5734 1808 5772 omnes
1830 5718 1964 5789 quod
1989 5718 2115 5773 disci
2126 5746 2143 5759 -

634 5825 655 5858 ί
689 5832 816 5878 Unus
843 5833 958 5892 Reg.
983 5837 1087 5887 ω..
1110 5831 1348 5885 membris.

1318 440 1375 497 S.
1413 435 1686 494 JO.\N.\‘lS
1716 427 2192 490 'CliRYSOSTOMI
2233 427 2547 486 ARClliEP.
2587 427 3123 486 CONSTANTINOP.

3728 425 3825 481 603

2261 541 2377 610 puli
2402 540 2502 596 mei
2527 542 2642 595 estis
2659 581 2676 608 ,
2701 541 2746 595 si
2773 557 2856 595 vos
2884 541 3092 594 invicem
3117 537 3338 608 diligatis
3357 535 3380 606 (
3399 535 3559 590 Joan.
3590 536 3675 591 i5.
3703 539 3769 592 55
3788 539 3828 611 ).

2259 631 2402 694 Ecce
2424 635 2618 688 caritas
2645 633 2762 686 sine
2798 632 3051 702 martyrio
3075 629 3364 698 discipulos
3392 627 3542 682 facit.
3571 625 3720 692 Quod
3745 643 3833 682 au-

2261 731 2369 776 tem
2411 723 2719 794 martyrium
2763 722 2880 776 sine
2921 721 3141 775 caritate
3187 734 3292 774 non
3336 717 3509 773 solum
3556 716 3836 783 discipulos

2261 828 2367 867 non
2395 812 2573 876 faciat,
2602 811 2695 867 sed
2726 826 2825 870 nec
2851 811 3017 880 prosit
3045 810 3256 879 quidem
3287 808 3527 878 patienti,
3557 807 3677 860 audi
3704 807 3836 860 Pau-

2263 905 2370 958 lum
2397 905 2657 959 dicentem
2689 922 2704 959 :
2732 903 2792 958 Si
2828 904 3080 956 tradidero
3108 919 3293 971 corpus
3329 917 3496 954 meum
3515 942 3530 963 ,
3557 910 3611 952 ut
3637 898 3835 952 combu-

2263 1011 2350 1047 rar
2368 1034 2383 1059 ,
2413 995 2670 1048 caritatem
2708 1005 2874 1048 autem
2910 1010 3011 1048 non
3039 992 3256 1046 habuero
3275 1033 3290 1058 ,
3321 990 3453 1045 nihil
3492 991 3617 1043 mihi
3645 990 3839 1059 prodest

2266 1086 2340 1158 (l.
2369 1085 2487 1140 Cor.
2520 1088 2604 1141 ιδ.
2633 1087 2712 1158 5).

2334 1178 2387 1230 2.
2418 1178 2702 1245 Propterea
2731 1185 2970 1230 sanctum
2999 1175 3139 1230 hunc
3167 1175 3397 1229 maxime
3421 1181 3609 1242 diligo,
3633 1174 3718 1243 qui
3751 1187 3842 1226 nos

2266 1267 2424 1322 hodie
2447 1263 2828 1336 congregavit,
2853 1267 3062 1321 beatum
3099 1266 3313 1335 inquam
3347 1265 3649 1320 Romanum
3671 1303 3685 1328 ,
3713 1278 3843 1332 quo-

2266 1360 2408 1412 niam
2433 1373 2550 1412 cum
2582 1359 2836 1427 martyrio
2871 1370 3114 1425 magnam
3141 1371 3349 1426 quoque
3378 1355 3430 1410 in
3461 1353 3730 1409 Christum
3755 1367 3843 1407 ca-

2266 1451 2474 1517 rjtatem
2498 1447 2729 1503 ostendit
2752 1465 2768 1502 :
2790 1447 3132 1516 quamobrem
3159 1447 3205 1500 ei
3232 1461 3441 1516 quoque
3464 1454 3651 1499 sancta
3675 1444 3841 1514 lingua

2267 1538 2365 1593 fuit
2387 1546 2671 1608 amputata.
2701 1537 2910 1591 Etenim
2942 1537 3042 1591 hoc
3064 1552 3274 1606 quoque
3297 1538 3607 1592 examinare
3634 1551 3726 1605 par
3745 1544 3842 1605 est,

2269 1643 2494 1699 quanam
2525 1627 2592 1683 de
2618 1642 2774 1681 causa
2804 1642 2907 1681 non
2946 1626 3013 1680 ad
3050 1628 3150 1680 alia
3179 1627 3358 1694 utique
3389 1637 3656 1682 tormenta
3676 1668 3692 1694 ,
3718 1642 3841 1694 sup-

2270 1721 2424 1791 plicia
2453 1734 2507 1775 et
2534 1720 2796 1775 cruciatus
2825 1719 3064 1774 diabolus
3092 1735 3213 1774 eum
3251 1719 3567 1785 deduxerit,
3611 1720 3703 1774 sed
3744 1719 3844 1773 liu-

2268 1826 2421 1881 guam
2452 1811 2499 1865 ei
2527 1809 2829 1865 absciderit.
2859 1810 2975 1865 Non
3014 1811 3154 1864 enim
3198 1810 3301 1865 hoc
3340 1821 3542 1866 temere
3573 1811 3694 1865 fecit
3713 1851 3727 1874 ,
3757 1810 3845 1865 sed

2269 1902 2497 1956 maxima
2520 1915 2640 1956 cum
2667 1900 2865 1955 malitia
2896 1917 2910 1952 :
2941 1916 3061 1955 nam
3090 1901 3276 1955 callida
3299 1909 3353 1956 et
3374 1901 3612 1956 malefica
3634 1911 3716 1956 est
3737 1901 3848 1956 haec

2269 1991 2436 2047 beatia
2457 2033 2472 2058 ,
2499 1991 2737 2060 nihilque
2762 2006 2868 2044 non
2897 1989 3021 2045 facit
3045 2001 3098 2046 et
3124 2001 3303 2046 movet
3331 1992 3589 2047 adversus
3615 2001 3846 2046 nostram

2268 2082 2514 2136 salutem.
2551 2090 2667 2152 Age
2707 2095 2833 2150 ergo
2861 2082 3224 2136 examinemus
3244 2123 3258 2146 ,
3289 2097 3384 2136 cur
3414 2083 3482 2137 ad
3523 2083 3715 2152 linguae
3738 2082 3848 2147 ejus

2269 2172 2684 2245 amputationem
2727 2173 3023 2241 processit:
3055 2189 3236 2227 verum
3275 2175 3430 2242 paulo
3458 2175 3618 2229 altius
3655 2173 3848 2243 repeti-

2271 2271 2377 2318 tam
2405 2265 2702 2319 orationem
2734 2262 3069 2316 instituamus
3101 2282 3116 2323 :
3145 2265 3222 2319 sic
3247 2265 3388 2318 enim
3420 2266 3654 2320 sciemus
3678 2272 3730 2319 et
3761 2263 3846 2318 Dei

2268 2353 2687 2422 benignitatem,
2738 2362 2792 2407 et
2837 2355 3086 2423 martyris
3135 2356 3465 2409 tolerantiam
3493 2396 3507 2418 ,
3558 2363 3611 2410 et
3659 2354 3850 2411 diaboli

2269 2443 2647 2513 malignitatem
2675 2461 2689 2498 :
2723 2451 2778 2495 et
2807 2457 2928 2497 cum
2965 2444 3058 2499 Dei
3087 2445 3299 2513 quidem
3331 2445 3674 2500 didicerimus
3701 2445 3847 2500 beni-

2266 2534 2554 2603 gnitatem,
2586 2532 2817 2590 Domino
2850 2534 3047 2602 gratias
3087 2548 3340 2604 agemus;
3387 2536 3637 2608 martyris
3674 2546 3846 2591 autem

2268 2625 2474 2692 cognita
2521 2625 2771 2694 patientia
2821 2637 3132 2677 conservum
3183 2625 3542 2691 imitabimur;
3591 2627 3846 2682 intellecta

2266 2731 2396 2770 vero
2429 2715 2618 2771 diaboli
2666 2718 2862 2772 malitia
2903 2714 3124 2773 omnino
3159 2716 3521 2773 aversabimur
3554 2718 3844 2774 inimicum.

2268 2805 2554 2875 Propterea
2589 2809 2731 2863 enim
2773 2809 2914 2865 Deus
2953 2806 3072 2880 ejus
3111 2807 3562 2864 machinationum
3608 2810 3845 2865 notitiam

2267 2896 2412 2951 dedit
2440 2898 2611 2962 nobis,
2638 2909 2695 2953 ut
2716 2914 2838 2953 eum
2867 2901 3032 2971 magis
3058 2897 3184 2957 odio
3213 2899 3488 2966 habentes,
3517 2899 3726 2955 facilius
3761 2915 3848 2954 su-

2267 3002 2531 3056 peremus.
2581 2988 2732 3054 Quod
2775 2991 2916 3044 enim
2963 2992 3210 3062 cognosci
3251 2990 3458 3063 possint
3502 2991 3847 3058 cogitationes

2266 3080 2401 3147 ejus,
2424 3080 2545 3135 audi
2570 3081 2692 3150 quid
2717 3081 2860 3136 dicat
2885 3083 3080 3138 Paulus
3103 3084 3171 3140 de
3194 3100 3280 3153 eo,
3303 3085 3389 3156 qui
3418 3081 3713 3140 fornicatus
3736 3080 3846 3134 fue-

2267 3181 2349 3224 rat
2375 3187 2391 3224 3
2421 3173 2486 3225 ad
2516 3171 2822 3226 Corinthios
2849 3176 2988 3228 enim
3018 3176 3258 3230 scribens
3283 3179 3360 3231 sic
3394 3178 3466 3231 ait
3494 3193 3507 3230 :
3537 3173 3844 3245 Conﬁrmata

2265 3255 2317 3307 in
2345 3259 2510 3322 ipsum
2536 3257 2794 3309 caritatem
2812 3297 2826 3318 ,
2856 3265 2909 3310 ut
2943 3274 3042 3312 non
3069 3259 3516 3314 circumveniantur
3539 3278 3573 3314 a
3600 3262 3795 3316 Salano
3822 3274 3842 3314 :

2267 3363 2365 3402 non
2389 3348 2522 3400 enim
2556 3348 2881 3417 cogitationes
2910 3349 3017 3418 ejus
3053 3350 3343 3422 ignoramus
3373 3351 3456 3423 (2.
3485 3351 3606 3407 Cor.
3635 3352 3689 3406 2.
3719 3351 3770 3406 8.
3796 3360 3843 3412 ιε

2266 3437 2293 3490 ί
2308 3437 2375 3506 l).
2399 3436 2650 3504 Quaenam
2672 3449 2754 3492 est
2778 3453 2904 3509 ergo
2924 3454 3102 3506 causa,
3128 3452 3344 3510 propter
3361 3448 3518 3512 quam
3540 3443 3588 3497 ei
3613 3443 3839 3511 linguam

2263 3528 2589 3595 amputavit?
2622 3527 2908 3584 Concedite
2947 3541 3003 3584 ut
3043 3547 3155 3586 rem
3194 3533 3349 3601 paulo
3385 3533 3544 3587 altius
3584 3541 3838 3603 repetam.

2263 3616 2437 3673 Grave
2462 3619 2657 3673 bellum
2687 3619 2786 3674 fuit
2813 3620 3095 3690 aliquando
3132 3623 3386 3677 adversus
3415 3623 3680 3679 Ecclesiae
3705 3622 3844 3678 exci-

2263 3717 2466 3776 tatum,
2507 3726 2612 3766 non
2651 3710 2894 3766 barbaris
2935 3713 3192 3768 adversus
3237 3715 3478 3769 civitates
3515 3714 3842 3770 incursiones

2263 3798 2577 3856 facientibus
2598 3843 2612 3865 ,
2644 3816 2746 3858 ncc
2771 3803 2893 3857 ullis
2917 3803 3228 3874 alienigenis
3248 3846 3263 3868 ,
3291 3805 3386 3860 sed
3421 3807 3485 3860 iis
3503 3847 3517 3868 .
3544 3807 3636 3875 qui
3665 3813 3841 3859 nostro

2262 3889 2386 3946 huic
2413 3899 2677 3946 terrarum
2718 3894 2836 3948 orbi
2876 3909 3108 3964 praeesse
3145 3895 3488 3960 videbantur,
3522 3896 3838 3959 immanius,

2261 3999 2421 4054 quam
2453 3985 2658 4054 tyranni
2689 3986 2927 4056 quilibet,
2958 3986 3302 4041 tractantibus
3330 4002 3442 4049 eos,
3474 3988 3564 4058 qui
3609 3989 3838 4060 ipsorum

2263 4075 2487 4144 imperio
2509 4076 2780 4144 parebant.
2804 4076 2919 4131 Non
2945 4076 3085 4132 enim
3111 4078 3283 4132 solum
3311 4079 3548 4146 libertas,
3575 4091 3629 4135 et
3655 4079 3837 4150 patria,

2263 4176 2314 4221 et
2343 4168 2601 4236 pecunize,
2633 4176 2687 4222 et
2713 4183 2950 4239 praisens
2978 4170 3082 4224 vita
3115 4180 3238 4226 tunc
3266 4172 3318 4226 in
3348 4174 3639 4241 periculum
3666 4173 3840 4228 venie-

2262 4258 2385 4324 bat;
2418 4261 2510 4314 sed
2548 4275 2771 4329 regnum
2797 4262 3084 4328 etelorum,
3113 4273 3168 4317 et
3203 4262 3339 4317 bona
3374 4282 3492 4335 quae
3529 4266 3690 4335 justis
3724 4273 3840 4320 sunt

2261 4352 2491 4420 reposita
2511 4393 2525 4417 ,
2550 4352 2764 4422 vitaque
2791 4353 3105 4409 immortalis
3141 4365 3197 4411 et
3233 4357 3427 4412 Christi
3454 4361 3738 4415 confessio.
3767 4361 3840 4413 Ac

2262 4457 2432 4496 novus
2455 4459 2663 4514 quoque
2689 4446 3006 4514 captivitatis
3033 4447 3221 4502 modus
3244 4450 3573 4519 excogitatas
3594 4462 3678 4506 est
3702 4471 3714 4506 :
3738 4464 3839 4504 non

2261 4536 2403 4588 enim
2432 4550 2497 4590 ex
2523 4552 2604 4600 ea,
2635 4552 2752 4605 quae
2775 4536 2861 4592 hic
2885 4547 2986 4604 est,
3013 4538 3225 4594 civitate
3252 4541 3609 4608 expellebant,
3635 4543 3730 4598 sed
3755 4557 3839 4595 su-

2258 4643 2423 4700 perna
2453 4628 2766 4694 Jerusalem,
2791 4645 2908 4699 qua:
2933 4639 3014 4685 est
3040 4632 3229 4692 libera.
3259 4633 3465 4701 privare
3490 4635 3836 4700 conabantur,

2259 4729 2314 4772 et
2343 4726 2771 4791 unumquemque
2798 4721 2849 4774 in
2876 4720 3130 4776 altaribus
3158 4723 3389 4778 animam
3419 4726 3720 4782 sacrificare
3747 4740 3838 4781 co-

2258 4811 2473 4880 gebant,
2495 4826 2558 4866 ac
2581 4825 2734 4866 suum
2762 4812 3042 4868 Dominum
3066 4815 3330 4883 abjurare,
3354 4831 3518 4887 seque
3538 4817 3836 4873 daamonum

2259 4902 2522 4971 tyrannidi
2551 4902 2811 4971 subjicere
2829 4945 2844 4969 ,
2876 4913 2930 4959 ct
2969 4907 3297 4975 perniciosos
3326 4909 3617 4980 salutisque
3643 4919 3836 4966 nostra:

2259 4994 2440 5051 hostes
2467 4996 2739 5054 daemones
2768 4999 2945 5058 colere
2963 5042 2979 5065 ,
3011 5000 3150 5070 quod
3178 5000 3323 5056 mille
3349 5004 3608 5059 mortibus
3632 5013 3688 5059 et
3711 5017 3836 5075 qua-

2257 5087 2338 5142 vis
2361 5087 2602 5157 gebenna
2630 5090 2841 5160 gravius
2864 5101 2917 5145 et
2942 5090 3327 5147 intolerabilius
3347 5099 3624 5164 generosis
3646 5094 3836 5150 animis

2257 5190 2312 5235 et
2333 5180 2526 5236 Christi
2553 5183 2854 5237 amantibus
2880 5191 3014 5236 erat.
3044 5183 3192 5239 Tunc
3217 5185 3466 5240 nimirum
3492 5228 3507 5251 ,
3535 5203 3655 5241 cum
3684 5183 3830 5241 multi

2257 5273 2752 5343 submergerentur,
2784 5282 2839 5329 et
2874 5273 3064 5329 ﬂuctus
3103 5275 3154 5329 in
3190 5277 3356 5331 altum
3393 5279 3734 5346 tollerentur,
3774 5292 3830 5332 ac

2256 5365 2469 5434 plurimi
2499 5366 2829 5437 naufragium
2861 5366 3124 5432 facerent,
3160 5369 3346 5423 beatus
3371 5369 3457 5424 hic
3481 5369 3751 5426 Romanus
3781 5369 3829 5423 in

2254 5457 2485 5511 medium
2517 5473 2700 5513 eorum
2735 5457 3054 5526 procedens,
3096 5473 3202 5513 non
3243 5460 3417 5513 statim
3446 5461 3830 5525 consideravit,

2252 5565 2360 5620 quo
2397 5565 2455 5604 se
2497 5551 2655 5604 modo
2695 5549 2944 5619 periculis
2984 5551 3248 5614 traderet;
3283 5551 3376 5606 sed
3413 5567 3506 5608 eos
3534 5555 3716 5622 prius,
3748 5549 3829 5622 qui

2252 5651 2397 5695 metu
2425 5641 2651 5709 perculsi
2679 5641 3016 5706 ceciderant,
3043 5643 3129 5712 qui
3161 5643 3382 5698 salutem
3414 5659 3565 5699 suam
3595 5644 3828 5714 prodide-

2251 5740 2392 5799 rant,
2417 5731 2648 5801 collegit,
2680 5733 2953 5796 animavit,
2981 5744 3038 5787 ιιι
3063 5735 3303 5804 praelium
3331 5735 3688 5792 instaurarcnt
3712 5737 3830 5793 etle-

2258 5826 2346 5892 cit,
2376 5837 2470 5879 eos
2497 5824 2729 5894 quidem,
2760 5826 2849 5895 qui
2880 5825 3014 5894 lapsi
3053 5836 3225 5895 erant,
3256 5827 3467 5899 erigens
3522 5843 3616 5884 eos
3642 5839 3828 5891 autem,
