4082 6416
199 327 304 383 607

197 438 422 505 Ἐνδοξα
446 437 517 493 τά
547 437 704 510 μέλη,
730 436 843 492 ἀλλ’
883 440 917 509 ἡ
950 438 1194 510 ὑπεροχὴ
1224 439 1322 508 τῆς
1353 438 1512 507 δόξης
1541 439 1600 491 οὐ
1631 439 1775 491 ποιεῖ

194 526 290 595 τῆς
338 521 449 595 πρὸ
492 522 563 575 τά
610 521 773 576 λοιπά
812 522 955 594 μέρη
980 534 1007 562 ι
1052 522 1349 591 συναφείας
1383 522 1773 592 ἀλλοτρίωσιν·

1261 317 1330 372 1N
1367 318 1429 373 S.
1472 315 1815 372 ROMANUM
1856 315 2264 374 MARTYBEM.
2309 318 2346 373 1.

3366 328 3472 382 608

1893 436 2017 490 Ὅτι
2049 436 2105 491 δὲ
2140 437 2443 509 μαρτύριον
2482 440 2651 509 χωρὶς
2680 438 2902 510 ἀγάπης
2936 439 2997 492 οὐ
3026 439 3188 510 μόνον
3225 440 3474 511 μαθητὰς

1881 521 1942 573 οὐ
1970 524 2133 586 ποιεῖ,
2155 520 2271 573 ἀλλ’
2295 520 2416 573 οὐδὲ
2442 520 2644 587 ὠφελεῖ
2668 539 2719 573 τι
2739 521 2829 573 τὸν
2852 523 3214 592 ὑπομένοντα,
3242 524 3476 578 ἄκουσον

185 608 358 679 ταύτῃ
393 607 504 676 7&9
534 605 771 677 μάλιστα
810 605 996 672 ἔνδοξα
1034 606 1245 674 γίνεται
1267 645 1283 669 ,
1330 607 1459 659 ὅταν
1485 606 1586 676 τὴν
1641 604 1779 675 πρὸς
1880 602 2099 657 Παύλου
2133 602 2385 671 λέγοντος
2408 618 2422 631 ·
2461 602 2598 656 Ἐὰν
2624 603 2871 672 παραδῶ
2907 605 2972 657 τὸ
3006 604 3179 674 σῶμά
3206 623 3348 674 μου,
3374 607 3477 659 ἵνα

187 694 333 763 ἡμᾶς
372 690 670 759 συνάφειαν
709 689 786 761 μὴ
806 688 1230 762 διακρούσηται·
1268 689 1388 741 ἐπεὶ.
1430 688 1526 741 καὶ⁵
1558 688 1764 758 όφθαλυ

187 776 307 847 μδς,
340 774 440 827 τοῦ
491 773 681 829 λοιποῦ
718 774 922 837 παντὸς
952 773 1207 844 σώματος
1248 772 1632 844 λαμπρότερος
1675 772 1772 837 ὢν,

184 859 305 912 τότε
339 858 442 931 τὴν
471 859 679 913 οίκείαν
708 859 958 929 διατηρεῖ
984 858 1161 924 δόξαν,
1186 859 1315 911 ὅταν
1347 856 1421 927 μὴ
1446 855 1541 909 τοῦ
1584 855 1774 909 λοιποῦ

168 941 440 1021 ⁸σώματος
477 939 863 1011 ἀποσχίζηται.
902 940 1013 994 Καὶ
1040 941 1093 993 τί
1120 940 1264 1008 λέγω
1288 940 1416 1011 περὶ
1443 939 1772 1011 μαρτύρων;

165 1028 241 1093 ει
272 1026 388 1097 7&9
411 1028 441 1079 ὁ
490 1024 765 1095 Δεσπότης
809 1024 991 1078 αὐτῶν
1019 1025 1120 1077 οὐκ
1158 1024 1473 1096 ἐπῃσχύνθη
1519 1025 1773 1093 γενέσθαι

180 1110 340 1183 ἡμῶν
382 1109 618 1178 κεφαλὴ,
652 1107 834 1178 πολλῷ
864 1108 1065 1179 μᾶλλον
1093 1109 1247 1161 αὐτοὶ
1276 1108 1414 1179 μέλη
1443 1109 1603 1178 ἡμῶν
1634 1103 1773 1161 εῖναι

172 1193 273 1247 οὐκ
296 1189 744 1262 ’ἐπαισχύνονται
769 1208 783 1222 ·
816 1192 1039 1262 ἀγάπην
1073 1191 1182 1262 γὰρ
1210 1190 1426 1261 ἔχουσιν
1471 1192 1775 1263 ἐρριζωμέ-

170 1295 293 1348 νην,
330 1280 365 1349 ἡ
399 1276 457 1329 δέ
487 1276 679 1345 ἀγάπη
720 1275 790 1328 τὰ
831 1275 1157 1345 διεστηκότα
1211 1274 1505 1327 συνάπτειν
1530 1275 1625 1328 καὶ
1655 1292 1776 1328 συν-

166 1361 284 1414 δεῖν
316 1358 507 1421 εἴωθε,
540 1359 637 1412 καὶ
678 1358 807 1428 περί
840 1357 940 1427 τῆς
973 1356 1131 1423 ἀξίας
1163 1356 1263 1409 οὐκ
1304 1355 1768 1426 ἀκριϐολογεῖται.

169 1443 393 1513 Ὠσπερ
423 1437 518 1496 οὖν
547 1442 701 1493 αὐτοὶ
728 1438 1089 1507 συναλγοῦσιν
1109 1438 1266 1510 ἡμῶν
1288 1442 1402 1503 τοῖς
1434 1440 1655 1510 ἀμαρτή
1666 1457 1772 1508 μα-

172 1542 281 1590 σιν,
309 1523 492 1586 οῦτως
520 1523 684 1593 ἡμεῖς
728 1522 1100 1593 συγχαίρομεν
1136 1522 1317 1575 αὐτῶν
1360 1525 1470 1584 τοῖς
1504 1522 1774 1592 κατορθώ·

172 1624 361 1677 μασιν.
422 1605 583 1659 Οῦτω
632 1603 729 1658 κᾶὶ
779 1604 993 1668 Παῦλος
1042 1605 1297 1658 ἐκέλευσε
1344 1608 1519 1658 ποιεῖν
1560 1605 1767 1673 λέγων,

168 1690 403 1761 Χαίρειν
428 1689 571 1760 μετά
597 1688 919 1759 χαιρόντων,
938 1687 1264 1742 καὶεκλαίειν
1289 1688 1429 1759 μετά
1449 1688 1765 1743 κλαιόντων.

180 1772 344 1826 Ἀλλά
372 1772 437 1825 τὸ
467 1772 567 1842 μὲν
594 1771 804 1825 κλαίειν
842 1771 982 1842 μετὰ
1008 1770 1307 1826 κλαιόντων
1332 1769 1577 1837 εὔκολον,
1612 1772 1673 1825 τὸ
1711 1771 1770 1824 δὲ

166 1857 386 1929 χαίρειν
421 1855 564 1927 μετά
591 1855 895 1926 χαιρόντων
922 1855 982 1907 οὐ
1018 1854 1225 1926 σφόδρα
1255 1855 1437 1926 ῥᾴδιον
1456 1872 1469 1886 ·
1504 1857 1633 1927 ῥᾷον
1659 1856 1768 1928 7&9

167 1944 280 2005 τοῖς
316 1942 379 1993 ἐν
410 1941 729 2011 συμφοραῖς
756 1934 874 1992 οὖσι
909 1938 1304 2011 συναλγοῦμεν,
1337 1940 1371 2011 ἢ
1410 1942 1523 2003 τοῖς
1562 1940 1769 1994 εὐδοκι-

168 2024 333 2095 μοῦσι
367 2021 733 2094 συνηδόμεθα.
776 2021 926 2075 Ἐκεῖ
953 2022 1054 2092 μὲν
1082 2023 1191 2094 γὰρ
1215 2021 1355 2093 αὐτὴ
1382 2023 1482 2094 τῆς
1510 2021 1539 2061 δ
1568 2041 1769 2095 συμφο-

168 2110 269 2180 ρᾶς
316 2109 352 2179 ἡ
396 2106 564 2177 φύσις
604 2107 698 2159 καὶ
721 2105 814 2158 τὸν
846 2105 996 2159 λίθον
1048 2106 1209 2177 ἱκανὴ
1247 2105 1387 2177 πρὸς
1421 2107 1767 2177 συμπάθειαν

164 2190 488 2261 ἐπικάμψαι
508 2206 524 2220 ·
560 2186 793 2245 ἐνταῦθα
824 2188 881 2241 δὲ
917 2189 1011 2240 ἐπὶ
1044 2188 1146 2258 τῆς
1178 2188 1486 2260 εὐπραγίας
1509 2192 1537 2243 ό
1574 2189 1768 2258 φθόνος

164 2276 259 2329 καὶ
325 2277 361 2341 ἡ
412 2270 685 2345 βασκανία
760 2272 852 2324 τὸν
918 2271 994 2343 μὴ
1074 2272 1281 2343 σφόδρα
1354 2271 1503 2344 [διε]
1554 2274 1768 2341 φιλοσο-

165 2358 376 2426 φοῦντα
423 2359 525 2411 οὐκ
568 2356 761 2426 ἀφίησι
793 2356 1050 2424 γενέσθαι
1099 2355 1354 2409 κοινωνὸν
1395 2357 1495 2427 τῆς
1548 2358 1763 2427 ἡδονῆς.

164 2442 389 2513 Ὠσπερ
418 2442 528 2513 γάρ
560 2442 597 2512 ἡ
616 2440 805 2510 ἀγάπη
827 2439 897 2492 τὰ
923 2438 1234 2512 διῃρημένα
1261 2441 1486 2508 συνάγει
1513 2441 1609 2495 καὶ
1637 2458 1765 2497 συν-

161 2524 262 2588 δεῖ,
291 2523 476 2587 οὕτως
503 2529 536 2593 ἡ
569 2522 841 2591 βασκανία
870 2522 940 2575 τὰ
965 2522 1223 2592 ἡνωμένα
1244 2522 1570 2593 διαιρεῖ.Διὺ
1590 2542 1768 2595 παρα-

162 2608 334 2671 καλῶ,
370 2607 758 2678 μελετήσωμεν
788 2607 1105 2677 συγχαίρειν
1126 2608 1238 2669 τοῖς
1264 2608 1661 2678 εὐδοκιμοῦσιν,
1679 2612 1767 2665 ἵνα.

162 2690 258 2742 καὶ
292 2687 498 2757 φθόνου
526 2686 620 2740 καὶ
656 2685 960 2756 βασκανίας
987 2685 1085 2756 τὴν
1120 2686 1297 2758 ψυχὴν
1328 2688 1760 2760 ἐκκαθάρωμεν·

160 2772 314 2826 οὐδὲν
333 2770 448 2841 γὰρ
467 2768 641 2834 οὕτως
663 2769 962 2824 ἀπελαύνει
988 2768 1049 2821 τὸ
1076 2769 1292 2839 νόσημα
1324 2768 1483 2823 τοῦτο
1514 2771 1575 2823 τὸ
1604 2772 1765 2842 χαλε-

160 2854 263 2907 πὸν
307 2852 412 2907 καὶ
444 2851 730 2916 δυσίατον,
772 2852 848 2915 ὼς
886 2852 949 2904 τὸ
983 2851 1308 2923 συνήδεσθαι
1349 2854 1462 2916 τοῖς
1495 2854 1553 2905 ἐν
1593 2855 1761 2927 ἀρετῇ

162 2935 402 3008 βιοῦσιν.
434 2936 703 2989 Ἀκουσον
731 2934 864 3005 γοῦν
902 2935 1021 2999 πῶς
1052 2937 1082 2988 ό
1129 2935 1342 2999 Παῦλος
1374 2937 1433 2988 ἐν
1482 2938 1763 3010 ἑκατέροις

160 3019 381 3084 τούτοις
407 3019 557 3072 ἐστὶν
589 3019 759 3090 ἄκρος
784 3036 797 3050 ·
832 3020 949 3085 Τίς,
992 3018 1181 3087 φησὶν,
1210 3018 1476 3084 ἀσθενεῖ,
1516 3020 1617 3074 καὶ
1652 3024 1765 3076 οὐκ

158 3100 441 3166 ἀσθενῶ;
470 3102 563 3167 τίς
596 3100 1079 3164 σκανδαλίζεται,
1118 3100 1221 3154 καὶ
1243 3103 1356 3154 οὐκ
1385 3100 1502 3170 ἐγὼ
1540 3103 1765 3171 πυροῦ-

159 3202 301 3255 “at;
345 3186 469 3239 Οὐκ
504 3180 649 3249 εἶπε,
695 3185 790 3238 καὶ
824 3184 926 3238 οὐκ
968 3181 1095 3253 ἐγὼ
1124 3184 1425 3255 λυποῦμαι,
1465 3184 1604 3252 ἀλλ’,
1648 3190 1762 3241 οὐκ

158 3269 274 3338 ἐγὼ
302 3267 635 3337 πυροῦμαι,
672 3270 738 3339 τῇ
773 3265 1141 3338 προσηγορία,
1179 3267 1279 3336 τῆς
1322 3268 1627 3338 πυρώσεως
1663 3271 1764 3342 τὴν

159 3355 423 3406 ἐπίτασιν
454 3351 555 3422 τῆς
589 3350 785 3422 ὀδύνης
832 3351 967 3421 ἡμῖν
1016 3350 1371 3421 παραστῆσαι
1415 3351 1760 3424 βουλόμενος,

161 3439 272 3491 Καὶ
304 3434 472 3490 πάλιν
501 3435 710 3506 ἑτέροις
739 3434 989 3505 γράφων,
1029 3432 1221 3502 Χωρίς
1247 3433 1421 3502 ἡμῶν
1449 3435 1765 3492 ἐϐασιλεύ-

160 3536 330 3586 ours,
377 3518 573 3589 φησίν·
628 3517 729 3570 καὶ
785 3515 1012 3585 ὄφελόν
1053 3532 1121 3585 γε
1150 3514 1589 3573 ἐϐασιλεύσατε
1610 3562 1623 3582 ,
1664 3522 1764 3576 ἵνα

160 3603 258 3656 καὶ
304 3601 486 3671 ἡμεῖς
527 3599 672 3669 ὑμῖν
722 3599 1347 3668 συμϐασιλεύσωμεν·
1406 3601 1500 3653 καὶ
1560 3603 1722 3658 πάλιν
1746 3620 1760 3635 ·

161 3686 289 3741 Νῦν
318 3682 531 3755 ζῶμεν,
574 3684 691 3738 ἐὰν
735 3682 905 3753 ὑμεῖς
942 3680 1214 3749 στήκητε
1254 3682 1325 3735 ἐν
1368 3687 1581 3752 Κυρίῳ.
1622 3689 1763 3758 Ὅρα

161 3769 279 3835 πῶς
309 3768 789 3838 περισπούδαστος
816 3762 886 3837 ἦν
927 3765 1077 3837 αὐτῷ
1120 3764 1230 3818 τῶν
1262 3765 1508 3837 ἀδελφῶν
1549 3773 1583 3841 ἡ
1615 3772 1765 3824 εὐδο-

160 3854 414 3926 κίμησις,
461 3851 520 3915 ὃς
553 3848 682 3907 οὐτε
724 3848 825 3921 ζῇν
858 3848 1112 3919 ἐνόμιζεν
1139 3889 1155 3917 ,
1197 3848 1423 3904 ἐκείνων
1473 3852 1548 3924 μὴ
1593 3854 1763 3918 σωζο-

163 3937 368 4009 μένων.

230 4073 559 4159 Ἀνθρωπος
592 4086 674 4148 είς
712 4083 897 4156 τρίτον
952 4083 1225 4156 ἀρπαγεις
1265 4084 1518 4155 οὐρανὸν,
1555 4087 1650 4140 καὶ
1684 4088 1763 4149 είς

162 4172 495 4245 παράδεισον
534 4169 891 4240 ἀπενεχθεὶς,
934 4167 1029 4221 καὶ
1071 4167 1387 4239 μυστηρίων
1426 4172 1762 4241 κοινωνήσας

161 4255 516 4327 ἀπορρήτων,
555 4253 648 4306 καὶ
673 4250 945 4320 τοσαύτης
978 4250 1116 4320 πρὸς
1149 4249 1241 4302 τὸν
1276 4250 1410 4304 Θεὸν
1445 4252 1763 4317 ἀπολαύσας

162 4337 509 4412 παρρησίας,
552 4337 614 4389 οὐ
665 4335 874 4403 σφόδρα
911 4332 1166 4402 αἴσθησιν
1217 4332 1444 4387 ἐκείνων
1487 4335 1761 4406 ἐλάμϐανε

159 4424 269 4477 τῶν
299 4421 550 4491 ἀγαθῶν,
580 4422 628 4473 εἰ
656 4420 733 4491 μὴ
768 4418 1016 4480 καὶτοὺς
1048 4416 1313 4485 ἀδελφοὺς
1346 4414 1454 4470 εἶδε
1487 4421 1585 4472 σὺν
1612 4420 1761 4493 αὐτῷ

159 4505 616 4575 διασωζομένους.
664 4497 789 4555 υἷδε
845 4500 975 4570 γὰρ,
1022 4496 1133 4553 οἶδε
1178 4500 1386 4571 σαφῶς,
1418 4502 1501 4555 ὅτι
1538 4504 1760 4575 ἀγάπης

160 4594 311 4647 οὐδὲν
334 4590 463 4646 οὔτε
500 4590 683 4661 μεῖζον
706 4588 829 4641 οὒτε
871 4589 987 4641 ῐσον
1020 4586 1190 4649 ἐστὶν,
1220 4586 1341 4640 οὐδὲ
1377 4587 1509 4641 αὐτὸ
1532 4588 1594 4641 τὸ
1619 4606 1760 4659 μαρ-

159 4678 368 4748 τύριον,
405 4676 435 4729 δ
482 4675 703 4728 πάντων
734 4673 852 4725 ἐστὶ.
898 4670 1195 4739 κεφάλαιον
1227 4670 1337 4723 τῶν
1367 4672 1587 4740 ἀγαθῶν
1609 4689 1623 4704 ·
1664 4675 1761 4727 καὶ

162 4762 296 4826 πῶς,
324 4763 583 4815 ἄκουσον.
624 4757 836 4826 Ἀγάπη
854 4754 972 4825 -μέν
1006 4754 1116 4823 γὰρ
1137 4755 1231 4807 καὶ
1260 4755 1431 4825 χωρὶς
1456 4759 1759 4827 μαρτυρίου
1784 4778 1789 4789 λ

163 4846 303 4898 ποιεῖ
330 4841 587 4914 μαθητὰς
607 4839 701 4893 τοῦ
726 4837 985 4910 Χριστοῦ,
1014 4836 1312 4908 μαρτύριον
1336 4835 1395 4890 δὲ
1426 4838 1593 4909 χωρὶς
1618 4841 1759 4909 ἀγά..

163 4943 267 4997 πης
302 4928 407 4981 οὐκ
446 4926 515 4978 ἂν
550 4924 790 4993 ίσχύσειε
823 4921 983 4975 τοῦτο
1011 4921 1370 4992 ἐργάσασθαι.
1401 4922 1571 4977 Πόθεν
1604 4924 1762 4979 τοῦτο

161 5009 319 5080 δῆλον
340 5051 355 5076 ,
400 5007 522 5061 Ἀπ’
557 5006 738 5060 αὐτῶν
766 5004 875 5057 τῶν
898 5002 993 5056 τοῦ
1025 5002 1266 5073 Χριστοῦ
1302 5005 1593 5076 ῥημάτων·
1624 5009 1761 5079 πρὸς

162 5092 265 5164 γὰρ
318 5092 445 5155 τοὺς
488 5087 737 5161 μαθητὰς
787 5087 1005 5154 ἔλεγεν·
1044 5088 1147 5140 Ἐν
1187 5088 1379 5152 τούτῳ
1426 5088 1761 5157 γνώσονται

162 5174 269 5227 πάι
282 5192 402 5242 τες,
430 5175 520 5228 ὅτι
543 5171 808 5242 μαθηταί
825 5171 943 5239 μού
963 5171 1125 5233 ἐστε,
1147 5169 1257 5222 ἐὰν
1285 5170 1555 5239 ἀγαπᾶτε
1576 5175 1760 5241 ἀλλή-

162 5262 329 5324 λους.
368 5257 501 5310 Ἰδοὺ
538 5258 727 5326 ἀγάπη
758 5259 929 5325 χωρὶς
964 5253 1268 5324 μαρτυρίου
1309 5255 1555 5326 μαθητὰς
1590 5263 1757 5313 ποιεῖ.

225 5444 408 5519 ιυριιε
442 5445 784 5519 Reg;ms.‘1:&
826 5444 971 5519 λοιπά
1015 5442 1152 5519 μέλη.
1196 5441 1309 5519 ..ιιοξ
1344 5442 1587 5519 5ρι·ἱ1.“οι
1627 5462 1757 5519 ungs

166 5518 275 5555 mss.
317 5508 459 5570 l1eg._
483 5503 634 5570 τᾶύτῃ
672 5506 762 5568 γὰρ
802 5506 1025 5569 μάλιστα,
1054 5503 1468 5570 Μυνθικιιι-ειιίιυξ
1496 5506 1613 5564 [ιω.
1638 5510 1757 5557 ταῦ-

166 5564 813 5632 m_769.'310rel.'piau'lo'
852 5575 962 5628 post
1015 5573 1131 5614 ante
1177 5564 1263 5611 τοῦ
1304 5565 1472 5614 λοιποῦ
1516 5570 1668 5619 habet
1714 5574 1754 5620 εἰ

166 5630 955 5707 ιιιιιί,.(μιο‹1(ξιεξιξιιιἱρριοιειήει.υ
1026 5691 1047 5707 λ
1133 5687 1156 5698 τ
1234 5688 1282 5707 ,9
1429 5688 1452 5698 _
1552 5678 1553 5681 η

222 5691 251 5730 ι»
274 5687 408 5740 Unus
447 5692 567 5753 Reg.
606 5692 713 5739 οὖσι
737 5690 999 5749 συναλγεῖν,
1023 5691 1052 5744 ἢ
1082 5687 1180 5743 τοῖς
1203 5688 1509 5753 εὐδοκιμοῦσι
1551 5695 1753 5752 συνήδε-

167 5751 278 5811 σθαι,
302 5754 344 5801 τί
373 5751 580 5813 ﬂium—eg
607 5755 678 5800 ὃτι
702 5754 798 5802 ἐκεῖ
819 5754 902 5813 μὲν
936 5754 1055 5805 αὕτη
1076 5755 1176 5808 τῆς.

471 5863 741 5907 Ι·Αἰ·ιιι›ι.
792 5850 908 5906 (in.
962 5847 1025 5906 L.

1878 695 2310 765 καυθήσωμαι,
2362 694 2606 765 ἀγάπην
2655 694 2724 748 δὲ
2771 696 2857 765 μὴ
2913 696 3053 766 ἔχω,
3096 697 3280 753 οὐδὲν
3322 697 3472 769 ὠφε-

1874 778 2118 847 λοῦμαι.

1952 861 2017 932 β’.
2041 861 2143 915 Διά
2160 860 2319 914 τοῦτο
2343 861 2578 931 μάλιστα
2603 861 2694 913 τὸν
2720 860 2876 929 ἅγιον
2893 860 3084 914 τοῦτον
3111 862 3250 931 φιλῶ
3266 863 3357 916 τὸν
3375 866 3475 934 σή-

1880 962 2048 1015 μερον
2068 949 2216 1017 ἡμᾶς
2230 946 2640 1015 συναγαγόντα,
2658 946 2749 998 τὸν
2775 946 3045 1016 μακάριον
3071 946 3371 1017 Ῥωμανὸν,
3391 948 3471 1001 ὃτι

1878 1029 2019 1099 μετά
2055 1028 2149 1082 τοῦ
2180 1029 2484 1100 μαρτυρίου
2511 1029 2714 1098 πολλὴν
2741 1029 2838 1100 τὴν
2870 1030 3093 1098 ἀγάπην
3128 1030 3466 1095 ἐπεδείξατο,

1874 1112 1955 1165 διὸ
1982 1115 2075 1166 καὶ
2102 1114 2202 1183 τὴν
2236 1112 2485 1181 γλῶτταν
2520 1114 2846 1180 ἐξεκόπτετο
2872 1114 2969 1184 τὴν
3002 1115 3189 1187 ἁγίαν.
3226 1116 3336 1169 Καὶ
3362 1118 3473 1188 γὰρ

1876 1197 2144 1252 καὶτοῦτο
2176 1196 2325 1262 ἄξιον
2355 1198 2698 1263 ἐξετάσαι,τί
2724 1198 2928 1268 δήποτε
2963 1199 3064 1251 οὐκ
3091 1200 3184 1252 ἐπὶ
3204 1200 3472 1269 βασάνους

1876 1286 1970 1337 καὶ
1991 1284 2241 1347 κολάσεις
2280 1285 2372 1336 καὶ
2410 1284 2681 1353 τιμωρίας
2708 1285 2817 1354 ἦγα
2833 1301 2919 1352 {sv
2953 1284 3115 1337 αὐτὸν
3156 1286 3469 1352 όδιάΰολος,

1874 1367 2013 1420 ἀλλά
2068 1368 2167 1439 τὴν
2214 1367 2463 1432 γλῶτταν
2524 1369 2826 1437 ἀπέτεμεν·
2866 1368 2928 1419 οὐ
2986 1366 3097 1438 γάρ
3138 1369 3263 1438 είκῆ
3316 1369 3471 1422 τοῦτο

1874 1452 2152 1523 ἐποίησεν,
2179 1450 2315 1504 ἀλλά
2347 1451 2483 1521 μετὰ
2534 1450 2739 1528 πολλῆς
2782 1452 2882 1521 τῆς
2912 1452 3201 1522 πονηρίας·
3236 1454 3328 1505 καὶ
3362 1453 3471 1525 γὰρ

1874 1536 2184 1607 κακουργόν
2209 1539 2326 1588 ἐστι
2348 1535 2409 1588 τὸ
2443 1535 2658 1606 θηρίον,
2698 1536 2791 1589 καὶ
2820 1537 3003 1590 πάντα
3030 1538 3171 1589 κατὰ
3199 1538 3297 1605 τῆς
3334 1540 3472 1607 ἡμε-

1871 1619 2039 1691 τέρας
2085 1620 2364 1691 σωτηρίας
2394 1622 2851 1691 πραγματεύεται
2883 1622 2979 1673 καὶ
3016 1625 3176 1674 κινεῖ.
3207 1621 3344 1692 Φέρε
3379 1620 3472 1675 οὗν

1874 1703 2253 1773 ἐξετάσωμεν,
2306 1702 2359 1755 τί
2394 1703 2595 1774 δήποτε
2634 1703 2726 1756 ἐπὶ
2763 1704 2864 1774 τὴν
2895 1704 3137 1775 ἐκκοπὴν
3160 1706 3259 1776 τῆς
3298 1705 3472 1773 γλώτ-

1872 1786 2281 1858 τηςνὲχώρησε,
2318 1786 2519 1858 μικρὸν
2548 1786 2680 1853 γοῦν
2710 1787 2972 1856 ἀνωτέρω
3012 1788 3103 1841 τὸν
3137 1787 3296 1857 λόγον
3332 1791 3472 1858 ἀγα-

1871 1872 2082 1939 γόντες·
2107 1871 2250 1924 οὕτω
2278 1870 2389 1941 γὰρ
2420 1869 2684 1941 είσόμεθα
2714 1870 2808 1922 καί
2844 1871 2944 1940 τὴν
2976 1873 3072 1924 τοῦ
3108 1872 3241 1925 Θεοῦ
3277 1872 3432 1941 φιλα.

1872 1955 2142 2025 θρωπίαν,
2177 1952 2273 2009 καὶ
2297 1953 2396 2024 τὴν
2428 1952 2522 2007 τοῦ
2571 1954 2849 2026 μάρτυρος
2894 1955 3193 2026 ὑπομονὴν,
3230 1957 3323 2010 καὶ
3369 1957 3470 2029 τὴν

1868 2039 1964 2091 τοῦ
1999 2037 2249 2092 διαϐόλου
2271 2037 2632 2108 κακουργίαν·
2665 2038 2759 2090 καὶ
2781 2036 2881 2107 τὴν
2907 2039 3005 2108 μὲν
3040 2038 3135 2091 τοῦ
3172 2039 3309 2092 Θεοῦ
3346 2039 3472 2108 φιλο

1870 2121 2197 2193 ανθρωπίαν
2241 2121 2507 2192 μαθόντες
2575 2122 3047 2191 εὐχαριστήσομεν
3080 2121 3159 2191 τῷ
3198 2124 3468 2193 Δεσπότῃ,

1871 2206 1971 2277 τὴν
2004 2206 2060 2259 δὲ
2092 2205 2187 2259 τοῦ
2232 2207 2510 2276 μάρτυρος
2550 2205 2828 2275 ὑπομονὴν
2864 2206 3084 2272 γνόντες
3116 2207 3471 2278 μιμησόμεθα

1867 2291 1961 2344 τὸν
1989 2290 2293 2354 σύνδουλόν,
2328 2290 2427 2361 τὴν
2457 2291 2512 2343 δὲ
2536 2290 2631 2343 τοῦ
2655 2289 2901 2343 διαϐόλου
2931 2291 3272 2361 κακουργίαν
3297 2308 3469 2344 κατα-

1872 2373 2159 2445 μαθόντες,
2212 2372 2759 2444 ἀποστραφησόμεθα
2823 2373 2915 2427 τὸν
2955 2373 3170 2444 ἐχθρόν.
3210 2362 3322 2427 ¹Διὲι
3358 2376 3469 2446 γάρ

1864 2457 2025 2511 τοῦτο
2045 2462 2180 2528 ἡμῖν
2216 2458 2418 2511 ἔδωκεν
2446 2460 2473 2510 ὁ
2503 2458 2638 2520 Θεὸς
2663 2456 3049 2510 εἰδέναιαύτοῦ
3068 2458 3166 2520 τάς
3196 2460 3467 2529 μηχανὰς,

1866 2542 1954 2595 ἴνα
1990 2542 2254 2612 μειζόνως
2308 2539 2473 2593 αὐτὸν
2506 2542 2848 2611 μισήσαντες
2897 2539 3047 2612 [615]
3098 2540 3470 2613 εὐκολώτερον

1864 2626 2030 2681 αὐτοῦ
2058 2625 2499 2697 περιγενώμεθα.
2534 2626 2659 2678 Ὅτι
2688 2625 2797 2697 γὰρ
2824 2625 3045 2678 δυνατὸν
3077 2625 3274 2680 εἰδέναι
3302 2627 3468 2680 αὐτοῦ

1865 2709 1936 2763 τὰ
1956 2710 2227 2782 νοήματα,
2272 2710 2503 2762 ἄκουσον
2531 2710 2583 2762 τί
2618 2726 2783 2780 φησιν
2803 2712 2830 2762 ό
2860 2707 3071 2773 Παῦλος
3095 2709 3224 2782 περὶ
3251 2710 3345 2764 τοῦ
3374 2727 3470 2766 πε-

1866 2793 2251 2867 πορνευκότος·
2296 2793 2610 2865 Κορινθίοις
2659 2794 2770 2865 γάρ
2801 2795 3140 2851 ἐπιστέλλων
3178 2797 3322 2849 οὕτω
3350 2797 3468 2862 πώς

1865 2896 2017 2950 φησι·
2043 2878 2367 2946 Κυρώσατε
2398 2880 2481 2943 εἰς
2508 2876 2696 2930 αὐτὸν
2716 2877 2980 2947 ἀγάπην,
3014 2879 3212 2949 ἵναμὴ
3246 2883 3468 2935 πλεον-

1862 2961 2204 3030 εκτηθῶμεν
2228 2960 2346 3015 ὑπὸ
2370 2960 2477 3014 τοῦ
2503 2958 2760 3015 Σατανᾶ·
2780 2962 2979 3029 οὐγὰρ
3003 2962 3189 3017 αὑτοῦ
3223 2962 3295 3017 τὰ
3319 2964 3465 3032 νοή-

1859 3062 2020 3115 ματα
2052 3045 2409 3114 ἀγνοοῦμεν.
2442 3044 2540 3107 Τίς
2573 3041 2666 3098 οῦν
2702 3045 2734 3113 ἡ
2764 3045 2936 3107 αἰτία,
2967 3044 3033 3097 δι’
3064 3048 3131 3115 ἢν
3163 3047 3263 3117 τὴν
3286 3047 3465 3115 γλῶτ-

1862 3148 1961 3183 ταν
1987 3128 2248 3198 ἐξέκοψε;
2281 3128 2493 3198 Μικρὸν
2533 3127 2743 3182 ἄνωθεν
2774 3127 3083 3198 ἀνάσχεσθέ
3109 3144 3211 3197 μου
3243 3129 3464 3200 διηγου⁴

1867 3213 2049 3283 μένου.
2075 3213 2321 3282 Πόλεμος
2355 3210 2720 3284 ἀνερῤιπίσθη
2748 3212 2878 3263 ποτὲ
2916 3211 3058 3264 κατὰ
3090 3211 3198 3265 τῶν
3234 3214 3465 3285 Ἐκκλη-

1865 3294 1998 3350 σιῶν
2050 3296 2311 3366 χαλεπὸς,
2363 3294 2487 3363 οὐχῖ
2542 3292 2836 3364 βαρϐάρων
2893 3294 3312 3365 ἐπιδραμόντων
3366 3298 3466 3363 τάς

1864 3381 2071 3445 πόλεις,
2103 3380 2225 3435 οὐδὲ
2252 3377 2559 3446 ἀλλογενῶν
2574 3395 2759 3442 τινων,
2783 3377 2900 3431 ἀλλ’
2919 3380 3099 3433 αὐτῶν
3114 3380 3223 3435 τῶν
3243 3382 3465 3438 δοκούν-

1862 3483 1970 3519 των
1998 3464 2333 3536 προεστάναι
2356 3463 2455 3534 τῆς
2487 3460 2611 3514 καθ’
2634 3463 2788 3532 ἡμᾶς
2820 3464 3171 3535 οἰκουμένης,
3209 3466 3303 3518 καὶ
3326 3465 3465 3538 βαρ..

1864 3549 2071 3621 ϐάρων,
2106 3548 2202 3602 καὶ
2233 3545 2529 3617 πολεμίων,
2562 3546 2657 3599 κα)⁸
2709 3546 2992 3615 τυράννων
3028 3548 3287 3601 ἁπάντων
3320 3551 3464 3620 ἀπη-

1862 3633 2117 3703 νέστερον
2143 3632 2240 3685 καὶ
2258 3630 2540 3701 ὠμότερον
2555 3629 2917 3700 κεχρημένων
2943 3633 3055 3694 τοῖς
3085 3632 3370 3703 ὑπηκόοις.
3386 3632 3463 3686 Οὐ

1862 3724 1971 3795 7&9
2010 3723 2152 3794 ὐπέρ
2201 3722 2537 3792 ἐλευθερίας,
2570 3724 2665 3775 καὶ
2698 3722 2981 3792 πατρίδος,
3007 3724 3101 3776 καὶ
3134 3726 3461 3795 χρημάτων,

1862 3814 2073 3884 καὶτῆς
2098 3812 2384 3884 παρούσης
2409 3813 2557 3883 ζωῆς
2581 3814 2608 3863 ὁ
2636 3810 2882 3876 κίνδυνος
2902 3810 2971 3883 ῆν
2998 3815 3144 3882 τότε,
3175 3814 3291 3868 ἀλλ’
3321 3815 3462 3886 ὑπὲρ

1865 3906 2146 3977 βασιλείας
2183 3904 2454 3977 οὐρανῶν,
2509 3902 2742 3959 καὶτῶν
2797 3906 3184 3975 ἀποκειμένων
3217 3908 3459 3973 ἀγαθῶν,

1864 4000 2006 4070 ὑπὲρ
2033 3998 2304 4053 ἀθανάτου
2364 3995 2534 4067 ζωῆς,
2584 3995 2723 4067 ὑπὲρ
2779 3995 3073 4067 ὁμολογίας
3104 3998 3203 4068 τῆς
3257 3998 3337 4060 εἰς
3368 3996 3460 4050 τὸν

1861 4091 2120 4162 Χριστόν.
2174 4088 2289 4143 Καὶ
2335 4088 2536 4151 καινόςι
2583 4106 2667 4153 τις
2734 4088 3118 4158 αίχμαλωσίας
3184 4090 3461 4142 ἐπενοεῖτο

1861 4187 2087 4256 τρόπος·
2120 4184 2182 4237 οὐ
2220 4182 2331 4253 γὰρ
2354 4182 2456 4252 τῆς
2486 4180 2723 4235 ἐνταῦθα
2749 4180 2959 4245 πόλεως
2985 4180 3293 4246 ἐξέϐαλλον,
3324 4182 3459 4236 ἀλλά

1860 4274 1959 4345 τῆς
1984 4275 2097 4329 ἄνω
2145 4271 2456 4342 Ἲερουσαλὴ
2466 4289 2504 4341 μ
2529 4271 2630 4341 τῆς
2650 4269 2946 4341 ἐλευθέρας
2976 4270 3297 4341 ἐπεχείρουν
3323 4272 3459 4324 ἀπο-

1864 4369 2095 4436 στερεῖν,
2150 4364 2246 4418 καὶ
2274 4363 2373 4435 τὴν
2412 4362 2592 4432 ψυχὴν
2624 4362 2855 4415 ἕκαστον
2887 4361 3177 4416 καταθύειν
3210 4362 3458 4432 ἠνάγκα-

1861 4460 1954 4524 ζον
2006 4460 2099 4511 ἐπί
2136 4458 2248 4511 τῶν
2295 4458 2516 4528 βωμῶν,
2556 4460 2650 4511 καὶ
2704 4456 2795 4510 τὸν
2832 4457 3033 4509 οίκεῖον
3068 4455 3347 4526 Δεσπότην
3372 4456 3457 4524 ἐξ-

1860 4552 2149 4623 όμνυσοαι,
2170 4550 2263 4603 καὶ
2278 4553 2343 4620 τῇ
2376 4548 2485 4602 τῶν
2500 4548 2771 4618 δαιμόνων
2794 4547 2970 4616 ὐποκύ
2977 4564 3129 4600 πτειν
3157 4546 3455 4618 τυραννίδι,

1862 4644 1956 4697 καὶ
1988 4645 2116 4706 τοὺς
2166 4641 2455 4713 λυμεῶνας
2502 4640 2596 4694 καὶ
2636 4639 2866 4711 ἐχθροὺς
2914 4639 3017 4707 τῆς
3052 4640 3328 4711 σωτηρίας
3353 4638 3456 4709 τῆς

1861 4735 2139 4807 ἡμετέρας
2155 4732 2481 4806 θεραπεύειν
2505 4732 2789 4803 δαίμονας·
2808 4732 2837 4783 ὂ
2864 4731 3074 4802 μυρίων
3099 4731 3346 4785 θανάτων
3362 4732 3456 4785 καὶ

1860 4829 2045 4899 πάσης
2079 4828 2305 4898 γεέννης
2356 4824 2740 4896 χαλεπώτερον
2795 4820 2863 4896 ῆν
2916 4825 3011 4879 καὶ
3051 4826 3455 4897 ἀφορητότερον

1859 4924 1981 4985 ταῖς
2031 4920 2399 4993 φιλοχρίστοις
2437 4910 2657 4991 ψυχαῖς.
2701 4919 2837 4971 Τότε
2875 4918 2939 4991 δὴ
2972 4918 3185 4971 πολλῶν
3214 4919 3453 4991 ὑποϐρυ-

1859 5014 1993 5083 χίων
2041 5014 2365 5083 γινομένων,
2400 5013 2495 5065 καὶ
2549 5012 2641 5065 τοῦ
2690 5011 2959 5082 χειμῶνος
3014 5012 3330 5082 αἰρομένου,
3359 5011 3454 5064 καὶ

1861 5104 2073 5159 πολλῶν
2110 5103 2519 5173 ναυαγούντων,
2577 5105 2605 5157 ὁ
2658 5104 2929 5175 μακάριος
2982 5096 3139 5166 οὗτος
3174 5102 3451 5173 Ῥωμανὸς

1860 5195 2149 5267 παρελθὼν
2188 5199 2268 5259 είς
2317 5196 2515 5267 μέσους
2559 5196 2660 5250 οὐκ
2704 5196 3010 5267 ἐσκόπησεν
3044 5194 3267 5258 εὐθέως,
3304 5195 3449 5258 ὅπως

1859 5288 2053 5341 ἐαυτὸν
2111 5288 2278 5359 ἐπιδῷ
2336 5291 2451 5352 τοῖς
2498 5288 2785 5352 κινδύνοις,
2827 5288 2965 5342 ἀλλά
3015 5289 3279 5359 πρότερον
3326 5290 3450 5352 τοὺς

1858 5382 2071 5452 πεφοόη
2082 5382 2297 5452 μένους,
2324 5382 2449 5445 τοὺς
2478 5381 2965 5447 ἀναπεπτωκότας,
2983 5381 3108 5442 τοὺς
3133 5378 3230 5449 τὴν
3246 5379 3447 5432 οἰκείαν

1857 5476 2153 5547 προδόντας
2187 5475 2462 5546 σωτηρίαν
2504 5476 2726 5545 συνῆγε,
2766 5473 3205 5545 παρεθάρρυνεν,
3237 5471 3445 5541 ’ἀναμα-

1857 5564 2117 5636 χέσασθαι
2144 5564 2546 5635 παρεσκεύαζε,
2573 5565 2699 5628 τοὺς
2738 5565 2835 5637 μὲν
2858 5563 3271 5627 καταπεσόντας
3289 5563 3445 5634 ἀνορς

1856 5658 1986 5721 θῶν,
2034 5659 2162 5721 τοὺς
2211 5657 2267 5710 δὲ
2316 5656 2559 5721 ἑστῶτας
2613 5656 3047 5728 ἀσφαλιζόμενος
3102 5656 3313 5728 εὐχαῖς,
3356 5653 3446 5707 καὶ

1862 5750 2241 5814 παραινέσεσι,
2292 5750 2385 5803 καὶ
2428 5748 2779 5818 συμϐουλαῖς,
2812 5750 2940 5814 περὶ
2985 5749 3093 5802 τῶν
3122 5747 3446 5813 μελλόντων,

3007 5846 3079 5907 13
