4082 6424
184 388 288 446 609

179 511 271 582 qui
299 509 533 578 stabant,
559 510 882 568 confirmans
911 509 1179 584 precibus,
1209 512 1688 581 exhortationibus,
1718 522 1773 570 et

179 602 454 669 consiliis;
476 603 544 662 de
570 603 782 673 futuris,
804 615 859 662 et
883 607 953 664 de
982 607 1334 679 praesentibus
1360 608 1521 663 rebus
1547 607 1770 662 multum

176 693 563 766 philosopharis
583 738 601 764 ,
633 698 925 754 ostendens
971 698 1065 754 has
1108 698 1175 754 ad
1221 708 1430 770 tempus
1462 713 1582 754 esse
1605 740 1620 765 ,
1655 699 1772 755 illas

171 794 356 842 autem
386 797 708 858 perpetuas;
737 790 957 859 praemia
987 784 1258 846 laboribus
1286 805 1582 860 opponens,
1614 806 1772 845 coro-

169 892 266 931 nas
307 879 626 946 tormentis,
671 880 857 936 bravia
899 870 1251 948 doloribus‘;
1282 881 1483 938 docens
1523 897 1769 952 quamam

166 969 238 1024 sit
270 970 380 1024 vita
409 986 646 1041 presens
665 1013 684 1039 ,
709 989 954 1044 quamam
984 974 1190 1041 futura,
1220 983 1276 1030 et
1313 975 1453 1030 inter
1490 983 1770 1045 utramque

163 1069 430 1129 quantum
459 1062 708 1131 intersit,
740 1073 796 1120 et
820 1065 963 1134 quod
994 1066 1132 1121 mori
1158 1065 1380 1121 omnino
1402 1067 1476 1122 sit
1505 1082 1725 1122 necesse
1749 1083 1764 1131 ;

163 1159 216 1206 et
243 1151 291 1206 si
320 1167 432 1208 non
460 1155 560 1209 hoc
597 1155 759 1209 modo
785 1156 948 1211 vitam
988 1156 1283 1213 ﬁnierimus
1305 1197 1322 1223 ,
1353 1157 1572 1212 omnino
1598 1158 1766 1213 coacti

161 1244 283 1315 lege
309 1254 520 1302 natura:
545 1248 702 1318 paulo
727 1258 846 1320 post
867 1250 937 1305 ab
962 1233 1048 1305 his
1069 1252 1385 1322 corporibus
1405 1251 1760 1308 discedemus.

163 1333 262 1392 llis
297 1345 358 1392 et
399 1338 661 1394 similibus
705 1339 1171 1398 exhortationibus
1211 1342 1398 1400 beatus
1441 1343 1533 1399 ille
1575 1358 1765 1398 manus

157 1428 426 1485 remissas
451 1431 654 1497 erexit,
685 1442 741 1488 et
766 1448 936 1504 genua
965 1433 1225 1490 dissoluta
1251 1434 1556 1504 roboravit,
1584 1437 1764 1507 fngiti-

157 1533 256 1574 vos
282 1519 520 1588 reduxit,
542 1531 744 1578 metum
765 1526 990 1596 expulit,
1017 1541 1272 1596 angorem
1301 1528 1496 1598 exegit,
1526 1528 1761 1583 animum

157 1612 239 1667 eis
267 1612 519 1678 addidit;
551 1629 650 1682 pro
689 1615 889 1672 timidis
927 1617 1157 1675 audaces
1185 1627 1238 1675 et
1269 1618 1598 1676 conﬁdentes
1631 1619 1761 1675 eﬁ‘e-

158 1701 269 1770 cit;
318 1719 422 1773 pro
463 1705 671 1775 capreis
708 1715 763 1762 et
797 1708 973 1763 ὼε·νὶς
1012 1709 1199 1766 leones
1239 1710 1470 1766 reddidit
1513 1726 1759 1782 magnam

157 1793 267 1848 vim
301 1795 609 1864 spirantes;
644 1793 843 1854 Christi
879 1801 1175 1857 exercitum
1214 1801 1502 1870 instruxit;
1535 1804 1761 1874 ignomi-

157 1884 305 1940 niam
332 1895 573 1944 nostram
601 1891 654 1944 in
676 1889 910 1947 hostium
929 1892 1104 1964 capita
1123 1895 1390 1949 convertit
1408 1896 1450 1946 ⁸.
1473 1895 1606 1951 Cum
1631 1911 1760 1968 ergo

158 1984 368 2032 tantam
415 1989 639 2049 repente
676 1979 872 2040 factam
914 1980 1084 2040 fuisse
1116 1979 1368 2040 diabolus
1408 1986 1757 2043 mutationem

157 2067 419 2136 vidisset,
446 2079 501 2127 et
536 2072 627 2142 qui
669 2073 1054 2132 nudiustertius
1076 2091 1204 2136 eum
1237 2077 1496 2135 timebant
1532 2089 1587 2136 et
1622 2094 1757 2136 con-

157 2159 549 2218 tremiscebant
569 2203 587 2228 ,
617 2164 791 2236 ipsum
833 2166 1058 2222 irridere
1091 2177 1148 2223 et
1185 2167 1437 2224 audacter
1463 2169 1516 2225 in
1545 2186 1667 2227 eum
1696 2186 1758 2228 se

155 2263 388 2329 gerere,
416 2252 674 2311 adeuntes
702 2257 937 2327 pericula
957 2298 972 2324 ,
1000 2259 1345 2330 prosilientes
1369 2262 1437 2317 ad
1466 2265 1754 2334 supplicia;

154 2351 213 2396 et
242 2357 373 2398 cum
411 2351 1055 2419 auctoremeognovisset
1075 2393 1091 2419 ,
1119 2351 1357 2410 dimissis
1385 2355 1632 2412 omnibus
1655 2398 1670 2422 ,
1703 2357 1756 2412 in

156 2432 309 2489 illum
347 2435 603 2508 deinceps
630 2448 773 2495 totus
807 2442 1079 2507 incubuit,
1110 2458 1435 2516 omnemque
1467 2447 1574 2501 vim
1605 2463 1755 2503 suam

153 2532 211 2579 et
247 2524 518 2583 insaniam
559 2529 816 2588 adversus
856 2533 1068 2590 beatum
1113 2534 1217 2592 hoc
1254 2545 1416 2608 caput
1453 2539 1655 2595 effudit.
1692 2540 1759 2596 Et

152 2615 287 2686 quid
330 2616 491 2673 facit?
514 2619 862 2680 Considerate
899 2625 1177 2682 malitiam.
1214 2627 1331 2684 Non
1363 2644 1494 2684 eum
1535 2631 1600 2685 ad
1643 2641 1758 2688 tor-

152 2713 342 2762 menta
369 2706 544 2777 duxit,
568 2726 676 2768 non
705 2713 824 2784 ejus
850 2725 1010 2785 caput
1036 2716 1263 2782 abscidit
1290 2736 1304 2772 :
1331 2719 1447 2777 haec
1472 2720 1615 2777 enim
1643 2737 1759 2777 om-

153 2795 242 2853 nia
271 2807 484 2855 temere
515 2799 682 2859 fuisse
707 2802 848 2860 facta
887 2808 1217 2877 praeteritum
1243 2825 1366 2866 eum
1393 2821 1600 2882 tempus
1625 2815 1757 2869 edo-

152 2887 287 2943 cuit.
325 2888 446 2945 Non
490 2887 666 2948 solum
702 2895 849 2952 enim
888 2899 1050 2953 animi
1089 2901 1420 2960 alacritatem
1455 2919 1640 2960 eorum
1667 2908 1758 2977 qui

152 2978 514 3038 crediderant-
545 3000 656 3041 non
695 2988 976 3058 cohibuit,
1022 2993 1121 3049 sed
1162 2996 1325 3051 etiam
1366 3000 1537 3068 magis
1575 3001 1754 3067 auxit,

151 3085 390 3143 eamque
411 3076 670 3145 majorem
691 3094 754 3135 ac
769 3081 1226 3144 vehementiorem
1247 3089 1442 3146 eﬂ'ecit.
1461 3091 1755 3158 Carbones,

152 3163 367 3236 inquit,
401 3169 808 3229 substernebam
831 3216 848 3242 ,
878 3177 952 3231 illi
992 3187 1172 3235 autem
1212 3192 1484 3253 tamquam
1514 3186 1580 3240 ad
1610 3201 1760 3241 rosas

153 3257 453 3313 currebant
479 3276 493 3312 :
523 3259 700 3332 ignem
727 3267 1118 3336 accendebam,
1145 3270 1224 3326 illi
1255 3288 1383 3328 vero
1411 3283 1678 3346 tamquam
1705 3279 1757 3332 in

156 3343 334 3403 fontes
373 3349 684 3421 frigidarum
715 3372 973 3427 aquarum
1009 3362 1218 3432 seipsos
1256 3343 1608 3436 projiciebant
1636 3389 1650 3425 :
1678 3371 1759 3426 la-

157 3444 273 3491 tera
316 3441 625 3510 credebam,
655 3447 950 3515 profundos
979 3450 1032 3506 in
1061 3453 1140 3507 eis
1167 3454 1347 3512 sulcos
1385 3456 1676 3526 faciebam,
1707 3469 1763 3516 et

155 3526 303 3582 rivos
331 3533 610 3601 sanguinis
628 3534 958 3593 deducebam
984 3557 998 3607 ;
1030 3541 1103 3597 illi
1128 3552 1308 3600 autem
1334 3555 1603 3620 tamquam
1628 3565 1761 3606 auro

156 3619 307 3673 omni
331 3636 400 3674 ex
427 3633 579 3691 parte
607 3625 1040 3688 circumﬂuentes
1067 3635 1437 3704 gloriabantur
1463 3619 1476 3693 ξ
1505 3656 1601 3710 per
1626 3658 1762 3711 pne-

155 3707 340 3778 cipitia
381 3711 646 3782 jaciebam
690 3729 746 3774 et
783 3722 837 3776 in
877 3738 1027 3780 mare
1061 3725 1438 3799 demergebam
1459 3773 1475 3800 ,
1505 3707 1593 3787 Villi
1626 3707 1762 3789 vero

155 3815 262 3854 non
298 3812 570 3876 tamquam
600 3808 654 3863 in
693 3812 1012 3880 profundum
1037 3817 1456 3886 descendentes,
1484 3824 1579 3879 sed
1618 3833 1761 3879 tam-

153 3907 315 3961 quam
341 3897 398 3950 in
425 3898 596 3967 ipsum
625 3903 816 3958 cazlum
845 3908 1200 3966 ascendentes
1219 3955 1234 3977 ,
1268 3914 1340 3968 ita
1366 3915 1541 3972 aﬂ'ecti
1567 3926 1719 3973 erant
1738 3961 1756 3984 ,

153 3986 467 4044 exsilientes
508 3999 564 4046 et
601 3995 968 4064 exsultantes,
999 4008 1054 4056 et
1094 4002 1241 4057 velut
1279 4004 1332 4059 in
1372 4020 1524 4062 sacra
1563 4024 1758 4079 pompa

153 4077 384 4135 choreas
409 4080 691 4151 ducentes,
719 4095 775 4142 et
801 4087 854 4143 in
882 4090 1035 4145 viridi
1066 4103 1224 4162 prato
1253 4095 1499 4153 ludentes
1525 4117 1538 4153 :
1566 4077 1641 4154 ita
1667 4077 1756 4156 ar-

153 4169 385 4240 ripiebat
407 4176 773 4248 unusquisque
802 4181 1090 4251 cruciatus,
1115 4200 1222 4240 non
1251 4193 1524 4258 tamquam
1548 4193 1760 4247 crucia-

153 4267 274 4326 tus,
313 4261 412 4318 sed
448 4271 722 4336 tamquam
757 4284 952 4327 vernos
989 4271 1152 4330 ﬂores
1176 4289 1459 4346 carpentes
1481 4321 1496 4345 ,
1527 4296 1755 4354 seseque

150 4361 494 4419 coronantes,
520 4355 712 4427 insigni
732 4361 895 4416 animi
917 4364 998 4418 sui
1019 4365 1296 4424 alacritate
1313 4371 1583 4428 cruciatus
1603 4389 1754 4430 meos

150 4446 572 4510 prteveniehant.
599 4448 737 4517 Quid
765 4467 914 4523 ergo,
949 4453 1140 4525 inquit,
1169 4461 1432 4528 agendum
1462 4478 1607 4519 nunc
1634 4464 1754 4519 fuc-

150 4535 256 4588 rit‘l
300 4535 700 4594 Abscindamne
741 4553 901 4611 caput
939 4545 1100 4615 ejus?
1142 4547 1249 4603 Sed
1292 4549 1346 4604 id
1384 4550 1476 4606 ille
1517 4553 1571 4607 in
1614 4557 1753 4611 votis

150 4626 331 4694 habet,
361 4639 417 4684 et
447 4645 544 4700 per
569 4647 730 4702 opera
762 4635 1005 4707 discipuli
1032 4641 1290 4709 majorem
1321 4643 1749 4703 adhortationem

149 4723 418 4791 accipiunt
448 4743 464 4780 :
496 4739 592 4780 eos
620 4727 817 4799 quippe
855 4729 1134 4786 admonuit
1179 4744 1474 4806 martyrum
1519 4748 1748 4794 mortem

149 4828 253 4868 non
293 4829 416 4870 esse
461 4825 723 4882 mortem,
763 4819 858 4874 sed
893 4821 1054 4875 vitam
1101 4822 1207 4878 fine
1244 4833 1518 4880 carentem
1551 4837 1750 4898 :atque

150 4903 305 4972 hujus
334 4905 570 4962 maxime
593 4922 752 4964 causa
775 4913 953 4966 omnia
979 4926 1101 4968 esse
1130 4914 1426 4979 toleranda,
1450 4916 1750 4988 despicien-

149 4996 382 5068 dumque
423 5014 544 5054 esse
579 5001 879 5058 decessum.
914 5004 970 5061 Si
1001 5021 1130 5076 ergo
1156 5018 1316 5077 caput
1343 5009 1624 5066 abscidere
1649 5055 1663 5078 ,
1695 5023 1750 5069 et

149 5089 197 5142 id
228 5090 316 5146 ille
345 5089 559 5147 fortiter
584 5093 785 5158 tulerit,
814 5095 960 5166 ipsos
986 5099 1224 5167 apertius
1249 5115 1344 5169 per
1369 5099 1507 5157 facta
1534 5103 1748 5160 docebit

149 5180 224 5236 sic
250 5191 503 5252 oportere
527 5187 1073 5256 mortem‘_despicere,
1097 5197 1152 5245 et
1175 5205 1361 5245 eorum
1393 5192 1611 5262 spiritus
1634 5211 1746 5248 ma-

148 5276 226 5344 gis
251 5279 441 5348 eriget,
465 5277 650 5348 eisque
672 5288 915 5335 mortuus
941 5283 1196 5351 majorem
1219 5285 1382 5339 animi
1410 5286 1740 5343 alacritatem

151 5366 442 5437 inspirabit.
471 5368 758 5439 Propterea
784 5370 1017 5442 linguam
1042 5376 1353 5443 amputavit,
1378 5383 1437 5430 ut
1461 5391 1609 5443 voce,
1638 5393 1742 5448 qua

153 5455 479 5528 fruebantur,
507 5463 700 5533 privati
727 5463 977 5535 martyris
1007 5465 1276 5536 discipuli,
1309 5476 1363 5523 et
1390 5470 1615 5524 consilio
1643 5469 1741 5526 de-

151 5551 341 5621 stituti,
369 5562 532 5624 atque
559 5553 922 5612 admonitione
960 5556 1148 5626 privati
1172 5599 1188 5624 ,
1223 5559 1515 5616 timidiores
1544 5561 1739 5617 evade-

151 5651 296 5708 rent,
343 5652 403 5700 et
437 5644 508 5700 ad
543 5646 780 5716 priorem
808 5662 1065 5718 angorem
1100 5658 1155 5705 et
1181 5649 1569 5708 dubitationem
1613 5653 1736 5707 red-

209 5791 226 5858 ἓ
259 5796 387 5858 me
407 5794 546 5858 ῐιθεη
567 5782 747 5858 μεσπι-ε.
818 5846 850 5858 -.

208 5852 227 5883 ¹
256 5851 390 5906 savii.
413 5845 635 5912 nam”
651 5845 710 5897 in
727 5845 932 5902 lucetium
952 5845 1213 5914 phalarica
1235 5847 1481 5903 conterat.

1289 396 1355 454 IN
1384 397 1441 456 S.
1484 396 1820 455 ROMAle
1860 397 2263 457 MARTYBEM.
2306 400 2349 458 l.

3374 408 3472 463 610

1879 514 2038 583 irent,
2058 530 2178 574 cum
2219 531 2326 572 non
2365 516 2656 583 haberent,
2687 518 2775 590 qui
2821 519 2900 577 eis
2938 522 3174 578 animum
3215 524 3473 590 adderet,

1880 621 2052 676 neque
2075 605 2166 678 qui
2194 610 2452 665 excitaret
2475 619 2531 666 ct
2555 622 2807 667 armaret.
2839 684 2844 689 _

1948 697 2005 752 5.
2043 697 2334 755 Considera
2371 712 2550 757 autem
2582 701 2708 756 mihi
2750 703 2948 759 diaboli
2992 706 3268 762 malitiam.
3299 708 3474 766 llero-

1876 786 1974 843 des
2006 788 2219 859 quidem
2259 789 2483 848 Joannis
2518 801 2676 862 caput
2716 793 2942 850 abscidit
2974 812 2989 850 :
3019 798 3105 853 hic
3144 809 3321 856 autem
3365 818 3472 856 nun

1876 887 2056 946 eaput,
2088 879 2183 934 sed
2214 879 2446 951 linguam
2469 883 2664 937 solum.
2693 884 2906 952 Quare?
2933 886 3050 941 Prae
3077 890 3239 943 nimia
3269 892 3474 946 scilicet

1877 969 2079 1024 malitia
2105 979 2153 1024 et
2186 973 2555 1040 perversitate.
2583 973 2638 1030 Si
2665 975 2946 1031 ahscidero
2984 988 3163 1048 caput,
3198 980 3387 1050 inquit,
3419 991 3472 1036 ct

1875 1069 2118 1115 mortuus
2157 1061 2338 1129 fuerit,
2381 1062 2604 1118 fratrum
2648 1066 2920 1122 interitum
2966 1082 3072 1124 non
3103 1070 3290 1125 videns
3319 1086 3470 1127 rece.

1871 1149 1996 1215 det;
2021 1161 2077 1205 at
2103 1166 2205 1222 ego
2229 1154 2376 1209 illum
2408 1155 2635 1210 militum
2667 1170 2884 1212 suorum
2928 1158 3136 1228 lapsum
3167 1170 3223 1216 et
3249 1163 3467 1218 calando

1874 1245 1997 1298 tatis
2030 1252 2218 1301 testem
2247 1261 2368 1302 esse
2393 1247 2536 1314 volo,
2579 1257 2637 1304 ut
2679 1248 2864 1304 dolore
2909 1262 3181 1318 enecetur,
3213 1254 3342 1310 dum
3388 1256 3467 1313 la—

1871 1335 2058 1391 bentes
2090 1338 2303 1408 quidem
2333 1340 2525 1404 cernit,
2554 1340 2646 1395 sed
2676 1342 2950 1412 porrigere
2987 1358 3200 1399 manum
3231 1361 3337 1401 non
3365 1362 3465 1418 po-

1872 1435 1996 1494 test,
2027 1443 2200 1498 neque
2228 1444 2290 1484 ea
2317 1445 2436 1500 qua:
2461 1431 2606 1500 prius
2636 1440 2813 1502 potest
2841 1434 3146 1501 consulere,
3171 1446 3385 1493 exsecta
3413 1441 3463 1495 ei

1867 1518 2027 1574 simul
2055 1535 2187 1576 voce
2215 1535 2338 1576 cum
2366 1522 2567 1594 lingua.

1940 1611 2202 1670 Romanus
2230 1624 2494 1687 amputata
2514 1617 2690 1688 lingua
2711 1619 2950 1688 loquitur.
2968 1649 3042 1662 -ι
3061 1619 3166 1676 Sed
3197 1623 3283 1692 qui
3313 1638 3463 1678 corno

1867 1705 2152 1773 prehendit
2175 1705 2447 1776 sapientes
2481 1707 2534 1762 in
2560 1709 2755 1765 astutia
2779 1725 2966 1766 eorum
2994 1709 3070 1785 (Ι.
3103 1710 3221 1768 Cor.
3257 1714 3310 1769 5.
3345 1715 3459 1785 l9),

1866 1795 2139 1852 inventum
2168 1797 2273 1852 hoc
2314 1799 2368 1853 in
2395 1800 2513 1870 ejus
2547 1809 2706 1871 caput
2738 1803 3003 1858 convertit
3031 1820 3044 1856 :
3077 1818 3252 1875 neque
3285 1805 3459 1859 solum

1863 1893 1968 1944 eos
1983 1889 2208 1945 consilio
2232 1905 2340 1948 non
2370 1893 2618 1962 privavit,
2647 1893 2745 1949 sed
2774 1895 2936 1951 etiam
2966 1904 3023 1951 ut
3046 1896 3236 1967 majori
3257 1897 3459 1954 adhor-

1865 1981 2065 2038 tatione
2106 1983 2435 2054 fruerentur,
2477 1985 2677 2055 effecit,
2723 1987 2998 2059 magisque
3040 1988 3329 2059 Spiritualis
3364 1992 3461 2047 do-

1861 2077 2050 2132 ctrina:
2080 2077 2366 2149 participes
2405 2087 2610 2136 essent.
2644 2079 2778 2134 Nam
2805 2074 2928 2136 cum
2968 2080 3071 2135 hoc
3115 2081 3457 2148 obtinuisset,

1862 2174 2084 2222 vocatur
2110 2167 2179 2223 de
2212 2178 2410 2224 caetero
2438 2169 2680 2225 medicus
2707 2170 2774 2225 ad
2813 2172 3126 2239 sectionem,
3175 2183 3233 2228 et
3273 2173 3333 2228 fit
3361 2189 3460 2246 pro

1863 2260 2072 2316 medico
2100 2261 2368 2328 carnifex;
2401 2278 2506 2318 non
2548 2262 2604 2318 id
2639 2263 2939 2335 corrigens,
2970 2266 3113 2338 quod
3159 2267 3349 2322 morbo
3379 2267 3461 2322 Ia-

1862 2350 2106 2420 borabat,
2148 2355 2469 2424 membrum,
2508 2357 2604 2414 sed
2643 2358 2788 2429 quod
2823 2368 2942 2416 erat
2978 2375 3168 2416 sanum
3208 2376 3459 2416 corrum-

1861 2459 2023 2513 pens;
2043 2453 2097 2500 et
2119 2460 2241 2501 cum
2263 2447 2494 2518 linguam
2521 2452 2833 2519 exemisset,
2861 2451 3018 2508 simul
3035 2467 3155 2508 cum
3185 2468 3247 2508 ea
3267 2469 3458 2509 vocem

1862 2535 2099 2590 eximere
2137 2537 2356 2593 minime
2397 2539 2609 2608 potuit:
2638 2540 2734 2597 sed
2783 2540 2962 2598 carnis
3015 2543 3232 2613 quidem
3282 2544 3460 2616 lingua

1863 2624 1961 2681 fuit
1993 2628 2221 2696 abscisa,
2251 2631 2429 2702 lingua
2458 2643 2637 2689 autem
2661 2633 2856 2690 divinte
2885 2635 3072 2706 gratiae
3102 2636 3167 2691 ad
3191 2636 3332 2694 beati
3355 2637 3464 2695 Bo-

1863 2720 2006 2774 mani
2032 2735 2094 2775 os
2125 2721 2428 2790 advolavit;
2449 2734 2503 2780 et
2528 2734 2712 2780 natura
2732 2726 2946 2797 quidem
2976 2727 3275 2784 membrum
3303 2744 3460 2784 suum

1863 2812 2009 2868 ferro
2037 2813 2090 2868 id
2122 2825 2347 2885 cogente
2374 2818 2572 2885 amisit,
2603 2818 2696 2874 Dei
2719 2828 2898 2875 autem
2927 2820 3096 2890 gratia
3121 2836 3243 2875 cum
3271 2836 3334 2876 ea
3367 2838 3464 2877 ex-

1863 2902 2044 2959 cidere
2067 2919 2256 2961 vocem
2286 2922 2393 2962 non
2423 2908 2546 2964 sivit
2575 2925 2589 2962 :
2620 2908 2764 2964 unde
2792 2910 2954 2965 etiam
2982 2910 3050 2966 de
3073 2921 3272 2968 caetero
3300 2913 3468 2969 disci—

1865 2996 1971 3064 puli
2020 2997 2190 3068 magis
2237 3000 2503 3070 spirituali
2554 3001 2798 3058 doctrina
2845 3002 3179 3073 fruebantur,
3211 3021 3318 3062 non
3358 3005 3462 3062 hu-

1865 3104 2021 3144 mana
2059 3105 2213 3158 voce,
2258 3093 2559 3163 eujusmodi
2604 3095 2775 3166 prius,
2803 3097 2966 3152 verba
3020 3098 3321 3168 audlentes,
3367 3101 3461 3157 sed

1864 3182 2042 3237 divina
2072 3184 2302 3255 quadam
2330 3195 2386 3241 et
2426 3187 2675 3257 spiritali,
2722 3197 2775 3245 et
2798 3206 2916 3261 qua:
2948 3203 3192 3248 natumut
3225 3204 3462 3250 nostram

1866 3274 2157 3341 superabat
2187 3290 2202 3330 :
2230 3284 2284 3331 et
2317 3278 2713 3334 concurrebant
2748 3293 2962 3349 omnes,
3003 3297 3237 3354 superne
3265 3286 3462 3356 angeli,

1866 3363 2073 3419 inferne
2109 3365 2377 3432 homines,
2426 3370 2889 3446 unusquisque‘os
2916 3375 3034 3428 sine
3077 3376 3256 3447 lingua
3283 3379 3468 3436 videre

1865 3456 2164 3525 cupientes,
2196 3466 2251 3513 et
2275 3459 2461 3515 audire
2488 3458 2568 3516 sic
2605 3449 2936 3532 loquentem.
2966 3466 3093 3522 Erat
3115 3469 3260 3524 enim
3283 3485 3469 3528 revera

1869 3545 2186 3604 admirabile
2233 3559 2290 3606 et
2326 3561 2523 3621 praeter
2559 3554 2890 3624 opinionem,
2936 3573 2998 3614 os
3031 3559 3236 3632 absque
3282 3563 3463 3636 lingua

1865 3636 2027 3691 verba
2059 3637 2278 3706 faciens,
2310 3639 2526 3698 diabolo
2552 3644 2767 3714 quidem
2796 3660 3048 3720 magnum
3079 3651 3314 3708 dedecus
3339 3655 3470 3710 affe-

1868 3740 2016 3792 rens,
2072 3731 2295 3802 martyri
2344 3739 2524 3787 autem
2568 3735 2837 3805 ingentem
2894 3740 3146 3810 gloriam,
3191 3744 3470 3815 discipulis

1867 3831 2000 3871 vero
2029 3817 2313 3887 plurimam
2348 3824 2770 3882 consolationem
2801 3837 2856 3883 et
2878 3831 3148 3899 patientia:
3177 3850 3465 3906 argumen-

1867 3915 1998 3962 tum.
2035 3909 2135 3965 llic
2173 3912 2317 3966 enim
2363 3913 2473 3969 Deo
2500 3930 2616 3971 mos
2661 3927 2744 3972 est
2782 3917 2988 3988 jamdiu
3025 3932 3080 3978 et
3121 3939 3151 3977 a
3183 3926 3464 3997 principio,

1864 4013 2216 4071 quaecumque
2258 4012 2445 4059 contra
2473 4020 2571 4060 nos
2597 4006 2841 4064 diabolus
2875 4013 3284 4084 consarcinarit,
3317 4034 3377 4074 ea
3409 4020 3464 4073 in

1863 4099 2022 4158 caput
2045 4090 2187 4147 illius
2213 4105 2572 4168 convertere,
2614 4106 2672 4152 et
2709 4099 2775 4153 ad
2803 4100 3033 4158 salutem
3069 4115 3309 4161 nostram
3341 4111 3464 4166 red-

1863 4177 2030 4248 igere.
2053 4179 2180 4236 Mihi
2205 4191 2385 4239 autem
2410 4184 2512 4241 hoc
2541 4187 2823 4244 considera
2852 4206 2871 4245 τ·
2893 4191 2982 4247 ille
3003 4192 3272 4252 hominem
3303 4215 3335 4255 e
3365 4217 3462 4270 pa.

1861 4268 2042 4324 radiso
2071 4271 2247 4341 eiecit,
2275 4284 2331 4328 et
2356 4274 2498 4331 Deus
2529 4277 2604 4332 illi
2632 4278 2822 4335 caelum
2872 4286 3080 4353 aperuit
3109 4305 3122 4340 :
3156 4287 3246 4344 ille
3284 4268 3460 4360 ipsum

1861 4361 2066 4431 expulit
2100 4379 2169 4418 ex
2208 4364 2434 4435 imperio
2475 4375 2714 4438 terreno,
2748 4372 2889 4428 Deus
2917 4385 3098 4432 autem
3145 4393 3368 4451 regnum
3411 4387 3461 4442 ei

1859 4453 2113 4510 caelorum
2140 4456 2306 4524 dedit,
2339 4468 2394 4514 et
2430 4460 2486 4515 in
2518 4461 2715 4519 throno
2759 4467 2909 4537 regio
2940 4477 3185 4527 naturam
3213 4485 3456 4536 nostram

1858 4547 2161 4602 collocavit.
2232 4550 2322 4606 Sic
2367 4552 2508 4608 dona
2551 4568 2768 4626 semper
2807 4559 3014 4629 majora
3053 4562 3194 4619 Deus
3237 4566 3301 4622 iis
3342 4573 3458 4636 dat,

1857 4637 2050 4706 quibus
2075 4639 2322 4698 diabolus
2347 4643 2593 4701 homines
2615 4648 2825 4716 privare
2854 4662 3100 4708 conatur.
3130 4655 3245 4714 Hoc
3271 4670 3451 4717 autem

1856 4730 2004 4797 facit,
2038 4733 2187 4788 illum
2219 4736 2433 4804 quidem
2466 4739 2752 4796 tardiorem
2793 4742 2860 4798 ad
2887 4746 3154 4816 parandas
3192 4750 3346 4807 nobis
3371 4753 3456 4807 iu-

1855 4822 2020 4877 sidias
2051 4824 2300 4890 reddens,
2356 4843 2456 4883 nos
2496 4844 2623 4884 vero
2649 4830 2850 4888 docens
2881 4850 3170 4908 numquam
3201 4842 3318 4910 ejus
3343 4859 3459 4899 ma-

1855 4912 2192 4970 chinationes
2221 4917 2482 4973 timendas
2508 4935 2628 4976 esse
2653 4940 2666 4974 :
2700 4923 2842 4992 quod
2885 4926 3100 4995 quidem
3140 4930 3339 4987 factum
3367 4946 3456 4990 est

1854 5007 2013 5062 etiam
2046 5008 2097 5062 in
2147 5018 2406 5081 martyre.
2461 5012 2576 5080 Qua
2620 5015 2762 5070 enim
2801 5031 2859 5072 se
2889 5033 3013 5074 eum
3053 5035 3183 5078 voce
3210 5026 3453 5094 privatu-

1853 5114 1968 5152 rum
2000 5099 2246 5156 diabolus
2267 5105 2612 5173 existimavit,
2656 5109 2825 5163 multo
2852 5110 3109 5181 majorem
3141 5124 3196 5169 et
3225 5119 3452 5186 pmcla-

1853 5194 2051 5246 riorem
2089 5193 2141 5249 ei
2173 5195 2314 5250 Deus
2342 5194 2564 5266 largitus
2600 5208 2703 5253 est.
2733 5198 2850 5255 Non
2878 5204 3022 5258 enim
3063 5214 3181 5260 erat
3207 5207 3450 5276 ejusdem

1850 5288 2134 5355 momenti,
2175 5304 2299 5344 cum
2344 5289 2522 5361 lingua
2568 5291 2710 5363 loqui
2740 5334 2756 5361 ,
2805 5303 2862 5349 et
2904 5296 3023 5352 sine
3077 5299 3258 5370 lingua
3288 5319 3301 5355 :
3328 5318 3450 5358 nam

1849 5377 1979 5432 illud
2004 5377 2218 5449 quidem
2245 5393 2584 5450 consequens
2620 5389 2676 5437 et
2714 5398 3002 5443 commune
3039 5389 3310 5455 omnibus,
3341 5391 3448 5448 hoc

1847 5479 2026 5525 autem
2060 5485 2223 5542 supra
2253 5480 2500 5528 naturam
2530 5483 2667 5540 erat,
2703 5487 2759 5534 et
2785 5479 3062 5548 proprium
3099 5481 3216 5552 ejus
3257 5483 3446 5540 solius.

1847 5565 2179 5636 Quamquam
2222 5566 2436 5622 etiamsi
2481 5579 2602 5639 post
2638 5569 2834 5642 lingua:
2869 5569 3224 5631 abscisionem
3268 5589 3450 5633 mutus

1847 5664 2052 5728 martyr
2088 5657 2298 5724 fuisset,
2328 5659 2409 5714 sic
2435 5675 2650 5731 quoque
2675 5662 2953 5732 impletum
2983 5666 3052 5722 ab
3079 5682 3146 5722 eo
3170 5677 3444 5724 certamen

1845 5745 2056 5814 fuisset,
2085 5749 2244 5819 eique
2267 5762 2448 5820 parata
2482 5760 2626 5808 esset
2670 5768 2868 5810 corona
2902 5775 2916 5812 :
2948 5773 3069 5812 nam
3102 5759 3242 5830 quod
3272 5761 3445 5816 victus

1847 5848 2010 5908 esset,
2040 5841 2330 5897 maximum
2357 5852 2473 5898 erat
2511 5855 2564 5900 ct
2591 5855 2835 5915 apertum
2873 5859 3264 5919 argumentum,
3297 5853 3439 5924 quod
