4082 6440
705 377 800 431 Gil

705 491 936 560 linguam
980 499 1327 560 amputasset.
1375 495 1430 550 Si
1470 495 1611 549 enim
1641 495 1873 565 linguam
1902 495 2146 568 martyris
2172 510 2278 550 non

712 580 956 646 timebas,
989 597 1022 634 ο
1047 583 1306 639 scelerate
1345 593 1399 640 et
1433 587 1755 653 exsecrande
1783 588 2010 653 diabole,
2041 602 2137 643 cur
2159 602 2276 642 eam

705 672 1016 727 abscidisti?
1053 689 1150 729 cur
1178 675 1592 731 decertationum
1639 687 2006 747 argumentum
2051 694 2156 733 non
2184 679 2271 734 di-

706 765 914 829 misisti,
950 765 1044 820 sed
1070 767 1296 821 stadium
1322 768 1630 824 occlusisti?
1651 768 2107 836 Quemadmodum
2133 771 2276 824 enim

703 853 747 909 si
782 854 901 922 quis
928 857 1072 909 oumi
1119 858 1466 912 certaminum
1507 874 1705 928 genere
1745 859 2056 926 luctaturns,
2083 859 2278 914 deinde

705 942 884 1011 plagas
917 946 1207 1014 accepisset
1246 946 1508 1016 iungentes,
1548 958 1601 1004 et
1645 963 1769 1002 cum
1811 949 2005 1003 deinde
2048 949 2278 1018 amplius

706 1035 955 1091 resistere
981 1051 1085 1091 non
1112 1037 1331 1105 valeret,
1366 1055 1557 1094 manus
1592 1027 1829 1096 abscindi
1853 1041 2160 1096 adversario
2185 1041 2273 1109 ju-

703 1125 873 1195 heret,
908 1143 1133 1198 eumque
1171 1130 1248 1184 sic
1295 1141 1613 1200 percute-ret,
1656 1147 1759 1186 non
1786 1133 1893 1201 jam
1935 1133 2036 1185 alia
2084 1131 2275 1200 proba-

704 1220 845 1275 tione
884 1235 1016 1290 opus
1057 1232 1198 1276 esset
1236 1223 1301 1277 ad
1327 1208 1720 1289 decernendam
1766 1223 2037 1277 victoriam
2082 1223 2152 1288 ei,
2188 1221 2275 1276 cui

699 1306 924 1366 fuissent
961 1327 1151 1367 manus
1179 1313 1398 1368 abscisa:
1423 1333 1435 1368 :
1465 1315 1552 1368 ita'
1574 1315 1730 1368 etiam
1760 1314 1810 1368 in
1855 1325 2088 1384 martyre
2114 1327 2273 1381 aper-

702 1401 970 1455 tissimum
1028 1405 1263 1456 omnium
1320 1416 1687 1474 argumentum
1741 1405 1976 1458 victoria:
2021 1403 2274 1457 adversus

698 1491 964 1546 diabolum
989 1493 1085 1548 fuit
1109 1495 1300 1564 lingua:
1324 1497 1485 1564 ipsius
1507 1497 1820 1565 amputatio.
1850 1496 1979 1550 Nam
2001 1495 2104 1550 etsi
2131 1510 2274 1548 more

700 1582 821 1635 talis
849 1593 963 1636 erat
1002 1582 1198 1652 lingua,
1231 1584 1351 1653 quia
1385 1595 1559 1640 tamen
1603 1601 1664 1640 ea
1693 1585 1909 1639 vulnera
1952 1583 2271 1637 immortalia

697 1671 910 1727 diabolo
936 1672 1144 1739 inﬂixit,
1171 1684 1444 1744 propterea
1470 1676 1522 1728 in
1551 1676 1692 1729 illam
1715 1678 1854 1728 virus
1873 1691 2026 1728 suum
2049 1672 2268 1738 efﬂavit,

696 1761 796 1830 sibi
821 1763 1032 1830 quidem
1077 1765 1249 1832 majus
1278 1766 1511 1820 dedecus
1552 1766 1803 1832 atierens,
1835 1765 2053 1834 martyri
2091 1773 2269 1818 autem

693 1867 943 1908 coronam
986 1855 1398 1923 splendidiorem
1439 1856 1686 1910 reddens.
1726 1855 1793 1910 Ut
1837 1855 1978 1909 enim
2027 1854 2270 1908 mirabile

703 1953 784 1996 est
814 1944 1078 1998 -arborem
1128 1946 1243 1999 sine
1293 1946 1470 1998 radice
1514 1945 1728 2011 intueri,
1775 1960 1838 2000 ac
1889 1945 2104 1999 ﬂuvium
2152 1944 2269 1997 sine

694 2034 841 2090 fonto
867 2051 880 2088 :
905 2036 981 2090 sic
1002 2035 1162 2090 etiam
1192 2049 1374 2089 vocem
1404 2035 1519 2090 sine
1546 2036 1740 2104 lingua.

761 2129 816 2180 4.
856 2127 1042 2182 Contra
1083 2144 1189 2193 eos,
1222 2129 1309 2196 qui
1349 2145 1615 2198 corporum
1652 2127 1997 2180 resurrectioni
2035 2143 2136 2180 non
2161 2142 2269 2179 cre-

691 2219 833 2270 dunt.
856 2246 928 2256 —
953 2215 1052 2271 Ubi
1090 2232 1229 2271 nunc
1259 2226 1402 2280 sunt,
1430 2217 1517 2285 qui
1560 2231 1844 2286 corporum
1887 2217 2264 2270 resurrccuoni

692 2323 796 2361 non
834 2306 1093 2360 credunt?
1140 2307 1275 2362 Ecce
1318 2323 1417 2362 vox
1461 2316 1670 2361 mortua
1711 2315 1812 2371 est,
1862 2315 1915 2360 et
1953 2306 2142 2360 revixit
2171 2325 2185 2359 :
2211 2315 2265 2360 et

690 2411 798 2452 uno
843 2405 1112 2449 momento
1162 2397 1412 2464 temporis
1453 2405 1674 2466 utraque
1718 2394 1854 2450 facta
1896 2403 2038 2450 sunt.
2069 2396 2262 2463 Quam-

687 2501 846 2556 quam
877 2485 976 2541 hoc
1004 2486 1157 2555 longe
1187 2487 1357 2555 majus
1396 2496 1498 2554 est,
1527 2501 1684 2556 quam
1710 2501 1996 2555 corporum
2022 2501 2262 2540 resurre-

691 2576 797 2629 ctio
829 2593 841 2627 :
870 2585 990 2630 nam
1013 2572 1118 2631 illic
1139 2575 1353 2645 quidem
1385 2585 1568 2630 natura
1585 2585 1979 2644 corporumcst
2001 2577 2259 2645 subjecta,

691 2667 1007 2736 compositio
1031 2677 1205 2720 autem
1241 2667 1412 2721 solum
1438 2677 1520 2721 est
1543 2666 1796 2720 dissoluta
1823 2684 1835 2720 :
1864 2667 1951 2720 hic
1989 2681 2116 2721 vero
2143 2667 2262 2721 sub-

686 2759 848 2810 latum
879 2757 974 2811 fuit
999 2758 1140 2812 vocis
1175 2757 1346 2827 ipsum
1377 2757 1771 2812 fundamentum
1793 2797 1809 2824 ,
1839 2756 1933 2812 sed
1969 2766 2144 2811 tamen
2197 2772 2259 2812 ea

683 2847 1008 2917 splendidior
1031 2862 1215 2902 rursus
1248 2856 1330 2902 est
1357 2846 1511 2901 facta.
1539 2847 1827 2903 Enimvero
1857 2848 1901 2901 si
1941 2861 1972 2901 a
2004 2848 2128 2901 tibia
2159 2847 2259 2901 lin-

678 2940 828 3010 gulas
852 2939 1152 3004 abstuleris,
1177 2938 1361 2993 inutile
1384 2937 1631 3006 deinceps
1649 2937 1792 3006 jacet
1814 2937 2253 3003 instrumentum;

679 3045 863 3085 verum
910 3044 1014 3083 non
1049 3029 1126 3084 sic
1169 3028 1294 3082 tibia
1332 3027 1637 3096 spiritualis,
1679 3027 1776 3081 sed
1817 3027 2028 3082 tametsi
2076 3027 2254 3096 lingua

679 3121 903 3188 privata,
935 3135 1040 3174 non
1069 3120 1242 3175 solum
1272 3127 1414 3174 muta
1445 3133 1552 3174 non
1578 3125 1714 3184 erat,
1762 3117 1856 3172 sed
1881 3119 2041 3173 etiam
2069 3118 2257 3174 modu-

673 3211 837 3266 latius
862 3219 916 3266 et
944 3212 1112 3281 magis
1145 3212 1425 3282 mysticum
1455 3225 1688 3276 carmen,
1721 3218 1775 3264 et
1807 3210 1995 3280 majori
2015 3225 2136 3265 cum
2162 3210 2257 3267 ad-

676 3302 958 3356 miratione
977 3301 1270 3356 emittebat.
1303 3301 1507 3356 Rursus
1537 3301 1695 3356 etiam
1726 3302 1778 3354 in
1819 3300 2023 3355 cithara
2065 3300 2110 3355 si
2136 3301 2254 3370 quis

674 3393 936 3461 plectrum
959 3392 1130 3445 solum
1155 3392 1429 3460 eripuerit,
1452 3392 1654 3446 otiosus
1679 3391 1900 3458 artifex,
1919 3406 2006 3446 ars
2027 3391 2252 3457 inutilis;

677 3489 733 3535 et
755 3481 910 3536 inane
957 3481 1408 3547 instrumentum;
1444 3479 1531 3534 hic
1571 3488 1748 3534 autem
1791 3481 1922 3534 nihil
1967 3481 2248 3550 ejusmodi,

673 3571 768 3627 sed
793 3574 1115 3626 contrarium
1139 3573 1376 3628 omnino.
1404 3571 1477 3627 Os
1507 3573 1648 3627 enim
1679 3581 1794 3627 erat
1819 3573 2042 3641 cithara,
2075 3574 2250 3644 lingua

673 3663 958 3733 plectrum,
991 3662 1182 3718 artifex
1204 3663 1402 3731 anima,
1438 3677 1528 3717 ars
1560 3679 1686 3718 vero
1714 3664 1980 3720 confessio
2011 3683 2022 3717 :
2047 3665 2249 3735 plectro

675 3762 852 3808 tamen
881 3753 1077 3818 ablato,
1123 3754 1301 3823 lingua
1345 3755 1581 3824 inquam,
1628 3771 1800 3826 neque
1838 3757 2047 3822 artifex,
2076 3773 2248 3827 neque

672 3857 783 3907 ars,
834 3857 1004 3913 neque
1047 3842 1455 3898 instrumentum
1493 3845 1679 3900 inutile
1707 3847 1897 3914 evasit,
1935 3847 2028 3901 sed
2069 3850 2246 3902 omnia

667 3933 922 3988 virtutem
952 3949 1103 3988 suam
1127 3935 1492 3991 ostenderunt.
1523 3936 1652 4004 Quis
1681 3937 1794 3992 haec
1822 3937 1981 3993 fecit?
2009 3942 2127 4009 quis
2155 3943 2247 3995 ad—

668 4022 931 4078 mirabilia
962 4022 1076 4077 hacc
1100 4025 1330 4079 ostendit
1354 4040 1576 4095 quaeque
1609 4039 1819 4080 omnem
1845 4037 2097 4096 superant
2125 4030 2244 4099 opi-

670 4112 919 4167 nionem?
949 4112 1090 4167 Deus
1113 4115 1201 4183 qui
1228 4114 1375 4168 solus
1416 4113 1678 4168 mirabilia
1722 4113 1870 4181 facit,
1899 4115 1967 4170 de
1990 4132 2094 4186 quo
2121 4118 2246 4173 dicit

673 4202 873 4256 David:
906 4201 1124 4256 Domine
1138 4201 1386 4257 Dominus
1425 4213 1617 4272 noster,
1651 4221 1807 4275 quam
1838 4206 2134 4261 admirabile
2175 4218 2246 4262 est

668 4312 847 4350 nomen
878 4306 1021 4348 tuum
1047 4295 1098 4348 in
1121 4295 1352 4348 universa
1378 4297 1542 4349 terra!
1568 4299 1803 4365 quoniam
1824 4299 2012 4351 elevata
2042 4309 2110 4353 rat
2138 4317 2246 4352 uta-

669 4384 961 4456 gniﬁccntia
985 4391 1074 4438 tua
1097 4399 1250 4454 super
1272 4383 1423 4439 calor
1447 4399 1467 4438 .'
1491 4401 1554 4440 ea:
1581 4403 1668 4440 ore
1691 4388 1960 4457 infantium
1981 4399 2028 4442 et
2054 4390 2244 4444 lacteu-

669 4479 794 4530 tiunt
835 4475 1084 4546 perfeciin
1131 4475 1330 4530 laudem
1364 4473 1536 4548 (Psal.
1583 4477 1638 4532 8.
1689 4477 1744 4531 2.
1783 4478 1860 4550 3).
1905 4481 2078 4550 Atque
2118 4490 2243 4536 tunc

664 4563 879 4636 quidem
905 4578 970 4620 ex
993 4579 1094 4621 ore
1126 4552 1403 4620 infantium
1442 4575 1498 4622 et
1536 4567 1864 4637 laetentium,
1896 4585 2036 4624 nunc
2062 4580 2238 4625 autem

1375 377 1430 433 S.
1472 376 1744 434 JOANNIS
1777 375 2242 438 CllllYSOSTOMl
2283 374 2592 433 ARClllEP.
2632 375 3160 434 CONSTANTINOP.

3857 365 3952 424 612

2385 510 2451 550 ex
2497 511 2592 550 ore
2631 496 2919 566 clinguium
2945 513 2957 549 :
2983 504 3106 550 tunc
3148 502 3334 548 natura
3379 492 3689 556 immatura,
3725 506 3861 548 nunc
3899 507 3958 547 οι

2385 585 2562 655 lingua
2590 601 2811 640 vacuum
2837 626 2848 638 .
2883 595 3006 640 tunc
3033 594 3146 638 erat
3167 583 3220 637 in
3258 583 3436 651 pueris
3468 581 3649 636 mollis
3670 580 3834 637 radix.
3870 585 3958 638 sed

2385 675 2588 730 fructus
2632 675 2932 745 perfectus;
2971 675 3056 728 hic
3109 682 3285 727 autem
3330 681 3385 727 et
3426 672 3541 741 ipsa
3591 669 3740 723 radix
3790 667 3953 721 ablata

2384 776 2527 832 erat,
2578 777 2628 822 et
2680 766 2880 822 fructus
2926 765 3200 836 generatio
3255 779 3360 817 non
3405 759 3792 832 prohibebatur
3832 775 3846 810 :
3882 766 3958 811 est

2383 859 2525 913 enim
2575 874 2678 914 vox
2733 860 2925 928 linguae
2966 858 3189 912 fructus.
3240 855 3377 910 Sunt
3423 868 3612 908 revera
3669 847 3956 920 posteriora

2383 949 2647 1019 prioribus
2677 949 3018 1003 mirabiliora.
3060 947 3293 1010 Etenim,
3323 959 3389 998 ne
3428 943 3511 998 bis
3552 941 3714 994 fidem
3743 952 3847 991 non
3873 933 3956 987 ad-

2385 1039 2630 1104 hibeatis,
2663 1039 2747 1093 illa
2778 1048 3058 1108 propterea
3096 1043 3503 1107 praecesserunt,
3548 1042 3606 1087 ut
3644 1031 3698 1085 in
3730 1029 3813 1082 his
3857 1040 3956 1080 non

2380 1132 2778 1197 conturbemur,
2820 1146 2940 1186 cum
2986 1132 3042 1185 in
3086 1131 3190 1184 illis
3231 1127 3390 1182 fuerit
3421 1127 3636 1180 animus
3674 1129 3956 1174 assuetus:

2381 1220 2500 1276 ideo
2543 1222 2657 1275 haec
2685 1229 3003 1285 evenerunt,
3038 1231 3097 1276 ut
3146 1220 3236 1273 illa
3261 1232 3380 1287 qua:
3419 1218 3590 1270 latent
3631 1222 3688 1266 et
3723 1222 3846 1265 sunt
3874 1223 3958 1261 ve-

2381 1320 2512 1376 tera,
2545 1327 2608 1364 ex
2651 1309 2944 1366 manifestis
2983 1322 3037 1365 et
3065 1311 3128 1364 iis
3162 1326 3280 1379 qua:
3309 1314 3435 1362 sunt
3467 1320 3662 1360 recens
3689 1303 3819 1355 facta
3847 1315 3958 1353 cre-

2378 1399 2590 1454 dantur.
2626 1401 2714 1455 Sic
2746 1401 3032 1471 aliquando
3058 1401 3286 1454 Aaronis
3328 1412 3541 1468 quoque
3584 1397 3735 1464 virga
3765 1392 3954 1457 ﬂoruit,

2378 1492 2514 1544 sicut
2553 1506 2693 1546 nunc
2735 1507 2794 1546 os
2825 1492 3077 1561 martyris
3126 1489 3461 1560 germinavit.
3503 1486 3613 1541 Sed
3641 1497 3868 1554 quanam
3894 1479 3954 1535 de

2377 1597 2534 1636 causa
2577 1584 2722 1653 virga
2776 1592 2899 1637 tunc
2952 1583 3180 1635 Aaronis
3233 1579 3550 1650 germinavit
3603 1575 3792 1646 (Num.
3847 1572 3952 1642 l7)?

2377 1672 2636 1737 Quoniam
2669 1671 2920 1726 sacerdos
2963 1670 3302 1725 contumeliis
3327 1667 3686 1722 afficiebatur.
3725 1663 3954 1730 Quanam

2373 1771 2548 1816 autem
2575 1763 2640 1817 de
2685 1779 2842 1817 causa
2871 1777 3013 1817 nunc
3051 1776 3114 1815 os
3143 1760 3389 1830 martyris
3427 1755 3790 1827 germinavit?
3819 1752 3954 1819 Quo-

2375 1854 2514 1906 niam
2555 1853 2882 1922 blasphemia
2923 1859 2977 1906 et
3003 1851 3301 1906 maledictis
3323 1847 3704 1903 incessebatur
3731 1854 3947 1910 magnus

2375 1942 2612 1997 Pontifex
2631 1942 3066 1997 Jesus‘Cbristus.
3098 1939 3230 1994 Vide
3251 1953 3377 2009 ergo
3397 1945 3596 2008 quanta
3620 1935 3692 1990 sit
3719 1929 3949 1986 miraculi

2371 2033 2616 2102 cognatio
2658 2039 2713 2085 et
2749 2029 3083 2086 excellentia.
3125 2027 3585 2098 Quemadmodum
3632 2025 3776 2080 enim
3813 2022 3952 2089 virga

2373 2125 2462 2178 illa
2493 2139 2596 2177 non
2624 2123 2766 2177 unita
2804 2123 2991 2186 radici,
3019 2136 3119 2176 nec
3149 2137 3212 2175 ex
3246 2129 3384 2174 terra
3407 2118 3629 2173 trahens
3655 2115 3948 2174 humorem,

2371 2217 2463 2270 sed
2510 2217 2650 2269 illius
2699 2230 2860 2270 succo
2911 2213 3400 2284 penitusprivata,
3442 2223 3505 2264 ac
3553 2206 3765 2278 perdita
3809 2199 3951 2255 vitali

2370 2307 2730 2376 frugil'eraque
2771 2307 2987 2371 virtute,
3035 2313 3252 2374 repente
3297 2302 3529 2356 fructum
3575 2292 3948 2352 ostenditzita

2369 2397 2616 2451 nimirum
2649 2398 2734 2450 hic
2752 2412 2964 2466 quoque
2993 2409 3098 2449 vox
3129 2394 3308 2448 radice
3334 2393 3538 2461 privata
3569 2397 3628 2443 et
3655 2387 3764 2440 vim
3788 2399 3855 2438 ex
3875 2382 3945 2434 in-

2366 2499 2662 2545 strumento
2682 2504 2787 2542 non
2826 2489 3049 2552 habens,
3081 2488 3136 2544 in
3158 2488 3301 2540 sicco
3323 2493 3376 2538 et
3403 2482 3572 2537 sterili
3607 2494 3704 2536 ore
3735 2481 3947 2545 repente

2366 2581 2700 2650 germinavit.
2747 2581 2806 2634 In
2855 2580 2955 2632 hoc
2993 2578 3207 2648 quidem
3236 2574 3504 2645 cognatio,
3540 2573 3594 2626 in
3625 2569 3731 2624 alio
3774 2575 3946 2619 autent

2367 2681 2449 2726 est
2475 2671 2790 2725 excellentia
2823 2687 2834 2721 :
2864 2669 3003 2723 inter
3034 2677 3316 2736 utrumque
3343 2665 3483 2719 enim
3532 2662 3767 2716 fructum
3816 2654 3946 2709 mul-

2367 2771 2474 2816 tum
2505 2763 2743 2814 interest.
2772 2759 2902 2814 Nam
2949 2759 3041 2813 ille
3074 2758 3289 2828 quidem
3323 2754 3535 2810 sensilis
3565 2760 3702 2815 erat,
3748 2748 3833 2802 hic
3859 2760 3944 2800 au-

2366 2863 2470 2907 tem
2501 2852 2810 2937 spiritualis,
2843 2860 2897 2905 et
2923 2851 3067 2920 ipsos
3103 2849 3263 2904 czelos
3310 2846 3559 2916 aperiens
3585 2845 3659 2908 ei,
3691 2840 3780 2910 qui
3828 2847 3944 2892 tunc

2360 2956 2480 2996 eam
2509 2928 2696 2995 vocem
2736 2940 2995 2995 ediderat.
3029 2939 3133 2992 Pro
3172 2938 3256 2991 his
3293 2935 3541 2990 omnibus
3573 2928 3798 3002 martyri
3824 2940 3934 2997 gran
4027 2939 4035 2946 ’

2361 3032 2613 3098 tulemur,
2647 3032 2812 3085 Deum
2838 3030 3214 3101 glorificemus,
3250 3027 3339 3096 qui
3370 3025 3484 3080 lucc
3510 3023 3642 3078 facit
3670 3017 3936 3079 miracula,

2360 3125 2632 3180 imitemur
2670 3124 2915 3178 conservi
2964 3123 3291 3191 patientiam,
3333 3119 3531 3190 gratias
3576 3128 3797 3186 agamus
3841 3112 3939 3164 Do-

2360 3215 2506 3270 mino
2543 3229 2638 3282 pro
2663 3216 2830 3285 gratia
2859 3233 2871 3267 :
2900 3229 2965 3268 ex
2998 3213 3062 3267 iis
3092 3227 3210 3282 qua:
3237 3211 3376 3267 dicta
3419 3218 3563 3276 sunt,
3592 3206 3937 3263 sufﬁcientem

2358 3307 2413 3361 in
2454 3306 2831 3360 tentationibus
2875 3304 3292 3360 consolationem
3334 3301 3684 3370 accipiamus,
3731 3304 3784 3352 et
3828 3293 3930 3357 Dei,

2357 3399 2446 3469 qui
2473 3414 2572 3452 nos
2597 3397 2739 3466 fecit,
2771 3399 3060 3467 potentiam
3081 3405 3135 3449 et
3159 3409 3340 3460 curam
3368 3392 3699 3446 admirantes
3724 3403 3788 3441 ac
3815 3399 3933 3456 pro-

2355 3489 2666 3554 videntiam,
2711 3489 2889 3543 omnia
2915 3502 3035 3557 quae
3080 3501 3145 3540 ex
3179 3484 3332 3539 nobis
3376 3490 3501 3537 sunt
3540 3481 3846 3543 offeramus,
3880 3481 3934 3527 et

2354 3594 2472 3651 qua:
2499 3595 2564 3635 ex
2605 3593 2670 3633 eo
2715 3587 2859 3644 sunt,
2909 3577 3126 3631 omnino
3154 3582 3569 3644 consequentur.
3598 3571 3724 3626 Sive
3769 3564 3933 3622 homi-

2353 3686 2471 3736 nes,
2502 3671 2619 3725 sive
2655 3669 2946 3734 daemones,
2975 3668 3087 3722 sive
3115 3666 3230 3736 ipse
3257 3664 3497 3720 diabolus
3519 3662 3814 3728 adversum
3841 3668 3931 3710 nos

2352 3762 2658 3831 depugnet,
2697 3759 2831 3813 nihil
2876 3757 3151 3829 proﬁcient
3199 3757 3273 3824 ii,
3319 3755 3408 3824 qui
3457 3767 3559 3806 nos
3589 3751 3930 3822 Oppugnant:

2352 3851 2514 3906 modo
2537 3860 2837 3921 promptum
2866 3856 3104 3902 nostrum
3125 3846 3288 3900 animi
3311 3843 3541 3899 studium
3568 3837 3925 3898 ostendamus,

2346 3951 2408 3997 et
2430 3957 2548 4012 quae
2585 3956 2616 3994 a
2651 3941 2806 3996 nobis
2830 3939 3006 3994 afferri
3036 3945 3267 4010 oportet,
3306 3935 3485 3992 omnia
3509 3932 3814 3988 aﬂ’eramus.
3845 3923 3927 3980 Sic

2350 4035 2494 4090 enim
2523 4041 2577 4088 et
2601 4033 2689 4088 hic
2718 4033 2810 4088 Dei
2843 4031 3095 4086 auxilium
3131 4027 3484 4093 attrabemus,
3531 4036 3586 4081 et
3621 4026 3677 4079 in
3717 4021 3821 4076 vita
3846 4015 3925 4070 fu-

2349 4132 2466 4179 tura
2497 4138 2684 4192 magna
2704 4122 2876 4192 gloria
2899 4131 2955 4176 et
2974 4121 3144 4175 salute
3167 4117 3503 4190 perfrucmur
3532 4133 3545 4167 :
3575 4128 3737 4185 quam
3767 4106 3921 4164 nobis

2349 4217 2596 4271 omnibus
2615 4215 2865 4285 consequi
2893 4213 3066 4278 detur,
3095 4211 3265 4285 gratia
3293 4219 3346 4264 et
3374 4207 3704 4278 benignitate
3725 4195 3921 4258 Domini

2349 4307 2516 4362 nostri
2541 4307 2666 4361 Jesu
2692 4305 2910 4370 Christi,
2942 4319 3062 4358 cum
3088 4317 3194 4372 quo
3229 4301 3372 4354 Patri
3396 4300 3556 4353 simul
3583 4313 3706 4352 cum
3731 4291 3918 4366 Spiritu

2348 4407 2531 4452 sancto
2557 4399 2743 4468 gloria,
2769 4396 2946 4453 honor
2971 4403 3026 4450 et
3051 4395 3353 4465 imperium,
3393 4393 3447 4447 in
3476 4391 3676 4446 saccula
3710 4383 3919 4444 saeculo-

2345 4505 2486 4545 rum.
2515 4491 2705 4544 Amen.

657 4697 3891 4725 ._._______________________________________________,__._

1017 4773 1230 4877 DE
1309 4776 1946 4884 SANCTO
2006 4780 2346 4886 MJIR
2374 4784 2476 4886 T
2491 4779 2791 4886 YRE
2863 4776 3567 4890 ROMANO.

2125 4984 2526 5020 W—

1252 5115 1443 5156 onuto
1482 5116 1515 5155 η
1544 5101 1640 5170 (α).

730 5192 786 5245 ί.
827 5187 1111 5260 Martyrum
1159 5193 1642 5245 conmtemorationis
1689 5192 1906 5247 utilitas.
1950 5191 2233 5262 Descriptio

651 5282 1051 5351 peracquutionis
1077 5269 1404 5338 similitudine
1426 5301 1459 5338 a
1480 5286 1608 5338 mari
1627 5299 1846 5357 sumpta.
1874 5317 1943 5327 -—
1968 5288 2233 5343 Palmstrm

659 5371 871 5440 quidem
900 5374 1210 5441 corporibus
1240 5377 1400 5430 robur
1439 5391 1502 5432 ac
1542 5379 1784 5448 peritiam
1815 5380 2075 5436 athleticm
2103 5384 2234 5437 artis

657 5466 954 5534 acquirunt,
993 5475 1280 5538 martyrum
1310 5482 1437 5525 vero
1473 5475 2004 5530 commemorationes
2029 5477 2233 5531 animas

659 5554 912 5613 adversus
941 5559 1239 5615 dazmonum
1275 5571 1418 5618 artes
1443 5572 1672 5632 armant,
1715 5574 1770 5619 et
1807 5575 1989 5621 contra
2018 5568 2139 5624 illos
2164 5569 2230 5624 ad

659 5646 852 5700 lnetam
878 5649 1170 5704 instituunt.
1205 5651 1336 5705 Dum
1383 5655 1520 5707 enim
1557 5657 1695 5711 vires
1724 5654 1997 5712 athleticas
2025 5668 2077 5713 et
2100 5675 2228 5716 con-

722 5736 794 5801 (u)
827 5738 998 5789 foliata
1020 5755 1127 5790 cum
1154 5751 1229 5793 iis.
1259 5747 1402 5810 Regio
1419 5746 1558 5797 2541..

2348 5103 2544 5156 titmam
2573 5117 2691 5156 cum
2717 5103 2895 5172 ﬂagris
2930 5103 3122 5156 luctam
3157 5103 3364 5172 publice
3391 5102 3637 5172 produnt,
3671 5101 3904 5172 pietatem
3999 5159 4001 5167 ι

2345 5194 2561 5247 audacia
2605 5195 2976 5259 corroborant,
3004 5201 3058 5246 et
3091 5194 3142 5246 in
3173 5194 3499 5248 cruciatuum
3531 5184 3901 5246 narrationibus

2345 5295 2608 5353 tamquam
2638 5286 2689 5338 in
2717 5285 2901 5339 stadiis
2925 5284 3239 5355 quibusdam
3261 5294 3482 5338 stratum
3513 5298 3542 5336 a
3570 5281 3751 5354 quovis
3775 5288 3901 5331 mar-

2344 5385 2457 5444 tyre
2502 5377 2822 5430 curriculum
2852 5385 3175 5446 proponunt.
3208 5376 3350 5430 Talis
3380 5386 3460 5430 cst
3505 5376 3748 5448 martyris
3773 5370 3893 5439 ejus.

2340 5464 2430 5534 qui
2456 5465 2614 5520 hodie
2656 5477 2939 5521 coronatus
2967 5478 3070 5532 est,
3102 5467 3561 5522 commemoratio.
3608 5468 3732 5533 Quis
3767 5461 3894 5518 enim

2340 5557 2393 5610 in
2423 5556 2590 5610 stadia
2632 5556 2886 5612 adversus
2929 5557 3196 5612 diabolum
3243 5559 3494 5612 audacter
3522 5573 3627 5610 non
3657 5551 3890 5625 prosiliat.

2340 5667 2459 5706 cum
2490 5653 2717 5706 animam
2745 5667 2892 5706 suam
2920 5653 3168 5721 martyris
3202 5651 3581 5705 certaminibus
3608 5637 3888 5702 instituerit.

2349 5761 2502 5818 quem
2531 5753 2606 5799 tot
2633 5744 2984 5815 periculorum
3017 5741 3295 5799 multitudo
3323 5757 3423 5798 non
3456 5737 3748 5795 concussit?
3773 5734 3889 5789 Turn
