4082 6422
195 376 289 428 θη

194 483 387 553 ἐφοεού
411 480 505 551 τὴν
535 480 798 549 γλῶτταν,
847 474 894 533 ὦ
939 480 1103 552 μιαρέ
1134 480 1229 534 καὶ
1274 479 1591 550 παμμίαρε,
1623 476 1768 537 τίνος

188 570 371 622 ἕνεκεν
405 564 576 635 αὐτὴν
604 563 907 635 ἀπέτεμες;
934 565 1080 628 τίνος
1104 565 1291 619 ἕνεκεν
1307 565 1415 618 οὐκ·
1426 564 1645 633 ἀφῆκας
1661 561 1783 615 τῶν

186 648 582 718 παλαισμάτων
611 645 712 717 τὴν
732 646 1013 711 ὑπόθεσιν,
1055 646 1171 701 ἀλλ’
1200 648 1534 710 ἀπέκλεισας
1561 645 1623 698 τὸ
1643 645 1773 698 στά-

183 734 323 796 διονς
364 731 577 801 Ὠσπερ
617 728 684 783 ἂν
713 730 772 783 ετΔ
793 747 877 793 τις
908 731 1346 803 παγκρατιάζειν
1387 730 1618 801 μέλλων,
1650 723 1771 782 εἶτα

182 814 400 885 πληγάς
420 812 661 881 ἀφάτους
678 811 879 876 λαϐὼν,
906 813 1002 866 καὶ
1037 815 1111 885 μὴ
1140 814 1441 884 δυνάμενος
1454 810 1772 880 ἀντιστῆναι

177 896 384 961 λοιπὸν,
427 894 735 950 κελεύσειεν
772 898 1075 967 ἐκκοπῆναι
1103 896 1200 950 τοῦ
1230 895 1636 965 ἀνταγωνιστοῦ
1671 895 1772 959 τὰς

174 982 392 1051 χεῖρας,
427 979 524 1054 καὶ
562 978 737 1041 οὕτως
762 980 929 1033 αὑτὸν
950 979 1123 1044 παίοι,
1162 981 1222 1033 οὐ
1254 980 1415 1053 χρεία
1442 978 1628 1033 λοιπὸν
1661 977 1772 1030 ἐτέ·

176 1078 282 1132 ρας
315 1061 650 1129 ἀποδείξεως
672 1060 809 1132 πρὸς
836 1060 896 1113 τὸ
919 1062 1021 1133 τὴν
1048 1062 1315 1133 νίκην-τῷ
1332 1062 1432 1126 τὰς
1466 1064 1655 1133 χεῖρας
1681 1060 1784 1113 ὲκ-Δ

171 1142 404 1197 κοπέντι
428 1142 791 1214 ψηφίσασθαι·
816 1143 961 1198 οὕτω
992 1144 1056 1217 δὴ
1092 1144 1240 1219 [616]
1271 1146 1367 1200 καὶ
1398 1147 1491 1199 ἐπὶ
1511 1143 1605 1198 τοῦ
1632 1143 1771 1214 μάρ-

169 1245 339 1300 τυρος
390 1229 711 1298 σαφεστέρα
760 1229 979 1283 πάντων
1025 1229 1299 1296 ἀπόδειξις
1324 1230 1361 1300 ἡ·
1401 1230 1500 1299 τῆς
1524 1228 1772 1299 γλώττης

169 1312 388 1383 ἐκκοπὴ
429 1312 621 1379 γέγονε
647 1310 749 1381 τῆς
773 1310 917 1365 κατά
949 1312 1043 1365 τοῦ
1075 1312 1323 1367 διαϐόλου
1358 1311 1535 1381 νίκης.
1554 1310 1632 1365 -Εί
1662 1312 1772 1380 γάρ

168 1396 267 1449 καὶ
288 1393 465 1465 θνητὴ
504 1389 632 1464 ῆνή
658 1392 895 1462 γλῶττα,
926 1394 1055 1448 ἀλλ’
1104 1395 1295 1465 ἐπειδὴ
1332 1395 1578 1449 ἀθάνατα
1604 1394 1773 1466 τραύ-

172 1494 323 1546 ματα
369 1476 573 1530 δέδωκε
625 1475 705 1546 τῷ
743 1476 995 1547 διαϐόλῳ,
1040 1478 1130 1531 διά
1175 1477 1335 1532 τοῦτο
1389 1477 1512 1531 κατ’
1553 1478 1771 1545 ἐκείνης

168 1562 440 1613 έπνευσεν
470 1558 609 1623 ὅλος,
642 1558 835 1612 ἑαυτὸν
874 1558 974 1630 μὲν
1014 1561 1093 1624 είς
1130 1558 1353 1631 μείζονα
1381 1558 1656 1613 καθιστῶν
1679 1561 1769 1613 αί-

170 1643 404 1714 σχύνην,
426 1640 505 1712 τῷ
539 1642 596 1695 δέ
634 1642 873 1713 μάρτυρι
906 1642 1292 1714 λαμπρότερον
1331 1642 1501 1695 ποιῶν
1534 1640 1626 1693 τὸν
1651 1640 1773 1694 στέ-

170 1743 364 1794 φανον.
410 1724 623 1795 Ὠσπερ
652 1724 763 1796 γὰρ
816 1725 1128 1795 θαυμαστὸν
1162 1726 1331 1797 χωρὶς
1367 1724 1523 1798 ῥίζης
1553 1724 1773 1795 δένδρον

172 1812 323 1870 ἰδεῖν,
376 1808 475 1877 καὶ
522 1808 695 1879 χωρὶς
736 1808 919 1879 πηγῆς
969 1808 1237 1879 ποταμόν’
1273 1807 1418 1863 οὕτω
1458 1808 1551 1862 καὶ⁸
1602 1808 1771 1879 χωρὶς

169 1892 425 1963 γλώττης
454 1894 663 1963 φωνήν.

239 1975 308 2030 δ’.
338 1975 455 2031 Ποῦ
473 1975 570 2028 νῦν
586 1977 724 2029 εἰσιν
738 1977 786 2029 οί
810 1978 878 2047 τῇ
915 1975 1023 2031 τῶν
1040 1976 1310 2046 σωμάτων
1338 1976 1631 2030 ἀναστάσει
1658 1975 1797 2029 δια-»η

171 2062 531 2125 πιστοῦντες;
586 2059 719 2113 Ἰδοὺ
746 2062 779 2130 ή
826 2060 979 2130 φωνὴ
1012 2061 1106 2113 καὶ
1138 2059 1377 2114 ἀπέθανε
1416 2061 1511 2112 καὶ
1546 2061 1772 2129 ἀνέστη,

170 2143 266 2196 καὶ
289 2143 350 2194 ἐν
373 2140 697 2213 μιᾷλκαιροῦ
729 2143 870 2212 ῥοπῇ
902 2141 1076 2195 ταῦτα
1096 2143 1383 2212 ἀμφότερα
1416 2142 1775 2211 γέγονε.Καί-

171 2242 251 2277 τοι
287 2223 451 2278 τοῦτο
480 2224 579 2294 τῆς
607 2223 721 2277 τῶν
756 2224 1029 2294 σωμάτων
1060 2224 1414 2288 ἀναστάσεως
1444 2225 1623 2296 πολλῷ
1658 2228 1775 2292 μεῖ-

170 2308 265 2372 ζόν
301 2310 471 2362 ἐστιν·
506 2310 631 2361 ἐκεῖ
656 2308 757 2379 μὲν
795 2309 904 2378 γάρ
939 2309 972 2378 ἡ
1009 2306 1171 2376 φύσις
1196 2307 1307 2362 τῶν
1351 2309 1619 2378 σωμάτων
1640 2308 1774 2363 ὑπό-

172 2409 378 2465 κειται,
412 2393 445 2462 ἠ
481 2391 734 2455 σύνθεσις
776 2390 833 2444 δὲ
870 2390 1179 2445 διαλέλυται
1228 2392 1408 2464 μόνον·
1458 2393 1690 2448 ἐνταῦθα
1716 2394 1795 2447 δὲ)

169 2475 317 2546 αὑτὴ
406 2474 664 2538 ὑπόθεσις
684 2474 787 2543 τῆς
818 2474 1005 2543 φωνῆς
1040 2474 1300 2545 ἀνῄρητο,
1327 2474 1440 2527 ἀλλ’
1457 2475 1608 2545 ὅμως
1642 2475 1777 2546 λαμ-

169 2558 425 2627 προτέρα
453 2557 618 2610 πάλιν
653 2556 923 2624 ἐγίγνετο.
957 2556 1151 2610 Καίτοι
1190 2574 1254 2626 γε
1286 2556 1451 2611 αύλοῦ
1478 2558 1576 2621 τὰς
1601 2558 1775 2626 γλωτ-

168 2643 327 2706 τίδας
351 2642 419 2695 ἂν
442 2640 667 2713 ἀφέλῃς,
714 2640 988 2713 ἄχρηστον
1013 2641 1201 2695 λοιπὸν
1230 2644 1407 2695 κεῖται
1427 2642 1489 2701 τὸ
1518 2642 1797 2714 ὄργανον”

167 2727 291 2782 ἀλλ’
315 2726 416 2795 οὐχ
450 2724 624 2788 οὕτως
651 2727 681 2778 6
702 2725 865 2789 αὐλὸς
903 2727 933 2777 6
966 2727 1358 2796 πνευματικὸς,
1394 2726 1530 2780 ἀλλὰ
1560 2727 1655 2780 καὶ
1677 2727 1775 2797 τὴν

167 2810 423 2878 γλῶτταν
456 2806 775 2877 ἀφαιρεθεὶς
807 2808 870 2861 ού
917 2807 1076 2879 μόνον
1130 2809 1232 2861 οὐκ
1279 2804 1347 2879 ἦν
1375 2808 1613 2877 άφωνος,
1638 2807 1776 2861 ἀλλά

169 2894 271 2947 καὶ
300 2891 706 2963 ἐμμελέστερον
736 2890 833 2943 καὶ
872 2890 1279 2962 μυστικώτερον
1298 2891 1448 2961 ἠφίει
1481 2890 1661 2961 μέλος,
1680 2892 1775 2945 καὶ

173 2975 320 3047 μετὰ
350 2974 598 3038 πλείονος
624 2974 726 3044 τῆς
778 2973 1114 3044 ἐκπλήξεως.
1158 2976 1268 3027 Καὶ
1301 2976 1395 3027 ἐπὶ
1442 2975 1675 3046 κιθάρας
1718 2975 1783 3027 δὲ

171 3061 365 3119 πάλιν,
396 3058 464 3113 ἂν
501 3058 563 3111 τδ
594 3057 874 3128 πλῆκτρόν
905 3075 989 3120 τις
1020 3057 1307 3129 ἐξαρπάσῃ
1341 3057 1522 3127 μόνον,
1552 3058 1722 3130 ἀργὸς
1748 3059 1777 3111 6

170 3143 453 3214 τεχνίτης,
495 3144 770 3212 ἄχρηστος
795 3142 828 3211 ἡ
858 3140 1040 3211 τέχνη,
1072 3141 1301 3211 μάταιον
1328 3141 1389 3194 τὸ
1415 3142 1647 3213 ὄργανον
1690 3143 1778 3211 γίὲ

172 3242 391 3296 γνεταιο
423 3225 657 3279 ἐνταῦθα
707 3224 765 3277 δὲ
809 3224 963 3277 οὐδὲν
1007 3225 1267 3290 τοιοῦτον,
1297 3224 1432 3278 ἀλλὰ
1466 3227 1777 3279 τούναντίον

172 3312 345 3366 ἅπαν.
392 3310 504 3363 Καὶ
526 3308 636 3379 γάρ
683 3304 751 3380 ἦν
778 3308 981 3379 κιθάρα
1006 3308 1067 3375 τὸ
1098 3309 1292 3379 στόμα,
1321 3305 1386 3378 ἦν
1410 3310 1685 3381 πλῆκτρον
1739 3312 1775 3381 ἠ

173 3395 418 3463 γλῶττα,
448 3391 698 3461 τεχνίτης
733 3390 790 3443 δὲ
826 3392 859 3460 ἡ
890 3390 1057 3460 ψυχὴ,
1100 3392 1193 3443 καὶ⁵
1230 3390 1394 3462 τέχνη
1432 3394 1465 3461 ἡ
1493 3393 1791 3463 ὁμολογίαν

175 3479 291 3532 ἀλλ’
319 3479 471 3548 ὅμως
498 3474 897 3546 ἀφαιρεθέντος
938 3474 1032 3528 τοῦ
1065 3474 1369 3545 πλήκτρου,
1398 3476 1501 3545 τῆς
1523 3475 1779 3547 γλώσσης

174 3562 343 3628 λέγω,
379 3559 501 3613 οὔτε
533 3561 562 3612 6
582 3558 853 3627 τεχνίτης,
878 3556 1001 3610 οὔτε
1033 3560 1066 3627 ἡ
1089 3557 1276 3628 τέχνη,
1299 3557 1423 3610 οὔτε
1452 3558 1775 3629 τδὸργανον

175 3645 453 3713 ἄχρηστον
483 3641 728 3709 γέγονεν,
754 3640 895 3696 ἀλλὰ
940 3642 1119 3693 πάντα
1148 3641 1249 3711 τὴν
1288 3641 1497 3695 οἰκείαν
1543 3641 1777 3713 δύναμιν

176 3727 552 3782 ἐπεδείκνυτο.
593 3725 690 3787 Τίς
721 3724 894 3777 ταῦτα
927 3725 1187 3793 ἐποίησε;
1225 3724 1309 3785 τίς
1333 3724 1504 3777 ταῦτα
1533 3724 1776 3791 ἐπέδειξε

174 3811 247 3863 τὰ
271 3807 566 3879 θαυμαστὰ
600 3808 694 3862 καὶ
717 3806 1027 3879 παράδοξα;
1073 3808 1129 3859 'U
1155 3806 1285 3870 Θεὸς
1313 3808 1341 3858 6
1372 3807 1540 3860 ποιῶν
1562 3806 1778 3879 θαυμά-

179 3910 274 3947 σια
313 3893 496 3962 μόνος,
523 3892 650 3962 περὶ
670 3883 733 3943 οῦ
767 3908 929 3961 φησιν
970 3892 999 3943 6
1047 3889 1231 3954 Δαυῒδ,
1278 3892 1455 3957 Κύριε
1487 3894 1520 3945 ό
1558 3892 1776 3960 Κύριος

178 3974 374 4045 ἡμῶν,
428 3974 509 4039 ὡς
556 3974 907 4044 θαυμαστὸν
934 3973 1001 4026 τὸ
1039 3974 1375 4042 ὄνομά’σου
1404 3974 1474 4027 ἐν
1503 3972 1673 4043 πάσῃ
1701 3974 1777 4044 τῇ

181 4057 288 4129 γῆν
318 4058 409 4111 ὅτι
440 4055 670 4123 ἐπήρθη
720 4058 757 4125 ἠ
800 4055 1285 4125 μεγαλοπρέπειά
1334 4072 1450 4111 σου
1500 4057 1776 4125 ὑπεράνω

177 4141 301 4195 τῶν
322 4138 615 4208 οὐρανῶν·
654 4139 722 4192 ἐκ
763 4142 1063 4208 στόματος
1100 4140 1334 4207 νηπίων
1366 4139 1464 4192 καὶ
1498 4138 1777 4206 θηλαζόν-

178 4240 298 4277 των
324 4222 666 4288 κατηρτίσω
721 4218 1076 4277 αἶνον..Τότε
1132 4222 1229 4291 μὲν
1282 4218 1375 4275 οὖν
1406 4223 1470 4275 ἐκ
1500 4219 1773 4290 στόματος

179 4305 393 4376 νηπίων
422 4305 517 4357 καί
548 4304 912 4375 θηλαζόντων,
940 4306 1034 4358 νῦν
1061 4304 1119 4358 δέ
1150 4307 1213 4357 ὲκ
1251 4306 1519 4375 πόματος
1554 4306 1771 4374 ἀγλιῖη-

200 4595 375 4605 ο-ςν---ο

908 338 945 387 ⁸
1261 366 1325 422 IN
1367 366 1424 422 ε.
1467 360 1817 421 ιιοιιΑΝυιι
1855 356 2268 414 MARTYREM.
2305 353 2369 411 ιι.

412 4600 482 4606 ...ι-
494 4602 1823 4615 Μ--ι--α--Ἦ-ᾙο

3348 357 3455 413 διε

1874 474 2141 527 των-τότε
2169 474 2328 544 φύσιν
2362 476 2556 542 ,ἰωρῖςν
2590 470 2686 523 νῦν
2712 471 2769 552 ᾆέὲ
2797 470 2974 540 στόμα
3006 471 3233 542 ἔρημον·
3273 476 3456 552 ἀπαλή

1872 556 2047 628 τότεὴ
2074 558 2201 629 ῥίζα
2235 559 2327 611 ἐπὶ
2350 556 2459 610 τῶν
2480 554 2683 607 παίδων
2715 549 2804 626 ῆν,
2834 556 2949 609 ἀλλ’
2978 558 3007 610 6
3034 557 3247 630 καρπὸς
3273 549 3457 634 ἀπηρζ

1873 638 2147 710 τισμένος’
2179 639 2414 694 ἐνταῦθα
2437 638 2495 691 δὲ
2523 637 2617 690 καὶ
2647 636 2785 708 αὑτὴ
2826 639 2859 709 ἠ
2894 638 3022 711 ῥίζα
3065 641 3325 714 ἀνῄρητο,
3363 646 3461 700 καὶ

1874 722 2023 793 ήτοῦ
2054 722 2269 794 καρποῦ
2326 723 2543 791 γένεσις
2595 720 2698 775 οὐκ
2750 721 3039 778 ἐκωλύετο⁸
3087 727 3302 796 καρπὸς
3348 728 3462 801 γάρ

1873 806 2121 877 γλώττης
2145 808 2321 879 φωνή.
2356 805 2787 877 Θαυμαστότερα
2800 805 2869 860 τὰ
2892 806 3097 881 ὕστερα
3124 809 3234 864 τῶν
3264 815 3463 885 προτέ-

1878 907 2007 961 ρων.
2068 892 2179 945 Kal
2217 891 2326 963 γὰρ
2356 892 2443 944 ἵνα
2475 890 2652 945 ταῦτα
2704 891 2780 961 μὴ
2810 891 3131 963 ἀπιστῆται,
3175 894 3264 949 διὰ
3300 895 3463 951 τοῦτο

1873 974 2060 1027 ἐκεῖνα
2109 974 2477 1045 προέδραμεν,
2526 974 2613 1027 ἴνα
2640 975 2698 1027 ἐν
2730 973 2940 1039 τούτοις
2969 977 3044 1047 μὴ
3079 977 3459 1050 θορυϐὧμεθα,

1872 1056 1973 1125 τῆς
2019 1056 2259 1120 διανοίας
2295 1056 2555 1127 ήμῶνηέν
2608 1056 2839 1118 ἐκείνοις
2886 1058 3303 1129 προεθισθείσης
3361 1062 3464 1118 Διὰ

1837 1200 1841 1204 γ
1872 1138 2051 1201 τοῦτο,
2074 1139 2247 1193 ταῦτα
2276 1140 2613 1211 ἀπήντησεν,
2644 1139 2731 1195 ἵνα
2755 1140 2938 1195 ἐκεῖνα
2966 1142 3035 1197 τὰ
3056 1144 3235 1216 ἀφανῆ
3268 1144 3362 1199 καὶ
3394 1145 3464 1200 τά

1875 1221 2082 1276 παλαιὰ
2102 1222 2211 1275 ἀπὸ
2238 1221 2347 1276 τῶν
2389 1215 2637 1293 φανερῶν
2682 1224 2777 1277 καὶ
2807 1226 3003 1279 νεωστὶ⁵
3036 1215 3347 1299 γενομένων.
3373 1246 3465 1283 πι-

1875 1305 2155 1375 στεύηται.
2184 1303 2346 1361 Οὕτω
2370 1305 2502 1359 ποτὲ
2532 1306 2629 1359 καὶ
2652 1308 2685 1378 ὴ
2714 1306 2910 1376 ῥάϐδος
2960 1309 3171 1379 Ἀαρὼν
3199 1311 3465 1384 ἐϐλάστη-

1867 1405 1987 1455 σεν,
2011 1388 2202 1461 ὥσπερ
2240 1389 2553 1458 ἐϐλάστησε.
2575 1389 2651 1443 τδ
2676 1390 2854 1461 στόμα
2886 1390 2983 1445 τοῦ
3024 1390 3299 1464 μάρτυρος
3343 1395 3461 1453 νῦν.

1887 1472 2048 1526 Ἀλλά
2072 1472 2221 1536 τίνος
2243 1472 2430 1527 ἐνεκεν
2461 1471 2798 1544 ἐϐλάστησεν
2819 1475 2851 1543 ἡ
2873 1474 3069 1545 ῥάϐδος
3097 1475 3306 1551 ’Λαρὼν
3318 1479 3464 1546 τότ-ες

1887 1555 2109 1627 Ἐπειδὴ
2160 1557 2401 1629 όίερεῦς
2446 1557 2765 1628 ἠτιμάζετο.
2802 1559 2959 1623 Τίνος
2984 1560 3043 1614 δέ
3075 1561 3267 1617 ἐνεκεν-
3308 1563 3468 1618 ἐϐλά-

1876 1655 2040 1711 στησε
2074 1638 2171 1692 νῦν
2203 1639 2267 1692 τὸ
2299 1639 2473 1710 στόμα
2504 1638 2602 1693 τοῦ
2637 1641 2956 1713 μάρτυρος;⁴
2997 1643 3218 1715 Ἐπειδὴ
3246 1646 3467 1718 ὁμέγας

1874 1723 2166 1793 ἀρχιερεὺς
2220 1723 2625 1795 ἐϐλασφημεϊτο
2689 1724 2899 1797 Ἰησοῦς
2943 1728 2973 1780 6
3021 1729 3279 1800 Χριστός.
3324 1732 3468 1806 Ὅρα

1875 1807 2014 1889 πόση
2073 1806 2166 1860 τοῦ
2217 1806 2497 1889 θαύματος
2550 1808 2663 1862 καῖ’
2703 1809 2994 1879 συγγένεια
3048 1813 3142 1869 καί⁵
3196 1815 3464 1889 ὑπεροχή.

1873 1888 2142 1960 Καθάπερ
2176 1888 2284 1961 γὰρ
2315 1890 2499 1960 ἐκείνη
2524 1893 2557 1962 ἠ
2596 1891 2791 1963 ῥάϐδος
2806 1893 2905 1964 οὐχ
2930 1895 3184 1967 ἡνωμένη
3203 1897 3350 1971 ῥίζῃ,
3375 1888 3470 1955 οὗ·

1873 1972 1931 2025 δέ
1952 1972 2188 2026 ἕλκουσα
2203 1974 2323 2054 Ατάς
2347 1975 2458 2028 ἀπὸ
2477 1976 2577 2046 τῆς
2607 1975 2713 2047 γῆς
2739 1977 2974 2043 νοτίδας,
2996 1979 3114 2034 ἀλλ’
3146 1981 3352 2054 ἔρημος
3368 1986 3469 2052 τῆς

1873 2057 2143 2128 χορηγίας
2168 2052 2303 2111 οὖσα
2325 2058 2425 2128 τῆς
2451 2059 2686 2123 ἐκεῖθεν,
2712 2060 2806 2114 καὶ
2832 2061 2928 2134 τὴν
2960 2052 3303 2135 καρπογόνον
3326 2070 3468 2123 ἀπο-

1874 2139 2078 2193 λέσασα
2110 2152 2134 2180 ι
2157 2140 2404 2211 δύναμιν.
2442 2141 2705 2214 ἐξαίφνης
2733 2146 2945 2214 καρπὸν
2975 2146 3195 2213 ἔδειξεν⁹
3237 2150 3381 2205 οὕτω
3404 2152 3469 2223 δὴ

1876 2224 1971 2276 καὶ
2010 2224 2247 2277 ἐνταῦθα
2272 2223 2424 2297 [617]
2450 2227 2487 2296 Δἡ
2520 2226 2672 2299 φωνὴ
2702 2228 2801 2297 τῆς
2819 2226 2975 2301 ῥίζης
3006 2232 3469 2304 άποστερηθεῖσα,

1875 2307 1971 2359 καὶ
2003 2308 2103 2379 τὴν
2132 2308 2198 2359 ἐκ
2236 2308 2331 2361 τοῦ
2360 2303 2597 2379 ὀργάνου
2643 2309 2875 2381 δύναμιν
2912 2313 3012 2367 οὐκ
3044 2303 3266 2385 ἔχουσα,
3300 2317 3357 2370 ἐν
3383 2318 3471 2390 ξη-

1878 2390 1957 2460 ρῷ
1986 2391 2078 2442 καὶ
2101 2391 2281 2462 άγόνῳ
2310 2392 2538 2463 στόματι
2557 2393 2815 2464 ἐξαίφνης
2838 2394 3192 2468 ἐϐλάστησεν.
3244 2402 3330 2455 Ἐν
3351 2402 3475 2457 τού-

1875 2490 1952 2543 τῳ
1983 2473 2082 2543 μὲν
2113 2475 2145 2545 ή
2182 2474 2496 2543 συγγένεια,
2532 2477 2589 2529 ἐν
2640 2477 2812 2549 ἑτέρῳ
2853 2477 2910 2531 δέ
2949 2482 2981 2551 ἡ
3032 2482 3296 2554 ὑπεροχή·
3334 2485 3469 2541 πολὺ

1876 2557 1985 2628 γὰρ
2008 2557 2271 2638 ἐκατέρου
2302 2556 2397 2611 τοῦ
2419 2558 2635 2628 καρποῦ
2679 2558 2736 2613 τὸ
2784 2562 2966 2630 μέσον.
3013 2562 3070 2617 '0
3101 2566 3200 2635 μὲν
3238 2567 3347 2638 γὰρ
3380 2569 3468 2623 αί·

1878 2640 2076 2711 σθητδς
2122 2636 2213 2712 ἦν,
2252 2643 2281 2694 6
2342 2641 2398 2695 δὲ
2448 2644 2841 2713 πνευματικὸς,
2905 2647 2997 2699 καὶ
3048 2650 3174 2713 τοὺς
3206 2636 3470 2723 οὐρανοὺς

1877 2723 2106 2791 ἀνοίγων
2131 2724 2335 2786 αὐτοὺς
2346 2724 2426 2795 τῷ
2442 2726 2544 2795 τὴν
2567 2726 2751 2799 φωνὴν
2763 2727 2967 2801 ταύτην
2988 2731 3307 2787 άποτεκόντι
3322 2735 3467 2790 τότε.

1889 2805 2061 2889 Ὑπὲρ
2091 2804 2155 2876 δὴ
2178 2805 2387 2860 τούτων
2419 2808 2679 2864 ἀπάντων
2704 2811 3094 2883 συγχαίρωμεν
3109 2814 3188 2884 τῷ
3208 2815 3471 2889 μάρτυρι,

1878 2886 2200 2959 δοξάζωμεν
2230 2889 2321 2942 τὸν
2348 2890 2525 2944 ταῦτα
2553 2891 3077 2965 θαυματουργοῦντα
3107 2896 3260 2964 Θεὸν,
3290 2886 3474 2970 μιμη-

1886 2970 2108 3056 σώμεθα
2133 2971 2229 3043 τὴν
2250 2972 2535 3056 ύπομονὴν
2564 2975 2659 3056 τοῦ
2710 2976 3016 3044 συνδούλου,
3055 2982 3465 3056 εὐχαριστήσω-

1885 3069 1985 3123 μεν
2018 3054 2160 3125 ὑπὲρ
2211 3055 2311 3125 τῆς
2337 3055 2663 3127 χάριτοςντῷ
2688 3060 2954 3131 Δεσπότῃ,
2988 3062 3243 3135 λάϐωμεν
3271 3054 3473 3120 ἐκτῶν

1880 3136 2190 3209 εἰρημένων
2246 3138 2438 3208 ἱκανὴν
2499 3141 2559 3194 ἐν
2595 3143 2710 3204 τοῖς
2743 3149 3071 3214 πειρασμοῖς
3100 3149 3470 3221 παράκλησιν,

1882 3222 1977 3274 καὶ
2003 3221 2102 3292 τὴν
2128 3222 2360 3292 δύναμιν
2385 3223 2478 3276 τοῦ
2513 3228 2877 3297 πεποιηκότος
2903 3230 3054 3300 ἡμᾶς
3086 3231 3223 3286 Θεοῦ
3260 3236 3355 3287 καὶ
3372 3231 3476 3304 τὴν

1881 3304 2212 3374 κηδεμονίαν
2252 3305 2720 3375 καταπλαγέντες,
2782 3310 2851 3364 τὰ
2880 3316 3011 3384 παρ’
3054 3314 3265 3370 ἑαυτῶν
3294 3313 3477 3370 πάντα

1880 3389 2248 3459 εἰσφέρωμεν,
2280 3391 2376 3442 καὶ
2404 3390 2472 3443 τά
2503 3392 2635 3462 παρ’
2672 3394 2841 3447 αὐτοῦ
2872 3397 3089 3461 πάντως
3116 3398 3325 3468 ἕψεται.
3351 3403 3473 3457 Κᾶν

1881 3472 2181 3558 ἄνθρωποι,
2210 3472 2313 3558 κᾷν
2341 3473 2618 3558 δαίμονες,
2667 3477 2770 3531 κᾶν
2801 3482 2965 3545 αὐτὸς
2990 3482 3020 3534 6
3052 3481 3301 3550 διάϐολος
3337 3490 3472 3558 ἡμῖν

1882 3554 2153 3641 πυκτεύη,
2205 3555 2369 3608 πλέον
2402 3557 2551 3611 ούδέν
2596 3558 2751 3615 ἔσται
2781 3566 2895 3626 τοῖς
2934 3564 3261 3634 πολεμοῦσιν
3317 3554 3471 3641 ἡμῖν’

1884 3638 2043 3708 μόνον
2078 3639 2145 3692 ἂν
2183 3641 2283 3710 τὴν
2328 3640 2533 3695 οίκείαν
2560 3644 2960 3717 ἐπιδειξώμεθα
3003 3638 3472 3720 προθυμίανίκαὶ

1878 3724 1981 3807 ὅσα
1999 3725 2127 3796 παρ’
2154 3725 2186 3794 ή
2195 3724 2312 3795 μῶν
2329 3727 2703 3798 είσενεχθῆναι
2720 3731 2826 3801 χρὴ
2849 3731 3025 3787 πάντα
3044 3734 3467 3807 είσενέγκωμεν.

1880 3805 2181 3892 Οὕτω-γάρ
2227 3809 2326 3880 τὴν
2357 3810 2509 3881 παρὰ
2555 3812 2647 3865 τοῦ
2688 3813 2824 3867 Θεοῦ
2858 3817 3032 3889 ῥοπὴν
3052 3805 3471 3892 ἐπισπασόμεθα

1880 3889 2132 3955 ἐνταῦθα,
2169 3892 2263 3945 καὶ
2291 3892 2432 3946 κατὰ
2464 3892 2562 3965 τὴν
2594 3894 2894 3966 μέλλουσαν
2925 3899 3071 3970 ζωὴν
3117 3889 3473 3973 πολλῆς-ἀπο-

1878 3972 2152 4044 λαύσομεν
2215 3976 2376 4047 δόξης
2408 3978 2502 4030 καὶ
2543 3981 2839 4051 σωτηρίας·
2891 3977 2959 4053 ἧς
3000 3985 3211 4053 γένοιτο
3259 3972 3471 4053 πάντας

1880 4058 2027 4141 ἡμας
2058 4058 2357 4129 ἐπιτυχεῖν,
2394 4061 2576 4131 χάριτι
2610 4064 2703 4115 καὶ
2731 4064 3110 4138 φιλανθρωπίᾳ
3130 4068 3228 4122 τοῦ
3264 4072 3468 4141 Κυρίου

1880 4139 2038 4226 ὴμῷν
2080 4140 2259 4226 Ἰησοῦ
2293 4143 2554 4218 Χριστοῦ,
2590 4145 2710 4215 μεθ’
2761 4143 2821 4201 οῦ
2857 4147 2935 4219 τῷ
2992 4151 3188 4223 Πατρὶ,
3231 4139 3364 4225 ἄμαὴ
3390 4156 3471 4226 τῷ

1882 4225 2021 4294 ἁγίῳ
2046 4224 2346 4295 Πνεύματι,
2376 4228 2524 4294 δόξα,
2554 4229 2689 4302 τιμὴ
2719 4232 2812 4284 καὶ
2834 4235 3053 4303 κράτος,
3076 4237 3155 4300 είς
3183 4239 3309 4301 τοὺς
3338 4224 3468 4293 αίῶξ-

1878 4326 1973 4373 νας
2003 4309 2109 4362 τῶν
2138 4307 2372 4364 αίὼνων.
2424 4312 2615 4382 Ἀμήν.

1970 4704 1987 4749 1

829 4848 1000 4936 ΕΙΣ
1038 4849 1265 4933 TON
1305 4849 1647 4934 ΑΓΙΟΝ
1696 4851 2208 4938 ΜΑΡΤΥΡΑ
2252 4854 2840 4947 ΡΩΜΑΝΟΝν

832 5233 1023 5300 Λόγος
1050 5233 1132 5296 β’-

252 5316 672 5389 α’.ιῙαλαίστραι
690 5314 789 5385 μέν
804 5314 1052 5386 σώμασιν
1066 5316 1317 5387 ἀνδρείαν
1329 5317 1664 5389 χαρίζονται,
1682 5318 1776 5372 καὶ

185 5399 381 5470 τέχνης
432 5398 736 5469 ἀθλητικῆς
769 5400 1100 5469 ἐπιστήμας·
1142 5400 1435 5471 μαρτύρων
1469 5401 1525 5454 δὲ
1564 5401 1774 5471 μνῆμαι

188 5485 303 5545 ταῖς
338 5482 451 5534 τῶν
481 5481 750 5551 δαιμόνων
781 5481 880 5545 τὰς
904 5482 1079 5553 ψυχάς
1122 5482 1502 5546 ἀνθοπλίζουσι
1530 5484 1771 5554 τέχναις,

188 5567 282 5620 καὶ
326 5566 465 5636 πρὸς
520 5566 621 5628 τὰς
674 5565 796 5618 κατ’
848 5565 1076 5619 ἐκείνων
1127 5566 1536 5637 παιδοτριϐοῦσι
1574 5566 1768 5631 λαϐάς.

188 5647 291 5702 Τὸν
348 5650 459 5720 γάρ
515 5648 807 5717 ἀθλητικὸν
851 5648 1274 5719 δημοσιεύουσαι
1332 5650 1485 5703 τόνον
1532 5650 1627 5703 καὶ
1673 5653 1774 5723 τὴν

190 5731 464 5786 ἀνένδοτον
491 5730 627 5802 πρὸς
668 5730 765 5795 τὰς
798 5732 1069 5803 μάστιγας
1104 5733 1303 5804 πάλην,
1349 5732 1652 5806 ἐγείρουσιν
1692 5739 1771 5800 είς

1884 5233 2087 5321 θάρσος
2118 5238 2219 5321 τὴν
2252 5242 2560 5310 εὐσέϐειαν,
2590 5246 2785 5320 ὥσπερ
2808 5247 2867 5301 ἐν
2892 5248 3180 5321 σκάμμασι
3208 5248 3328 5315 ταῖς
3360 5252 3469 5305 τῶν

1882 5318 2071 5405 παοίῦν
2110 5320 2428 5395 διηγήσεσιν
2473 5330 2577 5384 61:6
2628 5318 2909 5403 μάρτυρος
2948 5318 3149 5396 παντὸς
3171 5335 3470 5405 τεταμένον

1882 5402 2169 5488 προθεῖσαι
2192 5406 2427 5464 δίαυλον.
2465 5402 2769 5485 Τοιαύτηίή
2795 5415 2889 5468 τοῦ
2915 5416 3157 5488 σήμερον
3188 5402 3470 5485 στεφανω-

1880 5483 2067 5571 θέντος
2099 5489 2331 5561 ἀθλητοῦ
2382 5496 2590 5568 μνήμη.
2618 5483 2717 5563 Τίς
2746 5483 2856 5571 γὰρ
2885 5483 3082 5554 οὐκ-ἀν
3110 5499 3179 5554 τά
3212 5483 3355 5553 κατὰ
3375 5500 3469 5553 τοῦ

1878 5568 2127 5656 διαϐόλου
2161 5574 2454 5647 θαρῥήσειε
2478 5582 2783 5651 σκάμματα
2812 5568 2924 5648 τοῖς
2946 5584 3040 5638 τοῦ
3071 5585 3347 5656 μάρτυρος
3370 5584 3469 5654 τὴν

1881 5653 2058 5726 ψυχὴν
2092 5658 2519 5733 παιδοτριϐήσας
2541 5666 2940 5737 παλαίσμασιν,
2966 5668 3026 5722 ὃν
3059 5653 3327 5722 τοσούτων
3351 5653 3468 5721 κινο

1880 5739 2051 5794 δύνων
2065 5741 2124 5794 ού
2145 5744 2432 5799 κατέσεισε
2459 5747 2690 5819 πλῆθος;
2717 5750 2897 5806 Πολλῇ
2927 5752 3035 5825 γάρ
3062 5769 3147 5818 τις
3177 5751 3255 5824 τῷ
3280 5752 3470 5824 κόσμῳ
