4082 6418
640 339 745 397 ωδ

639 461 741 532 τῆς
770 458 1028 523 ἀσεϐείας
1050 458 1171 513 τότε
1195 460 1451 534 τυραννὶς
1482 464 1791 535 ἐνωρχεῖτο,
1824 464 1918 517 καὶ
1941 461 2218 516 θάλασσαν

640 548 707 600 ἐκ
736 542 914 616 βυθῶν
942 543 1195 616 ἐμιμεῖτο
1211 544 1496 616 σειομένην
1514 547 1545 600 ό
1573 545 1711 617 βίος,
1731 545 1929 601 καὶτοῦ
1950 543 2220 612 πελάγους

637 630 722 694 είς
750 627 849 699 τήν
881 628 988 699 γῆν
1040 625 1097 681 αί
1133 628 1420 701 τρικυμίαι
1457 628 1817 701 μετέστησαν,
1871 629 1966 681 καὶ
1991 626 2221 698 σφοδρὸν

634 713 699 767 τὸ
727 711 828 783 τῆς
858 709 1144 775 εὐσεϐείας
1182 710 1391 781 σκάφος
1416 710 1735 776 δυσσεϐείας
1753 710 2065 782 περιήντλει
2092 711 2222 764 κλυ-

634 795 846 860 δώνιον,
869 796 929 849 ἐν
958 788 1003 864 ᾧ
1026 792 1209 848 πολλοὶ
1222 793 1325 865 μὲν
1346 794 1535 865 νεκροὶ
1565 794 1842 865 πανταχοῦ
1865 792 2215 865 κυϐερνῆται,

637 877 852 935 ναυτῶν
877 878 935 933 δέ
967 878 1070 933 οὐκ
1096 876 1280 946 ὀλίγος
1300 877 1535 949 άριθμδς
1566 878 1920 950 ὑποϐρύχιος·
1955 876 2133 931 πάντα
2159 875 2219 929 δέ

632 960 704 1035 ἦν
731 963 912 1033 φόϐων
938 959 1156 1032 πικρῶν
1190 962 1287 1015 καὶ
1329 960 1605 1029 ναυαγίων
1637 961 1941 1031 ἀνάμεστα.
1987 960 2218 1014 Ἐπνεον

636 1045 879 1117 βασιλεῖς
905 1043 1223 1112 καταιγίδος
1263 1042 1645 1114 σφοδρότερον,
1684 1042 1923 1114 φοϐερὰς
1960 1041 2217 1114 τύραννοι

632 1127 928 1200 τρικυμίας
974 1129 1204 1199 ἐπῆγον,
1255 1126 1534 1198 ἀρχόντων
1576 1127 1969 1199 συγκεκίνηντο
2013 1125 2214 1197 θρόνοι,

630 1210 884 1267 δικασταὶ
912 1210 1013 1281 τὴν
1046 1212 1125 1273 είς
1154 1209 1389 1281 Χριστὸν
1414 1204 1983 1283 ἐκήρυττονάρνησιν,
2012 1208 2217 1279 πικράς

631 1293 921 1366 νομοθέται
937 1291 1213 1365 τιμωρίας
1231 1290 1514 1361 ἠπείλουν,
1548 1292 1687 1364 πρὸς
1706 1293 1807 1356 τάς
1823 1291 1930 1349 τῶν
1948 1291 2216 1362 δαιμόνων

630 1378 825 1450 ἀνδρες
853 1376 1044 1441 θυσίας
1099 1375 1431 1447 ἡρπάζοντο,
1469 1375 1619 1448 πρὸς,
1643 1376 1743 1448 τήν
1780 1375 1890 1430 τῶν
1926 1374 2077 1448 [618]
2106 1374 2215 1446 βω-

634 1460 751 1533 μῶν
772 1460 1015 1516 εῖλκοντο
1032 1457 1315 1529 βδελυρίαν
1335 1461 1612 1527 γυναῖκες·
1639 1459 1903 1529 ἐσύροντο
1925 1458 2063 1529 πρὸς
2083 1456 2215 1511 ταύ-

628 1564 731 1620 την
756 1546 853 1600 καὶ
882 1545 1137 1619 παρθένοι
1160 1545 1260 1618 τήν
1288 1543 1512 1609 λύσσαν,
1536 1545 1738 1613 φυγαῖς
1765 1543 1929 1614 ἱερεῖς
1957 1544 2053 1597 καὶ
2078 1558 2216 1613 σφα-

578 1642 583 1647 ’
627 1634 755 1700 γαῖς
780 1630 1145 1702 παρεδίδοντο,
1172 1630 1283 1684 τῶν
1308 1627 1470 1701 ίερῶν
1502 1627 1797 1699 ἠλαύνοντο
1818 1629 1868 1682 οί
1903 1627 2085 1681 πιστοὶ
2117 1642 2216 1679 πε-

630 1712 879 1786 ριϐόλων.
899 1712 1044 1786 Πρὸς
1073 1711 1411 1786 τηλικαύτην
1442 1712 1470 1765 6
1511 1712 1722 1783 μάρτυς
1746 1710 2075 1777 ἐξωπλίζετο
2104 1708 2213 1780 μά-

624 1814 750 1868 χην,
780 1797 877 1851 καὶ
900 1795 1176 1861 τοσούτοις
1202 1798 1302 1868 τὴν
1326 1795 1553 1867 γνώμην
1576 1792 1845 1858 κινδύνοις
1875 1790 2212 1863 ἀνθίστησιν,

623 1882 818 1951 ὥσπερ
863 1880 987 1936 τινά
1023 1879 1363 1951 σκιαμαχίαν
1406 1877 1583 1947 γελῶν
1619 1876 1721 1948 τὴν
1753 1874 2215 1948 παράταξιν,·καὶ

624 1965 877 2039 καθάπερ
909 1967 967 2019 ἐν
1005 1964 1328 2036 σκάμμασιν
1365 1962 1487 2018 ἀντὶ
1516 1961 1721 2025 κόνεως
1750 1961 2035 2032 τῇπίστει
2085 1959 2213 2024 τοὺς

621 2052 884 2115 δικαστάς
915 2049 1310 2115 καταπάσσων,
1329 2046 1475 2102 οὕτω
1505 2045 1606 2117 τὴν
1632 2044 1733 2099 τοῦ
1759 2044 1881 2098 τότε
1903 2042 2217 2108 δικάζοντος

619 2132 940 2207 ἁνεῤῥίπιζε
979 2146 1006 2176 ι
1034 2131 1282 2204 γνώμην,
1322 2129 1523 2203 δρόμον
1570 2128 1721 2199 αὑτῷ
1763 2126 1907 2181 κατά
1944 2128 2046 2198 τῆς
2086 2126 2211 2180 Ἐκ-

620 2206 852 2291 κλησίας
908 2214 1285 2289 μελετώμενον
1338 2214 1564 2284 στήσας.
1592 2210 1685 2264 Διὸ
1720 2210 1785 2282 δή
1816 2209 1957 2291 πρὸς
1991 2206 2213 2263 κόλασιν

617 2290 785 2368 ὀξέως
813 2303 843 2355 6
864 2301 1118 2369 ,γενναῖος
1156 2296 1499 2369 ἀνήρπαστο,
1535 2292 1631 2347 καὶ
1653 2291 1848 2346 πολλαὶ
1887 2290 1988 2363 μὲν
2038 2306 2211 2361 προσ-

618 2388 819 2455 ήγοντο
846 2380 1127 2454 τιμωριῶν
1160 2378 1449 2434 ποικιλίαι*
1486 2380 1515 2432 6
1572 2375 1783 2447 μάρτυς
1813 2374 1871 2428 δέ
1905 2370 2210 2445 προσεῴκει

620 2466 847 2537 κιθάρᾳ,
875 2464 957 2536 τῷ
981 2454 1091 2518 τῶν
1121 2461 1375 2535 βασάνων
1403 2460 1665 2532 πλήκτρῳ
1700 2457 1836 2529 πρὸς
1854 2455 2090 2525 φθόγγον
2104 2471 2210 2509 *κι-

618 2536 902 2621 νούμενος·
937 2544 1254 2617 συνέτριϐον
1283 2542 1346 2597 τὸ
1378 2542 1541 2613 σῶμα
1571 2542 1599 2581 ιι
1642 2538 2000 2611 περιστάντες
2032 2538 2084 2591 οί
2113 2536 2211 2608 δή-

622 2651 758 2708 μιοι.
789 2635 819 2689 6
841 2633 921 2699 δέ,
960 2626 1037 2696 ώς
1064 2629 1265 2703 χαλκός
1316 2644 1423 2691 τις,
1465 2626 1568 2696 τῆς
1616 2622 1899 2708 εὐσεϐείας
1935 2622 2210 2708 τδ-μέλος

619 2704 823 2790 ὑπήχει
846 2714 1201 2789 κρουόμενος·
1232 2709 1552 2783 κρεμῶντες
1574 2708 1666 2761 ἐπὶ
1688 2706 1845 2790 ξύλου
1870 2704 2210 2790 κατέξαινον,

618 2804 648 2855 ι
678 2786 839 2864 ait»;
861 2786 1081 2871 δένδρον
1106 2796 1255 2866 ζωῆς
1279 2793 1344 2848 τδ
1372 2791 1527 2857 ξύλον
1539 2786 1835 2860 ἠσπάζετο·
1858 2787 2213 2871 ῶςπλευράς

617 2884 716 2939 τοῦ
742 2881 950 2939 δικαίου
975 2869 1076 2944 τάς
1103 2875 1338 2951 παρειάς
1358 2872 1774 2945 διεσπάραττον,
1808 2869 1909 2926 όδέ
1932 2870 2009 2935 ὡς
2029 2869 2213 2951 πλείο-

618 2985 689 3022 να
717 2966 963 3038 στόματα
979 2950 1275 3034 λαμϐάνων
1324 2957 1707 3030 ἐρρητόρευεν,
1742 2953 1839 3007 καὶ
1874 2950 2048 3024 καινῷ
2080 2968 2213 3007 κατ·

618 3051 826 3124 ήσχυνε
855 3048 949 3103 τὸν
969 3044 1264 3103 ἀντίπαλον
1293 3041 1571 3113 πτώματι.

706 3119 796 3197 'h;
817 3130 927 3203 γὰρ
958 3124 1066 3185 εἶδε
1093 3128 1186 3183 τὸν
1209 3125 1472 3196 δικαστὴν
1500 3123 1639 3196 πρὸς
1659 3119 1760 3195 τήν
1792 3120 1904 3177 τῶν
1937 3120 2212 3203 δαιμόνων

624 3215 862 3287 σπουδήν
885 3202 1047 3269 αὐτόν
1066 3209 1300 3265 ἐκκαλού
1308 3224 1488 3280 μενον,
1522 3206 1665 3260 αίτεῖ
1693 3204 1893 3276 βρέφος
1919 3202 2212 3287 ἐξμάγορᾶς

622 3284 882 3372 ἀχθῆναι,
908 3296 985 3361 ώς
1018 3295 1194 3349 ἐκεῖνο
1220 3291 1330 3346 τῶν
1366 3287 1720 3361 ζητουμένων
1749 3287 1903 3372 παρά
1925 3284 2213 3372 166-66)“:-

624 3366 768 3441 ατοῦ
789 3378 985 3453 κριτήν
1005 3375 1386 3449 ποιησόμενος·
1409 3372 1505 3425 καὶ
1526 3368 1887 3453 προσαχθέντι
1912 3367 1991 3440 τῷ
2020 3366 2211 3453 βρέφει

620 3466 721 3538 τὴν
746 3450 877 3537 περὶ
924 3461 1035 3516 τῶν
1085 3456 1462 3538 προκειμένων
1488 3453 1763 3538 προσῆγεν
1790 3450 2077 3538 ἐρώτησιν.
2106 3450 2213 3538 Τέ-

624 3532 772 3615 κνον,
804 3532 960 3617 φησὶ,
991 3542 1199 3599 δίκαιόν
1229 3542 1346 3594 ἐστι
1375 3537 1468 3592 τὸν
1490 3535 1623 3590 Θεὸν
1654 3533 2053 3607 προσκυνεῖν,ή
2086 3532 2213 3617 τοὺς

624 3633 783 3696 θεοὺς
814 3616 938 3695 τοὺς
991 3623 1317 3697 λεγομένους
1363 3620 1467 3675 ὑπὸ
1493 3619 1735 3686 τούτωνς
1777 3618 1952 3689 Πολλὴ
1983 3617 2086 3688 τῆς
2116 3616 2212 3670 τοῦ

628 3719 907 3791 μάρτυρος
942 3710 1185 3781 σοφίαςή
1214 3704 1521 3791 περιουσία·
1552 3702 1645 3757 τοῦ
1667 3700 1924 3791 δικαστοῦ
1947 3699 2215 3791 δικαστὴν

624 3781 688 3855 τὸ
713 3781 929 3852 παιδίον
955 3792 1187 3858 καθίζει·
1221 3790 1286 3843 τὸ
1335 3788 1393 3842 δέ
1426 3785 1567 3858 ὑπὲρ
1610 3781 1977 3856 τοῦ.Χριστοῦ
2000 3783 2214 3855 ταχέως

629 3884 949 3953 ἀπεφήνατο
975 3877 1178 3947 ψῆφον,
1208 3872 1296 3926 ῖνα
1332 3871 1517 3941 δειχθῇ
1540 3870 1637 3953 κα).
1670 3868 1865 3953 παιδία
1887 3865 2214 3953 δυσσεϐούνς-

628 3948 1053 4022 τωννδικαστῶν
1085 3954 1446 4027 συνετώτερα,
1497 3952 1700 4024 μᾶλλον
1740 3950 1800 4004 δέ
1841 3950 1930 4004 ἶνα
1961 3953 2103 4021 φανῇ
2139 3948 2214 4021 μὴ

632 4051 794 4123 μόνον
824 4046 1037 4123 μάρτυς
1087 4043 1117 4099 6
1152 4040 1384 4113 μάρτυς,
1607 4035 1701 4088 καὶ
1741 4032 2035 4123 μαρτύρων
2068 4033 2214 4123 ἀλεί-

631 4113 793 4201 πτης.
824 4113 961 4183 Πίοδέ
982 4122 1141 4180 τοῦτο
1167 4123 1224 4177 δὲ
1246 4123 1396 4192 ὅμως
1416 4121 1517 4191 τήν
1542 4117 1873 4201 δικαστικὴν
1890 4113 2215 4201 ὑπεσκέλισε

630 4196 855 4277 λύσσαν,
906 4208 1019 4264 ἀλλ’
1050 4206 1211 4269 εὐθυς
1236 4205 1345 4275 ζέπὶ
1374 4202 1533 4270 ξύλου
1590 4198 1730 4272 μετά
1780 4198 1878 4254 τοῦ
1924 4196 2158 4269 βρέφους
2189 4197 2219 4249 ό

636 4298 845 4369 μάρτυς
881 4289 1180 4366 ἡρπάζετο,
1212 4288 1306 4341 καὶ
1332 4286 1433 4357 τὴν
1468 4284 1565 4339 τοῦ
1592 4283 1749 4369 ξύλου
1772 4278 2218 4369 κόλασινΔείρκτή

631 4363 933 4451 διεδέχετο,
962 4374 1223 4443 κάκείνην
1274 4370 1455 4442 ψῆφος
1512 4367 1765 4451 ποικίλας
1803 4368 1917 4451 τοῖς
1956 4363 2220 4451 ἀθληταῖς

632 4463 732 4527 τὰς
754 4446 1022 4535 τιμωρίας
1054 4455 1371 4532 μερίζουσα·
1391 4451 1453 4535 τδ
1479 4451 1578 4524 μέν
1597 4450 1708 4535 γάρ
1740 4448 1937 4535 βρέφος
1981 4446 2218 4535 θανάτῳ,

633 4548 724 4600 τὸν
747 4530 823 4598 δέ
849 4530 1102 4613 μάρτυρα
1128 4530 1195 4610 τῇ
1223 4539 1321 4608 τῆς
1348 4534 1596 4605 γλώττης
1625 4534 1832 4605 ἐκτομῇ
1867 4530 2219 4613 κατεδίκασε.

634 4629 730 4692 Τίς
750 4610 950 4699 τρόπον
989 4610 1223 4695 κρίσεως
1247 4618 1489 4673 τοιοῦτον
1529 4616 1768 4699 ἀκήκοε;
1797 4613 2118 4699 μαστίζουσι
2142 4610 2220 4699 δι-

634 4695 835 4765 κασταὶ
869 4705 1216 4771 καταδίκους,
1265 4701 1301 4757 ἀ
1355 4700 1637 4755 συνίσασιν
1670 4698 1905 4761 ἐαυτοῖς,
1936 4695 2221 4767 ὁμολογεῖν

635 4791 1055 4862 ἀναγκάζοντες.
1086 4788 1338 4859 ἐκτέμνει
1384 4784 1443 4839 δὲ
1488 4782 1588 4854 τήν
1630 4779 1937 4862 γλῶσσαν-ό
1958 4779 2059 4850 τῆς
2084 4778 2219 4862 άσεέ

636 4860 789 4942 ϐειας
810 4875 1028 4949 κριτὴς,
1050 4872 1087 4928 ἀ
1117 4870 1353 4926 σύνοιδεν
1392 4865 1569 4938 ἐαυτῷ
1602 4860 2131 4949 σιγᾷνῌβιαζόμενος.
2153 4861 2221 4949 ’Π

634 4959 811 5015 δεινοῦ
838 4943 1196 5027 κακοτεχνίας
1230 4954 1363 5026 εὑρή
1374 4967 1561 5023 ματος.
1588 4946 1917 5018 Φρονοῦσαν,
1954 4944 2113 5027 φησί,
2150 4943 2220 5027 τά

636 5045 729 5100 τοῦ
759 5025 1113 5115 Χριστοῦρήν
1134 5025 1312 5109 ψυχὴν
1336 5036 1439 5090 οὐκ
1469 5032 1760 5103 ἐξέστησα,
1790 5029 1894 5115 κᾶν
1916 5025 2221 5115 τὴν-λαλοῦ-

638 5147 736 5187 σαν
770 5103 914 5200 ὑπέρ
950 5103 1187 5198 Χριστοῦ
1213 5103 1485 5189 ’διακόψω
1530 5115 1795 5200 γλῶτταν.
1827 5109 2120 5200 Ἐκκοψον,
2173 5103 2218 5163 ὦ

638 5193 894 5286 τύραννε,
916 5193 1187 5279 γλῶσσαν,
1214 5204 1303 5259 ῖνα
1334 5202 1513 5276 μάθῃς
1531 5196 1808 5286 τὴνφύσιν
1827 5194 1921 5286 καὶ
1934 5193 2217 5286 ἄγλωσσον

638 5276 779 5367 ὺπέρ
803 5276 1039 5366 Χριστοῦ
1066 5276 1489 5363 λρητορεύουσαν·
1513 5279 1814 5367 ἐκκόλαψον
1838 5276 1936 5367 τήν
1962 5276 2219 5367 γλῶσσαν

638 5379 731 5435 τοῦ
748 5357 1043 5447 στόματος,
1068 5357 1156 5429 ίνα
1179 5357 1357 5443 μάθῃς
1382 5366 1559 5440 ἀληθῆ
1584 5364 1676 5419 τὸν
1690 5361 1761 5417 τὰ
1773 5361 2088 5447 χαρίσματα
2107 5357 2218 5447 τῶν

638 5442 896 5529 γλωσσῶν
930 5442 1317 5529 ὑποσχόμενον.
1342 5454 1417 5509 T6
1452 5452 1552 5524 μέν
1585 5448 1694 5519 γὰρ
1716 5446 1817 5519 τῆς
1845 5444 2099 5529 γλῴσσης
2126 5442 2217 5507 ἐξ·

639 5527 1200 5615 ἐκαψενῶργανονίό
1235 5538 1394 5609 λόγος
1444 5535 1504 5591 δὲ
1554 5531 1781 5603 ἐξώρμα
1838 5527 2215 5600 σφοδρότερον,

703 5748 729 5775 ⁸
749 5743 884 5795 Idem
917 5743 1042 5795 Rea.
1068 5740 1368 5792 ἀπελάσασα.

699 5756 903 5860 ί
918 5756 1371 5866 ῗῗῇεῗξδαὲταῖιῗά
1418 5795 1593 5861 ﬂore].
1615 5792 1670 5843 τὸ
1691 5791 1851 5852 σῶμα.

1352 344 1415 401 s.-
1448 341 1738 425 Jomms
1768 339 2215 401 cumsosrm

2317 339 2619 397 meum.
2659 320 3209 396 CONSTANTINOP.

3793 337 3888 391 0M

2321 459 2511 531 ὥσπερ
2541 460 2797 531 ἐμποδίου
2835 457 2982 520 τινὸς
3028 455 3447 527 ἀπηλλαγμένος
3494 456 3593 527 τῆς
3634 454 3891 524 γλώττης·

2319 550 2498 622 θέαμα
2512 550 2661 625 [619]
2688 551 2876 606 καινὸν
2901 548 2994 603 καὶ
3011 548 3335 620 παράδοξον·
3356 547 3616 619 σάρκινος
3634 545 3897 617 σαρκίνοις

2320 644 2576 716 ἀσάρκως
2605 642 2995 715 φθεγγόμενος.
3030 640 3248 710 Πρέπον
3276 639 3386 709 ἀρα
3414 638 3496 709 τῷ
3546 638 3783 709 μάρτυρι
3808 635 3898 687 το]

2320 736 2599 809 προφήτου
2653 735 2715 788 τὸ
2765 733 2945 805 μέλος·
3016 729 3328 809 Ἔπλήσθη
3367 726 3563 798 χαρᾶς
3621 725 3690 781 τὸ
3716 726 3900 794 στόμα

2536 825 2636 880 καί
2656 828 2695 896 ἡ
2712 824 2968 896 γλῶσσα
2992 822 3163 893 ἡμῶν
3181 806 3627 891 ἀγαλλιάσεως·
3651 816 3899 888 ,ἐπλήσθη

2318 921 2379 976 τὸ
2414 919 2589 991 στόμα
2614 920 2809 990 χαρᾶς,
2844 916 3030 973 καινὸν
3060 914 3209 986 θῦμα
3242 912 3318 985 τῷ
3339 911 3567 985 Χριστῷ
3607 910 3901 983 προσκομίο

2320 1028 2420 1066 σαν
2447 1009 2544 1082 τὴν
2560 1010 2831 1078 γλῶσσαν·
2860 1008 3071 1079 ἐσχενή
3094 1007 3314 1076 γλῶσσα
3331 1004 3535 1077 πολλὴν
3560 1002 3899 1071 ἀγαλλίασιν,

2317 1102 2623 1175 πρόδρομος
2653 1101 2865 1173 μάρτυς
2897 1096 3126 1167 ὀφθεῖσα
3169 1094 3265 1149 τοῦ
3299 1095 3606 1167 μάρτυρος.
3632 1092 3697 1145 ’Ὤ
3734 1090 3902 1161 γλώσ-

2318 1208 2418 1263 σης
2448 1190 2584 1262 πρὸς
2610 1190 2736 1253 τοὺς
2764 1187 2877 1241 τῶν
2900 1184 3195 1259 μαρτύρων
3219 1183 3425 1255 δήμους
3440 1184 3543 1254 τὴν
3565 1180 3748 1252 ψυχὴν
3777 1196 3904 1252 προ-

2314 1279 2607 1353 λαϐούσης·
2664 1278 2711 1332 ὣ
2772 1277 3041 1349 στόματος
3099 1274 3481 1347 κρυπτόμενον
3544 1274 3907 1341 γεννήσαντος

2319 1373 2594 1445 μάρτυρα·
2629 1372 2677 1425 ῶ
2722 1369 2977 1441 γλώσσης
3026 1367 3415 1437 θυσιαστήριον
3463 1361 3823 1434 κτησαμένης
3848 1359 3907 1413 τὸ

2319 1464 2511 1537 στόμα·
2541 1461 2869 1533 ὢστόματος
2894 1461 3089 1532 ἱερεῖον
3118 1455 3465 1528 κτησαμένου
3505 1455 3612 1524 τὴν
3635 1451 3903 1537 γλῶσσανξ

2315 1534 2441 1609 ναὸν
2465 1553 2604 1625 ἐχων
2632 1552 2931 1623 ἐλελήθεις,
2960 1544 3007 1604 ὧ
3032 1549 3272 1618 γενναῖε,
3304 1546 3368 1600 τὸ
3395 1545 3604 1617 στόμα,
3630 1543 3759 1597 ναὸν
3783 1543 3839 1595 ἐν
3865 1534 3907 1607 ᾧ

2313 1645 2414 1717 τὴν
2435 1643 2696 1715 σύναιμον
2713 1641 2966 1713 γλῶσσαν
2986 1650 3010 1680 ο
3028 1637 3331 1711 παράδοξον
3345 1636 3564 1708 ἀμνάδα
3580 1632 3904 1695 κατέθυσας.

2388 1755 2557 1828 β’.Τίς
2567 1754 2675 1826 άρα
2694 1771 2788 1808 σου
2802 1753 2901 1816 τάς
2916 1750 3119 1823 ἀρετάς
3129 1747 3295 1815 ἀξίως
3312 1746 3684 1818 στεφανώσειε
3702 1746 3903 1817 ῥήτωρ;

2319 1847 2552 1911 Ἐλαϐες
2586 1843 2741 1918 παρά
2789 1844 2889 1916 τῆς
2929 1841 3147 1913 φύσεως
3201 1838 3477 1921 γλῶσσαν,
3519 1839 3589 1892 σὺ
3642 1836 3703 1890 δέ
3736 1834 3905 1905 αὐτὴν

2314 1937 2611 2010 ἐξέθρεψας
2636 1936 2912 2007 μάρτυρα·
2927 1932 3118 1996 ἔλαϐες
3143 1930 3319 2002 στόμα
3342 1928 3720 2000 φυλακτήριον
3737 1922 3910 1993 γλώσ-

2316 2046 2437 2101 σης.
2474 2029 2539 2081 σὺ
2573 2026 2631 2080 δέ
2661 2029 2731 2098 τῇ
2757 2023 2978 2095 γλώσσῃ
3016 2022 3078 2077 τὸ
3108 2014 3284 2093 στόμα
3325 2018 3511 2090 βωμὸν
3561 2012 3905 2072 κατεσκεύα-

2316 2138 2435 2186 σας·
2466 2120 2658 2183 ἐλαϐες
2686 2120 2766 2183 είς
2798 2117 2860 2171 τὸ
2890 2112 3225 2185 φθέγγεσθαι
3255 2111 3558 2183 πλῆκτρον,
3595 2109 3663 2163 σὺ
3692 2105 3751 2161 δέ
3779 2102 3908 2160 αὐτὸ

2313 2212 2640 2283 τεμνόμενον
2674 2207 2912 2277 ἀσταχυν
2942 2203 3245 2268 ἀνέδειξας·
3281 2201 3475 2264 ἔλαϐες
3512 2198 3773 2269 γλῶσσαν
3815 2197 3911 2267 ρη-

2316 2305 2501 2376 μάτων
2538 2301 2807 2364 διάκονον,
2858 2298 2923 2352 σὺ
2973 2298 3031 2352 δὲ
3076 2294 3247 2366 αὐτὴν
3288 2293 3517 2365 ἀμωμον
3565 2290 3649 2361 τῷ
3690 2285 3910 2360 Χριστῷ

2312 2394 2617 2456 κατέθυσας
2645 2389 2938 2464 πρόϐατον.
2970 2387 3092 2442 Τίνι
3118 2403 3214 2439 σου
3230 2384 3329 2457 τὴν
3349 2384 3609 2452 γλῶσσαν
3620 2378 3913 2453 πρεπούσῃ

2313 2483 2659 2558 προσηγορία
2690 2482 2947 2554 τιμήσω;
2985 2478 3126 2549 ποίῳ
3170 2494 3267 2532 σου
3298 2476 3569 2546 κοσμήσω
3602 2474 3709 2545 τὴν
3731 2469 3909 2540 γλῶσ-

2316 2596 2416 2633 σαν
2458 2577 2716 2647 όνόματι;
2754 2573 3044 2645 Προσὴγον
3065 2570 3243 2644 ταύτῃ
3290 2568 3383 2622 τδν
3432 2567 3659 2639 σίδηρον
3702 2564 3909 2635 δήμιοι,

2314 2672 2349 2743 ή
2374 2670 2431 2723 δὲ
2463 2668 2606 2722 κατά
2624 2667 2716 2721 τὸν
2732 2664 3017 2736 δεδεμένον
3057 2662 3248 2717 Ἰσαάκ
3273 2661 3375 2715 οὐκ
3404 2661 3658 2730 ἐσκίρτα,
3680 2655 3798 2711 ἀλλ’
3833 2653 3909 2716 ὡς

2313 2757 2373 2810 ἐν
2398 2752 2567 2827 βωμῷ
2596 2753 2824 2825 κειμένη
2851 2750 2931 2822 τῷ
2977 2750 3209 2823 στόματι
3234 2748 3334 2822 τὴν
3364 2748 3581 2820 πληγὴν
3612 2748 3713 2800 σὺν
3744 2743 3907 2815 ήδονῇ

2314 2844 2693 2918 προσεδέχετο,
2740 2844 3068 2899 διδάσκουσα
3107 2840 3217 2895 τῶν
3252 2837 3559 2913 ἀνθρώπων
3594 2838 3702 2901 τάς
3730 2835 3906 2905 γλώσ-

2315 2954 2435 3004 σας,
2466 2938 2543 3001 ὡς
2569 2936 2631 2990 ού
2672 2933 3007 3006 φθέγγεσθαι
3046 2932 3205 3005 μόνον
3244 2930 3333 2985 διὰ
3354 2928 3617 3003 Χριστὸν,
3645 2926 3783 2982 ἀλλά
3819 2924 3911 2976 καὶ

2316 3029 2647 3101 σφάττεσθαι
2668 3027 2769 3080 δεῖ.
2791 3026 2905 3097 Τῆς
2926 3024 3022 3079 τοῦ
3050 3024 3392 3097 πατριάρχου
3411 3021 3606 3085 θυσίας
3628 3021 3905 3092 ἥρπασας,

2313 3123 2552 3191 γενναῖε,
2581 3118 2644 3173 τὸ
2673 3117 2979 3189 φιλότιμον,
3017 3114 3309 3187 μονογενὲς
3338 3113 3633 3185 βλάστημα
3661 3108 3909 3180 γλώττης

2314 3213 2438 3269 ἀντὶ
2463 3212 2657 3265 τέκνου
2689 3207 3011 3282 μονογενοῦς
3042 3206 3443 3279 προσκομίσας.
3462 3203 3667 3269 Καλῶς
3696 3202 3806 3274 ἀρα
3829 3215 3909 3275 σοι

2312 3300 2574 3373 δευτέραν
2597 3302 2627 3355 6
2655 3299 2890 3371 Χριστὸς
2928 3295 3291 3366 ἀντεφύτευσε
3316 3293 3570 3364 γλῶσσαν
3593 3307 3609 3322 ·
3647 3286 3777 3364 εὗρε
3800 3287 3905 3359 γὰρ

2313 3391 2521 3463 ἀγαθόν
2564 3407 2626 3445 σε
2683 3391 2784 3460 τῆς
2838 3388 3112 3462 προτέρας
3158 3384 3436 3458 γεωργόν·
3468 3384 3651 3450 καλῶς
3684 3399 3771 3437 σοι
3814 3381 3909 3450 τὴν

2313 3487 2557 3558 ἀσαρκον
2612 3482 2909 3555 ἐχαρίσατο
2963 3479 3225 3549 γλῶσσαν
3252 3495 3267 3510 ·
3314 3475 3594 3549 ἀγγελικῷ
3642 3477 3755 3548 γὰρ
3811 3474 3910 3527 οὐκ

2313 3576 2523 3647 ἔπρεπε
2544 3575 2855 3646 φρονήματι
2882 3571 3141 3644 σάρκινος
3157 3585 3169 3600 ·
3195 3567 3379 3632 καλῶς
3400 3584 3484 3621 σοι
3503 3568 3602 3639 τὴν
3619 3568 3725 3638 τῆς
3746 3562 3911 3634 γλώσ·-

2317 3686 2417 3739 σης
2440 3665 2787 3738 ἀντιμισθίαν
2810 3663 3112 3719 ἀπέδωκεν.
3138 3659 3421 3732 Ἐχρησάς
3449 3676 3542 3713 σου
3564 3658 3644 3729 τῷ
3664 3654 3908 3726 Δεσπότη

2315 3761 2452 3834 πρὸς
2484 3759 2678 3813 θυσίαν
2706 3758 2807 3830 τὴν
2834 3755 3112 3826 γλῶσσαν,
3139 3756 3168 3807 6
3194 3754 3253 3808 δὲ
3282 3752 3422 3823 αὐτῇ
3451 3751 3588 3824 πρὸς
3619 3748 3905 3823 ῥητορείαν

2316 3851 2501 3923 φωνήν
2528 3848 2873 3904 ἀντεδάνεισε
2892 3863 2906 3876 ·
2934 3845 3031 3900 καὶ
3060 3844 3255 3915 γέγονε
3281 3844 3382 3914 τῆς
3409 3841 3665 3913 γλώσσης
3694 3843 3788 3895 καὶ
3813 3836 3905 3893 τοῦ

2316 3941 2555 4014 Χριστοῦ
2590 3939 2727 4012 πρὸς
2761 3936 3023 4009 ἀλλήλους
3056 3933 3432 4005 συνάλλαγμα,
3466 3934 3569 4006 τῆς
3600 3935 3701 4006 μὲν
3734 3930 3908 4004 γλώσ-

2320 4052 2419 4106 σης
2450 4033 2589 4105 ὑπὲρ
2616 4030 2856 4103 Χριστοῦ
2885 4029 3248 4101 τεμνομένης,
3277 4027 3371 4081 τοῦ
3400 4027 3640 4084 Χριστοῦ
3672 4028 3731 4082 δὲ
3768 4024 3905 4097 ὑπὲρ

2318 4126 2419 4197 τῆς
2449 4124 2700 4194 γλώσσης
2724 4120 3064 4184 λαλοῦντος,
3602 4162 3609 4167 .

2389 4237 2500 4295 Ποῦ
2531 4238 2627 4294 νῦν
2656 4239 2792 4308 ήμῖν
2810 4234 3169 4298 Μακεδόνιος,
3201 4234 3231 4287 6
3253 4230 3334 4303 τῷ
3358 4229 3615 4284 δεδωκότι
3652 4229 3716 4283 τὸ
3750 4227 3907 4300 χάριο

2322 4349 2434 4405 σμα
2464 4330 2574 4385 τῶν
2603 4328 2865 4401 γλωσσῶν
2907 4324 3253 4397 Παρακλήτῳ
3312 4322 3654 4395 μαχόμενοςς
3688 4322 3809 4375 Ὀτι
3851 4315 3906 4370 δέ

2319 4424 2382 4477 ού
2422 4420 2690 4493 ψεύδομαι
2734 4420 2803 4489 τῇ
2839 4415 2934 4471 τοῦ
2978 4414 3341 4487 Παρακλήτου
3394 4413 3608 4483 θεότητι
3650 4411 3749 4476 τὰς
3800 4407 3904 4463 τῶν

2321 4512 2674 4588 χαρισμάτων
2703 4507 2916 4581 δωρεάς
2949 4506 3294 4578 περιάπτων,
3332 4504 3542 4576 μάρτυς
3572 4505 3704 4575 ήμῖν
3744 4505 3771 4556 ὁ
3804 4516 3906 4571 μα·

2323 4600 2510 4674 κάριος
2555 4598 2767 4662 Παῦλος
2795 4599 2823 4650 6
2858 4595 2955 4650 νῦν
2987 4595 3122 4667 πρὸς
3168 4594 3268 4665 τὴν
3313 4594 3585 4666 ὑμετέραν
3620 4592 3903 4665 φιληκοΐαν

2322 4691 2460 4765 βοῶν
2480 4708 2493 4721 ·
2521 4689 2727 4745 Πάντα
2755 4686 2945 4742 ταῦτα
2964 4685 3194 4755 ἐνεργεῖ
3224 4684 3295 4739 ἐν
3325 4685 3423 4738 καὶ
3463 4684 3529 4737 τὸ
3551 4684 3697 4739 αὐτὸ
3724 4680 3905 4739 Πνεῦ-

2315 4802 2420 4855 μα,
2467 4781 2737 4852 διαιροῦν
2763 4780 2887 4847 ἰδίᾳ
2925 4775 3184 4842 ἑκάστῳ.
3220 4774 3415 4842 καθὼς
3440 4776 3753 4840 βούλεται.
3790 4775 3901 4828 Κα-

2318 4872 2428 4937 θὼς
2454 4871 2724 4943 βούλεται,
2748 4867 2936 4939 φησὶν,
2959 4868 3018 4920 οὐ
3046 4864 3231 4929 καθὼς
3252 4866 3637 4941 ἐπιτάττεταιη
3658 4866 3796 4919 Ἀλλ’
3818 4864 3903 4916 ἵνα

2325 4965 2398 5036 μή
2433 4980 2583 5027 τινας
2616 4959 2754 5032 πρὸς
2780 4958 2992 5021 τούτοις
3021 4956 3302 5019 ἐπιθέντες
3335 4953 3653 5026 προσθήκας
3672 4955 3753 5025 τῷ
3775 4951 3903 5019 πλή-

2320 5056 2402 5111 θει
2453 5055 2554 5126 τὴν
2590 5050 2867 5124 ὑμετέραν
2924 5046 3337 5118 καταχώσωμεν
3392 5047 3647 5117 μνήμην,
3701 5044 3900 5111 ταύτην

2319 5143 2484 5201 οὖσαν
2543 5142 2773 5216 ίσχυρὰν
2818 5141 2919 5211 τὴν
2970 5139 3153 5211 φωνὴν
3203 5139 3345 5209 ὑπὲρ
3395 5138 3492 5191 τοῦ
3544 5137 3897 5210 Παρακλήτου

2324 5235 2663 5309 μεμνημένοι
2700 5231 2875 5296 οὕτως
2913 5229 3164 5303 ἐντεῦθεν
3206 5229 3534 5300 ἐξέλθωμεν,
3568 5228 3776 5299 μεγάλα
3810 5221 3901 5294 μὲν

2321 5328 2437 5386 κατ’
2485 5328 2709 5382 ἐκείνων
2745 5322 3101 5401 φρονοῦντες,
3151 5322 3621 5392 συγγινώσκοντες
3668 5320 3725 5374 δὲ
3772 5314 3902 5372 τέως

2380 5726 2404 5756 ⁶
2431 5722 2605 5772 Morel.
2631 5726 2684 5771 et
2705 5721 2854 5771 Savll.
2883 5722 2934 5770 in
2956 5730 3112 5780 marg.
3136 5716 3222 5780 τήν
3241 5714 3473 5780 σύναιμον
3490 5706 3894 5780 γλῶσσανηεπὶιι

2322 5786 2374 5840 in
2398 5791 2538 5838 textu
2560 5786 2645 5844 τήν
2678 5785 2767 5846 σὴν
2787 5783 2899 5848 ἡμῖν
2920 5776 3162 5846 γλῶσᾶαν.
3179 5778 3299 5839 Reg.
3324 5776 3409 5836 τὴν
3430 5776 3515 5827 σὺν
3532 5777 3648 5840 ἡμῖν
3664 5778 3893 5838 γλῶσσαν.
