4082 6418
193 382 297 445 813

189 501 327 554 enim
367 495 551 567 ingens
582 494 826 567 qumdam
858 492 1057 548 mundo
1099 491 1388 561 impietatis
1427 487 1668 563 tyrannis
1696 478 1777 542 in-

188 588 444 655 sultabat,
469 585 540 642 ab
568 586 677 641 imo
697 595 1022 640 commotum
1053 597 1202 638 mare
1229 583 1333 636 vita
1357 578 1631 636 hominum
1657 577 1781 632 imi-

186 678 421 745 tabatur,
471 676 754 732 decumani
800 675 976 747 pelagi
1021 675 1217 729 ﬁuctus
1267 674 1318 728 in
1358 681 1559 729 terram
1599 671 1784 726 volve-

184 768 397 836 bantur,
427 767 825 839 vehemensque
871 768 1160 838 impietatis
1187 764 1416 836 procella
1458 764 1634 818 navim
1667 763 1782 833 pie—

181 861 308 915 tatis
357 859 663 915 obruebat:
694 861 844 914 multi
889 859 1106 930 quidem
1159 856 1356 928 ubique
1394 854 1785 926 gubernatores

179 951 567 1016 moriebantur,
597 968 704 1007 non
739 952 964 1023 exiguus
1000 961 1179 1006 autem
1209 958 1491 1004 nautarum
1525 961 1784 1003 numerus

175 1043 646 1115 submergebatur,
676 1046 855 1100 omnia
897 1043 1030 1098 diris
1071 1041 1367 1100 terroribus
1405 1053 1468 1096 ac
1495 1039 1784 1110 naufragiis

177 1134 578 1192 redundabant.
611 1135 781 1208 [leges
811 1134 1044 1204 procella
1073 1132 1443 1189 vehementius
1484 1130 1780 1202 spirabant,

172 1224 453 1281 terribiles
479 1225 673 1282 ﬂuctus
703 1225 1062 1281 immittebant
1085 1225 1316 1295 tyranni,
1347 1222 1630 1280 tribunalia
1665 1238 1782 1277 ma-

168 1316 499 1386 gistratuum
549 1316 1059 1380 commovebantur,
1127 1316 1325 1371 Christi
1371 1315 1782 1386 abnegatioaem

163 1407 383 1474 judices
426 1408 875 1479 promulgabant;
918 1408 1111 1463 acerba
1151 1408 1412 1478 supplicia
1450 1407 1785 1477 legislatures

170 1498 541 1564 minabantur,
571 1498 641 1554 ad
668 1500 971 1555 dmmonum
995 1501 1255 1555 sacrificia
1283 1500 1381 1554 viri
1411 1500 1776 1570 rapiebantur,

170 1588 236 1643 ad
261 1590 518 1646 altarium
545 1591 1002 1647 abominationem
1031 1591 1284 1646 mulieres
1306 1590 1686 1656 trahebantur;
1715 1592 1782 1645 ad

172 1679 310 1737 hanc
336 1699 557 1754 quoque
588 1683 852 1738 insaniam
881 1684 1114 1754 virgines
1153 1682 1634 1755 compellebantur,
1677 1698 1776 1737 ex-

171 1773 303 1828 siliis
343 1775 657 1831 sacerdotes
700 1790 766 1831 ac
809 1775 1046 1831 caulibus
1090 1775 1492 1842 addicebantur,
1539 1791 1570 1830 e
1614 1778 1782 1830 sacris

169 1869 341 1937 septis
371 1866 560 1924 ﬁdeles
596 1868 968 1938 ejiciebantur.
1014 1869 1242 1924 Tantam
1271 1868 1339 1924 ad
1369 1883 1600 1940 pugnam
1634 1884 1777 1924 mar-

171 1968 256 2027 tyr
282 1961 620 2027 armabatur,
655 1961 924 2032 tantisque
963 1959 1218 2032 periculis
1257 1961 1495 2014 animum
1539 1974 1780 2030 oppone-

174 2049 293 2115 bat;
342 2049 659 2106 conﬂictum
705 2051 857 2106 illum
899 2061 1174 2121 tamquam
1211 2060 1482 2106 certamen
1512 2050 1780 2120 quoddam

175 2142 468 2198 umbratile
515 2142 816 2209 deridebat,
865 2152 922 2199 et
951 2144 1174 2214 perinde
1219 2145 1371 2214 quasi
1402 2145 1452 2198 in
1490 2153 1781 2198 scammate

170 2234 417 2302 pulveris
465 2233 583 2289 loco
617 2235 892 2305 principes
929 2232 1036 2290 ﬁde
1072 2232 1335 2296 calcaret,
1379 2233 1458 2287 sic
1505 2233 1621 2302 ejus
1664 2235 1780 2288 ani-

171 2340 341 2389 mum,
370 2326 462 2397 qui
489 2325 884 2397 tumjudicium
929 2327 1237 2392 exercebat,
1267 2326 1572 2396 exagitavit,
1617 2336 1782 2397 atque

168 2414 435 2471 adversus
462 2416 756 2472 Ecclesiam
800 2416 1164 2472 incursionem
1193 2415 1368 2471 facere
1388 2424 1669 2486 parantem
1693 2432 1784 2471 re-

175 2508 430 2564 frenavit.
458 2507 821 2578 Quamobrem
855 2507 920 2564 ad
951 2507 1272 2579 supplicium
1302 2507 1482 2562 subito
1506 2507 1589 2562 vir
1611 2522 1780 2578 gene-

169 2613 330 2654 rosus
358 2599 614 2670 abreptus
638 2609 743 2667 est,
776 2599 1029 2669 variaque
1055 2613 1336 2670 prunarum
1364 2613 1565 2670 genera
1592 2599 1782 2654 admo—

168 2691 477 2757 vehantur;
508 2699 714 2763 martyr
740 2699 924 2747 autem
943 2687 1164 2745 cithara:
1192 2691 1382 2746 similis
1398 2699 1533 2758 erat,
1555 2690 1683 2746 dum
1711 2691 1778 2746 ad

168 2795 365 2836 sonum
392 2779 664 2837 edendum
685 2782 1022 2838 cruciatuum
1047 2782 1253 2852 plectro
1282 2789 1591 2838 moveretur
1619 2797 1779 2837 :cor-

170 2870 300 2939 pus‘
346 2871 760 2928 circumstantes
811 2871 1094 2926 carniﬁces
1137 2870 1309 2942 plagis
1336 2870 1776 2939 Icontundebant,

168 2963 286 3033 ipse
311 2978 446 3019 vero
472 2971 742 3034 tamquam
784 2979 985 3020 :creum
1018 2964 1286 3034 quoddam
1317 2973 1631 3035 tympanum
1660 2965 1780 3036 pie.

166 3055 294 3109 tatis
337 3068 563 3110 carruca
616 3055 859 3125 pulsatus
904 3055 1218 3111 succinebat
1248 3073 1262 3110 :
1290 3055 1686 3126 suspendentes
1725 3057 1780 3112 in

169 3147 409 3216 equuleo
436 3147 762 3212 lacerabant,
797 3146 888 3202 ille
921 3161 1051 3202 vero
1076 3158 1348 3218 tamquam
1374 3148 1499 3203 vita:
1527 3147 1779 3205 arborem

169 3240 464 3310 equuleum
520 3237 924 3309 amplex‘abatur
970 3258 984 3294 :
1029 3239 1166 3294 sicut
1221 3241 1386 3296 latera
1429 3241 1561 3310 justi
1612 3257 1778 3312 genas

169 3334 526 3402 dilaniabant,
560 3333 649 3389 ille
674 3348 823 3400 vero,
845 3334 998 3404 quasi
1017 3334 1173 3404 plura
1201 3344 1312 3390 tum
1343 3350 1437 3388 ora
1461 3335 1775 3406 recepisset,

169 3426 474 3482 orationem
524 3424 775 3493 habebat,
808 3439 1052 3497 novoque
1091 3424 1244 3496 lapsu
1274 3425 1537 3495 pudorem
1581 3425 1775 3482 adver-

171 3518 314 3573 sario
345 3517 675 3587 imponebat.

244 3605 489 3660 Mirabile
512 3622 809 3678 responsum
833 3607 1044 3677 infantis
1063 3623 1096 3660 a
1122 3605 1353 3678 Martyre
1381 3608 1782 3678 interrogati.—

171 3696 302 3753 Cum
331 3698 477 3752 enim
507 3712 568 3753 se
594 3712 624 3751 a
645 3697 825 3767 judice
847 3697 914 3751 ad
941 3696 1248 3752 dtemonum
1271 3697 1473 3752 cultum
1499 3701 1778 3769 provocari

174 3789 382 3844 videret
402 3829 417 3856 ,
450 3787 706 3843 infantem
748 3804 779 3843 e
826 3787 944 3843 foro
972 3787 1095 3843 duci
1130 3791 1364 3859 postulat
1386 3831 1399 3854 ,
1434 3798 1492 3844 ut
1521 3807 1642 3846 eum
1665 3833 1679 3858 ,
1711 3793 1782 3848 de

174 3881 370 3951 quibus
397 3881 558 3935 rebus
582 3896 612 3934 a
636 3880 817 3950 judice
847 3881 1297 3952 interrogabatur,
1321 3882 1557 3952 judicent
1588 3884 1776 3952 faciat;

173 3982 227 4025 et
249 3971 486 4026 adducto
514 3970 700 4026 infanti
731 3970 802 4026 de
841 3972 938 4035 iis,
968 3987 1089 4042 qua:
1128 3973 1491 4043 agitabantur,
1523 3977 1778 4044 qnznstio-

175 4081 298 4119 nem
323 4067 609 4136 proponit.
658 4063 793 4132 Fili,
839 4065 1045 4136 inquit,
1089 4065 1365 4134 justumne
1394 4076 1511 4134 est,
1559 4077 1615 4122 ιιι
1641 4069 1782 4124 Deus

175 4157 467 4221 adoretur;
493 4170 560 4209 an
585 4163 642 4210 ut
671 4154 730 4221 ii,
754 4156 841 4225 qui
865 4155 932 4210 ab
961 4156 1076 4210 istis
1096 4155 1168 4210 dii
1196 4157 1568 4228 appellantur?
1593 4157 1780 4229 Magna

181 4247 338 4316 plane
367 4246 647 4316 sapientia:
673 4250 925 4317 martyris
962 4247 1280 4302 excellentia
1302 4247 1526 4317 :judicis
1543 4249 1778 4319 jndicem

177 4336 434 4393 infantem
465 4340 743 4394 constituit
772 4355 785 4391 :
817 4348 871 4393 at
897 4339 985 4394 ille
1014 4340 1272 4394 continuo
1298 4341 1592 4396 secundum
1619 4340 1780 4397 Chri-

176 4441 318 4485 stum
349 4431 500 4485 litem
530 4431 698 4499 dedit,
728 4441 785 4485 ut
811 4432 973 4502 impie
995 4445 1055 4485 se
1077 4431 1387 4501 gerentibus
1403 4433 1672 4502 judicibus
1693 4435 1779 4490 vel

135 4530 138 4532 '
177 4523 406 4577 infantes
436 4523 792 4592 sapientiores
819 4523 1275 4590 ostenderentur;
1299 4525 1407 4580 imo
1437 4541 1566 4581 vero
1593 4535 1648 4581 ut
1671 4543 1779 4584 non

179 4613 338 4668 modo
366 4622 570 4685 martyr
597 4623 881 4683 appareret
906 4624 1127 4685 martyr,
1161 4615 1255 4670 sed
1286 4616 1448 4670 etiam
1480 4627 1777 4688 martyrum

178 4707 411 4771 monitor
456 4720 520 4761 ac
562 4707 835 4775 magister.
881 4704 1263 4761 Verumtamen
1305 4723 1373 4762 ne
1415 4707 1518 4762 hoc
1559 4709 1777 4778 quidem

176 4797 372 4866 jndicis
415 4798 627 4853 rabiem
670 4798 1039 4864 labefactavit;
1072 4799 1166 4854 sed
1198 4801 1248 4853 in
1279 4801 1564 4869 equuleum
1595 4803 1776 4857 statim

180 4903 298 4942 cum
327 4887 536 4943 infante
562 4896 770 4960 martyr
800 4888 1183 4960 abripiebatur,
1222 4891 1542 4961 cquuleique
1580 4893 1779 4963 suppli-

180 4980 261 5035 cio
287 4995 478 5037 carcer
522 4982 882 5050 succedebat,
919 4990 976 5037 et
1016 4982 1088 5037 illi
1137 4984 1426 5050 sententia,
1457 5001 1576 5054 quae
1603 4988 1804 5044 varias-

177 5072 394 5126 athletis
421 5086 608 5141 pinnas
631 5070 902 5128 dividebat
927 5091 940 5126 :
965 5088 1088 5128 nam
1116 5072 1370 5129 infantem
1394 5075 1608 5142 quidem
1634 5093 1780 5133 mor-

180 5176 246 5224 te.
276 5173 572 5236 martyrem
602 5173 780 5218 autem
813 5165 1004 5234 lingua:
1031 5167 1301 5221 excisione
1328 5166 1623 5223 damnavit.
1649 5171 1779 5237 Quis

182 5255 335 5309 talem
365 5256 551 5326 judicii
581 5257 795 5310 modum
824 5256 1060 5312 audivit?
1089 5273 1207 5313 reos
1230 5259 1438 5332 judiees
1470 5262 1645 5330 ﬂagris
1675 5278 1779 5317 ca:-

181 5343 330 5411 dunt,
361 5355 418 5400 ut
448 5360 533 5410 ea,
564 5361 790 5416 quorum
823 5347 922 5401 sibi
952 5359 1075 5402 sunt
1102 5351 1339 5414 conscii,
1371 5350 1522 5405 fateri
1547 5365 1772 5422 cogant:

182 5445 232 5486 at
259 5434 548 5506 impietatis
587 5437 753 5505 jndex
797 5438 1030 5510 linguam
1072 5441 1302 5506 excidit,
1335 5453 1391 5496 ut
1421 5458 1482 5497 ea
1503 5484 1518 5508 ,
1548 5459 1775 5513 quorum

182 5525 276 5579 sibi
308 5528 556 5582 conscius
584 5537 669 5583 est
682 5569 702 5594 ,.
730 5538 910 5586 tacere
940 5533 1249 5601 compellat.
1275 5531 1321 5588 Ο
1350 5533 1581 5588 immane
1620 5537 1774 5590 mali-

181 5633 294 5687 gna:
320 5619 451 5674 artis
480 5620 790 5676 inventum!
825 5621 1093 5686 Animam,
1129 5623 1317 5693 inquit,
1347 5639 1406 5679 ea
1434 5641 1554 5696 quae
1573 5624 1774 5682 Christi

184 5717 302 5765 Sunt
338 5709 634 5776 sapientem
679 5711 746 5768 de
785 5722 923 5769 statu
970 5730 1073 5769 non
1123 5715 1330 5786 dcjeci;
1371 5725 1422 5771 at
1471 5717 1772 5789 loquentem

243 5821 262 5855 ³
292 5820 431 5873 savii.
461 5831 512 5874 et
529 5804 665 5889 ῐιιιε.1
690 5837 758 5875 os.

1323 372 1391 432 lN
1426 367 1487 434 s.
1531 365 1871 430 ROMANUM
1939 362 2350 424 munitm.
2385 365 2450 422 tt.

3402 359 3506 412 6.4

1896 485 2084 538 saltem
2108 497 2204 554 pro
2225 482 2442 540 Christo
2465 481 2699 552 linguam
2729 480 2992 537 excidam.
3019 481 3218 540 Excidit:
3241 479 3495 550 linguam,

1892 589 1926 628 ο
1959 585 2187 645 tyranne
2211 614 2228 640 ,
2257 581 2314 628 ut
2341 579 2586 627 naturam
2617 572 2780 626 etiam
2827 572 3095 643 elinguem
3146 587 3241 643 pro
3284 571 3504 627 Clu-isto

1892 665 2235 735 eloquentem
2269 680 2388 720 esse
2417 669 2712 735 cognoscas
2736 681 2752 717 :
2781 664 2961 720 evelle
3005 665 3241 735 linguam
3270 680 3336 721 ex
3367 679 3461 720 ore
3481 707 3494 728 .

1890 764 1948 808 ut
1971 769 2095 809 eum
2117 796 2133 823 ,
2164 757 2257 825 qui
2283 756 2426 811 dona
2456 764 2757 827 linguarum
2787 763 2870 811 est
2909 755 3178 826 pollicitus
3204 797 3220 822 ,
3254 770 3500 811 vcracem

1889 857 2011 901 esse
2035 859 2350 918 cognoscas.
2375 846 2587 903 Etenim
2610 844 2806 916 linguae
2833 845 3048 916 quidem
3082 847 3498 902 instrumentum

1893 934 2132 1003 excidit,
2183 945 2240 991 at
2293 952 2476 992 sermo
2524 935 2903 994 vehementius
2953 937 3273 1009 erumpebat
3326 937 3504 1008 lingua

1893 1034 2164 1095 tamquam
2210 1027 2597 1098 impedimento
2649 1026 2884 1098 quodam
2932 1027 3192 1083 liberatus
3243 1047 3257 1084 :
3303 1043 3502 1083 novum

1889 1131 2021 1172 sane
2047 1119 2415 1188 spectaculum
2445 1135 2509 1176 ac
2533 1121 2878 1192 stupendum,
2909 1120 3075 1176 homo
3095 1134 3160 1175 ex
3187 1135 3349 1177 carne
3366 1135 3503 1176 con-

1889 1219 2039 1263 stans
2067 1225 2132 1264 ex
2163 1225 2328 1266 carne
2357 1214 2733 1270 constantibus
2760 1215 2877 1269 sine
2896 1228 3059 1270 carne
3080 1215 3245 1271 verba
3268 1213 3492 1272 iaciens.

1888 1300 2148 1356 Convenit
2177 1302 2358 1372 itaque
2387 1305 2612 1375 martyri
2640 1305 2919 1375 propheta:
2946 1321 3188 1374 carmen,
3220 1303 3492 1379 περιοικίσι

1887 1402 1959 1446 est
2002 1395 2190 1463 gaudio
2237 1411 2296 1449 os
2339 1407 2568 1451 nostrum
2589 1438 2602 1459 .
2645 1408 2693 1452 et
2731 1399 2908 1470 lingua
2949 1409 3124 1454 nostra
3164 1399 3502 1458 exsultatione

1891 1484 2063 1556 (Paul.
2094 1486 2218 1542 125.
2247 1486 2352 1560 2)·τ
2387 1490 2652 1559 repletum
2679 1503 2762 1546 est
2786 1491 2983 1562 gaudio
3009 1506 3090 1557 os,
3115 1492 3259 1563 quod
3279 1490 3498 1550 Christo

1887 1578 2121 1651 linguam
2164 1596 2358 1635 novam
2397 1583 2671 1638 victimam
2702 1584 3004 1640 olferebat:
3035 1599 3229 1656 magna
3263 1594 3377 1642 tttm
3405 1600 3499 1643 exn

1887 1670 2177 1728 sultatione
2206 1682 2600 1744 correpta'erat
2630 1676 2832 1748 lingua,
2865 1693 2986 1748 quae
3024 1679 3220 1748 pncvia
3249 1680 3500 1753 martyris

1889 1774 2094 1836 martyr
2115 1774 2201 1820 est
2226 1767 2356 1822 visa.
2387 1766 2432 1823 0
2452 1768 2709 1839 linguam,
2739 1785 2860 1841 qua:
2881 1769 2948 1825 ad
2977 1779 3275 1844 martyrum
3300 1780 3503 1829 turmas

1885 1855 2118 1910 animam
2165 1858 2337 1928 ipsam
2369 1861 2661 1929 prmvenitl
2695 1876 2730 1916 ο
2757 1876 2841 1930 os,
2870 1862 3013 1934 quod
3042 1865 3312 1920 occultum
3358 1881 3504 1922 mar-

1889 1952 2059 2014 tyrem
2088 1947 2305 2016 genuit!
2337 1963 2372 2003 ο
2395 1948 2656 2021 linguam,
2685 1951 2771 2006 cui
2798 1957 2897 2022 pr‘o
2924 1953 3081 2009 altari
3103 1969 3164 2010 os
3193 1954 3328 2010 fuit!
3359 1971 3391 2011 o
3413 1972 3498 2024 os,

1888 2035 1975 2089 cui
2001 2051 2099 2106 pro
2120 2037 2334 2093 victima
2364 2039 2544 2110 lingua
2570 2041 2700 2097 fuit!
2727 2042 3116 2112 nesciebamus,
3147 2062 3181 2103 o
3203 2062 3496 2119 generose,

1887 2129 2145 2198 templum
2169 2129 2370 2188 habere
2394 2143 2443 2188 te
2464 2149 2526 2189 os
2556 2143 2739 2201 tuum;
2768 2139 3047 2208 templum,
3069 2141 3121 2196 in
3144 2156 3252 2212 quo
3271 2157 3502 2198 causam

1883 2219 2134 2289 guineam
2168 2222 2401 2294 linguam
2425 2225 2727 2282 mirabilem
2757 2243 2948 2298 agnam
2982 2236 3250 2287 mactasti.

1955 2311 2010 2365 2.
2063 2312 2196 2381 Quis
2241 2314 2405 2386 igitur
2449 2317 2676 2374 virtutes
2725 2330 2844 2376 tuas
2890 2331 3074 2378 orator
3115 2339 3211 2393 pro
3240 2325 3499 2397 dignitate

1886 2399 2133 2456 laudibus
2163 2416 2520 2476 prosequatur
2536 2408 2846 2481 l‘Linguam
2872 2414 3127 2484 accepisti
3152 2430 3183 2470 a
3210 2428 3421 2483 natura,
3443 2429 3500 2476 at

1887 2497 1942 2542 ιιι
1974 2504 2093 2545 eam
2121 2504 2414 2565 martyrem
2445 2495 2685 2552 educasti
2713 2517 2725 2554 :
2752 2502 3005 2571 accepisti
3047 2518 3142 2567 os,
3189 2507 3500 2564 munimen-

1887 2590 1997 2635 tum
2032 2581 2226 2654 linguae
2246 2627 2262 2652 ,
2299 2594 2352 2641 tu
2382 2597 2561 2643 autem
2593 2604 2656 2645 os
2687 2590 2880 2661 lingua:
2908 2595 3079 2651 altare
3105 2595 3329 2653 eﬁ‘ecisti
3361 2617 3373 2653 :
3406 2614 3497 2656 ac-

1884 2676 2072 2745 cepisti
2122 2679 2389 2747 plectrum
2432 2681 2499 2735 ad
2547 2682 2909 2753 loquendum,
2963 2697 3019 2743 at
3065 2690 3311 2746 excisum
3367 2692 3514 2750 illud"

1883 2768 2087 2837 spicam
2135 2770 2358 2827 effecisti
2394 2790 2407 2827 :
2437 2774 2672 2844 linguam
2702 2778 2986 2836 verborum
3016 2781 3386 2840 administrant
3414 2801 3502 2842 ac-

1883 2859 2109 2928 cepisti,
2154 2870 2209 2915 at
2254 2870 2309 2916 tu
2354 2863 2498 2918 illam
2529 2865 2746 2923 Christo
2789 2872 3049 2938 pecudem
3099 2873 3494 2934 immaculatam

1884 2948 2192 3005 immolasti.
2239 2952 2358 3020 Qtra
2409 2955 2629 3010 tandem
2675 2958 2911 3029 linguam
2956 2972 3100 3019 tuam
3151 2969 3496 3025 convenienti

1883 3041 2243 3108 appellatione
2286 3042 2597 3102 decbrabo?
2645 3063 2756 3119 quo
2800 3052 3017 3109 nomine
3062 3054 3296 3127 linguam
3348 3068 3495 3117 tuam

1883 3136 2197 3191 exornabo?
2227 3138 2604 3198 Admovcbant
2641 3144 2691 3206 ei
2719 3144 2921 3202 ferrum
2951 3152 3235 3210 carniﬁces
3256 3196 3272 3222 ,
3309 3166 3365 3211 at
3408 3160 3494 3215 illa

1883 3228 2049 3302 vincti
2074 3229 2224 3287 Isaac
2251 3231 2304 3286 in
2337 3248 2544 3290 murem
2573 3251 2682 3293 non
2709 3238 3002 3308 resiliebat,
3036 3244 3130 3299 sed
3157 3248 3206 3301 in
3235 3263 3328 3304 ore
3355 3259 3497 3305 tam-

1885 3336 2044 3391 quam
2076 3325 2129 3376 in
2159 3323 2315 3379 altari
2356 3327 2544 3391 iacens
2579 3344 2704 3386 cum
2749 3331 3024 3403 voluptate
3063 3339 3258 3394 vulnus
3298 3357 3495 3414 exspe-

1884 3412 2096 3482 ctabat,
2145 3431 2210 3471 ac
2262 3417 2470 3488 linguas
2508 3420 2786 3478 hominum
2833 3440 2939 3481 non
2971 3443 3068 3498 pro
3096 3430 3313 3490 Christo
3352 3412 3497 3506 loqui

1889 3512 2095 3560 tantum
2121 3519 2393 3578 oportere,
2418 3511 2514 3567 sed
2537 3515 2669 3568 caedi
2693 3517 2854 3570 etiam
2889 3518 3133 3576 docebat.
3163 3523 3494 3583 Patriarclnu

1885 3599 2131 3656 sacriﬁcii
2175 3602 2610 3674 aemulationem,
2662 3621 2696 3662 o
2737 3624 3030 3680 generose,
3073 3617 3318 3686 rapuisti,
3365 3619 3494 3677 dum

1885 3691 2219 3762 unigenitum
2260 3693 2452 3765 lingua:
2486 3711 2708 3766 germen
2739 3713 2840 3770 pro
2872 3703 3144 3774 unigenito
3174 3707 3311 3765 Filio
3325 3713 3487 3767 obtu-

1886 3779 1992 3835 listi
2024 3780 2174 3854 (Cen.
2204 3782 2331 3854 22).
2360 3785 2527 3840 Recte
2556 3787 2737 3858 itaque
2769 3791 2864 3845 tibi
2895 3792 3120 3850 alteram
3151 3797 3387 3870 linguam
3414 3805 3494 3858 vi-

1885 3871 2066 3926 cissim
2107 3873 2356 3930 Christus
2387 3876 2614 3944 inserit;
2653 3879 2855 3936 bonum
2893 3884 3093 3955 quippe
3125 3897 3176 3942 te
3200 3892 3494 3961 agricolam

1887 3964 2080 4032 prioris
2110 3964 2351 4021 invenit:
2379 3976 2529 4024 recte
2558 3969 2792 4042 linguam
2839 3989 2947 4030 non
2987 3993 3239 4037 eameam
3265 3994 3349 4040 est
3384 3986 3493 4042 lar-

1885 4057 2056 4126 gitus;
2085 4058 2384 4128 angelicum
2405 4061 2547 4115 enim
2573 4062 2738 4118 animi
2765 4064 3014 4122 allectum
3041 4085 3238 4130 carnea
3263 4092 3372 4132 non
3396 4080 3496 4138 de-

1887 4147 2042 4202 cebat
2072 4167 2084 4203 :
2119 4159 2267 4207 recte
2303 4151 2497 4221 linguas
2547 4153 2640 4208 tibi
2685 4160 3178 4218 remunerationem
3218 4143 3488 4237 rependit.

1889 4240 1969 4295 Ad
2002 4241 2328 4298 sacriﬁcium
2365 4244 2599 4314 linguam
2635 4247 2862 4303 Domino
2897 4256 3282 4326 commodasti,
3304 4273 3371 4321 at
3405 4264 3493 4320 ille

1888 4333 2121 4388 vicissim
2145 4349 2332 4390 vocem
2353 4335 2421 4390 ad
2442 4335 2802 4407 eloquentiam
2829 4339 3113 4400 fceneravit
3128 4364 3152 4400 ,:
3180 4348 3382 4407 factum
3410 4368 3495 4411 est

1887 4425 2154 4518 quoddam
2189 4427 2385 4497 lingua:
2409 4437 2570 4500 atque
2590 4429 2792 4488 Christi
2825 4434 2966 4491 inter
2994 4452 3054 4493 se
3081 4449 3488 4518 commercium,

1886 4517 2011 4572 dum
2051 4536 2150 4615 pro
2176 4520 2390 4615 Christo
2417 4523 2631 4592 quidem
2661 4525 2838 4596 lingua
2868 4530 3152 4604 exciditur,
3180 4551 3280 4607 pro
3309 4539 3488 4615 lingua

1889 4625 2018 4666 vero
2041 4611 2290 4667 Christus
2316 4613 2580 4684 loquitur.

1957 4702 2026 4756 In
2054 4703 2412 4759 Macedoniam
2441 4707 2710 4773 inve/titur,
2733 4712 2820 4780 qui
2840 4710 3066 4782 Spiritus
3091 4717 3152 4773 S.
3175 4722 3491 4786 divinitatem

1886 4796 2119 4868 negabat.
2148 4796 2352 4868 Confert
2376 4798 2472 4851 Itoc
2497 4799 2799 4854 miraculum
2826 4819 2940 4857 cum
2969 4807 3115 4867 rubo.
3142 4841 3198 4851 —-
3228 4813 3325 4871 Ubi
3349 4835 3494 4878 nunc

1885 4899 1968 4945 est
1986 4889 2141 4944 nobis
2168 4889 2532 4956 Macedonius,
2565 4890 2979 4960 qui'Paracleto,
3008 4911 3038 4951 a
3059 4913 3167 4968 quo
3188 4901 3487 4976 linguarum

1886 4983 2085 5038 donum
2116 4982 2366 5036 collatum
2389 4993 2491 5048 est,
2525 4981 2727 5038 bellum
2752 4983 2952 5041 infert?
2975 4985 3158 5059 Neque
3185 5009 3314 5052 vero
3337 5014 3488 5060 men-

1890 5078 1975 5131 tiri
2021 5091 2138 5142 me,
2167 5075 2296 5130 dum
2336 5074 2720 5131 charismatum
2749 5076 2888 5133 dona
2926 5077 3186 5140 Paracleti
3217 5087 3488 5154 divinitati

1886 5170 2140 5235 attribuo,
2176 5171 2326 5225 testis
2353 5170 2508 5225 nobis
2537 5179 2618 5224 est
2644 5170 2832 5226 beatus
2859 5172 3085 5244 Paulus,
3125 5181 3215 5249 qui
3247 5195 3483 5245 vestrum

1887 5263 2134 5317 audiendi
2182 5261 2418 5316 studium
2467 5277 2611 5315 nunc
2657 5261 2740 5323 bis
2786 5265 3007 5321 vocibus
3051 5283 3325 5342 occupat;
3358 5279 3491 5337 um,

1887 5355 2060 5408 omnia
2086 5362 2327 5422 operatur
2351 5369 2482 5406 tum:
2511 5362 2660 5422 atque
2686 5354 2822 5408 idem
2848 5355 3094 5427 Spiritus,
3126 5364 3352 5423 dividens
3378 5376 3482 5428 ain.

1887 5449 2022 5518 gulis
2051 5456 2206 5518 prout
2223 5449 2329 5501 vult
2357 5447 2435 5516 (Ι.
2459 5445 2586 5500 Cor.
2613 5445 2700 5502 12.
2731 5448 2819 5518 ll)
2845 5467 2858 5502 :
2888 5449 3055 5506 Prout
3087 5454 3227 5521 vult,
3269 5460 3444 5533 inquit
3470 5510 3495 5533 ι

1889 5557 2018 5608 non,
2048 5539 2471 5610 Proutjubetur.
2505 5540 2699 5595 Verum
2727 5557 2795 5597 ne
2822 5543 3032 5598 si'fortc
3057 5548 3303 5614 qumdam
3330 5557 3485 5613 addi-

1891 5643 2124 5688 lamenta
2168 5632 2251 5687 his
2290 5631 2610 5699 lbeerimus,
2640 5633 2801 5688 nimia
2833 5633 2985 5706 copia
3019 5646 3255 5694 vestram
3287 5660 3491 5701 meme-

1887 5727 2020 5781 riam
2065 5725 2385 5791 obruamus,
2429 5723 2589 5794 hujus
2628 5724 2762 5779 certi
2802 5723 3052 5797 ﬁrmique
3088 5745 3186 5800 pro
3210 5731 3489 5793 Paracleto

1895 5819 1992 5878 laci
2021 5831 2286 5876 memores
2313 5813 2437 5873 hinc
2466 5818 2793 5874 excedamus
2813 5857 2827 5884 ,
2855 5825 2909 5874 et
2932 5832 3155 5892 magnos
3184 5825 3405 5895 spiritus
3434 5836 3486 5889 in
