4082 6458
649 404 752 461 (iis

641 535 738 577 eos
761 530 1057 585 sumentes;
1087 519 1180 574 sed
1222 519 1329 574 illis
1358 512 1659 575 errantibus
1687 516 1899 574 interim
1936 519 2220 589 ignoscen-

650 622 752 683 tes,
776 612 1037 670 Paracletl
1061 599 1403 668 divinitatem
1429 609 1735 665 adoremus.
1761 604 1838 664 Ac
1863 608 1986 663 tuba
2010 607 2224 677 quidem

648 707 961 779 prophetica
991 705 1156 760 totius
1183 703 1330 759 orbis
1356 703 1408 758 in
1430 701 1701 759 Christum
1726 716 2043 758 consensum
2084 716 2225 770 pra:-

639 800 891 856 nuntians
908 797 1138 863 dicebat,
1171 796 1304 862 Quia
1326 795 1605 868 intelligent
1624 813 1724 860 me,
1743 813 1774 849 a
1788 810 1940 865 parvo
1962 810 2155 858 eorum,
2176 801 2223 847 et

640 906 795 960 usque
820 890 888 944 ad
908 905 1145 960 magnum
1162 903 1334 943 eorum
1362 886 1497 961 (Jer.
1526 888 1617 943 5i.
1640 888 1757 955 34),
1782 886 1848 948 Et
1868 886 2031 941 omnis
2051 886 2224 957 lingua

638 981 959 1051 conﬁtebitur
984 979 1092 1034 Deo
1121 995 1234 1034 vero
1265 978 1439 1052 (Rom.
1472 979 1557 1035 ﬂ.
1586 979 1698 1047 11).
1725 977 1793 1032 Et
1819 962 2076 1047 propheta
2100 977 2222 1047 qui-

636 1073 787 1136 dem,
834 1079 901 1126 ut
919 1070 1059 1138 dixi,
1100 1070 1333 1140 linguam
1381 1084 1593 1124 omnem
1638 1068 1957 1140 cognitionis
1998 1068 2090 1124 Dei
2122 1069 2221 1125 reti

635 1161 907 1216 concludit
924 1203 939 1227 ,
966 1176 1065 1215 nos
1082 1176 1223 1216 vero
1243 1160 1499 1215 hodierno
1524 1159 1611 1216 die
1633 1159 1793 1216 etiam
1820 1158 2082 1228 elinguem
2109 1173 2221 1213 ora-

642 1258 843 1311 tionem
875 1255 1055 1323 pietati
1086 1254 1506 1324 patrocinantem
1534 1252 1813 1309 audiemus
1850 1270 1866 1308 :
1906 1253 2218 1338 velutOeuim

636 1346 840 1402 cithara
871 1345 1114 1417 quredam
1159 1345 1363 1415 plectro
1389 1344 1643 1400 destituta
1669 1347 1980 1401 Creatorem
2013 1346 2219 1401 Collau-

632 1436 745 1492 dat.
768 1436 918 1491 Dicat
950 1436 1110 1505 igitur
1138 1444 1193 1490 et
1222 1436 1406 1491 beatus
1431 1435 1702 1491 Romanus
1727 1455 1740 1491 :
1767 1435 1969 1507 Lingua
1994 1453 2105 1491 mea
2126 1454 2216 1491 ca-

631 1526 801 1581 lamus
820 1526 995 1581 scribat
1012 1526 1242 1581 velociter
1259 1525 1519 1581 scribentis
1542 1525 1711 1597 (Psat.
1730 1526 1820 1581 44.
1851 1524 1909 1599 1)
1932 1544 1944 1581 :
1971 1542 2214 1597 quaenam

633 1619 849 1697 lingua?
868 1618 983 1673 Non
1026 1632 1087 1673 ea
1119 1632 1275 1688 quam
1315 1616 1514 1674 ferrum
1543 1618 1759 1689 eripuit,
1789 1619 1882 1674 sed
1910 1636 2065 1689 quam
2096 1618 2216 1688 Spic

632 1710 768 1764 ritus
794 1710 963 1779 gratia
994 1707 1249 1763 fabricata
1274 1716 1399 1775 est;
1430 1709 1607 1778 lingua
1640 1710 1834 1779 quippe
1860 1711 2071 1777 avulsa,
2095 1711 2215 1781 Spi—

631 1804 768 1856 ritus
801 1801 969 1872 gratia
1012 1801 1064 1855 in
1107 1801 1224 1870 ejus
1266 1800 1444 1856 locum
1472 1810 1555 1856 est
1591 1800 1829 1856 suffecta.
1861 1803 2135 1859 llahebant
2160 1816 2215 1860 et

631 1892 847 1962 linguas,
871 1893 1131 1962 apostoli.
1163 1893 1256 1948 sed
1291 1903 1347 1946 ut
1373 1893 1642 1962 operantis
1667 1893 1838 1947 virtus
1864 1894 2209 1963 indicaretur,

628 1982 796 2036 lutum
836 1981 1123 2046 otiabatur,
1159 1992 1212 2036 et
1240 1982 1377 2052 ignis
1400 1982 1629 2037 caelestis
1666 1984 2001 2053 loquebatur.
2036 1988 2209 2043 llabe-

626 2074 712 2129 bat
744 2083 797 2129 et
826 2074 1050 2129 Mosaica
1081 2074 1351 2146 Scriptura
1377 2076 1452 2129 rei
1474 2074 1754 2144 imaginem
1776 2092 1894 2147 quae
1915 2079 2210 2136 orationem

625 2166 835 2220 excedit
863 2183 878 2219 :
905 2166 1070 2220 rubus
1096 2166 1237 2220 enim
1280 2165 1417 2234 apud
1450 2166 1594 2221 illum
1626 2175 1680 2221 et
1707 2168 1841 2238 ignis
1876 2169 1970 2224 fuit
2004 2168 2207 2243 (Exod.

624 2258 679 2312 5.
712 2258 871 2327 init.).
914 2258 1250 2326 Apostolicus
1294 2258 1427 2329 ignis
1462 2259 1854 2328 praedicationis
1890 2265 2210 2334 evangelica:

625 2361 789 2401 voces
818 2347 867 2399 in
897 2346 1029 2401 rubo
1056 2347 1429 2418 praefigurabat
1449 2391 1463 2415 ,
1497 2364 1561 2405 ac
1582 2364 1768 2405 vocem
1799 2352 1877 2406 rei
1907 2353 2209 2409 inanimatae

623 2436 882 2506 impertit,
914 2446 972 2491 ut
1005 2437 1085 2503 ci,
1116 2452 1236 2492 cum
1271 2439 1500 2509 tetigerit
1538 2442 1769 2496 animata
1815 2442 2163 2501 instrumenta
2188 2487 2204 2513 ,

621 2529 918 2582 credatur:
951 2528 996 2583 si
1041 2530 1184 2584 enim
1226 2546 1338 2586 rem
1382 2532 1726 2588 inanimatam
1770 2518 2046 2591 contactus
2073 2538 2207 2608 ignis

620 2620 859 2674 vocalem
888 2620 1148 2687 reddidit,
1183 2637 1360 2677 nonne
1389 2623 1593 2691 debuit,
1627 2640 1748 2679 cum
1778 2627 1983 2683 ratione
2011 2630 2207 2699 pnedi-

620 2718 701 2764 tas
729 2710 933 2764 animas
956 2711 1302 2781 replevisset,
1333 2728 1398 2767 ex
1429 2723 1675 2768 contactu
1720 2730 1938 2773 carmen
1984 2722 2206 2776 concin-

620 2818 751 2857 num
779 2802 1067 2863 admodum
1097 2804 1425 2873 personare?
1450 2806 1560 2861 llac
1589 2807 1746 2861 etiam
1776 2811 1943 2879 gratia
1981 2812 2207 2869 celebris

618 2893 707 2948 hic
733 2893 1008 2949 llomanus
1032 2894 1259 2949 donatus
1284 2905 1401 2951 erat
1420 2937 1436 2964 ,
1465 2897 1554 2967 qui
1599 2908 1815 2953 exsecta
1844 2901 2023 2971 lingua
2045 2943 2057 2965 ,
2092 2904 2205 2958 cla-

615 2985 745 3040 riori
776 3001 907 3041 voce
939 2996 1219 3060 tyrannum
1247 2988 1523 3059 arguebat.
1560 2988 1745 3061 Neque
1778 3008 1905 3047 vero
1947 3003 2205 3065 tyrannus

618 3077 727 3131 ullo
759 3084 913 3145 pacto
942 3078 1174 3148 linguam
1204 3079 1451 3134 excidere
1485 3093 1856 3150 properasset,
1885 3085 1985 3139 nisi
2018 3102 2203 3157 repre-

617 3168 935 3224 hensionum
965 3170 1163 3225 fluenta
1194 3170 1596 3227 reformidasset
1616 3216 1632 3240 ,
1662 3174 1764 3230 nisi
1791 3192 1913 3231 eum
1944 3180 2203 3246 praedica-

614 3261 773 3316 tionis
804 3262 1069 3332 Evangelii
1102 3271 1311 3317 torrens
1339 3265 1817 3335 perterrefecisset,
1846 3270 1945 3324 nisi
1974 3286 2202 3342 cvange-

611 3352 729 3408 lica:
758 3351 949 3409 fluctus
993 3354 1311 3423 eloquentia:
1360 3371 1419 3410 se
1463 3354 1756 3411 fracturam
1801 3368 2054 3428 putasset.
2098 3363 2200 3417 Sed

612 3444 751 3499 unde
782 3446 1070 3500 necessitas
1102 3453 1326 3516 tyranno
1357 3446 1513 3503 fuerit
1542 3447 1746 3503 facinus
1786 3450 1924 3505 istud
1946 3452 2201 3521 audendi,

609 3536 905 3591 videamus.

681 3627 734 3678 5.
768 3624 901 3681 Cum
932 3626 1263 3682 daemonibus
1292 3627 1487 3697 impius
1509 3629 1795 3697 aliquando
1822 3633 2195 3702 sacrificassct,

608 3726 664 3773 et
695 3717 837 3771 fumo
863 3719 1154 3789 nidoreque
1180 3718 1414 3790 repletus
1440 3731 1609 3788 esset,
1638 3732 1691 3777 et
1721 3723 2005 3794 impietatis
2028 3729 2194 3796 guttis

610 3812 935 3881 inquinatus,
965 3812 1233 3866 curriculo
1257 3812 1324 3866 ad
1354 3813 1631 3867 ecclesiam
1665 3816 1954 3884 pergebat,
1985 3833 2048 3872 ac
2077 3820 2196 3873 stil-

609 3902 805 3955 lantem
838 3902 1091 3970 sanguine
1118 3917 1227 3969 pra:
1256 3916 1313 3956 se
1338 3901 1515 3958 ferens
1551 3906 1777 3959 securim
1798 3945 1814 3970 ,
1861 3906 2194 3964 incruentum

607 3993 774 4047 altare
813 3994 877 4045 ad
926 3994 1183 4048 nefarium
1225 3995 1540 4049 sacrificium
1589 3997 1943 4066 perquircbat.
1977 4004 2049 4056 At
2088 4019 2192 4058 non

608 4071 760 4136 liﬂuit
798 4091 1082 4153 martyrem
1133 4084 1345 4153 tyranni
1389 4085 1584 4140 rabies.
1630 4084 1811 4155 Itaque
1852 4103 1971 4141 cum
2018 4092 2193 4148 subito

606 4173 857 4226 cxsiliens
884 4172 1165 4241 prodiissct
1193 4173 1245 4227 in
1276 4174 1616 4242 vestibulum,
1638 4175 1747 4246 jam
1775 4177 2067 4234 irruentem
2097 4183 2196 4236 im-

605 4263 815 4332 pietatis
868 4262 1261 4318 inundationem
1314 4274 1527 4319 coercet
1574 4283 1589 4319 :
1642 4277 1695 4321 et
1742 4268 2190 4337 quemadmodum

605 4352 773 4405 solers
818 4352 1138 4422 gubernator
1176 4352 1301 4407 dum
1350 4356 1402 4408 in
1448 4370 1660 4423 proram
1706 4358 1961 4427 impetum
1992 4361 2192 4420 faciens

608 4458 753 4497 mare
781 4444 1061 4511 conspicit,
1090 4446 1240 4497 otiari
1274 4447 1473 4514 nequit,
1506 4447 1599 4501 sed
1629 4450 1804 4505 navim
1836 4460 1999 4506 totam
2028 4457 2187 4510 celeri

608 4534 741 4604 pede
769 4535 1046 4603 percurrit,
1074 4544 1125 4589 et
1150 4536 1507 4605 gubernaculo
1532 4541 1744 4607 puppim
1768 4543 1974 4612 erigens
1999 4546 2189 4600 obver—

607 4640 719 4678 sam
753 4624 999 4678 fluctibus
1030 4626 1215 4694 navigii
1250 4628 1436 4681 faciem
1468 4631 1704 4697 opponit,
1738 4632 1934 4703 illoque
1962 4637 2101 4704 quod
2133 4639 2183 4692 in

605 4718 842 4784 periculo
872 4719 1180 4772 versabatur
1207 4717 1257 4771 in
1298 4719 1528 4774 sublime
1556 4722 1763 4777 sublato
1787 4767 1802 4790 ,
1836 4728 2066 4782 medium
2094 4731 2188 4785 de-

602 4822 882 4862 cumanum
930 4809 1145 4863 ﬂuctum
1189 4808 1418 4863 dil‘lindit
1438 4852 1453 4875 ,
1483 4821 1535 4864 et
1564 4822 1677 4867 arte
1704 4815 1929 4882 quadam
1961 4820 2183 4874 tumefa-

599 4908 740 4953 ctum
789 4900 1001 4969 pelagus
1046 4899 1249 4952 sulcat:
1280 4900 1383 4955 hoc
1425 4911 1478 4955 et
1516 4902 1699 4957 beatus
1727 4905 1999 4960 lietnanus
2040 4911 2180 4966 fecit.

600 4990 917 5045 idololatria:
945 4991 1076 5044 mari
1104 4990 1457 5059 hlasphemias
1486 4995 1751 5063 mugiente
1777 5036 1790 5059 ,
1820 5006 1977 5066 atque
1997 5001 2183 5056 adver-

598 5098 690 5136 sus
714 5082 1129 5137 ecclesiasticam
1158 5084 1331 5136 navim
1361 5083 1600 5149 furente,
1631 5102 1952 5158 spumasque
1972 5096 2183 5160 sangui-

599 5174 681 5227 nis
702 5173 753 5226 in
771 5187 889 5226 aras
912 5181 1208 5237 eructante,
1229 5175 1374 5228 solus
1390 5174 1642 5230 adversus
1670 5179 1943 5234 insaniens
1964 5184 2179 5255 pelagus

598 5275 863 5329 armatur,
899 5264 1209 5343 penitusque
1253 5266 1487 5320 subverti
1532 5268 1775 5338 cymbam
1817 5270 2021 5341 videns,
2052 5277 2177 5331 dor-

599 5356 845 5409 mientem
880 5356 929 5407 in
959 5356 1076 5408 navi
1109 5355 1389 5410 Dominum
1419 5361 1806 5429 expergefacit,
1839 5376 2027 5418 somno
2062 5367 2179 5420 lon-

594 5445 918 5512 ganimitatis
958 5445 1186 5513 sepitum
1216 5448 1429 5506 excitat.
1456 5449 1745 5505 Contrariis
1776 5463 2051 5509 ventorum
2082 5457 2179 5509 fla-

594 5535 734 5589 tibus
778 5536 1130 5606 procellisque
1177 5537 1438 5592 turbatum
1489 5554 1636 5595 mare
1682 5544 1980 5611 conspicit,
2021 5556 2076 5601 et
2122 5550 2173 5602 in

592 5626 828 5694 periculo
880 5627 1208 5681 versantium
1261 5628 1423 5682 verba
1473 5629 1849 5701 discipulorum
1910 5649 2124 5706 usurpat
2155 5679 2169 5700 .

596 5715 908 5787 Praeceptor,
934 5720 1094 5782 salva,
1130 5720 1351 5788 perimus
1378 5720 1528 5790 (Luc.
1562 5723 1615 5779 8.
1643 5724 1735 5797 24)
1763 5744 1777 5780 :
1810 5726 1994 5795 pirata:
2020 5744 2168 5800 cym-

594 5814 710 5865 bam
741 5811 1134 5879 circumsident,
1168 5811 1275 5882 lupi
1307 5813 1444 5868 ovile
1470 5816 1898 5886 circumvallant,
1933 5821 2165 5880 latrones

1366 402 1421 456 S.
1459 399 1737 456 'JOANNIS
1773 397 2243 456 CllltYSOSTOMI
2281 399 2598 456 ARCHIEP.
2641 401 3174 458 CONSTANTlNOl”.

3788 404 3877 459 (lib

2336 516 2623 572 thalamum
2661 528 2808 573 tuum
2856 518 3189 588 perfodiunt,
3222 518 3503 576 adulterini
3531 525 3725 580 susurri
3752 536 3878 580 tuam

2327 621 2579 679 sponsam
2610 609 3020 675 circumsonant,
3051 610 3243 665 iterum
3269 611 3497 681 paradisi
3527 613 3768 683 parietem
3789 633 3881 671 ser-

2327 716 2462 774 pens
2487 702 2749 772 effringit;
2796 702 3051 757 Ecclesia:
3086 702 3486 760 fundamentum
3526 716 3665 775 petra
3703 721 3879 761 concu-

2329 796 2459 848 titur
2486 810 2500 846 :
2531 809 2594 847 ac
2622 800 2674 847 tu
2700 793 2768 848 de
2794 792 2929 848 ctelo
2957 794 3319 864 evangelicam
3349 796 3631 850 anchoram
3664 796 3846 866 projicc
3866 839 3878 862 ,

2325 903 2389 959 ac
2430 896 2631 957 petram
2676 888 2926 956 agitatam
2968 886 3191 941 obfirma
3220 904 3235 940 :
3266 885 3577 958 Prwceptor,
3619 889 3769 953 salua,
3807 906 3881 958 pc-

2325 979 2504 1033 rimus.

2396 1071 2621 1126 Romani
2655 1072 2725 1141 ad
2768 1080 3040 1141 tyrannum
3069 1070 3253 1124 oratio.
3273 1066 3659 1123 —Commune
3698 1069 3885 1137 pericu-

2323 1166 2429 1220 lum
2454 1163 2703 1233 martyris
2730 1164 2966 1217 animum
2992 1161 3217 1225 dividit,
3262 1170 3316 1214 et
3352 1159 3418 1213 ad
3462 1159 3738 1218 Dominum
3776 1173 3885 1212 cum

2320 1255 2512 1311 fiducia
2540 1255 2700 1311 verba
2746 1253 2903 1317 facit,
2933 1261 3094 1323 atque
3129 1252 3384 1306 adversus
3415 1257 3691 1322 tyrannum
3735 1249 3887 1303 fluen-

2320 1356 2426 1402 tem
2469 1347 2699 1415 linguam
2745 1344 2959 1399 emittit.
3007 1342 3177 1407 Siste,
3225 1341 3424 1411 inquit,
3463 1338 3717 1394 furiesum
3759 1337 3888 1393 hunc

2317 1452 2554 1503 cursum,
2604 1450 2639 1490 ο
2690 1442 2916 1507 tyranne
2961 1451 2974 1486 :
3023 1431 3398 1487 imbecillitatis
3446 1439 3550 1484 tua:
3606 1442 3887 1484 mensuram

2315 1544 2573 1600 agnosce,
2613 1527 2850 1583 cruciﬁxi
2893 1524 3145 1580 terminos
3192 1538 3471 1589 reverere,
3525 1521 3734 1577 termini
3774 1534 3887 1575 vero

2315 1619 2577 1685 crucifixi,
2603 1634 2709 1673 non
2753 1617 2993 1671 ecclesia:
3036 1614 3296 1684 parietes,
3337 1612 3431 1668 sed
3464 1613 3612 1668 orbis
3645 1622 3888 1667 terrarum

2315 1722 2440 1765 sunt
2469 1710 2602 1765 fines
2629 1727 2643 1763 :
2673 1708 2867 1763 furoris
2894 1706 3172 1775 caliginem
3210 1713 3435 1771 excute,
3466 1703 3677 1772 respice
3711 1703 3763 1757 in
3788 1713 3888 1756 ter-

2314 1817 2449 1866 ram,
2479 1809 2533 1855 et
2554 1809 2758 1854 natura:
2777 1808 2880 1853 tua:
2903 1791 3318 1853 imbecillitatem
3346 1794 3630 1851 considera
3657 1812 3672 1852 :
3694 1793 3891 1863 suspice

2314 1896 2366 1949 in
2390 1894 2601 1959 caelum,
2630 1908 2693 1946 ac
2718 1891 3132 1960 magnitudinem
3160 1889 3281 1944 belli
3305 1888 3608 1958 perpende;
3636 1886 3889 1942 infirmum

2313 1984 2616 2038 dmmonum
2655 1982 2909 2037 auxilium
2948 1992 3271 2044 contemne;
3311 1979 3677 2034 animadverte
3704 1977 3893 2032 dmino-

2312 2092 2409 2131 ues
2438 2091 2596 2130 cruce
2623 2088 2902 2143 percussos
2934 2084 2986 2128 te
3015 2087 3231 2127 suorum
3266 2072 3515 2137 altarium
3547 2076 3889 2141 prepugnato-

2311 2184 2423 2223 rem
2464 2167 2776 2223 obtendere.
2806 2164 2914 2221 Cur
2956 2180 3018 2219 ea
3057 2180 3176 2234 qua:
3208 2172 3480 2232 nequeunt
3522 2156 3890 2230 comprehendi

2312 2258 2692 2328 persequeris?
2735 2273 2830 2312 cur
2872 2257 2924 2310 in
2966 2270 3143 2310 aerem
3168 2254 3461 2323 jacularis?
3486 2268 3616 2307 num
3642 2252 3780 2307 enim
3809 2266 3893 2321 pa-

2313 2348 2534 2403 rietibus
2575 2350 2715 2403 Deus
2751 2344 3244 2403 circumscribitur?
3275 2344 3790 2412 incircumscriptum
3816 2348 3892 2397 at

2308 2455 2505 2494 numen
2538 2457 2551 2493 :
2587 2455 2714 2493 num
2745 2440 2887 2493 enim
2917 2439 3088 2493 oculis
3117 2437 3376 2491 Dominus
3415 2446 3604 2490 noster
3636 2432 3877 2503 conspici-

2310 2533 2431 2586 tur?
2462 2533 2742 2587 invisibilis
2768 2533 2909 2587 enim
2937 2541 3020 2587 est
3048 2533 3279 2586 essentia
3324 2538 3379 2585 et
3419 2528 3668 2584 informis
3697 2546 3712 2582 :
3743 2541 3895 2598 porro

2308 2625 2602 2679 secundum
2649 2624 3034 2679 humanitatem
3066 2631 3119 2678 et
3147 2623 3396 2692 pingitur,
3426 2630 3482 2676 et
3510 2621 3740 2675 videtur.
3764 2618 3893 2673 Num

2307 2716 2448 2771 enim
2496 2716 2725 2784 lapidem
2769 2724 2824 2770 et
2868 2716 3066 2785 lignum
3110 2701 3421 2768 inhabitans’
3439 2712 3576 2768 bove
3609 2727 3671 2767 ac
3702 2709 3894 2781 pecude

2307 2807 2699 2876 providentiam
2730 2806 2946 2861 vendit?
2975 2821 3102 2859 num
3128 2805 3270 2858 enim
3310 2804 3477 2858 altare
3507 2803 3557 2858 in
3590 2802 3708 2872 ejus
3735 2800 3896 2871 pactis

2307 2899 2449 2954 velut
2494 2900 2827 2953 interventor
2855 2896 3191 2967 requiritur?
3214 2897 3288 2950 Ea
3324 2903 3537 2951 tuorum
3578 2905 3664 2950 est
3698 2893 3893 2948 dmmo—

2306 3005 2431 3045 num
2458 2988 2643 3059 gulosa
2677 2989 3003 3050 mendicatio
3028 3007 3042 3042 :
3066 2986 3329 3052 Dominus
3355 2990 3528 3051 meus,
3556 2988 3642 3042 vel
3665 2984 3891 3040 universi

2306 3084 2480 3152 petius
2507 3081 2793 3145 Dominus,
2817 3080 3063 3136 Christus
3088 3078 3273 3134 incolit
3298 3079 3484 3133 caelum
3508 3120 3521 3143 ,
3550 3094 3616 3134 ac
3643 3077 3893 3133 mundum

2305 3172 2587 3242 gubernat,
2611 3182 2668 3227 et
2687 3173 3007 3227 sacrificium
3034 3180 3117 3227 est
3141 3171 3215 3226 illi
3244 3171 3441 3237 anima,
3474 3186 3597 3242 quae
3626 3170 3695 3225 ad
3726 3169 3892 3240 ipsum

2305 3264 2490 3318 oculos
2514 3278 2726 3317 sursum
2759 3262 2988 3318 reflectit
3016 3280 3030 3317 :
3062 3278 3201 3317 unus
3227 3262 3305 3317 illi
3330 3263 3481 3317 cibus
3505 3270 3590 3317 est
3614 3263 3763 3318 salus
3782 3276 3894 3318 cre-

2304 3352 2564 3407 dentium.
2600 3354 2793 3409 Desine
2822 3370 2969 3409 arma
3000 3354 3259 3409 adversus
3294 3352 3851 3419 Ecclesiammovere
3875 3350 3903 3405 :i

2303 3446 2354 3499 in
2384 3447 2538 3499 terris
2568 3454 2649 3502 est
2676 3462 2842 3517 grex,
2888 3455 2944 3501 et
2986 3455 3170 3516 pastor
3211 3446 3265 3500 in
3307 3446 3455 3506 cadis
3480 3463 3493 3500 :
3522 3446 3573 3500 in
3609 3454 3749 3501 terra
3776 3452 3895 3501 sunt

2302 3537 2570 3604 palmites,
2606 3548 2659 3591 et
2688 3538 2809 3591 vitis
2834 3537 2885 3591 in
2913 3537 3048 3591 caelo
3077 3554 3091 3590 :
3120 3536 3169 3590 si
3194 3536 3443 3605 palmites
3471 3536 3712 3603 excidas,
3736 3537 3894 3591 vitem

2300 3628 2639 3695 multiplicas.
2679 3626 2881 3683 Cruore
2930 3642 3119 3682 manus
3169 3636 3271 3682 tua:
3316 3627 3650 3694 redundant,
3691 3627 3897 3698 gladius

2302 3728 2423 3773 tuus
2453 3720 2724 3774 brutarum
2756 3720 3049 3775 hostiarum
3074 3720 3331 3790 sanguine
3359 3720 3554 3775 tinctus
3582 3729 3666 3777 est
3691 3738 3705 3773 :
3737 3733 3894 3789 parce

2298 3812 2592 3881 pecudibus
2636 3813 3011 3868 innocentibus
3031 3855 3045 3878 ,
3081 3823 3137 3868 et
3174 3813 3225 3866 in
3254 3828 3352 3867 nos
3372 3854 3386 3877 ,
3419 3814 3506 3881 qui
3537 3812 3889 3881 reprehendi-

2298 3918 2416 3958 mus
2440 3944 2453 3968 ,
2499 3904 2698 3958 ferrum
2744 3916 2994 3959 converte
3022 3922 3037 3959 :
3072 3919 3231 3973 parce
3274 3903 3569 3959 tacentibus
3597 3904 3810 3970 bestiis,
3838 3911 3890 3959 et

2298 4011 2396 4049 nos
2424 3997 2511 4066 qui
2556 4012 2903 4062 accusamus,
2950 3998 3213 4051 interfice.
3241 3996 3354 4051 Non
3386 3997 3527 4051 enim
3570 3994 3641 4049 ita
3689 3995 3891 4051 ferrum

2299 4085 2702 4153 homicidarum,
2733 4099 2786 4141 ut
2815 4089 3040 4143 securim
3068 4090 3448 4143 inservientem
3474 4089 3736 4143 altaribus
3766 4104 3888 4158 per-

2296 4178 2519 4255 timeja
2545 4196 2557 4231 :
2590 4178 2973 4232 homicidarum
3007 4178 3205 4233 ferrum
3235 4196 3428 4249 corpus
3456 4181 3655 4245 laniat,
3682 4178 3889 4235 securis

2294 4268 2542 4322 altarium
2596 4269 2825 4323 animam
2868 4269 3059 4323 occidit
3093 4287 3106 4323 :
3140 4268 3525 4324 homicidarum
3575 4268 3781 4325 ferrum
3834 4270 3888 4323 id

2293 4358 2433 4429 quod
2462 4358 2791 4414 sacrificatur
2818 4369 3043 4427 mactat,
3089 4369 3143 4414 at
3191 4362 3397 4415 securis
3443 4362 3689 4415 altarium
3737 4372 3793 4416 et
3834 4361 3883 4415 id

2291 4450 2429 4520 quod
2461 4452 2804 4516 sacrificatur,
2832 4461 2884 4505 et
2909 4468 3031 4506 eum
3052 4453 3143 4521 qui
3175 4452 3459 4517 sacrificat,
3484 4453 3641 4505 simul
3670 4454 3843 4521 perdit
3867 4469 3883 4505 :

2293 4548 2552 4599 cervicem
2583 4560 2787 4609 trunca,
2822 4562 2920 4600 nec
2947 4561 3091 4599 aram
3125 4547 3455 4600 commacnla
3491 4564 3504 4601 :
3535 4545 3700 4600 habes
3726 4543 3882 4600 victi-

2291 4653 2431 4690 mam
2459 4638 2808 4691 voluntariam
2831 4679 2844 4698 .
2875 4654 2969 4691 cur
2998 4638 3262 4705 captivum
3295 4649 3503 4691 taurum
3540 4637 3763 4707 colligas
3792 4654 3881 4693 re-

2288 4729 2680 4783 luctantem?Si
2706 4738 2938 4783 mactare
2959 4730 3250 4793 desideras,
3278 4730 3327 4783 in
3352 4730 3593 4783 ecclesia:
3617 4731 3883 4785 vestibulo

2288 4822 2496 4877 ratione
2525 4822 2797 4890 praeditam
2831 4824 3055 4877 hostium
3085 4833 3275 4875 macta.

2356 4911 2555 4983 Lingua
2585 4915 2833 4967 exciditur
2861 4914 3111 4967 Romano.
3129 4944 3198 4953 —
3219 4914 3332 4969 Non
3378 4914 3495 4968 tulit
3535 4913 3879 4968 immodicam

2286 5002 2495 5057 dicendi
2536 5006 2832 5058 libertatem
2865 5006 3113 5075 martyris
3144 5015 3430 5075 tyrannus,
3470 5004 3563 5059 sed
3592 5018 3623 5058 e
3652 5004 3880 5074 vestigio

2283 5108 2313 5146 a
2338 5093 2513 5163 lingua
2544 5094 2859 5147 sacrificium
2885 5096 3167 5148 inchoavit.
3193 5094 3447 5163 Linguam
3473 5096 3631 5163 igitur
3653 5096 3875 5160 excidit,

2284 5201 2388 5239 non
2429 5186 2567 5254 quod
2597 5202 2712 5240 eam
2742 5188 2899 5240 vellet
2925 5187 3159 5240 avulsam
3180 5229 3192 5247 ,
3228 5186 3319 5241 sed
3353 5197 3408 5239 ut
3436 5188 3703 5257 Evangelii
3734 5204 3877 5256 pra:-

2282 5275 2599 5330 dicationem
2628 5286 2995 5347 oppugnaret:
3027 5294 3129 5330 non
3160 5286 3266 5332 tam
3313 5278 3452 5348 quod
3484 5282 3707 5347 prmeoni
3739 5280 3878 5333 invi-

2281 5366 2451 5433 deret,
2486 5383 2643 5436 quam
2676 5348 2821 5437 quod
2850 5367 3040 5421 invidia
3074 5368 3126 5421 in
3153 5384 3272 5421 eum
3294 5409 3306 5431 ,
3341 5370 3428 5438 qui
3462 5369 3869 5437 prmdicabatnr,

2278 5457 2508 5511 arderet.
2551 5458 2655 5511 Sed
2708 5459 2805 5524 Qui
2859 5460 3234 5528 comprehcndit
3281 5461 3531 5527 sapientes
3580 5462 3630 5513 in
3686 5463 3871 5514 astutia

2277 5565 2449 5603 eorum
2482 5559 2498 5619 ί
2526 5552 2573 5602 l.
2606 5548 2723 5604 Cor.
2755 5552 2807 5604 5.
2841 5548 2947 5619 19)
2976 5589 2991 5613 ,
3017 5551 3251 5603 excisum
3282 5550 3425 5604 vocis
3457 5549 3872 5605 instrumentum

2276 5658 2307 5697 e
2333 5642 2464 5695 cmln
2496 5644 2747 5707 restituit,
2782 5642 3031 5696 invisibili
3061 5643 3445 5697 claudicantcm
3474 5658 3662 5697 sonum
3696 5646 3876 5713 lingua

2273 5734 2525 5801 suﬂ'ulcit,
2550 5750 2734 5789 vocem
2757 5734 2948 5803 elingui
2968 5734 3206 5803 largitur,
3229 5744 3282 5787 et
3299 5736 3621 5789 creationem
3643 5734 3876 5789 hominis

2280 5825 2452 5894 rripsa
2485 5835 2709 5895 tyranno
2739 5825 3088 5879 demonstrat.
3120 5824 3185 5878 Et
3212 5826 3657 5896 quemadmodum
3683 5832 3871 5898 putet»
