  <div class='ocr_page' id='page_1' title='image "/cluster/home/n/w/nwhite01/storage/ocr_20150623/50/ien.35556001660778/214.png"; bbox 0 0 4082 6422; ppageno 0'>
   <div class='ocr_carea' id='block_1_1' title="bbox 257 407 363 466">
    <p class='ocr_par' dir='ltr' id='par_1_1' title="bbox 257 407 363 466">
     <span class='ocr_line' id='line_1_1' title="bbox 257 407 363 466; baseline -0.019 -1"><span class='ocrx_word' id='word_1_1' title='bbox 257 407 363 466; x_wconf 73' lang='grc'><strong>615</strong></span> 
     </span>
    </p>
   </div>
   <div class='ocr_carea' id='block_1_2' title="bbox 256 519 1834 595">
    <p class='ocr_par' dir='ltr' id='par_1_2' title="bbox 256 519 1834 595">
     <span class='ocr_line' id='line_1_2' title="bbox 256 519 1834 595; baseline -0.007 -13"><span class='ocrx_word' id='word_1_2' title='bbox 256 526 445 588; x_wconf 72' lang='grc' dir='ltr'><strong>αὐτοῖς</strong></span> <span class='ocrx_word' id='word_1_3' title='bbox 475 520 869 594; x_wconf 78' lang='grc' dir='ltr'><strong>πλανωμένοις,</strong></span> <span class='ocrx_word' id='word_1_4' title='bbox 900 519 992 577; x_wconf 75' lang='grc' dir='ltr'><strong>καὶ</strong></span> <span class='ocrx_word' id='word_1_5' title='bbox 1019 520 1118 594; x_wconf 75' lang='grc' dir='ltr'><strong>τὴν</strong></span> <span class='ocrx_word' id='word_1_6' title='bbox 1139 521 1232 576; x_wconf 88' lang='grc' dir='ltr'><strong>τοῦ</strong></span> <span class='ocrx_word' id='word_1_7' title='bbox 1266 523 1627 595; x_wconf 85' lang='grc' dir='ltr'><strong>Παρακλήτου</strong></span> <span class='ocrx_word' id='word_1_8' title='bbox 1663 535 1834 592; x_wconf 87' lang='grc' dir='ltr'><strong>προσ-</strong></span> 
     </span>
    </p>
   </div>
   <div class='ocr_carea' id='block_1_3' title="bbox 255 600 1835 677">
    <p class='ocr_par' dir='ltr' id='par_1_3' title="bbox 255 600 1835 677">
     <span class='ocr_line' id='line_1_3' title="bbox 255 600 1835 677; baseline -0.006 -14"><span class='ocrx_word' id='word_1_9' title='bbox 255 606 550 669; x_wconf 83' lang='grc' dir='ltr'><strong>κυνοῦντες</strong></span> <span class='ocrx_word' id='word_1_10' title='bbox 573 605 822 674; x_wconf 85' lang='grc' dir='ltr'><strong>θεότητα.</strong></span> <span class='ocrx_word' id='word_1_11' title='bbox 873 605 940 658; x_wconf 87' lang='grc' dir='ltr'><strong><em>Ἥ</em></strong></span> <span class='ocrx_word' id='word_1_12' title='bbox 984 604 1084 676; x_wconf 84' lang='grc' dir='ltr'><strong>μὲν</strong></span> <span class='ocrx_word' id='word_1_13' title='bbox 1119 602 1213 658; x_wconf 82' lang='grc' dir='ltr'><strong>οὖν</strong></span> <span class='ocrx_word' id='word_1_14' title='bbox 1242 607 1558 677; x_wconf 81' lang='grc' dir='ltr'><strong>προφητικὴ</strong></span> <span class='ocrx_word' id='word_1_15' title='bbox 1599 600 1835 671; x_wconf 78' lang='grc' dir='ltr'><strong>σάλπιγξ</strong></span> 
     </span>
    </p>
   </div>
   <div class='ocr_carea' id='block_1_4' title="bbox 251 687 1838 764">
    <p class='ocr_par' dir='ltr' id='par_1_4' title="bbox 251 687 1838 764">
     <span class='ocr_line' id='line_1_4' title="bbox 251 687 1838 764; baseline -0.004 -19"><span class='ocrx_word' id='word_1_16' title='bbox 251 694 355 764; x_wconf 79' lang='grc' dir='ltr'><strong>τὴν</strong></span> <span class='ocrx_word' id='word_1_17' title='bbox 392 688 777 761; x_wconf 80' lang='grc' dir='ltr'><strong>οίκουμενικὴν</strong></span> <span class='ocrx_word' id='word_1_18' title='bbox 819 688 900 752; x_wconf 91' lang='grc' dir='ltr'><strong>είς</strong></span> <span class='ocrx_word' id='word_1_19' title='bbox 935 687 1170 759; x_wconf 81' lang='grc' dir='ltr'><strong>Χριστὸν</strong></span> <span class='ocrx_word' id='word_1_20' title='bbox 1204 689 1654 760; x_wconf 85' lang='grc' dir='ltr'><strong>προσημαίνουσα</strong></span> <span class='ocrx_word' id='word_1_21' title='bbox 1696 703 1838 756; x_wconf 74' lang='grc' dir='ltr'><strong>συμο</strong></span> 
     </span>
    </p>
   </div>
   <div class='ocr_carea' id='block_1_5' title="bbox 253 771 1838 847">
    <p class='ocr_par' dir='ltr' id='par_1_5' title="bbox 253 771 1838 847">
     <span class='ocr_line' id='line_1_5' title="bbox 253 771 1838 847; baseline -0.005 -17"><span class='ocrx_word' id='word_1_22' title='bbox 253 777 464 847; x_wconf 77' lang='grc' dir='ltr'><strong>φωνίαν</strong></span> <span class='ocrx_word' id='word_1_23' title='bbox 490 773 696 842; x_wconf 85' lang='grc' dir='ltr'><strong>ἐλεγεν,</strong></span> <span class='ocrx_word' id='word_1_24' title='bbox 731 773 862 827; x_wconf 78' lang='grc' dir='ltr'><strong>Ὀτι</strong></span> <span class='ocrx_word' id='word_1_25' title='bbox 892 771 1216 838; x_wconf 70' lang='grc' dir='ltr'><strong>εἰδήσουσί</strong></span> <span class='ocrx_word' id='word_1_26' title='bbox 1237 791 1334 845; x_wconf 83' lang='grc' dir='ltr'><strong>με,</strong></span> <span class='ocrx_word' id='word_1_27' title='bbox 1369 773 1556 844; x_wconf 79' lang='grc' dir='ltr'><strong>φησὶν,</strong></span> <span class='ocrx_word' id='word_1_28' title='bbox 1586 772 1704 826; x_wconf 80' lang='grc' dir='ltr'><strong>ἀπὸ</strong></span> <span class='ocrx_word' id='word_1_29' title='bbox 1741 786 1838 839; x_wconf 80' lang='grc' dir='ltr'><strong>μι-</strong></span> 
     </span>
    </p>
   </div>
   <div class='ocr_carea' id='block_1_6' title="bbox 253 851 1837 928">
    <p class='ocr_par' dir='ltr' id='par_1_6' title="bbox 253 851 1837 928">
     <span class='ocr_line' id='line_1_6' title="bbox 253 851 1837 928; baseline -0.004 -17"><span class='ocrx_word' id='word_1_30' title='bbox 253 859 404 928; x_wconf 82' lang='grc' dir='ltr'><strong>κροῦ</strong></span> <span class='ocrx_word' id='word_1_31' title='bbox 433 858 634 912; x_wconf 70' lang='grc' dir='ltr'><strong>αὐτῶν</strong></span> <span class='ocrx_word' id='word_1_32' title='bbox 671 855 769 912; x_wconf 77' lang='grc' dir='ltr'><strong>καί</strong></span> <span class='ocrx_word' id='word_1_33' title='bbox 796 856 908 921; x_wconf 77' lang='grc' dir='ltr'><strong>ἕως</strong></span> <span class='ocrx_word' id='word_1_34' title='bbox 941 858 1212 925; x_wconf 72' lang='grc' dir='ltr'><strong>μεγάλου</strong></span> <span class='ocrx_word' id='word_1_35' title='bbox 1253 856 1473 918; x_wconf 80' lang='grc' dir='ltr'><strong>αὐτῶν,</strong></span> <span class='ocrx_word' id='word_1_36' title='bbox 1515 853 1625 909; x_wconf 75' lang='grc' dir='ltr'><strong>Καὶ</strong></span> <span class='ocrx_word' id='word_1_37' title='bbox 1666 851 1837 906; x_wconf 84' lang='grc' dir='ltr'><strong>πᾶσα</strong></span> 
     </span>
    </p>
   </div>
   <div class='ocr_carea' id='block_1_7' title="bbox 251 935 1836 1011">
    <p class='ocr_par' dir='ltr' id='par_1_7' title="bbox 251 935 1836 1011">
     <span class='ocr_line' id='line_1_7' title="bbox 251 935 1836 1011; baseline -0.004 -15"><span class='ocrx_word' id='word_1_38' title='bbox 251 941 510 1010; x_wconf 78' lang='grc' dir='ltr'><strong>γλῶσσα</strong></span> <span class='ocrx_word' id='word_1_39' title='bbox 557 936 1065 1008; x_wconf 69' lang='grc' dir='ltr'><strong>ἐξομολογήσεται</strong></span> <span class='ocrx_word' id='word_1_40' title='bbox 1105 939 1185 1004; x_wconf 82' lang='grc' dir='ltr'><strong>τῷ</strong></span> <span class='ocrx_word' id='word_1_41' title='bbox 1222 938 1343 1004; x_wconf 87' lang='grc' dir='ltr'><strong>Θεῷ</strong></span> <span class='ocrx_word' id='word_1_42' title='bbox 1374 937 1528 1011; x_wconf 75' lang='grc'><strong>[620]</strong></span> <span class='ocrx_word' id='word_1_43' title='bbox 1567 935 1648 1002; x_wconf 83' lang='grc' dir='ltr'><strong>τῷ</strong></span> <span class='ocrx_word' id='word_1_44' title='bbox 1684 937 1836 1002; x_wconf 78' lang='grc' dir='ltr'><strong>ἀλη-</strong></span> 
     </span>
    </p>
   </div>
   <div class='ocr_carea' id='block_1_8' title="bbox 250 1019 1837 1095">
    <p class='ocr_par' dir='ltr' id='par_1_8' title="bbox 250 1019 1837 1095">
     <span class='ocr_line' id='line_1_8' title="bbox 250 1019 1837 1095; baseline -0.006 -15"><span class='ocrx_word' id='word_1_45' title='bbox 250 1024 419 1090; x_wconf 60' lang='grc' dir='ltr'><strong>θινῷ.</strong></span> <span class='ocrx_word' id='word_1_46' title='bbox 445 1023 556 1077; x_wconf 77' lang='grc' dir='ltr'><strong>Καὶ</strong></span> <span class='ocrx_word' id='word_1_47' title='bbox 589 1025 618 1076; x_wconf 90' lang='lat'><strong>6</strong></span> <span class='ocrx_word' id='word_1_48' title='bbox 646 1023 744 1094; x_wconf 87' lang='grc' dir='ltr'><strong>μέν</strong></span> <span class='ocrx_word' id='word_1_49' title='bbox 770 1022 1076 1093; x_wconf 79' lang='grc' dir='ltr'><strong>προφήτης,</strong></span> <span class='ocrx_word' id='word_1_50' title='bbox 1109 1023 1185 1087; x_wconf 81' lang='grc' dir='ltr'><strong>ὡς</strong></span> <span class='ocrx_word' id='word_1_51' title='bbox 1209 1023 1378 1095; x_wconf 74' lang='grc' dir='ltr'><strong>ἔφην,</strong></span> <span class='ocrx_word' id='word_1_52' title='bbox 1408 1023 1623 1077; x_wconf 74' lang='grc' dir='ltr'><strong>ἃπασαν</strong></span> <span class='ocrx_word' id='word_1_53' title='bbox 1658 1019 1837 1088; x_wconf 89' lang='grc' dir='ltr'><strong>γλῶσ-</strong></span> 
     </span>
    </p>
   </div>
   <div class='ocr_carea' id='block_1_9' title="bbox 251 1101 1836 1178">
    <p class='ocr_par' dir='ltr' id='par_1_9' title="bbox 251 1101 1836 1178">
     <span class='ocr_line' id='line_1_9' title="bbox 251 1101 1836 1178; baseline -0.006 -16"><span class='ocrx_word' id='word_1_54' title='bbox 251 1126 354 1162; x_wconf 88' lang='grc' dir='ltr'><strong>σαν</strong></span> <span class='ocrx_word' id='word_1_55' title='bbox 387 1107 467 1178; x_wconf 83' lang='grc' dir='ltr'><strong>τῷ</strong></span> <span class='ocrx_word' id='word_1_56' title='bbox 488 1107 588 1177; x_wconf 80' lang='grc' dir='ltr'><strong>τῆς</strong></span> <span class='ocrx_word' id='word_1_57' title='bbox 635 1105 965 1174; x_wconf 86' lang='grc' dir='ltr'><strong>θεογνωσίας</strong></span> <span class='ocrx_word' id='word_1_58' title='bbox 997 1106 1298 1177; x_wconf 86' lang='grc' dir='ltr'><strong>περικλείει</strong></span> <span class='ocrx_word' id='word_1_59' title='bbox 1326 1104 1547 1176; x_wconf 80' lang='grc' dir='ltr'><strong>δικτύῳ·</strong></span> <span class='ocrx_word' id='word_1_60' title='bbox 1584 1103 1750 1174; x_wconf 80' lang='grc' dir='ltr'><strong>ἡμεῖς</strong></span> <span class='ocrx_word' id='word_1_61' title='bbox 1776 1101 1836 1154; x_wconf 81' lang='grc' dir='ltr'><strong>δὲ</strong></span> 
     </span>
    </p>
   </div>
   <div class='ocr_carea' id='block_1_10' title="bbox 249 1185 1835 1267">
    <p class='ocr_par' dir='ltr' id='par_1_10' title="bbox 249 1185 1835 1267">
     <span class='ocr_line' id='line_1_10' title="bbox 249 1185 1835 1267; baseline -0.006 -21"><span class='ocrx_word' id='word_1_62' title='bbox 249 1193 495 1262; x_wconf 79' lang='grc' dir='ltr'><strong>σήμερον</strong></span> <span class='ocrx_word' id='word_1_63' title='bbox 525 1189 622 1243; x_wconf 70' lang='grc' dir='ltr'><strong>καὶ</strong></span> <span class='ocrx_word' id='word_1_64' title='bbox 670 1186 947 1257; x_wconf 75' lang='grc' dir='ltr'><strong>ἀγλώττου</strong></span> <span class='ocrx_word' id='word_1_65' title='bbox 989 1189 1217 1259; x_wconf 72' lang='grc' dir='ltr'><strong>ῥήτορος</strong></span> <span class='ocrx_word' id='word_1_66' title='bbox 1245 1187 1590 1267; x_wconf 86' lang='grc' dir='ltr'><strong>ἀκουσόμεθα</strong></span> <span class='ocrx_word' id='word_1_67' title='bbox 1632 1188 1700 1257; x_wconf 78' lang='grc' dir='ltr'><strong>τῇ</strong></span> <span class='ocrx_word' id='word_1_68' title='bbox 1743 1185 1835 1267; x_wconf 89' lang='grc' dir='ltr'><strong>εὐ-</strong></span> 
     </span>
    </p>
   </div>
   <div class='ocr_carea' id='block_1_11' title="bbox 249 1266 1835 1346">
    <p class='ocr_par' dir='ltr' id='par_1_11' title="bbox 249 1266 1835 1346">
     <span class='ocr_line' id='line_1_11' title="bbox 249 1266 1835 1346; baseline -0.006 -18"><span class='ocrx_word' id='word_1_69' title='bbox 249 1274 444 1346; x_wconf 81' lang='grc' dir='ltr'><strong>σεϐείᾳ</strong></span> <span class='ocrx_word' id='word_1_70' title='bbox 495 1270 948 1343; x_wconf 79' lang='grc' dir='ltr'><strong>συνηγοροῦντος·</strong></span> <span class='ocrx_word' id='word_1_71' title='bbox 981 1271 1145 1324; x_wconf 77' lang='grc' dir='ltr'><strong>οἱονεὶ</strong></span> <span class='ocrx_word' id='word_1_72' title='bbox 1181 1270 1292 1342; x_wconf 90' lang='grc' dir='ltr'><strong>γάρ</strong></span> <span class='ocrx_word' id='word_1_73' title='bbox 1337 1287 1422 1334; x_wconf 89' lang='grc' dir='ltr'><strong>τις</strong></span> <span class='ocrx_word' id='word_1_74' title='bbox 1457 1269 1659 1340; x_wconf 79' lang='grc' dir='ltr'>κιθάρα</span> <span class='ocrx_word' id='word_1_75' title='bbox 1693 1266 1835 1338; x_wconf 78' lang='grc' dir='ltr'><strong>πλῆ-</strong></span> 
     </span>
    </p>
   </div>
   <div class='ocr_carea' id='block_1_12' title="bbox 246 1351 1835 1430">
    <p class='ocr_par' dir='ltr' id='par_1_12' title="bbox 246 1351 1835 1430">
     <span class='ocr_line' id='line_1_12' title="bbox 246 1351 1835 1430; baseline -0.006 -16"><span class='ocrx_word' id='word_1_76' title='bbox 246 1374 420 1430; x_wconf 86' lang='grc' dir='ltr'><strong>κτρον</strong></span> <span class='ocrx_word' id='word_1_77' title='bbox 443 1358 543 1411; x_wconf 88' lang='grc' dir='ltr'><strong>οὐκ</strong></span> <span class='ocrx_word' id='word_1_78' title='bbox 575 1355 772 1425; x_wconf 76' lang='grc' dir='ltr'><strong>ἔχουσα</strong></span> <span class='ocrx_word' id='word_1_79' title='bbox 802 1353 893 1408; x_wconf 79' lang='grc' dir='ltr'><strong>τὸν</strong></span> <span class='ocrx_word' id='word_1_80' title='bbox 933 1353 1265 1425; x_wconf 79' lang='grc' dir='ltr'><strong>δημιουργὸν</strong></span> <span class='ocrx_word' id='word_1_81' title='bbox 1308 1354 1566 1424; x_wconf 82' lang='grc' dir='ltr'><strong>εὐφημεῖ.</strong></span> <span class='ocrx_word' id='word_1_82' title='bbox 1611 1351 1835 1420; x_wconf 84' lang='grc' dir='ltr'><strong>Λεγέτω</strong></span> 
     </span>
    </p>
   </div>
   <div class='ocr_carea' id='block_1_13' title="bbox 243 1432 1836 1510">
    <p class='ocr_par' dir='ltr' id='par_1_13' title="bbox 243 1432 1836 1510">
     <span class='ocr_line' id='line_1_13' title="bbox 243 1432 1836 1510; baseline -0.008 -13"><span class='ocrx_word' id='word_1_83' title='bbox 243 1443 434 1497; x_wconf 78' lang='grc' dir='ltr'><strong>τοίνυν</strong></span> <span class='ocrx_word' id='word_1_84' title='bbox 471 1439 565 1493; x_wconf 77' lang='grc' dir='ltr'><strong>καὶ</strong></span> <span class='ocrx_word' id='word_1_85' title='bbox 609 1441 640 1492; x_wconf 91' lang='lat'><strong>6</strong></span> <span class='ocrx_word' id='word_1_86' title='bbox 678 1438 950 1510; x_wconf 87' lang='grc' dir='ltr'><strong>μακάριος</strong></span> <span class='ocrx_word' id='word_1_87' title='bbox 985 1436 1300 1508; x_wconf 86' lang='grc' dir='ltr'><strong>Ῥωμανός·</strong></span> <span class='ocrx_word' id='word_1_88' title='bbox 1341 1435 1414 1492; x_wconf 88' lang='grc' dir='ltr'><em>Ἦ</em></span> <span class='ocrx_word' id='word_1_89' title='bbox 1438 1432 1692 1506; x_wconf 75' lang='grc' dir='ltr'><strong>τλῷσσά</strong></span> <span class='ocrx_word' id='word_1_90' title='bbox 1711 1451 1836 1502; x_wconf 79' lang='grc' dir='ltr'><strong>μου</strong></span> 
     </span>
    </p>
   </div>
   <div class='ocr_carea' id='block_1_14' title="bbox 245 1516 1832 1593">
    <p class='ocr_par' dir='ltr' id='par_1_14' title="bbox 245 1516 1832 1593">
     <span class='ocr_line' id='line_1_14' title="bbox 245 1516 1832 1593; baseline -0.004 -13"><span class='ocrx_word' id='word_1_91' title='bbox 245 1524 524 1593; x_wconf 60' lang='grc' dir='ltr'><strong>κάλαμος</strong></span> <span class='ocrx_word' id='word_1_92' title='bbox 562 1521 943 1591; x_wconf 62' lang='grc' dir='ltr'><strong>γραμματέως</strong></span> <span class='ocrx_word' id='word_1_93' title='bbox 989 1517 1354 1588; x_wconf 70' lang='grc' dir='ltr'><strong>όξυπράφου.</strong></span> <span class='ocrx_word' id='word_1_94' title='bbox 1395 1518 1534 1572; x_wconf 89' lang='grc' dir='ltr'><strong>Ποία</strong></span> <span class='ocrx_word' id='word_1_95' title='bbox 1573 1516 1832 1587; x_wconf 73' lang='grc' dir='ltr'><strong>γλῶσσαξ</strong></span> 
     </span>
    </p>
   </div>
   <div class='ocr_carea' id='block_1_15' title="bbox 245 1605 1836 1690">
    <p class='ocr_par' dir='ltr' id='par_1_15' title="bbox 245 1605 1836 1690">
     <span class='ocr_line' id='line_1_15' title="bbox 245 1605 1836 1690; baseline -0.006 -17"><span class='ocrx_word' id='word_1_96' title='bbox 245 1620 367 1690; x_wconf 87' lang='grc' dir='ltr'><strong>Οὐχ</strong></span> <span class='ocrx_word' id='word_1_97' title='bbox 393 1619 462 1690; x_wconf 83' lang='grc' dir='ltr'><strong>ἢν</strong></span> <span class='ocrx_word' id='word_1_98' title='bbox 489 1620 518 1670; x_wconf 98' lang='lat'><strong>6</strong></span> <span class='ocrx_word' id='word_1_99' title='bbox 552 1616 775 1688; x_wconf 86' lang='grc' dir='ltr'><strong>σίδηρος</strong></span> <span class='ocrx_word' id='word_1_100' title='bbox 805 1605 1045 1684; x_wconf 82' lang='grc' dir='ltr'><strong>ἀφεῖλεν,</strong></span> <span class='ocrx_word' id='word_1_101' title='bbox 1070 1613 1185 1666; x_wconf 79' lang='grc' dir='ltr'><strong>ἀλλ’</strong></span> <span class='ocrx_word' id='word_1_102' title='bbox 1226 1615 1294 1686; x_wconf 76' lang='grc' dir='ltr'><strong>ἢν</strong></span> <span class='ocrx_word' id='word_1_103' title='bbox 1325 1615 1358 1685; x_wconf 84' lang='grc' dir='ltr'><strong>ἡ</strong></span> <span class='ocrx_word' id='word_1_104' title='bbox 1392 1611 1486 1667; x_wconf 90' lang='grc' dir='ltr'><strong>τοῦ</strong></span> <span class='ocrx_word' id='word_1_105' title='bbox 1518 1611 1658 1667; x_wconf 89' lang='grc' dir='ltr'><strong>Πνεύ</strong></span> <span class='ocrx_word' id='word_1_106' title='bbox 1667 1628 1836 1682; x_wconf 86' lang='grc' dir='ltr'><strong>ματος</strong></span> 
     </span>
    </p>
   </div>
   <div class='ocr_carea' id='block_1_16' title="bbox 244 1689 1834 1774">
    <p class='ocr_par' dir='ltr' id='par_1_16' title="bbox 244 1689 1834 1774">
     <span class='ocr_line' id='line_1_16' title="bbox 244 1689 1834 1774; baseline -0.008 -17"><span class='ocrx_word' id='word_1_107' title='bbox 244 1689 424 1774; x_wconf 83' lang='grc' dir='ltr'><strong>χάρις</strong></span> <span class='ocrx_word' id='word_1_108' title='bbox 464 1699 759 1770; x_wconf 85' lang='grc' dir='ltr'><strong>ἐχάλκευσε</strong></span> <span class='ocrx_word' id='word_1_109' title='bbox 783 1719 797 1730; x_wconf 87' lang='grc'><strong>·</strong></span> <span class='ocrx_word' id='word_1_110' title='bbox 837 1698 939 1768; x_wconf 73' lang='grc' dir='ltr'><strong>τῆς</strong></span> <span class='ocrx_word' id='word_1_111' title='bbox 974 1695 1227 1767; x_wconf 83' lang='grc' dir='ltr'><strong>γλώσσης</strong></span> <span class='ocrx_word' id='word_1_112' title='bbox 1269 1696 1378 1766; x_wconf 86' lang='grc' dir='ltr'><strong>γὰρ</strong></span> <span class='ocrx_word' id='word_1_113' title='bbox 1433 1693 1758 1766; x_wconf 89' lang='grc' dir='ltr'><strong>συληθείσης</strong></span> <span class='ocrx_word' id='word_1_114' title='bbox 1798 1695 1834 1763; x_wconf 71' lang='grc' dir='ltr'><strong>ἡ</strong></span> 
     </span>
    </p>
   </div>
   <div class='ocr_carea' id='block_1_17' title="bbox 240 1775 1834 1854">
    <p class='ocr_par' dir='ltr' id='par_1_17' title="bbox 240 1775 1834 1854">
     <span class='ocr_line' id='line_1_17' title="bbox 240 1775 1834 1854; baseline -0.004 -15"><span class='ocrx_word' id='word_1_115' title='bbox 240 1784 345 1839; x_wconf 88' lang='grc' dir='ltr'><strong>τοῦ</strong></span> <span class='ocrx_word' id='word_1_116' title='bbox 369 1785 690 1854; x_wconf 87' lang='grc' dir='ltr'><strong>Πνεύματος</strong></span> <span class='ocrx_word' id='word_1_117' title='bbox 718 1780 1254 1854; x_wconf 61' lang='grc' dir='ltr'><strong>χάρις,ἀντεισήχθη.</strong></span> <span class='ocrx_word' id='word_1_118' title='bbox 1287 1775 1448 1850; x_wconf 74' lang='grc' dir='ltr'><strong>Εἶχον</strong></span> <span class='ocrx_word' id='word_1_119' title='bbox 1486 1779 1580 1832; x_wconf 75' lang='grc' dir='ltr'><strong>καὶ</strong></span> <span class='ocrx_word' id='word_1_120' title='bbox 1611 1779 1662 1831; x_wconf 83' lang='grc' dir='ltr'><strong>οι</strong></span> <span class='ocrx_word' id='word_1_121' title='bbox 1695 1778 1834 1832; x_wconf 86' lang='grc' dir='ltr'><strong>ἀπό-</strong></span> 
     </span>
    </p>
   </div>
   <div class='ocr_carea' id='block_1_18' title="bbox 246 1860 1830 1935">
    <p class='ocr_par' dir='ltr' id='par_1_18' title="bbox 246 1860 1830 1935">
     <span class='ocr_line' id='line_1_18' title="bbox 246 1860 1830 1935; baseline -0.004 -15"><span class='ocrx_word' id='word_1_122' title='bbox 246 1867 430 1922; x_wconf 88' lang='grc' dir='ltr'><strong>στολοι</strong></span> <span class='ocrx_word' id='word_1_123' title='bbox 462 1864 738 1933; x_wconf 82' lang='grc' dir='ltr'><strong>γλώσσας,</strong></span> <span class='ocrx_word' id='word_1_124' title='bbox 778 1864 892 1917; x_wconf 84' lang='grc' dir='ltr'><strong>ἀλλ’</strong></span> <span class='ocrx_word' id='word_1_125' title='bbox 941 1864 1028 1917; x_wconf 83' lang='grc' dir='ltr'><strong>ἵνα</strong></span> <span class='ocrx_word' id='word_1_126' title='bbox 1058 1863 1242 1935; x_wconf 80' lang='grc' dir='ltr'><strong>δειχθῇ</strong></span> <span class='ocrx_word' id='word_1_127' title='bbox 1283 1861 1379 1915; x_wconf 87' lang='grc' dir='ltr'><strong>τοῦ</strong></span> <span class='ocrx_word' id='word_1_128' title='bbox 1416 1860 1766 1932; x_wconf 71' lang='grc' dir='ltr'><strong>ἐνεργοῦντος</strong></span> <span class='ocrx_word' id='word_1_129' title='bbox 1797 1863 1830 1932; x_wconf 77' lang='grc' dir='ltr'><strong>ἡ</strong></span> 
     </span>
    </p>
   </div>
   <div class='ocr_carea' id='block_1_19' title="bbox 241 1944 1834 2020">
    <p class='ocr_par' dir='ltr' id='par_1_19' title="bbox 241 1944 1834 2020">
     <span class='ocr_line' id='line_1_19' title="bbox 241 1944 1834 2020; baseline -0.006 -14"><span class='ocrx_word' id='word_1_130' title='bbox 241 1952 501 2020; x_wconf 86' lang='grc' dir='ltr'><strong>δύναμις,</strong></span> <span class='ocrx_word' id='word_1_131' title='bbox 533 1948 563 2000; x_wconf 90' lang='lat'><strong>6</strong></span> <span class='ocrx_word' id='word_1_132' title='bbox 613 1947 783 2018; x_wconf 80' lang='grc' dir='ltr'><strong>πηλὸς</strong></span> <span class='ocrx_word' id='word_1_133' title='bbox 826 1948 1018 2018; x_wconf 72' lang='grc' dir='ltr'><strong>ηργει,</strong></span> <span class='ocrx_word' id='word_1_134' title='bbox 1061 1948 1157 2000; x_wconf 76' lang='grc' dir='ltr'><strong>καὶ</strong></span> <span class='ocrx_word' id='word_1_135' title='bbox 1211 1946 1273 1999; x_wconf 87' lang='lat'><strong>16</strong></span> <span class='ocrx_word' id='word_1_136' title='bbox 1318 1944 1431 2017; x_wconf 88' lang='grc' dir='ltr'><strong>πῦρ</strong></span> <span class='ocrx_word' id='word_1_137' title='bbox 1475 1945 1536 1999; x_wconf 85' lang='lat'><strong>16</strong></span> <span class='ocrx_word' id='word_1_138' title='bbox 1583 1944 1834 2016; x_wconf 89' lang='grc' dir='ltr'><strong>οὐράνιον</strong></span> 
     </span>
    </p>
   </div>
   <div class='ocr_carea' id='block_1_20' title="bbox 245 2027 1834 2104">
    <p class='ocr_par' dir='ltr' id='par_1_20' title="bbox 245 2027 1834 2104">
     <span class='ocr_line' id='line_1_20' title="bbox 245 2027 1834 2104; baseline -0.005 -14"><span class='ocrx_word' id='word_1_139' title='bbox 245 2035 568 2104; x_wconf 88' lang='grc' dir='ltr'><strong>ἐφθέγγετο.</strong></span> <span class='ocrx_word' id='word_1_140' title='bbox 622 2027 754 2102; x_wconf 82' lang='grc' dir='ltr'><strong>Εἶχε</strong></span> <span class='ocrx_word' id='word_1_141' title='bbox 786 2031 880 2084; x_wconf 73' lang='grc' dir='ltr'><strong>καὶ</strong></span> <span class='ocrx_word' id='word_1_142' title='bbox 933 2033 966 2100; x_wconf 86' lang='grc' dir='ltr'><strong>ή</strong></span> <span class='ocrx_word' id='word_1_143' title='bbox 1016 2030 1284 2100; x_wconf 76' lang='grc' dir='ltr'><strong>Μωσαῖκὴ</strong></span> <span class='ocrx_word' id='word_1_144' title='bbox 1321 2029 1514 2102; x_wconf 79' lang='grc' dir='ltr'><strong>Γραφὴ</strong></span> <span class='ocrx_word' id='word_1_145' title='bbox 1551 2029 1644 2082; x_wconf 90' lang='grc' dir='ltr'><strong>τοῦ</strong></span> <span class='ocrx_word' id='word_1_146' title='bbox 1692 2029 1834 2100; x_wconf 82' lang='grc' dir='ltr'><strong>ὑπὲρ</strong></span> 
     </span>
    </p>
   </div>
   <div class='ocr_carea' id='block_1_21' title="bbox 241 2111 1834 2188">
    <p class='ocr_par' dir='ltr' id='par_1_21' title="bbox 241 2111 1834 2188">
     <span class='ocr_line' id='line_1_21' title="bbox 241 2111 1834 2188; baseline -0.006 -16"><span class='ocrx_word' id='word_1_147' title='bbox 241 2117 405 2187; x_wconf 84' lang='grc' dir='ltr'><strong>λόγον</strong></span> <span class='ocrx_word' id='word_1_148' title='bbox 436 2115 760 2188; x_wconf 82' lang='grc' dir='ltr'><strong>πράγματος</strong></span> <span class='ocrx_word' id='word_1_149' title='bbox 783 2113 883 2184; x_wconf 81' lang='grc' dir='ltr'><strong>τὴν</strong></span> <span class='ocrx_word' id='word_1_150' title='bbox 907 2113 1090 2166; x_wconf 79' lang='grc' dir='ltr'><strong>εἰκόνα</strong></span> <span class='ocrx_word' id='word_1_151' title='bbox 1110 2126 1122 2140; x_wconf 92' lang='grc'><strong>·</strong></span> <span class='ocrx_word' id='word_1_152' title='bbox 1154 2112 1312 2182; x_wconf 86' lang='grc' dir='ltr'><strong>βάτος</strong></span> <span class='ocrx_word' id='word_1_153' title='bbox 1346 2111 1455 2184; x_wconf 84' lang='grc' dir='ltr'><strong>γάρ</strong></span> <span class='ocrx_word' id='word_1_154' title='bbox 1484 2113 1612 2183; x_wconf 77' lang='grc' dir='ltr'><strong>παρ’</strong></span> <span class='ocrx_word' id='word_1_155' title='bbox 1640 2112 1834 2182; x_wconf 84' lang='grc' dir='ltr'><strong>ἐκείνῳ</strong></span> 
     </span>
    </p>
   </div>
   <div class='ocr_carea' id='block_1_22' title="bbox 242 2194 1837 2270">
    <p class='ocr_par' dir='ltr' id='par_1_22' title="bbox 242 2194 1837 2270">
     <span class='ocr_line' id='line_1_22' title="bbox 242 2194 1837 2270; baseline -0.005 -16"><span class='ocrx_word' id='word_1_156' title='bbox 242 2201 346 2255; x_wconf 77' lang='grc' dir='ltr'><strong>καὶ</strong></span> <span class='ocrx_word' id='word_1_157' title='bbox 366 2196 500 2270; x_wconf 86' lang='grc' dir='ltr'><strong>πῦρ.</strong></span> <span class='ocrx_word' id='word_1_158' title='bbox 535 2197 641 2251; x_wconf 72' lang='grc' dir='ltr'><strong>Καὶ</strong></span> <span class='ocrx_word' id='word_1_159' title='bbox 673 2195 733 2250; x_wconf 86' lang='lat'><strong>16</strong></span> <span class='ocrx_word' id='word_1_160' title='bbox 763 2194 1120 2249; x_wconf 80' lang='grc' dir='ltr'><strong>ἀποστολικδν</strong></span> <span class='ocrx_word' id='word_1_161' title='bbox 1149 2196 1262 2266; x_wconf 89' lang='grc' dir='ltr'><strong>πῦρ</strong></span> <span class='ocrx_word' id='word_1_162' title='bbox 1290 2195 1390 2259; x_wconf 84' lang='grc' dir='ltr'><strong>τὰς</strong></span> <span class='ocrx_word' id='word_1_163' title='bbox 1419 2195 1514 2248; x_wconf 86' lang='grc' dir='ltr'><strong>τοῦ</strong></span> <span class='ocrx_word' id='word_1_164' title='bbox 1543 2195 1837 2266; x_wconf 82' lang='grc' dir='ltr'><strong>κηρύγμα-</strong></span> 
     </span>
    </p>
   </div>
   <div class='ocr_carea' id='block_1_23' title="bbox 240 2276 1834 2355">
    <p class='ocr_par' dir='ltr' id='par_1_23' title="bbox 240 2276 1834 2355">
     <span class='ocr_line' id='line_1_23' title="bbox 240 2276 1834 2355; baseline -0.005 -18"><span class='ocrx_word' id='word_1_165' title='bbox 240 2299 342 2346; x_wconf 88' lang='grc' dir='ltr'><strong>τος</strong></span> <span class='ocrx_word' id='word_1_166' title='bbox 369 2280 554 2351; x_wconf 78' lang='grc' dir='ltr'><strong>φωνὰς</strong></span> <span class='ocrx_word' id='word_1_167' title='bbox 583 2280 676 2332; x_wconf 77' lang='grc' dir='ltr'><strong>ἐπὶ</strong></span> <span class='ocrx_word' id='word_1_168' title='bbox 703 2280 810 2355; x_wconf 75' lang='grc' dir='ltr'><strong>τῆς</strong></span> <span class='ocrx_word' id='word_1_169' title='bbox 837 2279 1000 2349; x_wconf 83' lang='grc' dir='ltr'><strong>βάτου</strong></span> <span class='ocrx_word' id='word_1_170' title='bbox 1046 2278 1378 2349; x_wconf 86' lang='grc' dir='ltr'><strong>προετύπου,</strong></span> <span class='ocrx_word' id='word_1_171' title='bbox 1412 2278 1506 2331; x_wconf 77' lang='grc' dir='ltr'><strong>καὶ</strong></span> <span class='ocrx_word' id='word_1_172' title='bbox 1541 2276 1723 2349; x_wconf 82' lang='grc' dir='ltr'><strong>φωνὴν</strong></span> <span class='ocrx_word' id='word_1_173' title='bbox 1756 2276 1834 2348; x_wconf 89' lang='grc' dir='ltr'>τῷ</span> 
     </span>
    </p>
   </div>
   <div class='ocr_carea' id='block_1_24' title="bbox 241 2358 1837 2440">
    <p class='ocr_par' dir='ltr' id='par_1_24' title="bbox 241 2358 1837 2440">
     <span class='ocr_line' id='line_1_24' title="bbox 241 2358 1837 2440; baseline -0.011 -21"><span class='ocrx_word' id='word_1_174' title='bbox 241 2365 442 2436; x_wconf 66' lang='grc' dir='ltr'><strong>ἀψύχῳ</strong></span> <span class='ocrx_word' id='word_1_175' title='bbox 484 2359 802 2440; x_wconf 72' lang='grc' dir='ltr'><strong>χαρίζεται,</strong></span> <span class='ocrx_word' id='word_1_176' title='bbox 845 2361 934 2413; x_wconf 88' lang='grc' dir='ltr'><strong>ῖνα</strong></span> <span class='ocrx_word' id='word_1_177' title='bbox 966 2359 1074 2415; x_wconf 88' lang='grc' dir='ltr'><strong>τῶν</strong></span> <span class='ocrx_word' id='word_1_178' title='bbox 1114 2359 1375 2431; x_wconf 76' lang='grc' dir='ltr'><strong>ἐμψύχων</strong></span> <span class='ocrx_word' id='word_1_179' title='bbox 1412 2359 1660 2431; x_wconf 83' lang='grc' dir='ltr'><strong>ὀργάνων</strong></span> <span class='ocrx_word' id='word_1_180' title='bbox 1696 2358 1837 2429; x_wconf 75' lang='grc' dir='ltr'><strong>ἀψά-</strong></span> 
     </span>
    </p>
   </div>
   <div class='ocr_carea' id='block_1_25' title="bbox 245 2443 1833 2519">
    <p class='ocr_par' dir='ltr' id='par_1_25' title="bbox 245 2443 1833 2519">
     <span class='ocr_line' id='line_1_25' title="bbox 245 2443 1833 2519; baseline -0.006 -16"><span class='ocrx_word' id='word_1_181' title='bbox 245 2465 411 2519; x_wconf 87' lang='grc' dir='ltr'><strong>μενον</strong></span> <span class='ocrx_word' id='word_1_182' title='bbox 443 2446 728 2517; x_wconf 80' lang='grc' dir='ltr'><strong>πιστευθῇ.</strong></span> <span class='ocrx_word' id='word_1_183' title='bbox 763 2445 827 2498; x_wconf 74' lang='lat' dir='ltr'><strong>El</strong></span> <span class='ocrx_word' id='word_1_184' title='bbox 851 2443 960 2516; x_wconf 86' lang='grc' dir='ltr'><strong>γὰρ</strong></span> <span class='ocrx_word' id='word_1_185' title='bbox 996 2443 1058 2496; x_wconf 86' lang='lat'><strong>16</strong></span> <span class='ocrx_word' id='word_1_186' title='bbox 1085 2445 1290 2514; x_wconf 71' lang='grc' dir='ltr'><strong>ἄψυχον</strong></span> <span class='ocrx_word' id='word_1_187' title='bbox 1319 2446 1352 2514; x_wconf 78' lang='grc' dir='ltr'><strong>ἡ</strong></span> <span class='ocrx_word' id='word_1_188' title='bbox 1389 2443 1502 2514; x_wconf 81' lang='grc' dir='ltr'><strong>ἀφὴ</strong></span> <span class='ocrx_word' id='word_1_189' title='bbox 1534 2443 1628 2496; x_wconf 86' lang='grc' dir='ltr'><strong>τοῦ</strong></span> <span class='ocrx_word' id='word_1_190' title='bbox 1661 2443 1833 2512; x_wconf 77' lang='grc' dir='ltr'><strong>πυρὸς</strong></span> 
     </span>
    </p>
   </div>
   <div class='ocr_carea' id='block_1_26' title="bbox 240 2525 1832 2603">
    <p class='ocr_par' dir='ltr' id='par_1_26' title="bbox 240 2525 1832 2603">
     <span class='ocr_line' id='line_1_26' title="bbox 240 2525 1832 2603; baseline -0.004 -18"><span class='ocrx_word' id='word_1_191' title='bbox 240 2533 500 2603; x_wconf 76' lang='grc' dir='ltr'><strong>ἐμφωνον</strong></span> <span class='ocrx_word' id='word_1_192' title='bbox 527 2528 926 2598; x_wconf 82' lang='grc' dir='ltr'><strong>ἀπειργάσατο,</strong></span> <span class='ocrx_word' id='word_1_193' title='bbox 954 2525 1073 2590; x_wconf 89' lang='grc' dir='ltr'><strong>πῶς</strong></span> <span class='ocrx_word' id='word_1_194' title='bbox 1114 2528 1216 2580; x_wconf 88' lang='grc' dir='ltr'><strong>οὐκ</strong></span> <span class='ocrx_word' id='word_1_195' title='bbox 1260 2526 1486 2597; x_wconf 72' lang='grc' dir='ltr'><strong>ἔμελλεν</strong></span> <span class='ocrx_word' id='word_1_196' title='bbox 1521 2525 1832 2596; x_wconf 78' lang='grc' dir='ltr'><strong>ἀναπλῆσαι</strong></span> 
     </span>
    </p>
   </div>
   <div class='ocr_carea' id='block_1_27' title="bbox 239 2609 1836 2682">
    <p class='ocr_par' dir='ltr' id='par_1_27' title="bbox 239 2609 1836 2682">
     <span class='ocr_line' id='line_1_27' title="bbox 239 2609 1836 2682; baseline -0.002 -15"><span class='ocrx_word' id='word_1_197' title='bbox 239 2631 352 2667; x_wconf 82' lang='grc' dir='ltr'><strong>που</strong></span> <span class='ocrx_word' id='word_1_198' title='bbox 371 2612 549 2682; x_wconf 75' lang='grc' dir='ltr'><strong>ψυχὰς</strong></span> <span class='ocrx_word' id='word_1_199' title='bbox 569 2611 793 2679; x_wconf 76' lang='grc' dir='ltr'><strong>λογικὰς</strong></span> <span class='ocrx_word' id='word_1_200' title='bbox 811 2610 877 2663; x_wconf 89' lang='grc' dir='ltr'><strong>δι’</strong></span> <span class='ocrx_word' id='word_1_201' title='bbox 905 2610 1048 2680; x_wconf 82' lang='grc' dir='ltr'><strong>ἀφῆς</strong></span> <span class='ocrx_word' id='word_1_202' title='bbox 1070 2609 1131 2662; x_wconf 90' lang='lat'><strong>16</strong></span> <span class='ocrx_word' id='word_1_203' title='bbox 1153 2610 1519 2680; x_wconf 83' lang='grc' dir='ltr'><strong>παναρμόνιον</strong></span> <span class='ocrx_word' id='word_1_204' title='bbox 1539 2609 1836 2680; x_wconf 86' lang='grc' dir='ltr'><strong>ἀνακρούε-</strong></span> 
     </span>
    </p>
   </div>
   <div class='ocr_carea' id='block_1_28' title="bbox 242 2692 1835 2767">
    <p class='ocr_par' dir='ltr' id='par_1_28' title="bbox 242 2692 1835 2767">
     <span class='ocr_line' id='line_1_28' title="bbox 242 2692 1835 2767; baseline -0.001 -18"><span class='ocrx_word' id='word_1_205' title='bbox 242 2696 376 2750; x_wconf 88' lang='grc' dir='ltr'><strong>σθαι</strong></span> <span class='ocrx_word' id='word_1_206' title='bbox 401 2696 594 2767; x_wconf 86' lang='grc' dir='ltr'><strong>μέλος;</strong></span> <span class='ocrx_word' id='word_1_207' title='bbox 630 2693 848 2764; x_wconf 82' lang='grc' dir='ltr'><strong>Ταύτης</strong></span> <span class='ocrx_word' id='word_1_208' title='bbox 870 2695 1100 2762; x_wconf 76' lang='grc' dir='ltr'><strong>μετέσχε</strong></span> <span class='ocrx_word' id='word_1_209' title='bbox 1118 2692 1219 2762; x_wconf 83' lang='grc' dir='ltr'><strong>τῆς</strong></span> <span class='ocrx_word' id='word_1_210' title='bbox 1241 2694 1463 2764; x_wconf 83' lang='grc' dir='ltr'><strong>χάριτος</strong></span> <span class='ocrx_word' id='word_1_211' title='bbox 1491 2695 1585 2748; x_wconf 80' lang='grc' dir='ltr'><strong>καὶ</strong></span> <span class='ocrx_word' id='word_1_212' title='bbox 1617 2695 1835 2765; x_wconf 87' lang='grc' dir='ltr'><strong>Ῥωμα-</strong></span> 
     </span>
    </p>
   </div>
   <div class='ocr_carea' id='block_1_29' title="bbox 238 2774 1833 2848">
    <p class='ocr_par' dir='ltr' id='par_1_29' title="bbox 238 2774 1833 2848">
     <span class='ocr_line' id='line_1_29' title="bbox 238 2774 1833 2848; baseline -0.002 -16"><span class='ocrx_word' id='word_1_213' title='bbox 238 2778 334 2842; x_wconf 80' lang='grc' dir='ltr'><strong>νδς</strong></span> <span class='ocrx_word' id='word_1_214' title='bbox 362 2780 391 2832; x_wconf 89' lang='lat'><strong>6</strong></span> <span class='ocrx_word' id='word_1_215' title='bbox 432 2777 700 2846; x_wconf 77' lang='grc' dir='ltr'><strong>ἀοίδιμος,</strong></span> <span class='ocrx_word' id='word_1_216' title='bbox 729 2776 824 2831; x_wconf 74' lang='grc' dir='ltr'><strong>καὶ</strong></span> <span class='ocrx_word' id='word_1_217' title='bbox 858 2774 955 2846; x_wconf 80' lang='grc' dir='ltr'><strong>τὴν</strong></span> <span class='ocrx_word' id='word_1_218' title='bbox 980 2774 1227 2844; x_wconf 83' lang='grc' dir='ltr'><strong>γλῶτταν</strong></span> <span class='ocrx_word' id='word_1_219' title='bbox 1271 2776 1608 2848; x_wconf 77' lang='grc' dir='ltr'><strong>ἀποτμηθεὶς</strong></span> <span class='ocrx_word' id='word_1_220' title='bbox 1634 2793 1833 2846; x_wconf 86' lang='grc' dir='ltr'><strong>τρανο-</strong></span> 
     </span>
    </p>
   </div>
   <div class='ocr_carea' id='block_1_30' title="bbox 235 2856 1834 2932">
    <p class='ocr_par' dir='ltr' id='par_1_30' title="bbox 235 2856 1834 2932">
     <span class='ocr_line' id='line_1_30' title="bbox 235 2856 1834 2932; baseline -0.001 -18"><span class='ocrx_word' id='word_1_221' title='bbox 235 2861 393 2932; x_wconf 84' lang='grc' dir='ltr'><strong>τέρῳ</strong></span> <span class='ocrx_word' id='word_1_222' title='bbox 422 2858 643 2928; x_wconf 81' lang='grc' dir='ltr'><strong>φθόγγῳ</strong></span> <span class='ocrx_word' id='word_1_223' title='bbox 667 2857 758 2911; x_wconf 82' lang='grc' dir='ltr'><strong>τὸν</strong></span> <span class='ocrx_word' id='word_1_224' title='bbox 787 2856 1048 2928; x_wconf 83' lang='grc' dir='ltr'><strong>τύραννον</strong></span> <span class='ocrx_word' id='word_1_225' title='bbox 1082 2857 1330 2928; x_wconf 77' lang='grc' dir='ltr'><strong>ῆλεγχεν.</strong></span> <span class='ocrx_word' id='word_1_226' title='bbox 1363 2860 1478 2911; x_wconf 85' lang='grc' dir='ltr'><strong>Οὐκ</strong></span> <span class='ocrx_word' id='word_1_227' title='bbox 1508 2858 1574 2912; x_wconf 80' lang='grc' dir='ltr'><strong>ἂν</strong></span> <span class='ocrx_word' id='word_1_228' title='bbox 1606 2859 1665 2912; x_wconf 84' lang='grc' dir='ltr'><strong>δὲ</strong></span> <span class='ocrx_word' id='word_1_229' title='bbox 1695 2858 1834 2922; x_wconf 81' lang='grc' dir='ltr'><strong>ὅλως</strong></span> 
     </span>
    </p>
   </div>
   <div class='ocr_carea' id='block_1_31' title="bbox 237 2939 1830 3012">
    <p class='ocr_par' dir='ltr' id='par_1_31' title="bbox 237 2939 1830 3012">
     <span class='ocr_line' id='line_1_31' title="bbox 237 2939 1830 3012; baseline -0.002 -16"><span class='ocrx_word' id='word_1_230' title='bbox 237 2945 269 2996; x_wconf 89' lang='lat'><strong>6</strong></span> <span class='ocrx_word' id='word_1_231' title='bbox 295 2941 561 3012; x_wconf 83' lang='grc' dir='ltr'><strong>τύραννος</strong></span> <span class='ocrx_word' id='word_1_232' title='bbox 611 2939 706 2992; x_wconf 73' lang='grc' dir='ltr'><strong>ἐπὶ</strong></span> <span class='ocrx_word' id='word_1_233' title='bbox 745 2939 845 3011; x_wconf 78' lang='grc' dir='ltr'><strong>τὴν</strong></span> <span class='ocrx_word' id='word_1_234' title='bbox 889 2939 988 3009; x_wconf 83' lang='grc' dir='ltr'><strong>τῆς</strong></span> <span class='ocrx_word' id='word_1_235' title='bbox 1017 2939 1265 3010; x_wconf 82' lang='grc' dir='ltr'><strong>γλώττης</strong></span> <span class='ocrx_word' id='word_1_236' title='bbox 1294 2939 1530 3011; x_wconf 80' lang='grc' dir='ltr'><strong>ἔδραμεν</strong></span> <span class='ocrx_word' id='word_1_237' title='bbox 1569 2942 1830 3010; x_wconf 83' lang='grc' dir='ltr'><strong>ἐκτομὴν,</strong></span> 
     </span>
    </p>
   </div>
   <div class='ocr_carea' id='block_1_32' title="bbox 237 3022 1832 3096">
    <p class='ocr_par' dir='ltr' id='par_1_32' title="bbox 237 3022 1832 3096">
     <span class='ocr_line' id='line_1_32' title="bbox 237 3022 1832 3096; baseline -0.003 -16"><span class='ocrx_word' id='word_1_238' title='bbox 237 3026 293 3080; x_wconf 76' lang='grc' dir='ltr'><strong>εί</strong></span> <span class='ocrx_word' id='word_1_239' title='bbox 323 3024 402 3096; x_wconf 84' lang='grc' dir='ltr'><strong>μὴ</strong></span> <span class='ocrx_word' id='word_1_240' title='bbox 433 3023 541 3076; x_wconf 90' lang='grc' dir='ltr'><strong>τῶν</strong></span> <span class='ocrx_word' id='word_1_241' title='bbox 583 3023 821 3092; x_wconf 87' lang='grc' dir='ltr'><strong>ἐλέγχων</strong></span> <span class='ocrx_word' id='word_1_242' title='bbox 849 3023 1091 3093; x_wconf 77' lang='grc' dir='ltr'><strong>ἐφοϐήθη</strong></span> <span class='ocrx_word' id='word_1_243' title='bbox 1126 3022 1195 3076; x_wconf 88' lang='grc' dir='ltr'><strong>τά</strong></span> <span class='ocrx_word' id='word_1_244' title='bbox 1234 3022 1502 3093; x_wconf 78' lang='grc' dir='ltr'><strong>ῥεύματα,</strong></span> <span class='ocrx_word' id='word_1_245' title='bbox 1534 3025 1584 3076; x_wconf 85' lang='grc' dir='ltr'><strong>εί</strong></span> <span class='ocrx_word' id='word_1_246' title='bbox 1631 3024 1707 3096; x_wconf 83' lang='grc' dir='ltr'><strong>μὴ</strong></span> <span class='ocrx_word' id='word_1_247' title='bbox 1740 3024 1832 3076; x_wconf 83' lang='grc' dir='ltr'><strong>τὸν</strong></span> 
     </span>
    </p>
   </div>
   <div class='ocr_carea' id='block_1_33' title="bbox 237 3104 1833 3178">
    <p class='ocr_par' dir='ltr' id='par_1_33' title="bbox 237 3104 1833 3178">
     <span class='ocr_line' id='line_1_33' title="bbox 237 3104 1833 3178; baseline -0.001 -19"><span class='ocrx_word' id='word_1_248' title='bbox 237 3107 584 3178; x_wconf 77' lang='grc' dir='ltr'><strong>χειμάρρουν</strong></span> <span class='ocrx_word' id='word_1_249' title='bbox 634 3105 730 3158; x_wconf 84' lang='grc' dir='ltr'><strong>τοῦ</strong></span> <span class='ocrx_word' id='word_1_250' title='bbox 781 3105 1139 3176; x_wconf 79' lang='grc' dir='ltr'><strong>κηρύγματος</strong></span> <span class='ocrx_word' id='word_1_251' title='bbox 1180 3104 1524 3177; x_wconf 83' lang='grc' dir='ltr'><strong>κατεπλάγη,</strong></span> <span class='ocrx_word' id='word_1_252' title='bbox 1557 3108 1603 3160; x_wconf 86' lang='grc' dir='ltr'><strong>εί</strong></span> <span class='ocrx_word' id='word_1_253' title='bbox 1641 3106 1716 3176; x_wconf 80' lang='grc' dir='ltr'><strong>μὴ</strong></span> <span class='ocrx_word' id='word_1_254' title='bbox 1763 3105 1833 3158; x_wconf 87' lang='grc' dir='ltr'><strong>τὰ</strong></span> 
     </span>
    </p>
   </div>
   <div class='ocr_carea' id='block_1_34' title="bbox 239 3187 1834 3260">
    <p class='ocr_par' dir='ltr' id='par_1_34' title="bbox 239 3187 1834 3260">
     <span class='ocr_line' id='line_1_34' title="bbox 239 3187 1834 3260; baseline -0.001 -17"><span class='ocrx_word' id='word_1_255' title='bbox 239 3187 470 3260; x_wconf 85' lang='grc' dir='ltr'><strong>κύματα</strong></span> <span class='ocrx_word' id='word_1_256' title='bbox 496 3188 594 3256; x_wconf 85' lang='grc' dir='ltr'><strong>τῆς</strong></span> <span class='ocrx_word' id='word_1_257' title='bbox 616 3187 980 3257; x_wconf 80' lang='grc' dir='ltr'><strong>εὐαγγελικῆς</strong></span> <span class='ocrx_word' id='word_1_258' title='bbox 1004 3188 1308 3257; x_wconf 79' lang='grc' dir='ltr'><strong>’ῥητορείας</strong></span> <span class='ocrx_word' id='word_1_259' title='bbox 1345 3187 1598 3259; x_wconf 81' lang='grc' dir='ltr'><strong>στορέσαι</strong></span> <span class='ocrx_word' id='word_1_260' title='bbox 1629 3188 1834 3242; x_wconf 87' lang='grc' dir='ltr'><strong>ὐπέλα-</strong></span> 
     </span>
    </p>
   </div>
   <div class='ocr_carea' id='block_1_35' title="bbox 239 3268 1833 3343">
    <p class='ocr_par' dir='ltr' id='par_1_35' title="bbox 239 3268 1833 3343">
     <span class='ocr_line' id='line_1_35' title="bbox 239 3268 1833 3343; baseline 0.001 -19"><span class='ocrx_word' id='word_1_261' title='bbox 239 3272 359 3325; x_wconf 86' lang='grc' dir='ltr'><strong>ϐεν.</strong></span> <span class='ocrx_word' id='word_1_262' title='bbox 385 3269 526 3323; x_wconf 81' lang='grc' dir='ltr'><strong>Ἀλλ’</strong></span> <span class='ocrx_word' id='word_1_263' title='bbox 554 3269 775 3339; x_wconf 70' lang='grc' dir='ltr'><strong>ἴδωμεν,</strong></span> <span class='ocrx_word' id='word_1_264' title='bbox 797 3268 919 3322; x_wconf 84' lang='grc' dir='ltr'><strong>ὅθεν</strong></span> <span class='ocrx_word' id='word_1_265' title='bbox 948 3270 976 3323; x_wconf 87' lang='lat'><strong>6</strong></span> <span class='ocrx_word' id='word_1_266' title='bbox 1005 3269 1268 3339; x_wconf 89' lang='grc' dir='ltr'><strong>τύραννος</strong></span> <span class='ocrx_word' id='word_1_267' title='bbox 1297 3270 1376 3333; x_wconf 86' lang='grc' dir='ltr'><strong>είς</strong></span> <span class='ocrx_word' id='word_1_268' title='bbox 1401 3270 1648 3343; x_wconf 85' lang='grc' dir='ltr'><strong>ἀνάγκην</strong></span> <span class='ocrx_word' id='word_1_269' title='bbox 1675 3272 1833 3342; x_wconf 80' lang='grc' dir='ltr'><strong>ἔρχε-</strong></span> 
     </span>
    </p>
   </div>
   <div class='ocr_carea' id='block_1_36' title="bbox 237 3347 1004 3425">
    <p class='ocr_par' dir='ltr' id='par_1_36' title="bbox 237 3347 1004 3425">
     <span class='ocr_line' id='line_1_36' title="bbox 237 3347 1004 3425; baseline -0.003 -17"><span class='ocrx_word' id='word_1_270' title='bbox 237 3372 335 3408; x_wconf 86' lang='grc' dir='ltr'><strong>ται</strong></span> <span class='ocrx_word' id='word_1_271' title='bbox 362 3355 464 3425; x_wconf 81' lang='grc' dir='ltr'><strong>τῆς</strong></span> <span class='ocrx_word' id='word_1_272' title='bbox 490 3347 756 3423; x_wconf 88' lang='grc' dir='ltr'><strong>ταιαύτης</strong></span> <span class='ocrx_word' id='word_1_273' title='bbox 778 3351 1004 3423; x_wconf 83' lang='grc' dir='ltr'><strong>τόλμης.</strong></span> 
     </span>
    </p>
   </div>
   <div class='ocr_carea' id='block_1_37' title="bbox 311 3469 1831 3542">
    <p class='ocr_par' dir='ltr' id='par_1_37' title="bbox 311 3469 1831 3542">
     <span class='ocr_line' id='line_1_37' title="bbox 311 3469 1831 3542; baseline 0.002 -19"><span class='ocrx_word' id='word_1_274' title='bbox 311 3478 386 3540; x_wconf 89' lang='grc' dir='ltr'><strong>γ’.</strong></span> <span class='ocrx_word' id='word_1_275' title='bbox 413 3469 646 3542; x_wconf 90' lang='grc' dir='ltr'><strong>Δαίμοσί</strong></span> <span class='ocrx_word' id='word_1_276' title='bbox 668 3487 800 3524; x_wconf 91' lang='grc' dir='ltr'><strong>ποτε</strong></span> <span class='ocrx_word' id='word_1_277' title='bbox 825 3469 1036 3532; x_wconf 88' lang='grc' dir='ltr'><strong>θύσαςό</strong></span> <span class='ocrx_word' id='word_1_278' title='bbox 1053 3469 1339 3540; x_wconf 76' lang='grc' dir='ltr'><strong>δυσσεϐὴς,</strong></span> <span class='ocrx_word' id='word_1_279' title='bbox 1372 3469 1465 3523; x_wconf 79' lang='grc' dir='ltr'><strong>καὶ</strong></span> <span class='ocrx_word' id='word_1_280' title='bbox 1494 3471 1701 3525; x_wconf 83' lang='grc' dir='ltr'><strong>καπνοῦ</strong></span> <span class='ocrx_word' id='word_1_281' title='bbox 1733 3473 1831 3526; x_wconf 70' lang='grc' dir='ltr'><strong>καὶ</strong></span> 
     </span>
    </p>
   </div>
   <div class='ocr_carea' id='block_1_38' title="bbox 237 3550 1830 3631">
    <p class='ocr_par' dir='ltr' id='par_1_38' title="bbox 237 3550 1830 3631">
     <span class='ocr_line' id='line_1_38' title="bbox 237 3550 1830 3631; baseline 0 -23"><span class='ocrx_word' id='word_1_282' title='bbox 237 3555 473 3623; x_wconf 79' lang='grc' dir='ltr'><strong>κνίσσης</strong></span> <span class='ocrx_word' id='word_1_283' title='bbox 521 3553 806 3616; x_wconf 90' lang='grc' dir='ltr'><strong>ἀνάπλεως</strong></span> <span class='ocrx_word' id='word_1_284' title='bbox 848 3550 1107 3621; x_wconf 87' lang='grc' dir='ltr'><strong>γεγονὼς,</strong></span> <span class='ocrx_word' id='word_1_285' title='bbox 1145 3552 1240 3604; x_wconf 66' lang='grc' dir='ltr'><strong>καλ⁵</strong></span> <span class='ocrx_word' id='word_1_286' title='bbox 1285 3553 1405 3614; x_wconf 84' lang='grc' dir='ltr'><strong>ταῖς</strong></span> <span class='ocrx_word' id='word_1_287' title='bbox 1460 3554 1684 3622; x_wconf 83' lang='grc' dir='ltr'><strong>σταγόσι</strong></span> <span class='ocrx_word' id='word_1_288' title='bbox 1728 3556 1830 3631; x_wconf 71' lang='grc' dir='ltr'><strong>τῆς</strong></span> 
     </span>
    </p>
   </div>
   <div class='ocr_carea' id='block_1_39' title="bbox 239 3634 1830 3710">
    <p class='ocr_par' dir='ltr' id='par_1_39' title="bbox 239 3634 1830 3710">
     <span class='ocr_line' id='line_1_39' title="bbox 239 3634 1830 3710; baseline -0.001 -19"><span class='ocrx_word' id='word_1_289' title='bbox 239 3637 504 3699; x_wconf 85' lang='grc' dir='ltr'><strong>ἀσεϐείας</strong></span> <span class='ocrx_word' id='word_1_290' title='bbox 545 3634 974 3706; x_wconf 86' lang='grc' dir='ltr'><strong>μεμολυσμένος,</strong></span> <span class='ocrx_word' id='word_1_291' title='bbox 1016 3634 1291 3704; x_wconf 87' lang='grc' dir='ltr'><strong>δρομαίως</strong></span> <span class='ocrx_word' id='word_1_292' title='bbox 1337 3636 1431 3688; x_wconf 81' lang='grc' dir='ltr'><strong>ἐπὶ</strong></span> <span class='ocrx_word' id='word_1_293' title='bbox 1471 3637 1572 3707; x_wconf 82' lang='grc' dir='ltr'><strong>τὴν</strong></span> <span class='ocrx_word' id='word_1_294' title='bbox 1625 3637 1830 3710; x_wconf 82' lang='grc' dir='ltr'><strong>ἐκκλη-</strong></span> 
     </span>
    </p>
   </div>
   <div class='ocr_carea' id='block_1_40' title="bbox 242 3716 1833 3789">
    <p class='ocr_par' dir='ltr' id='par_1_40' title="bbox 242 3716 1833 3789">
     <span class='ocr_line' id='line_1_40' title="bbox 242 3716 1833 3789; baseline 0.001 -17"><span class='ocrx_word' id='word_1_295' title='bbox 242 3719 367 3773; x_wconf 88' lang='grc' dir='ltr'><strong>σίαν</strong></span> <span class='ocrx_word' id='word_1_296' title='bbox 404 3718 623 3789; x_wconf 90' lang='grc' dir='ltr'><strong>ἐχώρει,</strong></span> <span class='ocrx_word' id='word_1_297' title='bbox 670 3717 885 3771; x_wconf 75' lang='grc' dir='ltr'><strong>καὶτὸν</strong></span> <span class='ocrx_word' id='word_1_298' title='bbox 927 3716 1248 3788; x_wconf 74' lang='grc' dir='ltr'><strong>ᾑμαγμένον</strong></span> <span class='ocrx_word' id='word_1_299' title='bbox 1299 3718 1693 3789; x_wconf 82' lang='grc' dir='ltr'><strong>ἐπιφερόμενος</strong></span> <span class='ocrx_word' id='word_1_300' title='bbox 1733 3721 1833 3773; x_wconf 66' lang='grc' dir='ltr'><strong>πέσε</strong></span> 
     </span>
    </p>
   </div>
   <div class='ocr_carea' id='block_1_41' title="bbox 239 3799 1830 3872">
    <p class='ocr_par' dir='ltr' id='par_1_41' title="bbox 239 3799 1830 3872">
     <span class='ocr_line' id='line_1_41' title="bbox 239 3799 1830 3872; baseline 0.001 -17"><span class='ocrx_word' id='word_1_301' title='bbox 239 3801 427 3866; x_wconf 89' lang='grc' dir='ltr'><strong>λεκυν,</strong></span> <span class='ocrx_word' id='word_1_302' title='bbox 461 3802 524 3854; x_wconf 97' lang='lat'><strong>16</strong></span> <span class='ocrx_word' id='word_1_303' title='bbox 554 3800 890 3870; x_wconf 77' lang='grc' dir='ltr'><strong>ἀναίμακτον</strong></span> <span class='ocrx_word' id='word_1_304' title='bbox 924 3799 1309 3870; x_wconf 84' lang='grc' dir='ltr'><strong>θυσιαστήριον</strong></span> <span class='ocrx_word' id='word_1_305' title='bbox 1341 3801 1477 3869; x_wconf 86' lang='grc' dir='ltr'><strong>πρὸς</strong></span> <span class='ocrx_word' id='word_1_306' title='bbox 1514 3803 1830 3872; x_wconf 78' lang='grc' dir='ltr'><strong>ἱερουργίαν</strong></span> 
     </span>
    </p>
   </div>
   <div class='ocr_carea' id='block_1_42' title="bbox 239 3881 1828 3956">
    <p class='ocr_par' dir='ltr' id='par_1_42' title="bbox 239 3881 1828 3956">
     <span class='ocr_line' id='line_1_42' title="bbox 239 3881 1828 3956; baseline 0.003 -20"><span class='ocrx_word' id='word_1_307' title='bbox 239 3884 502 3955; x_wconf 87' lang='grc' dir='ltr'><strong>ἀθέμιτον</strong></span> <span class='ocrx_word' id='word_1_308' title='bbox 529 3882 805 3953; x_wconf 82' lang='grc' dir='ltr'><strong>ἐπεζήτει.</strong></span> <span class='ocrx_word' id='word_1_309' title='bbox 843 3881 984 3934; x_wconf 84' lang='grc' dir='ltr'><strong>Ἀλλ’</strong></span> <span class='ocrx_word' id='word_1_310' title='bbox 1009 3883 1110 3935; x_wconf 89' lang='grc' dir='ltr'><strong>οὐκ</strong></span> <span class='ocrx_word' id='word_1_311' title='bbox 1149 3881 1340 3936; x_wconf 78' lang='grc' dir='ltr'><strong>ἔλαθεν</strong></span> <span class='ocrx_word' id='word_1_312' title='bbox 1374 3885 1408 3953; x_wconf 79' lang='grc' dir='ltr'><strong>ἡ</strong></span> <span class='ocrx_word' id='word_1_313' title='bbox 1441 3884 1538 3937; x_wconf 90' lang='grc' dir='ltr'><strong>τοῦ</strong></span> <span class='ocrx_word' id='word_1_314' title='bbox 1562 3887 1828 3956; x_wconf 88' lang='grc' dir='ltr'><strong>τυράννου</strong></span> 
     </span>
    </p>
   </div>
   <div class='ocr_carea' id='block_1_43' title="bbox 237 3963 1828 4038">
    <p class='ocr_par' dir='ltr' id='par_1_43' title="bbox 237 3963 1828 4038">
     <span class='ocr_line' id='line_1_43' title="bbox 237 3963 1828 4038; baseline 0.002 -18"><span class='ocrx_word' id='word_1_315' title='bbox 237 3966 408 4021; x_wconf 86' lang='grc' dir='ltr'><strong>λύττα</strong></span> <span class='ocrx_word' id='word_1_316' title='bbox 434 3966 524 4020; x_wconf 80' lang='grc' dir='ltr'><strong>τὸν</strong></span> <span class='ocrx_word' id='word_1_317' title='bbox 558 3965 834 4037; x_wconf 78' lang='grc' dir='ltr'><strong>μάρτυρα.</strong></span> <span class='ocrx_word' id='word_1_318' title='bbox 871 3963 1090 4027; x_wconf 89' lang='grc' dir='ltr'><strong>Εὐθέως</strong></span> <span class='ocrx_word' id='word_1_319' title='bbox 1117 3964 1249 4033; x_wconf 87' lang='grc' dir='ltr'><strong>γοῦν</strong></span> <span class='ocrx_word' id='word_1_320' title='bbox 1293 3966 1612 4038; x_wconf 81' lang='grc' dir='ltr'><strong>ἐκπηδήσας</strong></span> <span class='ocrx_word' id='word_1_321' title='bbox 1645 3972 1723 4032; x_wconf 87' lang='grc' dir='ltr'><strong>είς</strong></span> <span class='ocrx_word' id='word_1_322' title='bbox 1759 3968 1828 4022; x_wconf 78' lang='grc' dir='ltr'><strong>τὰ</strong></span> 
     </span>
    </p>
   </div>
   <div class='ocr_carea' id='block_1_44' title="bbox 239 4046 1828 4122">
    <p class='ocr_par' dir='ltr' id='par_1_44' title="bbox 239 4046 1828 4122">
     <span class='ocr_line' id='line_1_44' title="bbox 239 4046 1828 4122; baseline 0.004 -23"><span class='ocrx_word' id='word_1_323' title='bbox 239 4049 575 4120; x_wconf 76' lang='grc' dir='ltr'><strong>προπύλαια,</strong></span> <span class='ocrx_word' id='word_1_324' title='bbox 627 4047 938 4118; x_wconf 80' lang='grc' dir='ltr'><strong>φερομένην</strong></span> <span class='ocrx_word' id='word_1_325' title='bbox 1001 4046 1102 4116; x_wconf 73' lang='grc' dir='ltr'><strong>ήδη</strong></span> <span class='ocrx_word' id='word_1_326' title='bbox 1141 4047 1242 4117; x_wconf 81' lang='grc' dir='ltr'><strong>τῆς</strong></span> <span class='ocrx_word' id='word_1_327' title='bbox 1290 4047 1547 4112; x_wconf 88' lang='grc' dir='ltr'><strong>ἀσεϐείας</strong></span> <span class='ocrx_word' id='word_1_328' title='bbox 1575 4051 1675 4122; x_wconf 86' lang='grc' dir='ltr'><strong>τὴν</strong></span> <span class='ocrx_word' id='word_1_329' title='bbox 1706 4053 1828 4106; x_wconf 81' lang='grc' dir='ltr'><strong>ἐπί-</strong></span> 
     </span>
    </p>
   </div>
   <div class='ocr_carea' id='block_1_45' title="bbox 237 4130 1825 4206">
    <p class='ocr_par' dir='ltr' id='par_1_45' title="bbox 237 4130 1825 4206">
     <span class='ocr_line' id='line_1_45' title="bbox 237 4130 1825 4206; baseline -0.004 -20"><span class='ocrx_word' id='word_1_330' title='bbox 237 4133 429 4187; x_wconf 88' lang='grc' dir='ltr'><strong>κλυσιν</strong></span> <span class='ocrx_word' id='word_1_331' title='bbox 467 4131 811 4192; x_wconf 78' lang='grc' dir='ltr'><strong>ἀναστέλλει·</strong></span> <span class='ocrx_word' id='word_1_332' title='bbox 847 4131 942 4184; x_wconf 73' lang='grc' dir='ltr'><strong>καὶ</strong></span> <span class='ocrx_word' id='word_1_333' title='bbox 969 4130 1221 4201; x_wconf 86' lang='grc' dir='ltr'><strong>καθάπερ</strong></span> <span class='ocrx_word' id='word_1_334' title='bbox 1253 4148 1338 4194; x_wconf 86' lang='grc' dir='ltr'><strong>τις</strong></span> <span class='ocrx_word' id='word_1_335' title='bbox 1378 4133 1685 4206; x_wconf 81' lang='grc' dir='ltr'><strong>εὐμήχανος</strong></span> <span class='ocrx_word' id='word_1_336' title='bbox 1730 4155 1825 4190; x_wconf 86' lang='grc' dir='ltr'><strong>κυ.</strong></span> 
     </span>
    </p>
   </div>
   <div class='ocr_carea' id='block_1_46' title="bbox 237 4213 1827 4292">
    <p class='ocr_par' dir='ltr' id='par_1_46' title="bbox 237 4213 1827 4292">
     <span class='ocr_line' id='line_1_46' title="bbox 237 4213 1827 4292; baseline 0.004 -24"><span class='ocrx_word' id='word_1_337' title='bbox 237 4216 507 4286; x_wconf 82' lang='grc' dir='ltr'><strong>ϐερνήτης</strong></span> <span class='ocrx_word' id='word_1_338' title='bbox 546 4213 646 4285; x_wconf 82' lang='grc' dir='ltr'><strong>τὴν</strong></span> <span class='ocrx_word' id='word_1_339' title='bbox 698 4213 968 4268; x_wconf 88' lang='grc' dir='ltr'><strong>θάλατταν</strong></span> <span class='ocrx_word' id='word_1_340' title='bbox 1015 4214 1228 4284; x_wconf 83' lang='grc' dir='ltr'><strong>βλέπων</strong></span> <span class='ocrx_word' id='word_1_341' title='bbox 1275 4215 1417 4269; x_wconf 75' lang='grc' dir='ltr'><strong>κατά</strong></span> <span class='ocrx_word' id='word_1_342' title='bbox 1451 4218 1550 4288; x_wconf 77' lang='grc' dir='ltr'><strong>τῆς</strong></span> <span class='ocrx_word' id='word_1_343' title='bbox 1598 4219 1827 4292; x_wconf 78' lang='grc' dir='ltr'><strong>πρώρας</strong></span> 
     </span>
    </p>
   </div>
   <div class='ocr_carea' id='block_1_47' title="bbox 239 4297 1827 4368">
    <p class='ocr_par' dir='ltr' id='par_1_47' title="bbox 239 4297 1827 4368">
     <span class='ocr_line' id='line_1_47' title="bbox 239 4297 1827 4368; baseline 0.004 -17"><span class='ocrx_word' id='word_1_344' title='bbox 239 4297 669 4368; x_wconf 74' lang='grc' dir='ltr'><strong>ἐπιφερομένην,</strong></span> <span class='ocrx_word' id='word_1_345' title='bbox 698 4298 926 4368; x_wconf 84' lang='grc' dir='ltr'><strong>ηρεμεῖν</strong></span> <span class='ocrx_word' id='word_1_346' title='bbox 960 4297 1060 4350; x_wconf 89' lang='grc' dir='ltr'><strong>οὐκ</strong></span> <span class='ocrx_word' id='word_1_347' title='bbox 1098 4298 1384 4368; x_wconf 83' lang='grc' dir='ltr'><strong>ἀνέχεται,</strong></span> <span class='ocrx_word' id='word_1_348' title='bbox 1414 4298 1551 4353; x_wconf 85' lang='grc' dir='ltr'><strong>ἀλλὰ</strong></span> <span class='ocrx_word' id='word_1_349' title='bbox 1580 4302 1645 4356; x_wconf 91' lang='lat'><strong>16</strong></span> <span class='ocrx_word' id='word_1_350' title='bbox 1691 4305 1827 4358; x_wconf 86' lang='grc' dir='ltr'><strong>σκά-</strong></span> 
     </span>
    </p>
   </div>
   <div class='ocr_carea' id='block_1_48' title="bbox 238 4379 1824 4456">
    <p class='ocr_par' dir='ltr' id='par_1_48' title="bbox 238 4379 1824 4456">
     <span class='ocr_line' id='line_1_48' title="bbox 238 4379 1824 4456; baseline 0.006 -24"><span class='ocrx_word' id='word_1_351' title='bbox 238 4399 337 4450; x_wconf 82' lang='grc' dir='ltr'><strong>φος</strong></span> <span class='ocrx_word' id='word_1_352' title='bbox 375 4381 497 4433; x_wconf 79' lang='grc' dir='ltr'><strong>ὅλον</strong></span> <span class='ocrx_word' id='word_1_353' title='bbox 527 4379 715 4450; x_wconf 83' lang='grc' dir='ltr'><strong>κούφῳ</strong></span> <span class='ocrx_word' id='word_1_354' title='bbox 745 4379 865 4433; x_wconf 70' lang='grc' dir='ltr'><strong>ποδὶ</strong></span> <span class='ocrx_word' id='word_1_355' title='bbox 888 4380 1182 4450; x_wconf 61' lang='grc' dir='ltr'><strong>διατρέχες,</strong></span> <span class='ocrx_word' id='word_1_356' title='bbox 1215 4382 1308 4434; x_wconf 75' lang='grc' dir='ltr'><strong>καὶ</strong></span> <span class='ocrx_word' id='word_1_357' title='bbox 1330 4382 1420 4434; x_wconf 86' lang='grc' dir='ltr'><strong>διά</strong></span> <span class='ocrx_word' id='word_1_358' title='bbox 1440 4384 1535 4437; x_wconf 86' lang='grc' dir='ltr'><strong>τοῦ</strong></span> <span class='ocrx_word' id='word_1_359' title='bbox 1562 4387 1824 4456; x_wconf 82' lang='grc' dir='ltr'><strong>πηδαλίου</strong></span> 
     </span>
    </p>
   </div>
   <div class='ocr_carea' id='block_1_49' title="bbox 235 4463 1824 4540">
    <p class='ocr_par' dir='ltr' id='par_1_49' title="bbox 235 4463 1824 4540">
     <span class='ocr_line' id='line_1_49' title="bbox 235 4463 1824 4540; baseline 0.006 -23"><span class='ocrx_word' id='word_1_360' title='bbox 235 4465 337 4535; x_wconf 79' lang='grc' dir='ltr'><strong>τὴν</strong></span> <span class='ocrx_word' id='word_1_361' title='bbox 359 4463 620 4534; x_wconf 88' lang='grc' dir='ltr'><strong>πρύμναν</strong></span> <span class='ocrx_word' id='word_1_362' title='bbox 661 4463 900 4534; x_wconf 85' lang='grc' dir='ltr'><strong>ἐγείρας,</strong></span> <span class='ocrx_word' id='word_1_363' title='bbox 928 4464 1107 4531; x_wconf 78' lang='grc' dir='ltr'><strong>ἵστησι</strong></span> <span class='ocrx_word' id='word_1_364' title='bbox 1141 4463 1202 4516; x_wconf 87' lang='grc' dir='ltr'><strong>τὸ</strong></span> <span class='ocrx_word' id='word_1_365' title='bbox 1229 4464 1416 4518; x_wconf 91' lang='grc' dir='ltr'><strong>πλοῖον</strong></span> <span class='ocrx_word' id='word_1_366' title='bbox 1440 4469 1553 4532; x_wconf 85' lang='grc' dir='ltr'><strong>τοῖς</strong></span> <span class='ocrx_word' id='word_1_367' title='bbox 1581 4469 1824 4540; x_wconf 84' lang='grc' dir='ltr'><strong>κύμασιν</strong></span> 
     </span>
    </p>
   </div>
   <div class='ocr_carea' id='block_1_50' title="bbox 233 4546 1826 4627">
    <p class='ocr_par' dir='ltr' id='par_1_50' title="bbox 233 4546 1826 4627">
     <span class='ocr_line' id='line_1_50' title="bbox 233 4546 1826 4627; baseline 0.006 -27"><span class='ocrx_word' id='word_1_368' title='bbox 233 4548 675 4617; x_wconf 81' lang='grc' dir='ltr'><strong>ἀντιπρόσωπον,</strong></span> <span class='ocrx_word' id='word_1_369' title='bbox 702 4549 796 4600; x_wconf 77' lang='grc' dir='ltr'><strong>καὶ</strong></span> <span class='ocrx_word' id='word_1_370' title='bbox 825 4546 1164 4618; x_wconf 76' lang='grc' dir='ltr'><strong>μετεωρίσας</strong></span> <span class='ocrx_word' id='word_1_371' title='bbox 1190 4547 1249 4600; x_wconf 87' lang='lat'><strong>16</strong></span> <span class='ocrx_word' id='word_1_372' title='bbox 1281 4549 1614 4617; x_wconf 84' lang='grc' dir='ltr'><strong>κινδυνεῦον,</strong></span> <span class='ocrx_word' id='word_1_373' title='bbox 1651 4556 1826 4627; x_wconf 87' lang='grc' dir='ltr'><strong>μέσην</strong></span> 
     </span>
    </p>
   </div>
   <div class='ocr_carea' id='block_1_51' title="bbox 230 4629 1824 4706">
    <p class='ocr_par' dir='ltr' id='par_1_51' title="bbox 230 4629 1824 4706">
     <span class='ocr_line' id='line_1_51' title="bbox 230 4629 1824 4706; baseline 0.005 -22"><span class='ocrx_word' id='word_1_374' title='bbox 230 4631 508 4701; x_wconf 74' lang='grc' dir='ltr'><strong>διασχίζει</strong></span> <span class='ocrx_word' id='word_1_375' title='bbox 537 4632 639 4700; x_wconf 79' lang='grc' dir='ltr'><strong>τὴν</strong></span> <span class='ocrx_word' id='word_1_376' title='bbox 663 4631 982 4701; x_wconf 84' lang='grc' dir='ltr'><strong>τρικυμίαν,</strong></span> <span class='ocrx_word' id='word_1_377' title='bbox 1012 4631 1105 4684; x_wconf 73' lang='grc' dir='ltr'><strong>καὶ</strong></span> <span class='ocrx_word' id='word_1_378' title='bbox 1128 4629 1292 4703; x_wconf 82' lang='grc' dir='ltr'><strong>τέχνῃ</strong></span> <span class='ocrx_word' id='word_1_379' title='bbox 1325 4633 1430 4685; x_wconf 76' lang='grc' dir='ltr'><strong>τινὶ</strong></span> <span class='ocrx_word' id='word_1_380' title='bbox 1459 4633 1520 4687; x_wconf 87' lang='lat'><strong>16</strong></span> <span class='ocrx_word' id='word_1_381' title='bbox 1544 4638 1824 4706; x_wconf 63' lang='grc' dir='ltr'><strong>κυρτωθέν</strong></span> 
     </span>
    </p>
   </div>
   <div class='ocr_carea' id='block_1_52' title="bbox 231 4712 1825 4791">
    <p class='ocr_par' dir='ltr' id='par_1_52' title="bbox 231 4712 1825 4791">
     <span class='ocr_line' id='line_1_52' title="bbox 231 4712 1825 4791; baseline 0.006 -25"><span class='ocrx_word' id='word_1_382' title='bbox 231 4713 478 4782; x_wconf 83' lang='grc' dir='ltr'><strong>πέλαγος</strong></span> <span class='ocrx_word' id='word_1_383' title='bbox 512 4714 796 4778; x_wconf 74' lang='grc' dir='ltr'><strong>αὐλακίζει</strong></span> <span class='ocrx_word' id='word_1_384' title='bbox 821 4732 834 4744; x_wconf 90' lang='grc'><strong>·</strong></span> <span class='ocrx_word' id='word_1_385' title='bbox 873 4712 1032 4766; x_wconf 85' lang='grc' dir='ltr'><strong>τοῦτο</strong></span> <span class='ocrx_word' id='word_1_386' title='bbox 1053 4714 1149 4766; x_wconf 62' lang='grc' dir='ltr'><strong>καὶ⁵</strong></span> <span class='ocrx_word' id='word_1_387' title='bbox 1180 4716 1208 4766; x_wconf 91' lang='lat'><strong>6</strong></span> <span class='ocrx_word' id='word_1_388' title='bbox 1244 4715 1515 4786; x_wconf 85' lang='grc' dir='ltr'><strong>μακάριος</strong></span> <span class='ocrx_word' id='word_1_389' title='bbox 1546 4717 1825 4791; x_wconf 81' lang='grc' dir='ltr'><strong>Ῥωμανὸς</strong></span> 
     </span>
    </p>
   </div>
   <div class='ocr_carea' id='block_1_53' title="bbox 235 4796 1824 4874">
    <p class='ocr_par' dir='ltr' id='par_1_53' title="bbox 235 4796 1824 4874">
     <span class='ocr_line' id='line_1_53' title="bbox 235 4796 1824 4874; baseline 0.006 -27"><span class='ocrx_word' id='word_1_390' title='bbox 235 4797 486 4868; x_wconf 81' lang='grc' dir='ltr'><strong>ἐποίησε.</strong></span> <span class='ocrx_word' id='word_1_391' title='bbox 507 4796 621 4866; x_wconf 80' lang='grc' dir='ltr'><strong>Τῆς</strong></span> <span class='ocrx_word' id='word_1_392' title='bbox 642 4796 926 4865; x_wconf 83' lang='grc' dir='ltr'><strong>είδωλικῆς</strong></span> <span class='ocrx_word' id='word_1_393' title='bbox 949 4796 1218 4867; x_wconf 83' lang='grc' dir='ltr'><strong>θαλάττης</strong></span> <span class='ocrx_word' id='word_1_394' title='bbox 1243 4797 1540 4870; x_wconf 84' lang='grc' dir='ltr'><strong>βλάσφημα</strong></span> <span class='ocrx_word' id='word_1_395' title='bbox 1564 4805 1824 4874; x_wconf 82' lang='grc' dir='ltr'><strong>μυκωμέ-</strong></span> 
     </span>
    </p>
   </div>
   <div class='ocr_carea' id='block_1_54' title="bbox 237 4879 1825 4952">
    <p class='ocr_par' dir='ltr' id='par_1_54' title="bbox 237 4879 1825 4952">
     <span class='ocr_line' id='line_1_54' title="bbox 237 4879 1825 4952; baseline 0.008 -22"><span class='ocrx_word' id='word_1_396' title='bbox 237 4896 354 4950; x_wconf 88' lang='grc' dir='ltr'><strong>νης.</strong></span> <span class='ocrx_word' id='word_1_397' title='bbox 397 4880 492 4932; x_wconf 79' lang='grc' dir='ltr'><strong>καὶ</strong></span> <span class='ocrx_word' id='word_1_398' title='bbox 537 4880 680 4933; x_wconf 86' lang='grc' dir='ltr'><strong>κατά</strong></span> <span class='ocrx_word' id='word_1_399' title='bbox 710 4879 804 4932; x_wconf 86' lang='grc' dir='ltr'><strong>τοῦ</strong></span> <span class='ocrx_word' id='word_1_400' title='bbox 851 4880 1308 4948; x_wconf 53' lang='grc' dir='ltr'><strong>ὲκκΜσιαστικοῦ</strong></span> <span class='ocrx_word' id='word_1_401' title='bbox 1345 4883 1588 4952; x_wconf 83' lang='grc' dir='ltr'><strong>σκάφους</strong></span> <span class='ocrx_word' id='word_1_402' title='bbox 1618 4885 1825 4942; x_wconf 82' lang='grc' dir='ltr'><strong>λυττώ-</strong></span> 
     </span>
    </p>
   </div>
   <div class='ocr_carea' id='block_1_55' title="bbox 238 4961 1825 5043">
    <p class='ocr_par' dir='ltr' id='par_1_55' title="bbox 238 4961 1825 5043">
     <span class='ocr_line' id='line_1_55' title="bbox 238 4961 1825 5043; baseline 0.006 -27"><span class='ocrx_word' id='word_1_403' title='bbox 238 4978 359 5031; x_wconf 87' lang='grc' dir='ltr'><strong>σης,</strong></span> <span class='ocrx_word' id='word_1_404' title='bbox 379 4964 477 5016; x_wconf 67' lang='grc' dir='ltr'><strong>καὶ</strong></span> <span class='ocrx_word' id='word_1_405' title='bbox 489 4961 664 5032; x_wconf 78' lang='grc' dir='ltr'><strong>ἀφρδν</strong></span> <span class='ocrx_word' id='word_1_406' title='bbox 686 4961 935 5032; x_wconf 77' lang='grc' dir='ltr'><strong>αἱμάτων</strong></span> <span class='ocrx_word' id='word_1_407' title='bbox 955 4962 1097 5016; x_wconf 86' lang='grc' dir='ltr'><strong>κατά</strong></span> <span class='ocrx_word' id='word_1_408' title='bbox 1115 4963 1224 5016; x_wconf 86' lang='grc' dir='ltr'><strong>τῶν</strong></span> <span class='ocrx_word' id='word_1_409' title='bbox 1246 4962 1652 5038; x_wconf 87' lang='grc' dir='ltr'><strong>θυσιαστηρίων</strong></span> <span class='ocrx_word' id='word_1_410' title='bbox 1671 4971 1825 5043; x_wconf 77' lang='grc' dir='ltr'><strong>ἐρευο</strong></span> 
     </span>
    </p>
   </div>
   <div class='ocr_carea' id='block_1_56' title="bbox 235 5044 1820 5129">
    <p class='ocr_par' dir='ltr' id='par_1_56' title="bbox 235 5044 1820 5129">
     <span class='ocr_line' id='line_1_56' title="bbox 235 5044 1820 5129; baseline 0.009 -34"><span class='ocrx_word' id='word_1_411' title='bbox 235 5044 504 5129; x_wconf 79' lang='grc' dir='ltr'><strong>γομένης,</strong></span> <span class='ocrx_word' id='word_1_412' title='bbox 525 5045 684 5114; x_wconf 88' lang='grc' dir='ltr'><strong>μόνος</strong></span> <span class='ocrx_word' id='word_1_413' title='bbox 716 5045 1098 5129; x_wconf 80' lang='grc' dir='ltr'><strong>ἀνθοπλίζεται</strong></span> <span class='ocrx_word' id='word_1_414' title='bbox 1127 5049 1190 5116; x_wconf 80' lang='grc' dir='ltr'><strong>τῇ</strong></span> <span class='ocrx_word' id='word_1_415' title='bbox 1227 5049 1529 5124; x_wconf 82' lang='grc' dir='ltr'><strong>μαινομένῃ</strong></span> <span class='ocrx_word' id='word_1_416' title='bbox 1558 5051 1820 5129; x_wconf 83' lang='grc' dir='ltr'><strong>θαλάττῃ,</strong></span> 
     </span>
    </p>
   </div>
   <div class='ocr_carea' id='block_1_57' title="bbox 236 5127 1823 5206">
    <p class='ocr_par' dir='ltr' id='par_1_57' title="bbox 236 5127 1823 5206">
     <span class='ocr_line' id='line_1_57' title="bbox 236 5127 1823 5206; baseline 0.001 -27"><span class='ocrx_word' id='word_1_417' title='bbox 236 5128 330 5181; x_wconf 81' lang='grc' dir='ltr'><strong>καὶ</strong></span> <span class='ocrx_word' id='word_1_418' title='bbox 362 5130 444 5190; x_wconf 81' lang='grc' dir='ltr'><strong>είς</strong></span> <span class='ocrx_word' id='word_1_419' title='bbox 478 5128 644 5197; x_wconf 82' lang='grc' dir='ltr'><strong>ἀκρον</strong></span> <span class='ocrx_word' id='word_1_420' title='bbox 675 5127 816 5199; x_wconf 85' lang='grc' dir='ltr'><strong>ὁρῶν</strong></span> <span class='ocrx_word' id='word_1_421' title='bbox 846 5129 909 5182; x_wconf 90' lang='lat'><strong>16</strong></span> <span class='ocrx_word' id='word_1_422' title='bbox 931 5130 1136 5197; x_wconf 78' lang='grc' dir='ltr'><strong>σκάφος</strong></span> <span class='ocrx_word' id='word_1_423' title='bbox 1161 5130 1554 5203; x_wconf 87' lang='grc' dir='ltr'><strong>σφαλλόμενον,</strong></span> <span class='ocrx_word' id='word_1_424' title='bbox 1586 5127 1823 5206; x_wconf 15' lang='grc' dir='ltr'><strong>ἀφυπνήί-</strong></span> 
     </span>
    </p>
   </div>
   <div class='ocr_carea' id='block_1_58' title="bbox 235 5209 1820 5284">
    <p class='ocr_par' dir='ltr' id='par_1_58' title="bbox 235 5209 1820 5284">
     <span class='ocr_line' id='line_1_58' title="bbox 235 5209 1820 5284; baseline 0.01 -22"><span class='ocrx_word' id='word_1_425' title='bbox 235 5209 316 5273; x_wconf 78' lang='grc' dir='ltr'><strong>ζει</strong></span> <span class='ocrx_word' id='word_1_426' title='bbox 343 5210 436 5264; x_wconf 79' lang='grc' dir='ltr'><strong>τὸν</strong></span> <span class='ocrx_word' id='word_1_427' title='bbox 485 5217 544 5264; x_wconf 78' lang='grc' dir='ltr'><strong>ἐν</strong></span> <span class='ocrx_word' id='word_1_428' title='bbox 577 5210 656 5282; x_wconf 84' lang='grc' dir='ltr'><strong>τῷ</strong></span> <span class='ocrx_word' id='word_1_429' title='bbox 692 5211 862 5282; x_wconf 85' lang='grc' dir='ltr'><strong>πλοίῳ</strong></span> <span class='ocrx_word' id='word_1_430' title='bbox 910 5214 1212 5284; x_wconf 88' lang='grc' dir='ltr'><strong>Δεσπότην,</strong></span> <span class='ocrx_word' id='word_1_431' title='bbox 1241 5215 1537 5284; x_wconf 79' lang='grc' dir='ltr'><strong>ἀφυπνίζει</strong></span> <span class='ocrx_word' id='word_1_432' title='bbox 1572 5219 1629 5272; x_wconf 81' lang='grc' dir='ltr'><strong>δὲ</strong></span> <span class='ocrx_word' id='word_1_433' title='bbox 1659 5223 1820 5278; x_wconf 83' lang='grc' dir='ltr'><strong>αὐτὸν</strong></span> 
     </span>
    </p>
   </div>
   <div class='ocr_carea' id='block_1_59' title="bbox 236 5293 1820 5366">
    <p class='ocr_par' dir='ltr' id='par_1_59' title="bbox 236 5293 1820 5366">
     <span class='ocr_line' id='line_1_59' title="bbox 236 5293 1820 5366; baseline 0.009 -21"><span class='ocrx_word' id='word_1_434' title='bbox 236 5296 325 5349; x_wconf 77' lang='grc' dir='ltr'><strong>τὸν</strong></span> <span class='ocrx_word' id='word_1_435' title='bbox 362 5295 466 5364; x_wconf 82' lang='grc' dir='ltr'><strong>τῆς</strong></span> <span class='ocrx_word' id='word_1_436' title='bbox 510 5294 894 5366; x_wconf 84' lang='grc' dir='ltr'><strong>μακροθυμίας</strong></span> <span class='ocrx_word' id='word_1_437' title='bbox 934 5293 1100 5347; x_wconf 76' lang='grc' dir='ltr'><strong>ὕπνον</strong></span> <span class='ocrx_word' id='word_1_438' title='bbox 1142 5298 1492 5354; x_wconf 87' lang='grc' dir='ltr'><strong>καθεύδοντα.</strong></span> <span class='ocrx_word' id='word_1_439' title='bbox 1526 5302 1725 5358; x_wconf 85' lang='grc' dir='ltr'><strong>Βλέπει</strong></span> <span class='ocrx_word' id='word_1_440' title='bbox 1758 5307 1820 5360; x_wconf 87' lang='lat'><strong>16</strong></span> 
     </span>
    </p>
   </div>
   <div class='ocr_carea' id='block_1_60' title="bbox 234 5376 1818 5451">
    <p class='ocr_par' dir='ltr' id='par_1_60' title="bbox 234 5376 1818 5451">
     <span class='ocr_line' id='line_1_60' title="bbox 234 5376 1818 5451; baseline 0.009 -23"><span class='ocrx_word' id='word_1_441' title='bbox 234 5376 472 5444; x_wconf 81' lang='grc' dir='ltr'><strong>πέλαγος</strong></span> <span class='ocrx_word' id='word_1_442' title='bbox 498 5380 618 5440; x_wconf 86' lang='grc' dir='ltr'><strong>ταῖς</strong></span> <span class='ocrx_word' id='word_1_443' title='bbox 657 5378 994 5442; x_wconf 86' lang='grc' dir='ltr'><strong>ἀντιπνοίαις</strong></span> <span class='ocrx_word' id='word_1_444' title='bbox 1025 5380 1445 5451; x_wconf 77' lang='grc' dir='ltr'><strong>χειμαζόμενον,</strong></span> <span class='ocrx_word' id='word_1_445' title='bbox 1480 5384 1572 5437; x_wconf 75' lang='grc' dir='ltr'><strong>καὶ</strong></span> <span class='ocrx_word' id='word_1_446' title='bbox 1605 5387 1674 5440; x_wconf 90' lang='grc' dir='ltr'><strong>τά</strong></span> <span class='ocrx_word' id='word_1_447' title='bbox 1709 5388 1818 5441; x_wconf 87' lang='grc' dir='ltr'><strong>τῶν</strong></span> 
     </span>
    </p>
   </div>
   <div class='ocr_carea' id='block_1_61' title="bbox 236 5455 1818 5538">
    <p class='ocr_par' dir='ltr' id='par_1_61' title="bbox 236 5455 1818 5538">
     <span class='ocr_line' id='line_1_61' title="bbox 236 5455 1818 5538; baseline 0.009 -29"><span class='ocrx_word' id='word_1_448' title='bbox 236 5459 650 5512; x_wconf 81' lang='grc' dir='ltr'><strong>κινδυνευόντων</strong></span> <span class='ocrx_word' id='word_1_449' title='bbox 703 5460 962 5530; x_wconf 85' lang='grc' dir='ltr'><strong>μαθητῶν</strong></span> <span class='ocrx_word' id='word_1_450' title='bbox 1007 5455 1304 5531; x_wconf 84' lang='grc' dir='ltr'><strong>φθέγγεται</strong></span> <span class='ocrx_word' id='word_1_451' title='bbox 1353 5466 1607 5538; x_wconf 76' lang='grc' dir='ltr'><strong>ῥήματα·</strong></span> <span class='ocrx_word' id='word_1_452' title='bbox 1662 5469 1818 5525; x_wconf 84' lang='grc' dir='ltr'><strong>Ἐπι-</strong></span> 
     </span>
    </p>
   </div>
   <div class='ocr_carea' id='block_1_62' title="bbox 235 5541 1821 5623">
    <p class='ocr_par' dir='ltr' id='par_1_62' title="bbox 235 5541 1821 5623">
     <span class='ocr_line' id='line_1_62' title="bbox 235 5541 1821 5623; baseline 0.01 -31"><span class='ocrx_word' id='word_1_453' title='bbox 235 5541 446 5603; x_wconf 70' lang='lat' dir='ltr'><strong>auita,</strong></span> <span class='ocrx_word' id='word_1_454' title='bbox 489 5541 732 5607; x_wconf 79' lang='grc' dir='ltr'><strong>σῶσον,</strong></span> <span class='ocrx_word' id='word_1_455' title='bbox 771 5545 1191 5613; x_wconf 75' lang='grc' dir='ltr'><strong>ἀπολλύμεθα·</strong></span> <span class='ocrx_word' id='word_1_456' title='bbox 1230 5549 1488 5617; x_wconf 71' lang='grc' dir='ltr'><strong>πειραταὶ</strong></span> <span class='ocrx_word' id='word_1_457' title='bbox 1521 5549 1582 5603; x_wconf 89' lang='lat'><strong>16</strong></span> <span class='ocrx_word' id='word_1_458' title='bbox 1611 5553 1821 5623; x_wconf 84' lang='grc' dir='ltr'><strong>σκάφος</strong></span> 
     </span>
    </p>
   </div>
   <div class='ocr_carea' id='block_1_63' title="bbox 241 5626 1815 5704">
    <p class='ocr_par' dir='ltr' id='par_1_63' title="bbox 241 5626 1815 5704">
     <span class='ocr_line' id='line_1_63' title="bbox 241 5626 1815 5704; baseline 0.009 -28"><span class='ocrx_word' id='word_1_459' title='bbox 241 5626 767 5695; x_wconf 81' lang='grc' dir='ltr'><strong>περιστοιχίζονται,</strong></span> <span class='ocrx_word' id='word_1_460' title='bbox 819 5627 973 5681; x_wconf 87' lang='grc' dir='ltr'><strong>λύκοι</strong></span> <span class='ocrx_word' id='word_1_461' title='bbox 1020 5629 1370 5702; x_wconf 86' lang='grc' dir='ltr'><strong>πολιορκοῦσι</strong></span> <span class='ocrx_word' id='word_1_462' title='bbox 1426 5632 1488 5685; x_wconf 91' lang='lat'><strong>16</strong></span> <span class='ocrx_word' id='word_1_463' title='bbox 1532 5635 1815 5704; x_wconf 88' lang='grc' dir='ltr'><strong>ποίμνιον,</strong></span> 
     </span>
    </p>
   </div>
   <div class='ocr_carea' id='block_1_64' title="bbox 238 5710 1820 5790">
    <p class='ocr_par' dir='ltr' id='par_1_64' title="bbox 238 5710 1820 5790">
     <span class='ocr_line' id='line_1_64' title="bbox 238 5710 1820 5790; baseline 0.004 -28"><span class='ocrx_word' id='word_1_464' title='bbox 238 5710 428 5790; x_wconf 65' lang='grc' dir='ltr'><strong>λῃσταὶ</strong></span> <span class='ocrx_word' id='word_1_465' title='bbox 471 5710 570 5778; x_wconf 78' lang='grc' dir='ltr'><strong>τὴν</strong></span> <span class='ocrx_word' id='word_1_466' title='bbox 610 5710 863 5764; x_wconf 86' lang='grc' dir='ltr'><strong>παστάδα</strong></span> <span class='ocrx_word' id='word_1_467' title='bbox 904 5713 1003 5781; x_wconf 83' lang='grc' dir='ltr'><strong>τὴν</strong></span> <span class='ocrx_word' id='word_1_468' title='bbox 1040 5712 1137 5782; x_wconf 80' lang='grc' dir='ltr'><strong>σὴν</strong></span> <span class='ocrx_word' id='word_1_469' title='bbox 1170 5713 1542 5785; x_wconf 90' lang='grc' dir='ltr'><strong>διορύττουσι,</strong></span> <span class='ocrx_word' id='word_1_470' title='bbox 1594 5722 1820 5790; x_wconf 79' lang='grc' dir='ltr'><strong>μοιχικά</strong></span> 
     </span>
    </p>
   </div>
   <div class='ocr_carea' id='block_1_65' title="bbox 239 5788 1814 5869">
    <p class='ocr_par' dir='ltr' id='par_1_65' title="bbox 239 5788 1814 5869">
     <span class='ocr_line' id='line_1_65' title="bbox 239 5788 1814 5869; baseline 0.009 -23"><span class='ocrx_word' id='word_1_471' title='bbox 239 5788 385 5860; x_wconf 71' lang='grc'><strong>1621]</strong></span> <span class='ocrx_word' id='word_1_472' title='bbox 410 5791 722 5864; x_wconf 81' lang='grc' dir='ltr'><strong>συρίγματα</strong></span> <span class='ocrx_word' id='word_1_473' title='bbox 744 5795 844 5866; x_wconf 82' lang='grc' dir='ltr'><strong>τὴν</strong></span> <span class='ocrx_word' id='word_1_474' title='bbox 864 5793 961 5865; x_wconf 78' lang='grc' dir='ltr'><strong>σὴν</strong></span> <span class='ocrx_word' id='word_1_475' title='bbox 989 5794 1208 5868; x_wconf 77' lang='grc' dir='ltr'><strong>νύμφην</strong></span> <span class='ocrx_word' id='word_1_476' title='bbox 1237 5804 1582 5869; x_wconf 80' lang='grc' dir='ltr'><strong>περικτυπεῖ,</strong></span> <span class='ocrx_word' id='word_1_477' title='bbox 1602 5788 1763 5858; x_wconf 78' lang='grc' dir='ltr'><strong>πάλιν</strong></span> <span class='ocrx_word' id='word_1_478' title='bbox 1787 5809 1814 5861; x_wconf 82' lang='grc' dir='ltr'><strong>ό</strong></span> 
     </span>
    </p>
   </div>
   <div class='ocr_carea' id='block_1_66' title="bbox 1274 398 2382 464">
    <p class='ocr_par' dir='ltr' id='par_1_66' title="bbox 1274 398 2382 464">
     <span class='ocr_line' id='line_1_66' title="bbox 1274 398 2382 464; baseline -0.005 -1"><span class='ocrx_word' id='word_1_479' title='bbox 1274 407 1344 463; x_wconf 73' lang='lat' dir='ltr'><strong>IN</strong></span> <span class='ocrx_word' id='word_1_480' title='bbox 1384 407 1441 464; x_wconf 71' lang='grc' dir='ltr'><strong>Ξ.</strong></span> <span class='ocrx_word' id='word_1_481' title='bbox 1475 398 1820 461; x_wconf 72' lang='lat' dir='ltr'><strong>ROMANUM</strong></span> <span class='ocrx_word' id='word_1_482' title='bbox 1858 398 2280 459; x_wconf 75' lang='lat' dir='ltr'><strong>MARTYREM.</strong></span> <span class='ocrx_word' id='word_1_483' title='bbox 2319 399 2382 457; x_wconf 74' lang='lat' dir='ltr'><strong>ll.</strong></span> 
     </span>
    </p>
   </div>
   <div class='ocr_carea' id='block_1_67' title="bbox 3414 408 3518 468">
    <p class='ocr_par' dir='ltr' id='par_1_67' title="bbox 3414 408 3518 468">
     <span class='ocr_line' id='line_1_67' title="bbox 3414 408 3518 468; baseline 0.048 -4"><span class='ocrx_word' id='word_1_484' title='bbox 3414 408 3518 468; x_wconf 78' lang='grc' dir='ltr'><strong>ϐῐϐ</strong></span> 
     </span>
    </p>
   </div>
   <div class='ocr_carea' id='block_1_68' title="bbox 1937 518 3519 602">
    <p class='ocr_par' dir='ltr' id='par_1_68' title="bbox 1937 518 3519 602">
     <span class='ocr_line' id='line_1_68' title="bbox 1937 518 3519 602; baseline 0.008 -32"><span class='ocrx_word' id='word_1_485' title='bbox 1937 518 2060 587; x_wconf 81' lang='grc' dir='ltr'><strong>ϐφις</strong></span> <span class='ocrx_word' id='word_1_486' title='bbox 2087 519 2417 590; x_wconf 84' lang='grc' dir='ltr'><strong>τοιχωρυχεῖ</strong></span> <span class='ocrx_word' id='word_1_487' title='bbox 2450 518 2544 572; x_wconf 74' lang='grc' dir='ltr'><strong>τὸν</strong></span> <span class='ocrx_word' id='word_1_488' title='bbox 2583 518 2911 590; x_wconf 84' lang='grc' dir='ltr'><strong>παράδεισον</strong></span> <span class='ocrx_word' id='word_1_489' title='bbox 2932 535 2946 553; x_wconf 93' lang='grc'><strong>·</strong></span> <span class='ocrx_word' id='word_1_490' title='bbox 2984 523 3014 576; x_wconf 89' lang='grc' dir='ltr'><strong>ό</strong></span> <span class='ocrx_word' id='word_1_491' title='bbox 3050 523 3150 594; x_wconf 78' lang='grc' dir='ltr'><strong>τῆς</strong></span> <span class='ocrx_word' id='word_1_492' title='bbox 3190 525 3519 602; x_wconf 83' lang='grc' dir='ltr'><strong>Ἐκκλησίας</strong></span> 
     </span>
    </p>
   </div>
   <div class='ocr_carea' id='block_1_69' title="bbox 1937 608 3522 691">
    <p class='ocr_par' dir='ltr' id='par_1_69' title="bbox 1937 608 3522 691">
     <span class='ocr_line' id='line_1_69' title="bbox 1937 608 3522 691; baseline 0.002 -28"><span class='ocrx_word' id='word_1_493' title='bbox 1937 608 2186 680; x_wconf 89' lang='grc' dir='ltr'><strong>θεμέλιος</strong></span> <span class='ocrx_word' id='word_1_494' title='bbox 2205 615 2240 682; x_wconf 86' lang='grc' dir='ltr'><strong>ή</strong></span> <span class='ocrx_word' id='word_1_495' title='bbox 2276 610 2453 684; x_wconf 86' lang='grc' dir='ltr'><strong>πέτρα</strong></span> <span class='ocrx_word' id='word_1_496' title='bbox 2479 611 2764 667; x_wconf 85' lang='grc' dir='ltr'><strong>σαλεύεται</strong></span> <span class='ocrx_word' id='word_1_497' title='bbox 2785 629 2799 644; x_wconf 89' lang='grc'><strong>·</strong></span> <span class='ocrx_word' id='word_1_498' title='bbox 2824 613 2942 667; x_wconf 84' lang='grc' dir='ltr'><strong>ἀλλ’</strong></span> <span class='ocrx_word' id='word_1_499' title='bbox 2962 614 3022 680; x_wconf 79' lang='grc' dir='ltr'><strong>ἐξ</strong></span> <span class='ocrx_word' id='word_1_500' title='bbox 3043 616 3277 688; x_wconf 89' lang='grc' dir='ltr'><strong>οὐρανοῦ</strong></span> <span class='ocrx_word' id='word_1_501' title='bbox 3303 619 3400 691; x_wconf 79' lang='grc' dir='ltr'><strong>τὴν</strong></span> <span class='ocrx_word' id='word_1_502' title='bbox 3431 624 3522 677; x_wconf 68' lang='grc' dir='ltr'><strong>εὑ-</strong></span> 
     </span>
    </p>
   </div>
   <div class='ocr_carea' id='block_1_70' title="bbox 1937 701 3522 784">
    <p class='ocr_par' dir='ltr' id='par_1_70' title="bbox 1937 701 3522 784">
     <span class='ocr_line' id='line_1_70' title="bbox 1937 701 3522 784; baseline 0.008 -29"><span class='ocrx_word' id='word_1_503' title='bbox 1937 701 2249 775; x_wconf 81' lang='grc' dir='ltr'><strong>αγγελικὴν-</strong></span> <span class='ocrx_word' id='word_1_504' title='bbox 2282 704 2530 776; x_wconf 77' lang='grc' dir='ltr'><strong>ἄγκυραν</strong></span> <span class='ocrx_word' id='word_1_505' title='bbox 2567 703 2741 775; x_wconf 77' lang='grc' dir='ltr'><strong>ῥῖψον,</strong></span> <span class='ocrx_word' id='word_1_506' title='bbox 2769 705 2865 759; x_wconf 74' lang='grc' dir='ltr'><strong>καὶ</strong></span> <span class='ocrx_word' id='word_1_507' title='bbox 2892 706 2993 776; x_wconf 81' lang='grc' dir='ltr'><strong>τὴν</strong></span> <span class='ocrx_word' id='word_1_508' title='bbox 3027 707 3234 780; x_wconf 83' lang='grc' dir='ltr'><strong>πέτραν</strong></span> <span class='ocrx_word' id='word_1_509' title='bbox 3269 713 3522 784; x_wconf 72' lang='grc' dir='ltr'><strong>πήριξον</strong></span> 
     </span>
    </p>
   </div>
   <div class='ocr_carea' id='block_1_71' title="bbox 1938 794 3522 870">
    <p class='ocr_par' dir='ltr' id='par_1_71' title="bbox 1938 794 3522 870">
     <span class='ocr_line' id='line_1_71' title="bbox 1938 794 3522 870; baseline 0.008 -23"><span class='ocrx_word' id='word_1_510' title='bbox 1938 794 2226 865; x_wconf 83' lang='grc' dir='ltr'><strong>σειομένην</strong></span> <span class='ocrx_word' id='word_1_511' title='bbox 2242 811 2257 826; x_wconf 93' lang='grc'><strong>·</strong></span> <span class='ocrx_word' id='word_1_512' title='bbox 2289 795 2628 863; x_wconf 82' lang='grc' dir='ltr'><strong>Ἐπιστάτα,</strong></span> <span class='ocrx_word' id='word_1_513' title='bbox 2650 794 2878 859; x_wconf 80' lang='grc' dir='ltr'><strong>σῶσον.</strong></span> <span class='ocrx_word' id='word_1_514' title='bbox 2901 797 3310 870; x_wconf 67' lang='grc' dir='ltr'><strong>ἀπολλύμεθα.</strong></span> <span class='ocrx_word' id='word_1_515' title='bbox 3329 803 3386 858; x_wconf 81' lang='lat'><strong>&#39;0</strong></span> <span class='ocrx_word' id='word_1_516' title='bbox 3401 822 3522 860; x_wconf 86' lang='grc' dir='ltr'><strong>κοι-</strong></span> 
     </span>
    </p>
   </div>
   <div class='ocr_carea' id='block_1_72' title="bbox 1936 884 3522 965">
    <p class='ocr_par' dir='ltr' id='par_1_72' title="bbox 1936 884 3522 965">
     <span class='ocr_line' id='line_1_72' title="bbox 1936 884 3522 965; baseline 0.008 -27"><span class='ocrx_word' id='word_1_517' title='bbox 1936 884 2026 948; x_wconf 83' lang='grc' dir='ltr'><strong>νὸς</strong></span> <span class='ocrx_word' id='word_1_518' title='bbox 2057 884 2302 948; x_wconf 88' lang='grc' dir='ltr'><strong>κίνδυνος</strong></span> <span class='ocrx_word' id='word_1_519' title='bbox 2333 885 2546 956; x_wconf 82' lang='grc' dir='ltr'><strong>μερίζει</strong></span> <span class='ocrx_word' id='word_1_520' title='bbox 2579 887 2671 941; x_wconf 81' lang='grc' dir='ltr'><strong>τὸν</strong></span> <span class='ocrx_word' id='word_1_521' title='bbox 2700 888 2974 961; x_wconf 87' lang='grc' dir='ltr'><strong>μάρτυρα,</strong></span> <span class='ocrx_word' id='word_1_522' title='bbox 3004 893 3098 945; x_wconf 74' lang='grc' dir='ltr'><strong>καὶ</strong></span> <span class='ocrx_word' id='word_1_523' title='bbox 3136 894 3276 965; x_wconf 80' lang='grc' dir='ltr'><strong>πρὸς</strong></span> <span class='ocrx_word' id='word_1_524' title='bbox 3303 894 3394 949; x_wconf 82' lang='lat' dir='ltr'><em>16v</em></span> <span class='ocrx_word' id='word_1_525' title='bbox 3419 900 3522 951; x_wconf 80' lang='grc' dir='ltr'><strong>Δε-</strong></span> 
     </span>
    </p>
   </div>
   <div class='ocr_carea' id='block_1_73' title="bbox 1940 975 3518 1054">
    <p class='ocr_par' dir='ltr' id='par_1_73' title="bbox 1940 975 3518 1054">
     <span class='ocr_line' id='line_1_73' title="bbox 1940 975 3518 1054; baseline 0.01 -26"><span class='ocrx_word' id='word_1_526' title='bbox 1940 975 2145 1046; x_wconf 90' lang='grc' dir='ltr'><strong>σπότην</strong></span> <span class='ocrx_word' id='word_1_527' title='bbox 2177 976 2648 1048; x_wconf 79' lang='grc' dir='ltr'><strong>παρρησιάζεται·</strong></span> <span class='ocrx_word' id='word_1_528' title='bbox 2674 980 2942 1052; x_wconf 87' lang='grc' dir='ltr'><strong>ἐπαφίησι</strong></span> <span class='ocrx_word' id='word_1_529' title='bbox 2985 983 3214 1054; x_wconf 75' lang='grc' dir='ltr'><strong>ῥέουσαν</strong></span> <span class='ocrx_word' id='word_1_530' title='bbox 3255 987 3397 1042; x_wconf 80' lang='grc' dir='ltr'><strong>κατά</strong></span> <span class='ocrx_word' id='word_1_531' title='bbox 3422 989 3518 1042; x_wconf 86' lang='grc' dir='ltr'><strong>τοῦ</strong></span> 
     </span>
    </p>
   </div>
   <div class='ocr_carea' id='block_1_74' title="bbox 1936 1065 3521 1153">
    <p class='ocr_par' dir='ltr' id='par_1_74' title="bbox 1936 1065 3521 1153">
     <span class='ocr_line' id='line_1_74' title="bbox 1936 1065 3521 1153; baseline 0.01 -36"><span class='ocrx_word' id='word_1_532' title='bbox 1936 1065 2204 1153; x_wconf 87' lang='grc' dir='ltr'><strong>τυράννου</strong></span> <span class='ocrx_word' id='word_1_533' title='bbox 2241 1066 2340 1138; x_wconf 86' lang='grc' dir='ltr'><strong>τὴν</strong></span> <span class='ocrx_word' id='word_1_534' title='bbox 2369 1067 2637 1136; x_wconf 86' lang='grc' dir='ltr'><strong>γλῶτταν,</strong></span> <span class='ocrx_word' id='word_1_535' title='bbox 2677 1069 2897 1141; x_wconf 83' lang='grc' dir='ltr'><strong>στῆσον,</strong></span> <span class='ocrx_word' id='word_1_536' title='bbox 2937 1071 3132 1142; x_wconf 88' lang='grc' dir='ltr'><strong>λέγων,</strong></span> <span class='ocrx_word' id='word_1_537' title='bbox 3176 1075 3268 1130; x_wconf 79' lang='grc' dir='ltr'><strong>τὸν</strong></span> <span class='ocrx_word' id='word_1_538' title='bbox 3299 1080 3521 1153; x_wconf 81' lang='grc' dir='ltr'><strong>ἐμμανῆ</strong></span> 
     </span>
    </p>
   </div>
   <div class='ocr_carea' id='block_1_75' title="bbox 1935 1152 3523 1239">
    <p class='ocr_par' dir='ltr' id='par_1_75' title="bbox 1935 1152 3523 1239">
     <span class='ocr_line' id='line_1_75' title="bbox 1935 1152 3523 1239; baseline 0.01 -30"><span class='ocrx_word' id='word_1_539' title='bbox 1935 1152 2128 1211; x_wconf 85' lang='grc' dir='ltr'><strong>τοῦτον</strong></span> <span class='ocrx_word' id='word_1_540' title='bbox 2143 1159 2363 1230; x_wconf 87' lang='grc' dir='ltr'><strong>δρόμον,</strong></span> <span class='ocrx_word' id='word_1_541' title='bbox 2378 1154 2423 1213; x_wconf 82' lang='grc' dir='ltr'><strong>ὧ</strong></span> <span class='ocrx_word' id='word_1_542' title='bbox 2443 1159 2696 1230; x_wconf 87' lang='grc' dir='ltr'><strong>τύραννε·</strong></span> <span class='ocrx_word' id='word_1_543' title='bbox 2717 1162 2979 1231; x_wconf 88' lang='grc' dir='ltr'><strong>ἐπίγνωθι</strong></span> <span class='ocrx_word' id='word_1_544' title='bbox 2995 1165 3097 1235; x_wconf 82' lang='grc' dir='ltr'><strong>τῆς</strong></span> <span class='ocrx_word' id='word_1_545' title='bbox 3114 1167 3215 1239; x_wconf 84' lang='grc' dir='ltr'><strong>σῆς</strong></span> <span class='ocrx_word' id='word_1_546' title='bbox 3235 1152 3523 1237; x_wconf 87' lang='grc' dir='ltr'><strong>ἀσθενείας</strong></span> 
     </span>
    </p>
   </div>
   <div class='ocr_carea' id='block_1_76' title="bbox 1937 1248 3520 1332">
    <p class='ocr_par' dir='ltr' id='par_1_76' title="bbox 1937 1248 3520 1332">
     <span class='ocr_line' id='line_1_76' title="bbox 1937 1248 3520 1332; baseline 0.009 -32"><span class='ocrx_word' id='word_1_547' title='bbox 1937 1248 2006 1303; x_wconf 88' lang='grc' dir='ltr'><strong>τά</strong></span> <span class='ocrx_word' id='word_1_548' title='bbox 2021 1248 2216 1322; x_wconf 83' lang='grc' dir='ltr'><strong>μέτρα,</strong></span> <span class='ocrx_word' id='word_1_549' title='bbox 2232 1250 2513 1322; x_wconf 81' lang='grc' dir='ltr'><strong>αίδέσθητι</strong></span> <span class='ocrx_word' id='word_1_550' title='bbox 2527 1251 2622 1305; x_wconf 90' lang='grc' dir='ltr'><strong>τοῦ</strong></span> <span class='ocrx_word' id='word_1_551' title='bbox 2639 1251 3046 1325; x_wconf 87' lang='grc' dir='ltr'><strong>σταυρωθέντος</strong></span> <span class='ocrx_word' id='word_1_552' title='bbox 3057 1257 3185 1322; x_wconf 82' lang='grc' dir='ltr'><strong>τοὺς</strong></span> <span class='ocrx_word' id='word_1_553' title='bbox 3204 1259 3385 1330; x_wconf 82' lang='grc' dir='ltr'><strong>ὅρους·</strong></span> <span class='ocrx_word' id='word_1_554' title='bbox 3404 1262 3520 1332; x_wconf 84' lang='grc' dir='ltr'><strong>ὅροι</strong></span> 
     </span>
    </p>
   </div>
   <div class='ocr_carea' id='block_1_77' title="bbox 1934 1341 3522 1422">
    <p class='ocr_par' dir='ltr' id='par_1_77' title="bbox 1934 1341 3522 1422">
     <span class='ocr_line' id='line_1_77' title="bbox 1934 1341 3522 1422; baseline 0.007 -28"><span class='ocrx_word' id='word_1_555' title='bbox 1934 1341 1992 1394; x_wconf 85' lang='grc' dir='ltr'><strong>δὲ</strong></span> <span class='ocrx_word' id='word_1_556' title='bbox 2011 1341 2106 1395; x_wconf 88' lang='grc' dir='ltr'><strong>τοῦ</strong></span> <span class='ocrx_word' id='word_1_557' title='bbox 2130 1341 2538 1414; x_wconf 87' lang='grc' dir='ltr'><strong>σταυρωθέντος</strong></span> <span class='ocrx_word' id='word_1_558' title='bbox 2563 1341 2625 1394; x_wconf 89' lang='grc' dir='ltr'><strong>οὐ</strong></span> <span class='ocrx_word' id='word_1_559' title='bbox 2644 1341 2746 1414; x_wconf 82' lang='grc' dir='ltr'><strong>τῆς</strong></span> <span class='ocrx_word' id='word_1_560' title='bbox 2779 1343 3077 1416; x_wconf 80' lang='grc' dir='ltr'><strong>ἐκκλησίας</strong></span> <span class='ocrx_word' id='word_1_561' title='bbox 3107 1348 3158 1401; x_wconf 89' lang='grc' dir='ltr'><strong>οί</strong></span> <span class='ocrx_word' id='word_1_562' title='bbox 3178 1352 3367 1422; x_wconf 83' lang='grc' dir='ltr'><strong>τοῖχοι,</strong></span> <span class='ocrx_word' id='word_1_563' title='bbox 3384 1352 3522 1410; x_wconf 84' lang='grc' dir='ltr'><strong>ἀλλά</strong></span> 
     </span>
    </p>
   </div>
   <div class='ocr_carea' id='block_1_78' title="bbox 1934 1432 3523 1514">
    <p class='ocr_par' dir='ltr' id='par_1_78' title="bbox 1934 1432 3523 1514">
     <span class='ocr_line' id='line_1_78' title="bbox 1934 1432 3523 1514; baseline 0.009 -30"><span class='ocrx_word' id='word_1_564' title='bbox 1934 1433 2034 1504; x_wconf 80' lang='grc' dir='ltr'><strong>τῆς</strong></span> <span class='ocrx_word' id='word_1_565' title='bbox 2073 1433 2400 1505; x_wconf 69' lang='grc' dir='ltr'><strong>οἰκουμένης</strong></span> <span class='ocrx_word' id='word_1_566' title='bbox 2438 1432 2508 1486; x_wconf 90' lang='grc' dir='ltr'><strong>τά</strong></span> <span class='ocrx_word' id='word_1_567' title='bbox 2542 1433 2786 1505; x_wconf 78' lang='grc' dir='ltr'><strong>πέρατα·</strong></span> <span class='ocrx_word' id='word_1_568' title='bbox 2837 1435 3161 1503; x_wconf 78' lang='grc' dir='ltr'><strong>ἀποτίναξαι</strong></span> <span class='ocrx_word' id='word_1_569' title='bbox 3204 1441 3306 1512; x_wconf 81' lang='grc' dir='ltr'><strong>τὴν</strong></span> <span class='ocrx_word' id='word_1_570' title='bbox 3352 1443 3523 1514; x_wconf 83' lang='grc' dir='ltr'><strong>ἀχλὺν</strong></span> 
     </span>
    </p>
   </div>
   <div class='ocr_carea' id='block_1_79' title="bbox 1936 1521 3523 1605">
    <p class='ocr_par' dir='ltr' id='par_1_79' title="bbox 1936 1521 3523 1605">
     <span class='ocr_line' id='line_1_79' title="bbox 1936 1521 3523 1605; baseline 0.012 -37"><span class='ocrx_word' id='word_1_571' title='bbox 1936 1521 2033 1592; x_wconf 81' lang='grc' dir='ltr'><strong>τῆς</strong></span> <span class='ocrx_word' id='word_1_572' title='bbox 2061 1522 2276 1592; x_wconf 83' lang='grc' dir='ltr'><strong>μανίας·</strong></span> <span class='ocrx_word' id='word_1_573' title='bbox 2305 1521 2499 1592; x_wconf 77' lang='grc' dir='ltr'><strong>βλέψον</strong></span> <span class='ocrx_word' id='word_1_574' title='bbox 2530 1523 2611 1585; x_wconf 88' lang='grc' dir='ltr'><strong>είς</strong></span> <span class='ocrx_word' id='word_1_575' title='bbox 2643 1522 2767 1594; x_wconf 88' lang='grc' dir='ltr'><strong>γῆν,</strong></span> <span class='ocrx_word' id='word_1_576' title='bbox 2817 1525 2914 1578; x_wconf 77' lang='grc' dir='ltr'><strong>καὶ</strong></span> <span class='ocrx_word' id='word_1_577' title='bbox 2941 1524 3003 1578; x_wconf 90' lang='lat'><strong>16</strong></span> <span class='ocrx_word' id='word_1_578' title='bbox 3037 1527 3138 1598; x_wconf 85' lang='grc' dir='ltr'><strong>τῆς</strong></span> <span class='ocrx_word' id='word_1_579' title='bbox 3175 1529 3394 1598; x_wconf 79' lang='grc' dir='ltr'><strong>φύσεως</strong></span> <span class='ocrx_word' id='word_1_580' title='bbox 3417 1533 3523 1605; x_wconf 83' lang='grc' dir='ltr'><strong>τῆς</strong></span> 
     </span>
    </p>
   </div>
   <div class='ocr_carea' id='block_1_80' title="bbox 1938 1613 3518 1694">
    <p class='ocr_par' dir='ltr' id='par_1_80' title="bbox 1938 1613 3518 1694">
     <span class='ocr_line' id='line_1_80' title="bbox 1938 1613 3518 1694; baseline 0.006 -25"><span class='ocrx_word' id='word_1_581' title='bbox 1938 1615 2039 1686; x_wconf 84' lang='grc' dir='ltr'><strong>σῆς</strong></span> <span class='ocrx_word' id='word_1_582' title='bbox 2069 1613 2295 1677; x_wconf 78' lang='grc' dir='ltr'><strong>ἀσθενὲς</strong></span> <span class='ocrx_word' id='word_1_583' title='bbox 2324 1613 2685 1685; x_wconf 85' lang='grc' dir='ltr'><strong>ἐνθυμήθητι·</strong></span> <span class='ocrx_word' id='word_1_584' title='bbox 2714 1614 3016 1687; x_wconf 83' lang='grc' dir='ltr'><strong>ἀνάϐλεψον</strong></span> <span class='ocrx_word' id='word_1_585' title='bbox 3045 1620 3125 1682; x_wconf 88' lang='grc' dir='ltr'><strong>είς</strong></span> <span class='ocrx_word' id='word_1_586' title='bbox 3147 1620 3241 1676; x_wconf 85' lang='grc' dir='ltr'><strong>τὸν</strong></span> <span class='ocrx_word' id='word_1_587' title='bbox 3269 1622 3518 1694; x_wconf 83' lang='grc' dir='ltr'><strong>οὐρανὸν,</strong></span> 
     </span>
    </p>
   </div>
   <div class='ocr_carea' id='block_1_81' title="bbox 1936 1705 3522 1787">
    <p class='ocr_par' dir='ltr' id='par_1_81' title="bbox 1936 1705 3522 1787">
     <span class='ocr_line' id='line_1_81' title="bbox 1936 1705 3522 1787; baseline 0.006 -24"><span class='ocrx_word' id='word_1_588' title='bbox 1936 1711 2030 1764; x_wconf 77' lang='grc' dir='ltr'><strong>καὶ</strong></span> <span class='ocrx_word' id='word_1_589' title='bbox 2059 1706 2156 1762; x_wconf 84' lang='grc' dir='ltr'><strong>τοῦ</strong></span> <span class='ocrx_word' id='word_1_590' title='bbox 2191 1706 2432 1778; x_wconf 87' lang='grc' dir='ltr'><strong>πολέμου</strong></span> <span class='ocrx_word' id='word_1_591' title='bbox 2460 1707 2523 1761; x_wconf 83' lang='grc' dir='ltr'><strong>τὸ</strong></span> <span class='ocrx_word' id='word_1_592' title='bbox 2559 1705 2800 1778; x_wconf 73' lang='grc' dir='ltr'><strong>μέγεθος</strong></span> <span class='ocrx_word' id='word_1_593' title='bbox 2837 1709 3076 1779; x_wconf 90' lang='grc' dir='ltr'><strong>λόγισαι·</strong></span> <span class='ocrx_word' id='word_1_594' title='bbox 3108 1709 3219 1768; x_wconf 79' lang='grc' dir='ltr'><strong>τῶν</strong></span> <span class='ocrx_word' id='word_1_595' title='bbox 3247 1714 3522 1787; x_wconf 84' lang='grc' dir='ltr'><strong>δαιμόνων</strong></span> 
     </span>
    </p>
   </div>
   <div class='ocr_carea' id='block_1_82' title="bbox 1934 1799 3522 1881">
    <p class='ocr_par' dir='ltr' id='par_1_82' title="bbox 1934 1799 3522 1881">
     <span class='ocr_line' id='line_1_82' title="bbox 1934 1799 3522 1881; baseline 0.004 -27"><span class='ocrx_word' id='word_1_596' title='bbox 1934 1801 2033 1872; x_wconf 84' lang='grc' dir='ltr'><strong>τὴν</strong></span> <span class='ocrx_word' id='word_1_597' title='bbox 2067 1799 2270 1870; x_wconf 79' lang='grc' dir='ltr'><strong>ἀσθενῆ</strong></span> <span class='ocrx_word' id='word_1_598' title='bbox 2297 1799 2592 1852; x_wconf 88' lang='grc' dir='ltr'><strong>διάπτυσον</strong></span> <span class='ocrx_word' id='word_1_599' title='bbox 2635 1802 2970 1873; x_wconf 87' lang='grc' dir='ltr'><strong>συμμαχίαν·</strong></span> <span class='ocrx_word' id='word_1_600' title='bbox 3004 1803 3301 1876; x_wconf 89' lang='grc' dir='ltr'><strong>σκόπησον,</strong></span> <span class='ocrx_word' id='word_1_601' title='bbox 3333 1807 3417 1860; x_wconf 83' lang='grc' dir='ltr'><strong>ὅτι</strong></span> <span class='ocrx_word' id='word_1_602' title='bbox 3441 1809 3522 1881; x_wconf 84' lang='grc' dir='ltr'><strong>τῷ</strong></span> 
     </span>
    </p>
   </div>
   <div class='ocr_carea' id='block_1_83' title="bbox 1937 1891 3522 1971">
    <p class='ocr_par' dir='ltr' id='par_1_83' title="bbox 1937 1891 3522 1971">
     <span class='ocr_line' id='line_1_83' title="bbox 1937 1891 3522 1971; baseline 0.006 -25"><span class='ocrx_word' id='word_1_603' title='bbox 1937 1891 2157 1964; x_wconf 83' lang='grc' dir='ltr'><strong>σταυρῷ</strong></span> <span class='ocrx_word' id='word_1_604' title='bbox 2205 1891 2553 1964; x_wconf 85' lang='grc' dir='ltr'><strong>πεπληγότες</strong></span> <span class='ocrx_word' id='word_1_605' title='bbox 2593 1895 2642 1946; x_wconf 86' lang='grc' dir='ltr'><strong>οί</strong></span> <span class='ocrx_word' id='word_1_606' title='bbox 2680 1893 2935 1965; x_wconf 89' lang='grc' dir='ltr'><strong>δαίμονές</strong></span> <span class='ocrx_word' id='word_1_607' title='bbox 2966 1912 3026 1948; x_wconf 89' lang='grc' dir='ltr'><strong>σε</strong></span> <span class='ocrx_word' id='word_1_608' title='bbox 3063 1899 3379 1971; x_wconf 83' lang='grc' dir='ltr'><strong>προστάτην</strong></span> <span class='ocrx_word' id='word_1_609' title='bbox 3409 1900 3522 1956; x_wconf 87' lang='grc' dir='ltr'><strong>τῶν</strong></span> 
     </span>
    </p>
   </div>
   <div class='ocr_carea' id='block_1_84' title="bbox 1938 1983 3523 2058">
    <p class='ocr_par' dir='ltr' id='par_1_84' title="bbox 1938 1983 3523 2058">
     <span class='ocr_line' id='line_1_84' title="bbox 1938 1983 3523 2058; baseline -0.002 -19"><span class='ocrx_word' id='word_1_610' title='bbox 1938 1985 2140 2058; x_wconf 85' lang='grc' dir='ltr'><strong>βωμῶν</strong></span> <span class='ocrx_word' id='word_1_611' title='bbox 2169 1983 2277 2038; x_wconf 87' lang='grc' dir='ltr'><strong>τῶν</strong></span> <span class='ocrx_word' id='word_1_612' title='bbox 2301 1984 2519 2039; x_wconf 87' lang='grc' dir='ltr'><strong>οίκείων</strong></span> <span class='ocrx_word' id='word_1_613' title='bbox 2551 1983 2967 2056; x_wconf 87' lang='grc' dir='ltr'><strong>προϐάλλονται.</strong></span> <span class='ocrx_word' id='word_1_614' title='bbox 2988 1986 3052 2038; x_wconf 90' lang='grc' dir='ltr'><strong>Τί</strong></span> <span class='ocrx_word' id='word_1_615' title='bbox 3074 1987 3292 2054; x_wconf 86' lang='grc' dir='ltr'><strong>διώκεις</strong></span> <span class='ocrx_word' id='word_1_616' title='bbox 3313 1991 3523 2046; x_wconf 84' lang='grc' dir='ltr'><strong>ἀκατά..</strong></span> 
     </span>
    </p>
   </div>
   <div class='ocr_carea' id='block_1_85' title="bbox 1934 2078 3522 2152">
    <p class='ocr_par' dir='ltr' id='par_1_85' title="bbox 1934 2078 3522 2152">
     <span class='ocr_line' id='line_1_85' title="bbox 1934 2078 3522 2152; baseline 0.004 -19"><span class='ocrx_word' id='word_1_617' title='bbox 1934 2081 2115 2152; x_wconf 87' lang='grc' dir='ltr'><strong>ληπτα</strong></span> <span class='ocrx_word' id='word_1_618' title='bbox 2135 2095 2148 2145; x_wconf 91' lang='grc'><strong>;</strong></span> <span class='ocrx_word' id='word_1_619' title='bbox 2171 2079 2226 2132; x_wconf 89' lang='grc' dir='ltr'><strong>τί</strong></span> <span class='ocrx_word' id='word_1_620' title='bbox 2257 2078 2502 2145; x_wconf 80' lang='grc' dir='ltr'><strong>τοξεύεις</strong></span> <span class='ocrx_word' id='word_1_621' title='bbox 2527 2078 2812 2150; x_wconf 84' lang='grc' dir='ltr'><strong>ἀπέραντα</strong></span> <span class='ocrx_word' id='word_1_622' title='bbox 2833 2094 2847 2145; x_wconf 90' lang='lat'><strong>;</strong></span> <span class='ocrx_word' id='word_1_623' title='bbox 2881 2080 2954 2150; x_wconf 84' lang='grc' dir='ltr'><strong>μὴ</strong></span> <span class='ocrx_word' id='word_1_624' title='bbox 2991 2079 3101 2151; x_wconf 67' lang='grc' dir='ltr'><strong>γάρ</strong></span> <span class='ocrx_word' id='word_1_625' title='bbox 3122 2081 3326 2152; x_wconf 87' lang='grc' dir='ltr'><strong>τοίχοις</strong></span> <span class='ocrx_word' id='word_1_626' title='bbox 3345 2083 3522 2150; x_wconf 85' lang='grc' dir='ltr'><strong>ὁΘεδς</strong></span> 
     </span>
    </p>
   </div>
   <div class='ocr_carea' id='block_1_86' title="bbox 1935 2169 3523 2245">
    <p class='ocr_par' dir='ltr' id='par_1_86' title="bbox 1935 2169 3523 2245">
     <span class='ocr_line' id='line_1_86' title="bbox 1935 2169 3523 2245; baseline -0.004 -19"><span class='ocrx_word' id='word_1_627' title='bbox 1935 2171 2339 2244; x_wconf 83' lang='grc' dir='ltr'><strong>περιγράφεται</strong></span> <span class='ocrx_word' id='word_1_628' title='bbox 2359 2187 2375 2237; x_wconf 87' lang='grc'><strong>;</strong></span> <span class='ocrx_word' id='word_1_629' title='bbox 2397 2169 2814 2242; x_wconf 88' lang='grc' dir='ltr'><strong>άπερίγραπτον</strong></span> <span class='ocrx_word' id='word_1_630' title='bbox 2827 2171 2888 2224; x_wconf 85' lang='grc' dir='ltr'><strong>τὸ</strong></span> <span class='ocrx_word' id='word_1_631' title='bbox 2906 2170 3069 2224; x_wconf 86' lang='grc' dir='ltr'><strong>θεῖον·</strong></span> <span class='ocrx_word' id='word_1_632' title='bbox 3093 2172 3170 2244; x_wconf 79' lang='grc' dir='ltr'><strong>μὴ</strong></span> <span class='ocrx_word' id='word_1_633' title='bbox 3193 2172 3302 2245; x_wconf 85' lang='grc' dir='ltr'><strong>γὰρ</strong></span> <span class='ocrx_word' id='word_1_634' title='bbox 3322 2174 3523 2245; x_wconf 79' lang='grc' dir='ltr'><strong>ὀφθαλ..</strong></span> 
     </span>
    </p>
   </div>
   <div class='ocr_carea' id='block_1_87' title="bbox 1937 2261 3521 2342">
    <p class='ocr_par' dir='ltr' id='par_1_87' title="bbox 1937 2261 3521 2342">
     <span class='ocr_line' id='line_1_87' title="bbox 1937 2261 3521 2342; baseline 0.007 -29"><span class='ocrx_word' id='word_1_635' title='bbox 1937 2265 2058 2333; x_wconf 84' lang='grc' dir='ltr'><strong>μοῖς</strong></span> <span class='ocrx_word' id='word_1_636' title='bbox 2097 2264 2126 2315; x_wconf 87' lang='lat'><strong>6</strong></span> <span class='ocrx_word' id='word_1_637' title='bbox 2157 2263 2425 2332; x_wconf 77' lang='grc' dir='ltr'><strong>ἡμέτερος</strong></span> <span class='ocrx_word' id='word_1_638' title='bbox 2463 2261 2742 2332; x_wconf 87' lang='grc' dir='ltr'><strong>Δεσπότης</strong></span> <span class='ocrx_word' id='word_1_639' title='bbox 2791 2262 3020 2333; x_wconf 84' lang='grc' dir='ltr'><strong>ὁρᾶται;</strong></span> <span class='ocrx_word' id='word_1_640' title='bbox 3055 2264 3373 2336; x_wconf 84' lang='grc' dir='ltr'><strong>ἀθεώρητος</strong></span> <span class='ocrx_word' id='word_1_641' title='bbox 3411 2270 3521 2342; x_wconf 86' lang='grc' dir='ltr'><strong>γάρ</strong></span> 
     </span>
    </p>
   </div>
   <div class='ocr_carea' id='block_1_88' title="bbox 1934 2354 3523 2430">
    <p class='ocr_par' dir='ltr' id='par_1_88' title="bbox 1934 2354 3523 2430">
     <span class='ocr_line' id='line_1_88' title="bbox 1934 2354 3523 2430; baseline 0.003 -21"><span class='ocrx_word' id='word_1_642' title='bbox 1934 2357 2053 2409; x_wconf 90' lang='grc' dir='ltr'><strong>ἐστι</strong></span> <span class='ocrx_word' id='word_1_643' title='bbox 2084 2355 2180 2410; x_wconf 77' lang='grc' dir='ltr'><strong>καὶ</strong></span> <span class='ocrx_word' id='word_1_644' title='bbox 2206 2355 2445 2420; x_wconf 84' lang='grc' dir='ltr'><strong>ἀνείδεος</strong></span> <span class='ocrx_word' id='word_1_645' title='bbox 2475 2354 2541 2426; x_wconf 78' lang='grc' dir='ltr'><strong>τῇ</strong></span> <span class='ocrx_word' id='word_1_646' title='bbox 2581 2356 2741 2426; x_wconf 80' lang='grc' dir='ltr'><strong>οὐσίᾳ</strong></span> <span class='ocrx_word' id='word_1_647' title='bbox 2761 2395 2775 2421; x_wconf 92' lang='grc'><strong>,</strong></span> <span class='ocrx_word' id='word_1_648' title='bbox 2823 2355 2968 2410; x_wconf 91' lang='grc' dir='ltr'><strong>κατά</strong></span> <span class='ocrx_word' id='word_1_649' title='bbox 2995 2356 3051 2410; x_wconf 85' lang='grc' dir='ltr'><strong>δὲ</strong></span> <span class='ocrx_word' id='word_1_650' title='bbox 3089 2358 3151 2411; x_wconf 90' lang='lat'><strong>16</strong></span> <span class='ocrx_word' id='word_1_651' title='bbox 3179 2359 3523 2430; x_wconf 87' lang='grc' dir='ltr'><strong>ἀνθρώπινον</strong></span> 
     </span>
    </p>
   </div>
   <div class='ocr_carea' id='block_1_89' title="bbox 1933 2444 3522 2520">
    <p class='ocr_par' dir='ltr' id='par_1_89' title="bbox 1933 2444 3522 2520">
     <span class='ocr_line' id='line_1_89' title="bbox 1933 2444 3522 2520; baseline 0.008 -27"><span class='ocrx_word' id='word_1_652' title='bbox 1933 2446 2205 2516; x_wconf 75' lang='grc' dir='ltr'><strong>γράφεται</strong></span> <span class='ocrx_word' id='word_1_653' title='bbox 2240 2445 2335 2498; x_wconf 76' lang='grc' dir='ltr'><strong>καὶ</strong></span> <span class='ocrx_word' id='word_1_654' title='bbox 2363 2447 2577 2515; x_wconf 72' lang='grc' dir='ltr'><strong>ὁρᾶται.</strong></span> <span class='ocrx_word' id='word_1_655' title='bbox 2614 2444 2706 2516; x_wconf 82' lang='grc' dir='ltr'><strong>Μὴ</strong></span> <span class='ocrx_word' id='word_1_656' title='bbox 2746 2445 2857 2516; x_wconf 82' lang='grc' dir='ltr'><strong>γὰρ</strong></span> <span class='ocrx_word' id='word_1_657' title='bbox 2881 2445 3028 2499; x_wconf 89' lang='grc' dir='ltr'><strong>λίθον</strong></span> <span class='ocrx_word' id='word_1_658' title='bbox 3053 2449 3149 2501; x_wconf 80' lang='grc' dir='ltr'><strong>καὶ</strong></span> <span class='ocrx_word' id='word_1_659' title='bbox 3173 2447 3333 2516; x_wconf 81' lang='grc' dir='ltr'><strong>ξύλον</strong></span> <span class='ocrx_word' id='word_1_660' title='bbox 3359 2453 3522 2520; x_wconf 82' lang='grc' dir='ltr'><strong>οίκεί,</strong></span> 
     </span>
    </p>
   </div>
   <div class='ocr_carea' id='block_1_90' title="bbox 1933 2537 3522 2618">
    <p class='ocr_par' dir='ltr' id='par_1_90' title="bbox 1933 2537 3522 2618">
     <span class='ocr_line' id='line_1_90' title="bbox 1933 2537 3522 2618; baseline 0.008 -31"><span class='ocrx_word' id='word_1_661' title='bbox 1933 2537 2264 2610; x_wconf 86' lang='grc' dir='ltr'><strong>πιπράσκων</strong></span> <span class='ocrx_word' id='word_1_662' title='bbox 2289 2538 2410 2590; x_wconf 81' lang='grc' dir='ltr'><strong>ἀντὶ</strong></span> <span class='ocrx_word' id='word_1_663' title='bbox 2435 2537 2554 2607; x_wconf 81' lang='grc' dir='ltr'><strong>βοὸς</strong></span> <span class='ocrx_word' id='word_1_664' title='bbox 2580 2537 2675 2590; x_wconf 71' lang='grc' dir='ltr'><strong>καὶ</strong></span> <span class='ocrx_word' id='word_1_665' title='bbox 2700 2537 2974 2607; x_wconf 80' lang='grc' dir='ltr'><strong>προϐάτου</strong></span> <span class='ocrx_word' id='word_1_666' title='bbox 2995 2540 3096 2610; x_wconf 76' lang='grc' dir='ltr'><strong>τὴν</strong></span> <span class='ocrx_word' id='word_1_667' title='bbox 3123 2542 3415 2613; x_wconf 83' lang='grc' dir='ltr'><strong>πρόνοιαν;</strong></span> <span class='ocrx_word' id='word_1_668' title='bbox 3444 2546 3522 2618; x_wconf 79' lang='grc' dir='ltr'><strong>μὴ</strong></span> 
     </span>
    </p>
   </div>
   <div class='ocr_carea' id='block_1_91' title="bbox 1932 2628 3522 2704">
    <p class='ocr_par' dir='ltr' id='par_1_91' title="bbox 1932 2628 3522 2704">
     <span class='ocr_line' id='line_1_91' title="bbox 1932 2628 3522 2704; baseline 0.004 -21"><span class='ocrx_word' id='word_1_669' title='bbox 1932 2630 2043 2701; x_wconf 92' lang='grc' dir='ltr'><strong>γάρ</strong></span> <span class='ocrx_word' id='word_1_670' title='bbox 2100 2629 2283 2700; x_wconf 79' lang='grc' dir='ltr'><strong>βωμὸς</strong></span> <span class='ocrx_word' id='word_1_671' title='bbox 2337 2633 2451 2692; x_wconf 84' lang='grc' dir='ltr'><strong>τοῖς</strong></span> <span class='ocrx_word' id='word_1_672' title='bbox 2491 2628 2935 2699; x_wconf 87' lang='grc' dir='ltr'><strong>συναλλάγμασιν</strong></span> <span class='ocrx_word' id='word_1_673' title='bbox 2993 2632 3160 2684; x_wconf 88' lang='grc' dir='ltr'><strong>αὐτοῦ</strong></span> <span class='ocrx_word' id='word_1_674' title='bbox 3206 2635 3522 2704; x_wconf 85' lang='grc' dir='ltr'><strong>μεσιτεύει;</strong></span> 
     </span>
    </p>
   </div>
   <div class='ocr_carea' id='block_1_92' title="bbox 1931 2721 3524 2798">
    <p class='ocr_par' dir='ltr' id='par_1_92' title="bbox 1931 2721 3524 2798">
     <span class='ocr_line' id='line_1_92' title="bbox 1931 2721 3524 2798; baseline 0.004 -22"><span class='ocrx_word' id='word_1_675' title='bbox 1931 2724 2080 2792; x_wconf 76' lang='grc' dir='ltr'><strong>Αὕτη</strong></span> <span class='ocrx_word' id='word_1_676' title='bbox 2118 2721 2225 2775; x_wconf 89' lang='grc' dir='ltr'><strong>τῶν</strong></span> <span class='ocrx_word' id='word_1_677' title='bbox 2275 2721 2384 2776; x_wconf 86' lang='grc' dir='ltr'><strong>σῶν</strong></span> <span class='ocrx_word' id='word_1_678' title='bbox 2421 2721 2690 2792; x_wconf 87' lang='grc' dir='ltr'><strong>δαιμόνων</strong></span> <span class='ocrx_word' id='word_1_679' title='bbox 2735 2723 2768 2793; x_wconf 78' lang='grc' dir='ltr'>ἡ</span> <span class='ocrx_word' id='word_1_680' title='bbox 2823 2721 3003 2793; x_wconf 87' lang='grc' dir='ltr'><strong>λίχνος</strong></span> <span class='ocrx_word' id='word_1_681' title='bbox 3053 2727 3449 2798; x_wconf 89' lang='grc' dir='ltr'><strong>προσαίτησις·</strong></span> <span class='ocrx_word' id='word_1_682' title='bbox 3493 2731 3524 2782; x_wconf 88' lang='lat'><strong>6</strong></span> 
     </span>
    </p>
   </div>
   <div class='ocr_carea' id='block_1_93' title="bbox 1933 2807 3526 2892">
    <p class='ocr_par' dir='ltr' id='par_1_93' title="bbox 1933 2807 3526 2892">
     <span class='ocr_line' id='line_1_93' title="bbox 1933 2807 3526 2892; baseline 0.004 -31"><span class='ocrx_word' id='word_1_683' title='bbox 1933 2809 2064 2879; x_wconf 82' lang='grc' dir='ltr'><strong>ἐμὸς</strong></span> <span class='ocrx_word' id='word_1_684' title='bbox 2089 2807 2385 2880; x_wconf 83' lang='grc' dir='ltr'><strong>Δεσπότης,</strong></span> <span class='ocrx_word' id='word_1_685' title='bbox 2420 2808 2622 2879; x_wconf 80' lang='grc' dir='ltr'><strong>μᾶλλον</strong></span> <span class='ocrx_word' id='word_1_686' title='bbox 2653 2809 2710 2862; x_wconf 82' lang='grc' dir='ltr'><strong>δὲ</strong></span> <span class='ocrx_word' id='word_1_687' title='bbox 2727 2811 2756 2861; x_wconf 94' lang='lat'><strong>6</strong></span> <span class='ocrx_word' id='word_1_688' title='bbox 2774 2809 2884 2864; x_wconf 88' lang='grc' dir='ltr'><strong>τῶν</strong></span> <span class='ocrx_word' id='word_1_689' title='bbox 2906 2811 3042 2865; x_wconf 83' lang='grc' dir='ltr'><strong>ὅλων</strong></span> <span class='ocrx_word' id='word_1_690' title='bbox 3067 2815 3366 2888; x_wconf 80' lang='grc' dir='ltr'><strong>Δεσπότης,</strong></span> <span class='ocrx_word' id='word_1_691' title='bbox 3389 2820 3526 2892; x_wconf 79' lang='grc' dir='ltr'><strong>Χρι.</strong></span> 
     </span>
    </p>
   </div>
   <div class='ocr_carea' id='block_1_94' title="bbox 1935 2900 3524 2976">
    <p class='ocr_par' dir='ltr' id='par_1_94' title="bbox 1935 2900 3524 2976">
     <span class='ocr_line' id='line_1_94' title="bbox 1935 2900 3524 2976; baseline 0.008 -23"><span class='ocrx_word' id='word_1_692' title='bbox 1935 2901 2061 2974; x_wconf 82' lang='grc' dir='ltr'><strong>στδς</strong></span> <span class='ocrx_word' id='word_1_693' title='bbox 2096 2900 2328 2973; x_wconf 87' lang='grc' dir='ltr'><strong>οὐρανὸν</strong></span> <span class='ocrx_word' id='word_1_694' title='bbox 2353 2903 2514 2965; x_wconf 81' lang='grc' dir='ltr'><strong>οίκεί,</strong></span> <span class='ocrx_word' id='word_1_695' title='bbox 2569 2902 2663 2954; x_wconf 78' lang='grc' dir='ltr'><strong>καὶ</strong></span> <span class='ocrx_word' id='word_1_696' title='bbox 2713 2901 2918 2972; x_wconf 83' lang='grc' dir='ltr'><strong>κόσμον</strong></span> <span class='ocrx_word' id='word_1_697' title='bbox 2961 2907 3189 2976; x_wconf 79' lang='grc' dir='ltr'><strong>ἡνιοχεῖ,</strong></span> <span class='ocrx_word' id='word_1_698' title='bbox 3234 2912 3330 2962; x_wconf 82' lang='grc' dir='ltr'><strong>καὶ</strong></span> <span class='ocrx_word' id='word_1_699' title='bbox 3361 2910 3524 2966; x_wconf 78' lang='grc' dir='ltr'><strong>θυσία</strong></span> 
     </span>
    </p>
   </div>
   <div class='ocr_carea' id='block_1_95' title="bbox 1932 2980 3521 3072">
    <p class='ocr_par' dir='ltr' id='par_1_95' title="bbox 1932 2980 3521 3072">
     <span class='ocr_line' id='line_1_95' title="bbox 1932 2980 3521 3072; baseline 0.006 -28"><span class='ocrx_word' id='word_1_700' title='bbox 1932 2980 2106 3061; x_wconf 85' lang='grc' dir='ltr'><strong>τούτῳ</strong></span> <span class='ocrx_word' id='word_1_701' title='bbox 2127 2990 2275 3062; x_wconf 77' lang='grc' dir='ltr'><strong>ψυχὴ</strong></span> <span class='ocrx_word' id='word_1_702' title='bbox 2296 2990 2429 3061; x_wconf 79' lang='grc' dir='ltr'><strong>πρὸς</strong></span> <span class='ocrx_word' id='word_1_703' title='bbox 2449 2991 2612 3044; x_wconf 80' lang='grc' dir='ltr'><strong>αὐτὸν</strong></span> <span class='ocrx_word' id='word_1_704' title='bbox 2635 2991 2986 3059; x_wconf 86' lang='grc' dir='ltr'><strong>ἀνανεύουσα,</strong></span> <span class='ocrx_word' id='word_1_705' title='bbox 3007 2996 3105 3063; x_wconf 89' lang='grc' dir='ltr'><strong>μία</strong></span> <span class='ocrx_word' id='word_1_706' title='bbox 3123 2997 3298 3070; x_wconf 82' lang='grc' dir='ltr'><strong>τούτῳ</strong></span> <span class='ocrx_word' id='word_1_707' title='bbox 3324 3001 3521 3072; x_wconf 79' lang='grc' dir='ltr'><strong>τροφὴ,</strong></span> 
     </span>
    </p>
   </div>
   <div class='ocr_carea' id='block_1_96' title="bbox 1932 3079 3525 3164">
    <p class='ocr_par' dir='ltr' id='par_1_96' title="bbox 1932 3079 3525 3164">
     <span class='ocr_line' id='line_1_96' title="bbox 1932 3079 3525 3164; baseline 0.001 -26"><span class='ocrx_word' id='word_1_708' title='bbox 1932 3079 2041 3164; x_wconf 61' lang='grc' dir='ltr'><strong>ῂέῶν</strong></span> <span class='ocrx_word' id='word_1_709' title='bbox 2066 3083 2432 3136; x_wconf 85' lang='grc' dir='ltr'><strong>πιστευόντων</strong></span> <span class='ocrx_word' id='word_1_710' title='bbox 2455 3083 2717 3153; x_wconf 88' lang='grc' dir='ltr'><strong>σωτηρία.</strong></span> <span class='ocrx_word' id='word_1_711' title='bbox 2747 3083 2963 3144; x_wconf 82' lang='grc' dir='ltr'><strong>Παῦσαι</strong></span> <span class='ocrx_word' id='word_1_712' title='bbox 2992 3087 3135 3141; x_wconf 92' lang='grc' dir='ltr'><strong>κατά</strong></span> <span class='ocrx_word' id='word_1_713' title='bbox 3156 3090 3257 3160; x_wconf 83' lang='grc' dir='ltr'><strong>τῆς</strong></span> <span class='ocrx_word' id='word_1_714' title='bbox 3292 3092 3525 3164; x_wconf 75' lang='grc' dir='ltr'><strong>Ἐκκλη-</strong></span> 
     </span>
    </p>
   </div>
   <div class='ocr_carea' id='block_1_97' title="bbox 1931 3155 3524 3247">
    <p class='ocr_par' dir='ltr' id='par_1_97' title="bbox 1931 3155 3524 3247">
     <span class='ocr_line' id='line_1_97' title="bbox 1931 3155 3524 3247; baseline 0.008 -24"><span class='ocrx_word' id='word_1_715' title='bbox 2099 3171 2168 3225; x_wconf 84' lang='grc' dir='ltr'><strong>τά</strong></span> <span class='ocrx_word' id='word_1_716' title='bbox 2212 3170 2352 3224; x_wconf 84' lang='grc' dir='ltr'><strong>ὅπλα</strong></span> <span class='ocrx_word' id='word_1_717' title='bbox 2400 3170 2602 3223; x_wconf 84' lang='grc' dir='ltr'><strong>κινῶν·</strong></span> <span class='ocrx_word' id='word_1_718' title='bbox 2658 3173 2753 3226; x_wconf 80' lang='grc' dir='ltr'><strong>ἐπὶ</strong></span> <span class='ocrx_word' id='word_1_719' title='bbox 2797 3173 2904 3244; x_wconf 84' lang='grc' dir='ltr'><strong>γῆς</strong></span> <span class='ocrx_word' id='word_1_720' title='bbox 2958 3175 3020 3228; x_wconf 89' lang='lat'><strong>16</strong></span> <span class='ocrx_word' id='word_1_721' title='bbox 3042 3155 3330 3247; x_wconf 70' lang='grc' dir='ltr'><strong>ποίμνιον,</strong></span> <span class='ocrx_word' id='word_1_722' title='bbox 3362 3155 3524 3235; x_wconf 42' lang='lat' dir='ltr'><strong>atat-6</strong></span> 
     </span>
    </p>
   </div>
   <div class='ocr_carea' id='block_1_98' title="bbox 1932 3257 3616 3340">
    <p class='ocr_par' dir='ltr' id='par_1_98' title="bbox 1932 3257 3616 3340">
     <span class='ocr_line' id='line_1_98' title="bbox 1932 3257 3616 3340; baseline -0.009 -23"><span class='ocrx_word' id='word_1_723' title='bbox 1932 3257 2240 3334; x_wconf 60' lang='grc' dir='ltr'><strong>ποιεῖᾱίνων</strong></span> <span class='ocrx_word' id='word_1_724' title='bbox 2269 3264 2332 3315; x_wconf 82' lang='grc' dir='ltr'><strong>ἐν</strong></span> <span class='ocrx_word' id='word_1_725' title='bbox 2362 3263 2600 3335; x_wconf 78' lang='grc' dir='ltr'><strong>οὐρανῷ·</strong></span> <span class='ocrx_word' id='word_1_726' title='bbox 2637 3265 2730 3317; x_wconf 79' lang='grc' dir='ltr'><strong>ἐπὶ</strong></span> <span class='ocrx_word' id='word_1_727' title='bbox 2758 3266 2864 3336; x_wconf 79' lang='grc' dir='ltr'><strong>γῆς</strong></span> <span class='ocrx_word' id='word_1_728' title='bbox 2886 3267 2942 3320; x_wconf 75' lang='grc' dir='ltr'><strong>αἱ</strong></span> <span class='ocrx_word' id='word_1_729' title='bbox 2963 3268 3316 3340; x_wconf 68' lang='grc' dir='ltr'><strong>κληματίδιες9</strong></span> <span class='ocrx_word' id='word_1_730' title='bbox 3346 3275 3442 3328; x_wconf 63' lang='grc' dir='ltr'><strong>καὶ</strong></span> <span class='ocrx_word' id='word_1_731' title='bbox 3462 3277 3522 3329; x_wconf 59' lang='grc' dir='ltr'><strong>ἐν</strong></span> <span class='ocrx_word' id='word_1_732' title='bbox 3613 3297 3616 3302; x_wconf 90' lang='grc'><strong>.</strong></span> 
     </span>
    </p>
   </div>
   <div class='ocr_carea' id='block_1_99' title="bbox 1931 3352 3521 3432">
    <p class='ocr_par' dir='ltr' id='par_1_99' title="bbox 1931 3352 3521 3432">
     <span class='ocr_line' id='line_1_99' title="bbox 1931 3352 3521 3432; baseline 0.008 -26"><span class='ocrx_word' id='word_1_733' title='bbox 1931 3352 2148 3424; x_wconf 81' lang='grc' dir='ltr'><strong>οὐρανῷ</strong></span> <span class='ocrx_word' id='word_1_734' title='bbox 2177 3354 2210 3422; x_wconf 85' lang='grc' dir='ltr'>ὴ</span> <span class='ocrx_word' id='word_1_735' title='bbox 2245 3352 2512 3422; x_wconf 72' lang='grc' dir='ltr'><strong>ἄμπελος·</strong></span> <span class='ocrx_word' id='word_1_736' title='bbox 2553 3352 2620 3405; x_wconf 79' lang='grc' dir='ltr'><strong>ἂν</strong></span> <span class='ocrx_word' id='word_1_737' title='bbox 2648 3353 2706 3406; x_wconf 81' lang='grc' dir='ltr'><strong>δὲ</strong></span> <span class='ocrx_word' id='word_1_738' title='bbox 2742 3355 2982 3429; x_wconf 83' lang='grc' dir='ltr'><strong>ἐκτέμῃς</strong></span> <span class='ocrx_word' id='word_1_739' title='bbox 3008 3359 3106 3423; x_wconf 86' lang='grc' dir='ltr'><strong>τάς</strong></span> <span class='ocrx_word' id='word_1_740' title='bbox 3144 3361 3484 3432; x_wconf 69' lang='grc' dir='ltr'><strong>κληματίδας</strong></span> <span class='ocrx_word' id='word_1_741' title='bbox 3504 3405 3521 3428; x_wconf 94' lang='grc'><strong>,</strong></span> 
     </span>
    </p>
   </div>
   <div class='ocr_carea' id='block_1_100' title="bbox 1933 3443 3524 3524">
    <p class='ocr_par' dir='ltr' id='par_1_100' title="bbox 1933 3443 3524 3524">
     <span class='ocr_line' id='line_1_100' title="bbox 1933 3443 3524 3524; baseline 0.009 -28"><span class='ocrx_word' id='word_1_742' title='bbox 1933 3443 2394 3507; x_wconf 78' lang='grc' dir='ltr'><strong>πολυπλασιάζεις</strong></span> <span class='ocrx_word' id='word_1_743' title='bbox 2444 3443 2540 3514; x_wconf 82' lang='grc' dir='ltr'><strong>τὴν</strong></span> <span class='ocrx_word' id='word_1_744' title='bbox 2588 3445 2855 3514; x_wconf 79' lang='grc' dir='ltr'><strong>ἄμπελον.</strong></span> <span class='ocrx_word' id='word_1_745' title='bbox 2899 3448 3115 3520; x_wconf 89' lang='grc' dir='ltr'><strong>Λύθρου</strong></span> <span class='ocrx_word' id='word_1_746' title='bbox 3158 3453 3426 3524; x_wconf 85' lang='grc' dir='ltr'><strong>γέμουσιν</strong></span> <span class='ocrx_word' id='word_1_747' title='bbox 3463 3459 3524 3511; x_wconf 77' lang='grc' dir='ltr'><strong>αἱ</strong></span> 
     </span>
    </p>
   </div>
   <div class='ocr_carea' id='block_1_101' title="bbox 1931 3535 3524 3612">
    <p class='ocr_par' dir='ltr' id='par_1_101' title="bbox 1931 3535 3524 3612">
     <span class='ocr_line' id='line_1_101' title="bbox 1931 3535 3524 3612; baseline 0.008 -23"><span class='ocrx_word' id='word_1_748' title='bbox 1931 3535 2112 3608; x_wconf 82' lang='grc' dir='ltr'><strong>χεῖρές</strong></span> <span class='ocrx_word' id='word_1_749' title='bbox 2138 3553 2254 3602; x_wconf 90' lang='grc' dir='ltr'><strong>σου,</strong></span> <span class='ocrx_word' id='word_1_750' title='bbox 2279 3537 2341 3589; x_wconf 85' lang='grc' dir='ltr'><strong>τὸ</strong></span> <span class='ocrx_word' id='word_1_751' title='bbox 2377 3536 2530 3606; x_wconf 82' lang='grc' dir='ltr'><strong>ξίφος</strong></span> <span class='ocrx_word' id='word_1_752' title='bbox 2555 3538 2616 3589; x_wconf 85' lang='grc' dir='ltr'><strong>τὸ</strong></span> <span class='ocrx_word' id='word_1_753' title='bbox 2656 3538 2758 3592; x_wconf 86' lang='grc' dir='ltr'><strong>σὸν·</strong></span> <span class='ocrx_word' id='word_1_754' title='bbox 2785 3539 2895 3592; x_wconf 83' lang='grc' dir='ltr'><strong>ἀπὸ</strong></span> <span class='ocrx_word' id='word_1_755' title='bbox 2925 3540 3186 3612; x_wconf 86' lang='grc' dir='ltr'><strong>θυμάτων</strong></span> <span class='ocrx_word' id='word_1_756' title='bbox 3216 3546 3365 3602; x_wconf 76' lang='grc' dir='ltr'><strong>ἐστὶν</strong></span> <span class='ocrx_word' id='word_1_757' title='bbox 3397 3550 3524 3603; x_wconf 88' lang='grc' dir='ltr'><strong>ἀλό-</strong></span> 
     </span>
    </p>
   </div>
   <div class='ocr_carea' id='block_1_102' title="bbox 1930 3630 3522 3712">
    <p class='ocr_par' dir='ltr' id='par_1_102' title="bbox 1930 3630 3522 3712">
     <span class='ocr_line' id='line_1_102' title="bbox 1930 3630 3522 3712; baseline 0.008 -28"><span class='ocrx_word' id='word_1_758' title='bbox 1930 3647 2083 3699; x_wconf 90' lang='grc' dir='ltr'><strong>γων·-</strong></span> <span class='ocrx_word' id='word_1_759' title='bbox 2101 3631 2286 3700; x_wconf 81' lang='grc' dir='ltr'><strong>φεῖσαι</strong></span> <span class='ocrx_word' id='word_1_760' title='bbox 2315 3630 2424 3684; x_wconf 86' lang='grc' dir='ltr'><strong>τῶν</strong></span> <span class='ocrx_word' id='word_1_761' title='bbox 2449 3631 2710 3685; x_wconf 87' lang='grc' dir='ltr'><strong>ἀναιτίων</strong></span> <span class='ocrx_word' id='word_1_762' title='bbox 2742 3631 3098 3706; x_wconf 83' lang='grc' dir='ltr'><strong>θρεμμάτων,</strong></span> <span class='ocrx_word' id='word_1_763' title='bbox 3128 3639 3221 3691; x_wconf 71' lang='grc' dir='ltr'><strong>καὶ</strong></span> <span class='ocrx_word' id='word_1_764' title='bbox 3251 3642 3381 3712; x_wconf 81' lang='grc' dir='ltr'><strong>ἡμῖν</strong></span> <span class='ocrx_word' id='word_1_765' title='bbox 3409 3647 3522 3709; x_wconf 87' lang='grc' dir='ltr'><strong>τοῖς</strong></span> 
     </span>
    </p>
   </div>
   <div class='ocr_carea' id='block_1_103' title="bbox 1930 3719 3522 3794">
    <p class='ocr_par' dir='ltr' id='par_1_103' title="bbox 1930 3719 3522 3794">
     <span class='ocr_line' id='line_1_103' title="bbox 1930 3719 3522 3794; baseline 0.007 -20"><span class='ocrx_word' id='word_1_766' title='bbox 1930 3720 2248 3791; x_wconf 85' lang='grc' dir='ltr'><strong>ἐλέγχουσιν</strong></span> <span class='ocrx_word' id='word_1_767' title='bbox 2275 3719 2487 3790; x_wconf 81' lang='grc' dir='ltr'><strong>ἐπαφες</strong></span> <span class='ocrx_word' id='word_1_768' title='bbox 2513 3721 2606 3775; x_wconf 79' lang='lat' dir='ltr'><em>16v</em></span> <span class='ocrx_word' id='word_1_769' title='bbox 2634 3721 2875 3793; x_wconf 91' lang='grc' dir='ltr'><strong>σίδηρον·</strong></span> <span class='ocrx_word' id='word_1_770' title='bbox 2914 3728 3095 3794; x_wconf 89' lang='grc' dir='ltr'><strong>φεῖσαι</strong></span> <span class='ocrx_word' id='word_1_771' title='bbox 3127 3726 3236 3782; x_wconf 87' lang='grc' dir='ltr'><strong>τῶν</strong></span> <span class='ocrx_word' id='word_1_772' title='bbox 3269 3732 3522 3785; x_wconf 87' lang='grc' dir='ltr'><strong>σιωπών-</strong></span> 
     </span>
    </p>
   </div>
   <div class='ocr_carea' id='block_1_104' title="bbox 1927 3811 3518 3890">
    <p class='ocr_par' dir='ltr' id='par_1_104' title="bbox 1927 3811 3518 3890">
     <span class='ocr_line' id='line_1_104' title="bbox 1927 3811 3518 3890; baseline 0.008 -25"><span class='ocrx_word' id='word_1_773' title='bbox 1927 3829 2036 3866; x_wconf 83' lang='grc' dir='ltr'><strong>των</strong></span> <span class='ocrx_word' id='word_1_774' title='bbox 2054 3813 2286 3880; x_wconf 87' lang='grc' dir='ltr'><strong>ἀλόγων,</strong></span> <span class='ocrx_word' id='word_1_775' title='bbox 2302 3811 2398 3865; x_wconf 72' lang='grc' dir='ltr'><strong>καὶ</strong></span> <span class='ocrx_word' id='word_1_776' title='bbox 2415 3815 2450 3883; x_wconf 80' lang='grc' dir='ltr'>ἡ</span> <span class='ocrx_word' id='word_1_777' title='bbox 2460 3813 2564 3880; x_wconf 77' lang='grc' dir='ltr'><strong>μᾶς</strong></span> <span class='ocrx_word' id='word_1_778' title='bbox 2577 3812 2702 3876; x_wconf 83' lang='grc' dir='ltr'><strong>τούς</strong></span> <span class='ocrx_word' id='word_1_779' title='bbox 2719 3815 3164 3886; x_wconf 78' lang='grc' dir='ltr'><strong>κατηγοροῦντας</strong></span> <span class='ocrx_word' id='word_1_780' title='bbox 3180 3819 3518 3890; x_wconf 82' lang='grc' dir='ltr'><strong>ἀπόσφαττε.</strong></span> 
     </span>
    </p>
   </div>
   <div class='ocr_carea' id='block_1_105' title="bbox 1930 3904 3522 3986">
    <p class='ocr_par' dir='ltr' id='par_1_105' title="bbox 1930 3904 3522 3986">
     <span class='ocr_line' id='line_1_105' title="bbox 1930 3904 3522 3986; baseline 0.025 -45"><span class='ocrx_word' id='word_1_781' title='bbox 1930 3906 2007 3959; x_wconf 65' lang='grc' dir='ltr'><strong>οὐ</strong></span> <span class='ocrx_word' id='word_1_782' title='bbox 2051 3906 2163 3977; x_wconf 74' lang='grc' dir='ltr'><strong>γὰρ</strong></span> <span class='ocrx_word' id='word_1_783' title='bbox 2192 3904 2336 3961; x_wconf 75' lang='grc' dir='ltr'><strong>οὕτω</strong></span> <span class='ocrx_word' id='word_1_784' title='bbox 2389 3904 2665 3976; x_wconf 83' lang='grc' dir='ltr'><strong>φοϐοῦμαι</strong></span> <span class='ocrx_word' id='word_1_785' title='bbox 2693 3907 2786 3961; x_wconf 85' lang='lat' dir='ltr'><em>16v</em></span> <span class='ocrx_word' id='word_1_786' title='bbox 2814 3908 3145 3980; x_wconf 86' lang='grc' dir='ltr'><strong>ἀνδροφόνον</strong></span> <span class='ocrx_word' id='word_1_787' title='bbox 3175 3912 3414 3986; x_wconf 81' lang='grc' dir='ltr'><strong>σίδηρον,</strong></span> <span class='ocrx_word' id='word_1_788' title='bbox 3446 3917 3522 3981; x_wconf 77' lang='grc' dir='ltr'><strong>ὡς</strong></span> 
     </span>
    </p>
   </div>
   <div class='ocr_carea' id='block_1_106' title="bbox 1928 3996 3528 4076">
    <p class='ocr_par' dir='ltr' id='par_1_106' title="bbox 1928 3996 3528 4076">
     <span class='ocr_line' id='line_1_106' title="bbox 1928 3996 3528 4076; baseline -0.008 -24"><span class='ocrx_word' id='word_1_789' title='bbox 1928 3999 2021 4052; x_wconf 85' lang='lat' dir='ltr'><em>16v</em></span> <span class='ocrx_word' id='word_1_790' title='bbox 2069 3996 2375 4068; x_wconf 71' lang='grc' dir='ltr'><strong>ἐπιϐώμιον</strong></span> <span class='ocrx_word' id='word_1_791' title='bbox 2422 3996 2688 4050; x_wconf 82' lang='grc' dir='ltr'><strong>πέλεκυν·</strong></span> <span class='ocrx_word' id='word_1_792' title='bbox 2746 3997 2776 4048; x_wconf 89' lang='lat'><strong>6</strong></span> <span class='ocrx_word' id='word_1_793' title='bbox 2815 3999 3142 4071; x_wconf 76' lang='grc' dir='ltr'><strong>ἀνδροφόνος</strong></span> <span class='ocrx_word' id='word_1_794' title='bbox 3190 4004 3410 4076; x_wconf 73' lang='grc' dir='ltr'><strong>σίδηρος</strong></span> <span class='ocrx_word' id='word_1_795' title='bbox 3459 4009 3528 4060; x_wconf 60' lang='grc' dir='ltr'><strong>τὸ</strong></span> 
     </span>
    </p>
   </div>
   <div class='ocr_carea' id='block_1_107' title="bbox 1933 4089 3500 4170">
    <p class='ocr_par' dir='ltr' id='par_1_107' title="bbox 1933 4089 3500 4170">
     <span class='ocr_line' id='line_1_107' title="bbox 1933 4089 3500 4170; baseline 0.002 -25"><span class='ocrx_word' id='word_1_796' title='bbox 1933 4092 2094 4163; x_wconf 86' lang='grc' dir='ltr'><strong>σῶμα</strong></span> <span class='ocrx_word' id='word_1_797' title='bbox 2123 4091 2541 4161; x_wconf 87' lang='grc' dir='ltr'><strong>διασπαράττει,</strong></span> <span class='ocrx_word' id='word_1_798' title='bbox 2570 4090 2599 4141; x_wconf 92' lang='lat'><strong>6</strong></span> <span class='ocrx_word' id='word_1_799' title='bbox 2623 4089 2928 4162; x_wconf 81' lang='grc' dir='ltr'><strong>ἐπιϐώμιος</strong></span> <span class='ocrx_word' id='word_1_800' title='bbox 2958 4092 3191 4158; x_wconf 86' lang='grc' dir='ltr'><strong>πέλεκυς</strong></span> <span class='ocrx_word' id='word_1_801' title='bbox 3216 4096 3316 4168; x_wconf 78' lang='grc' dir='ltr'><strong>τὴν</strong></span> <span class='ocrx_word' id='word_1_802' title='bbox 3344 4097 3500 4170; x_wconf 70' lang='grc' dir='ltr'><strong>ψυχὴν</strong></span> 
     </span>
    </p>
   </div>
   <div class='ocr_carea' id='block_1_108' title="bbox 1929 4181 3495 4258">
    <p class='ocr_par' dir='ltr' id='par_1_108' title="bbox 1929 4181 3495 4258">
     <span class='ocr_line' id='line_1_108' title="bbox 1929 4181 3495 4258; baseline 0.005 -21"><span class='ocrx_word' id='word_1_803' title='bbox 1929 4185 2166 4254; x_wconf 78' lang='grc' dir='ltr'><strong>ἀναιρεῖ·</strong></span> <span class='ocrx_word' id='word_1_804' title='bbox 2189 4185 2217 4235; x_wconf 89' lang='lat'><strong>6</strong></span> <span class='ocrx_word' id='word_1_805' title='bbox 2239 4181 2565 4255; x_wconf 81' lang='grc' dir='ltr'><strong>ἀνδροφόνος</strong></span> <span class='ocrx_word' id='word_1_806' title='bbox 2583 4182 2800 4254; x_wconf 88' lang='grc' dir='ltr'><strong>σίδηρος</strong></span> <span class='ocrx_word' id='word_1_807' title='bbox 2820 4183 2883 4237; x_wconf 89' lang='lat'><strong>16</strong></span> <span class='ocrx_word' id='word_1_808' title='bbox 2911 4185 3173 4255; x_wconf 87' lang='grc' dir='ltr'><strong>θυόμενον</strong></span> <span class='ocrx_word' id='word_1_809' title='bbox 3204 4192 3495 4258; x_wconf 84' lang='grc' dir='ltr'><strong>κατασφάτ</strong></span> 
     </span>
    </p>
   </div>
   <div class='ocr_carea' id='block_1_109' title="bbox 1930 4271 3520 4348">
    <p class='ocr_par' dir='ltr' id='par_1_109' title="bbox 1930 4271 3520 4348">
     <span class='ocr_line' id='line_1_109' title="bbox 1930 4271 3520 4348; baseline 0.004 -21"><span class='ocrx_word' id='word_1_810' title='bbox 1930 4290 2035 4338; x_wconf 88' lang='grc' dir='ltr'><strong>τει,</strong></span> <span class='ocrx_word' id='word_1_811' title='bbox 2067 4275 2095 4326; x_wconf 90' lang='lat'><strong>6</strong></span> <span class='ocrx_word' id='word_1_812' title='bbox 2117 4272 2175 4326; x_wconf 82' lang='grc' dir='ltr'><strong>δέ</strong></span> <span class='ocrx_word' id='word_1_813' title='bbox 2207 4271 2513 4344; x_wconf 73' lang='grc' dir='ltr'><strong>ἐπιϐώμιος</strong></span> <span class='ocrx_word' id='word_1_814' title='bbox 2551 4273 2792 4338; x_wconf 86' lang='grc' dir='ltr'><strong>πέλεκυς</strong></span> <span class='ocrx_word' id='word_1_815' title='bbox 2811 4276 2905 4328; x_wconf 75' lang='grc' dir='ltr'><strong>καὶ</strong></span> <span class='ocrx_word' id='word_1_816' title='bbox 2932 4275 2995 4346; x_wconf 83' lang='lat'><strong>16</strong></span> <span class='ocrx_word' id='word_1_817' title='bbox 3013 4275 3278 4348; x_wconf 89' lang='grc' dir='ltr'><strong>θυόμενον</strong></span> <span class='ocrx_word' id='word_1_818' title='bbox 3305 4280 3400 4332; x_wconf 82' lang='grc' dir='ltr'><strong>καὶ</strong></span> <span class='ocrx_word' id='word_1_819' title='bbox 3428 4282 3520 4335; x_wconf 73' lang='grc' dir='ltr'><strong>τὸν</strong></span> 
     </span>
    </p>
   </div>
   <div class='ocr_carea' id='block_1_110' title="bbox 1934 4362 3525 4437">
    <p class='ocr_par' dir='ltr' id='par_1_110' title="bbox 1934 4362 3525 4437">
     <span class='ocr_line' id='line_1_110' title="bbox 1934 4362 3525 4437; baseline 0.003 -21"><span class='ocrx_word' id='word_1_820' title='bbox 1934 4363 2130 4416; x_wconf 91' lang='grc' dir='ltr'><strong>θύοντα</strong></span> <span class='ocrx_word' id='word_1_821' title='bbox 2163 4362 2546 4429; x_wconf 84' lang='grc' dir='ltr'><strong>συναπόλλυσι.</strong></span> <span class='ocrx_word' id='word_1_822' title='bbox 2571 4362 2720 4433; x_wconf 89' lang='grc' dir='ltr'><strong>Τέμε</strong></span> <span class='ocrx_word' id='word_1_823' title='bbox 2749 4362 2840 4416; x_wconf 84' lang='lat' dir='ltr'><em>16v</em></span> <span class='ocrx_word' id='word_1_824' title='bbox 2872 4364 3074 4434; x_wconf 84' lang='grc' dir='ltr'><strong>αὐχένα</strong></span> <span class='ocrx_word' id='word_1_825' title='bbox 3112 4365 3204 4420; x_wconf 79' lang='grc' dir='ltr'><strong>τὸν</strong></span> <span class='ocrx_word' id='word_1_826' title='bbox 3233 4367 3366 4437; x_wconf 81' lang='grc' dir='ltr'><strong>ἐμὸν</strong></span> <span class='ocrx_word' id='word_1_827' title='bbox 3385 4409 3398 4431; x_wconf 92' lang='grc'><strong>,</strong></span> <span class='ocrx_word' id='word_1_828' title='bbox 3427 4371 3525 4426; x_wconf 74' lang='grc' dir='ltr'><strong>καὶ</strong></span> 
     </span>
    </p>
   </div>
   <div class='ocr_carea' id='block_1_111' title="bbox 1936 4453 3524 4526">
    <p class='ocr_par' dir='ltr' id='par_1_111' title="bbox 1936 4453 3524 4526">
     <span class='ocr_line' id='line_1_111' title="bbox 1936 4453 3524 4526; baseline 0.006 -19"><span class='ocrx_word' id='word_1_829' title='bbox 1936 4456 2012 4526; x_wconf 85' lang='grc' dir='ltr'><strong>μὴ</strong></span> <span class='ocrx_word' id='word_1_830' title='bbox 2041 4453 2274 4526; x_wconf 90' lang='grc' dir='ltr'><strong>μολύνῃς</strong></span> <span class='ocrx_word' id='word_1_831' title='bbox 2319 4455 2724 4525; x_wconf 80' lang='grc' dir='ltr'><strong>θυσιαστήριον·</strong></span> <span class='ocrx_word' id='word_1_832' title='bbox 2779 4455 2926 4526; x_wconf 75' lang='grc' dir='ltr'><strong>ἔχεις</strong></span> <span class='ocrx_word' id='word_1_833' title='bbox 2974 4456 3400 4512; x_wconf 82' lang='grc' dir='ltr'><strong>αὐτοκέλευστον</strong></span> <span class='ocrx_word' id='word_1_834' title='bbox 3447 4462 3524 4517; x_wconf 60' lang='lat' dir='ltr'><strong>iu</strong></span> 
     </span>
    </p>
   </div>
   <div class='ocr_carea' id='block_1_112' title="bbox 1936 4545 3524 4624">
    <p class='ocr_par' dir='ltr' id='par_1_112' title="bbox 1936 4545 3524 4624">
     <span class='ocr_line' id='line_1_112' title="bbox 1936 4545 3524 4624; baseline 0.004 -24"><span class='ocrx_word' id='word_1_835' title='bbox 1936 4551 2098 4618; x_wconf 90' lang='grc' dir='ltr'><strong>ρεῖον,</strong></span> <span class='ocrx_word' id='word_1_836' title='bbox 2140 4547 2194 4600; x_wconf 90' lang='grc' dir='ltr'><strong>τί</strong></span> <span class='ocrx_word' id='word_1_837' title='bbox 2243 4547 2335 4600; x_wconf 84' lang='lat' dir='ltr'><em>16v</em></span> <span class='ocrx_word' id='word_1_838' title='bbox 2381 4545 2667 4618; x_wconf 87' lang='grc' dir='ltr'><strong>δεσμώτην</strong></span> <span class='ocrx_word' id='word_1_839' title='bbox 2707 4548 2910 4618; x_wconf 85' lang='grc' dir='ltr'><strong>ταῦρον</strong></span> <span class='ocrx_word' id='word_1_840' title='bbox 2943 4548 3272 4604; x_wconf 87' lang='grc' dir='ltr'><strong>ἀνανεύοντα</strong></span> <span class='ocrx_word' id='word_1_841' title='bbox 3312 4569 3524 4624; x_wconf 88' lang='grc' dir='ltr'><strong>συμπο-</strong></span> 
     </span>
    </p>
   </div>
   <div class='ocr_carea' id='block_1_113' title="bbox 1929 4636 3521 4712">
    <p class='ocr_par' dir='ltr' id='par_1_113' title="bbox 1929 4636 3521 4712">
     <span class='ocr_line' id='line_1_113' title="bbox 1929 4636 3521 4712; baseline 0.004 -22"><span class='ocrx_word' id='word_1_842' title='bbox 1929 4636 2126 4704; x_wconf 77' lang='grc' dir='ltr'><strong>δίζειςς</strong></span> <span class='ocrx_word' id='word_1_843' title='bbox 2168 4636 2232 4690; x_wconf 78' lang='grc' dir='ltr'><strong>Εἰ</strong></span> <span class='ocrx_word' id='word_1_844' title='bbox 2255 4637 2404 4691; x_wconf 89' lang='grc' dir='ltr'><strong>θύειν</strong></span> <span class='ocrx_word' id='word_1_845' title='bbox 2437 4637 2760 4707; x_wconf 82' lang='grc' dir='ltr'><strong>ἐπιθυμεῖς,</strong></span> <span class='ocrx_word' id='word_1_846' title='bbox 2809 4638 2869 4690; x_wconf 90' lang='grc' dir='ltr'><strong>ἐν</strong></span> <span class='ocrx_word' id='word_1_847' title='bbox 2915 4639 3028 4700; x_wconf 86' lang='grc' dir='ltr'><strong>τοῖς</strong></span> <span class='ocrx_word' id='word_1_848' title='bbox 3067 4636 3170 4708; x_wconf 85' lang='grc' dir='ltr'><strong>τῆς</strong></span> <span class='ocrx_word' id='word_1_849' title='bbox 3220 4639 3521 4712; x_wconf 87' lang='grc' dir='ltr'><strong>ἐκκλησίας</strong></span> 
     </span>
    </p>
   </div>
   <div class='ocr_carea' id='block_1_114' title="bbox 1931 4726 2863 4799">
    <p class='ocr_par' dir='ltr' id='par_1_114' title="bbox 1931 4726 2863 4799">
     <span class='ocr_line' id='line_1_114' title="bbox 1931 4726 2863 4799; baseline 0.005 -20"><span class='ocrx_word' id='word_1_850' title='bbox 1931 4727 2227 4799; x_wconf 82' lang='grc' dir='ltr'><strong>προθύροις</strong></span> <span class='ocrx_word' id='word_1_851' title='bbox 2259 4728 2354 4781; x_wconf 88' lang='grc' dir='ltr'><strong>θύε</strong></span> <span class='ocrx_word' id='word_1_852' title='bbox 2387 4726 2606 4796; x_wconf 80' lang='grc' dir='ltr'><strong>λογικὸν</strong></span> <span class='ocrx_word' id='word_1_853' title='bbox 2638 4728 2863 4798; x_wconf 77' lang='grc' dir='ltr'><strong>ἱερεῖον.</strong></span> 
     </span>
    </p>
   </div>
   <div class='ocr_carea' id='block_1_115' title="bbox 1999 4885 3518 4968">
    <p class='ocr_par' dir='ltr' id='par_1_115' title="bbox 1999 4885 3518 4968">
     <span class='ocr_line' id='line_1_115' title="bbox 1999 4885 3518 4968; baseline 0.011 -28"><span class='ocrx_word' id='word_1_854' title='bbox 1999 4888 2074 4940; x_wconf 86' lang='grc' dir='ltr'><strong>Οὐ</strong></span> <span class='ocrx_word' id='word_1_855' title='bbox 2101 4885 2260 4959; x_wconf 88' lang='grc' dir='ltr'><strong>φέρει</strong></span> <span class='ocrx_word' id='word_1_856' title='bbox 2295 4887 2395 4958; x_wconf 84' lang='grc' dir='ltr'><strong>τὴν</strong></span> <span class='ocrx_word' id='word_1_857' title='bbox 2422 4887 2660 4957; x_wconf 77' lang='grc' dir='ltr'><strong>ἄμετρον</strong></span> <span class='ocrx_word' id='word_1_858' title='bbox 2701 4890 2731 4942; x_wconf 89' lang='lat'><strong>6</strong></span> <span class='ocrx_word' id='word_1_859' title='bbox 2761 4888 3028 4961; x_wconf 86' lang='grc' dir='ltr'><strong>τύραννος</strong></span> <span class='ocrx_word' id='word_1_860' title='bbox 3059 4898 3376 4968; x_wconf 76' lang='grc' dir='ltr'><strong>παρρησίαν</strong></span> <span class='ocrx_word' id='word_1_861' title='bbox 3421 4902 3518 4955; x_wconf 86' lang='grc' dir='ltr'><strong>τοῦ</strong></span> 
     </span>
    </p>
   </div>
   <div class='ocr_carea' id='block_1_116' title="bbox 1931 4977 3518 5062">
    <p class='ocr_par' dir='ltr' id='par_1_116' title="bbox 1931 4977 3518 5062">
     <span class='ocr_line' id='line_1_116' title="bbox 1931 4977 3518 5062; baseline 0.01 -31"><span class='ocrx_word' id='word_1_862' title='bbox 1931 4978 2230 5050; x_wconf 88' lang='grc' dir='ltr'><strong>μάρτυρος,</strong></span> <span class='ocrx_word' id='word_1_863' title='bbox 2265 4977 2378 5031; x_wconf 86' lang='grc' dir='ltr'><strong>ἀλλ’</strong></span> <span class='ocrx_word' id='word_1_864' title='bbox 2402 4977 2567 5040; x_wconf 77' lang='grc' dir='ltr'><strong>εὐθὺς</strong></span> <span class='ocrx_word' id='word_1_865' title='bbox 2607 4977 2717 5031; x_wconf 76' lang='grc' dir='ltr'><strong>ἀπὸ</strong></span> <span class='ocrx_word' id='word_1_866' title='bbox 2748 4980 2850 5050; x_wconf 84' lang='grc' dir='ltr'><strong>τῆς</strong></span> <span class='ocrx_word' id='word_1_867' title='bbox 2877 4980 3128 5055; x_wconf 89' lang='grc' dir='ltr'><strong>γλώττης</strong></span> <span class='ocrx_word' id='word_1_868' title='bbox 3150 4987 3244 5041; x_wconf 82' lang='grc' dir='ltr'><strong>τοῦ</strong></span> <span class='ocrx_word' id='word_1_869' title='bbox 3277 4990 3518 5062; x_wconf 87' lang='grc' dir='ltr'><strong>θύματος</strong></span> 
     </span>
    </p>
   </div>
   <div class='ocr_carea' id='block_1_117' title="bbox 1927 5068 3520 5146">
    <p class='ocr_par' dir='ltr' id='par_1_117' title="bbox 1927 5068 3520 5146">
     <span class='ocr_line' id='line_1_117' title="bbox 1927 5068 3520 5146; baseline 0.013 -27"><span class='ocrx_word' id='word_1_870' title='bbox 1927 5070 2174 5140; x_wconf 84' lang='grc' dir='ltr'><strong>ἄρχεται.</strong></span> <span class='ocrx_word' id='word_1_871' title='bbox 2219 5068 2505 5138; x_wconf 85' lang='grc' dir='ltr'><strong>Ἐκτέμνει</strong></span> <span class='ocrx_word' id='word_1_872' title='bbox 2538 5068 2720 5123; x_wconf 88' lang='grc' dir='ltr'><strong>τοίνυν</strong></span> <span class='ocrx_word' id='word_1_873' title='bbox 2739 5070 2839 5143; x_wconf 78' lang='grc' dir='ltr'><strong>τὴν</strong></span> <span class='ocrx_word' id='word_1_874' title='bbox 2871 5073 3141 5146; x_wconf 84' lang='grc' dir='ltr'><strong>γλῶτταν,</strong></span> <span class='ocrx_word' id='word_1_875' title='bbox 3177 5081 3276 5134; x_wconf 88' lang='grc' dir='ltr'><strong>οὐκ</strong></span> <span class='ocrx_word' id='word_1_876' title='bbox 3309 5083 3520 5138; x_wconf 84' lang='grc' dir='ltr'><strong>ἀνελεῖν</strong></span> 
     </span>
    </p>
   </div>
   <div class='ocr_carea' id='block_1_118' title="bbox 1930 5160 3518 5248">
    <p class='ocr_par' dir='ltr' id='par_1_118' title="bbox 1930 5160 3518 5248">
     <span class='ocr_line' id='line_1_118' title="bbox 1930 5160 3518 5248; baseline 0.017 -43"><span class='ocrx_word' id='word_1_877' title='bbox 1930 5161 2272 5233; x_wconf 78' lang='grc' dir='ltr'><strong>βουλόμενος,</strong></span> <span class='ocrx_word' id='word_1_878' title='bbox 2296 5161 2433 5215; x_wconf 90' lang='grc' dir='ltr'><strong>ἀλλά</strong></span> <span class='ocrx_word' id='word_1_879' title='bbox 2453 5160 2531 5232; x_wconf 83' lang='grc' dir='ltr'><strong>τῷ</strong></span> <span class='ocrx_word' id='word_1_880' title='bbox 2551 5161 2871 5234; x_wconf 87' lang='grc' dir='ltr'><strong>κηρύγματι</strong></span> <span class='ocrx_word' id='word_1_881' title='bbox 2891 5167 3164 5239; x_wconf 90' lang='grc' dir='ltr'><strong>πολεμῶν·</strong></span> <span class='ocrx_word' id='word_1_882' title='bbox 3184 5173 3246 5226; x_wconf 92' lang='grc' dir='ltr'><strong>οὐ</strong></span> <span class='ocrx_word' id='word_1_883' title='bbox 3263 5176 3518 5248; x_wconf 71' lang='grc' dir='ltr'><strong>τοσοῦτον</strong></span> 
     </span>
    </p>
   </div>
   <div class='ocr_carea' id='block_1_119' title="bbox 1927 5254 3518 5335">
    <p class='ocr_par' dir='ltr' id='par_1_119' title="bbox 1927 5254 3518 5335">
     <span class='ocr_line' id='line_1_119' title="bbox 1927 5254 3518 5335; baseline 0.008 -27"><span class='ocrx_word' id='word_1_884' title='bbox 1927 5257 2006 5326; x_wconf 76' lang='grc' dir='ltr'><strong>τῲ</strong></span> <span class='ocrx_word' id='word_1_885' title='bbox 2038 5256 2242 5326; x_wconf 86' lang='grc' dir='ltr'><strong>κήρυκι</strong></span> <span class='ocrx_word' id='word_1_886' title='bbox 2269 5254 2501 5324; x_wconf 84' lang='grc' dir='ltr'><strong>φθονῶν,</strong></span> <span class='ocrx_word' id='word_1_887' title='bbox 2520 5255 2642 5308; x_wconf 86' lang='grc' dir='ltr'><strong>ὅσον</strong></span> <span class='ocrx_word' id='word_1_888' title='bbox 2667 5255 2746 5325; x_wconf 87' lang='grc' dir='ltr'><strong>τῷ</strong></span> <span class='ocrx_word' id='word_1_889' title='bbox 2768 5259 3162 5332; x_wconf 85' lang='grc' dir='ltr'><strong>κηρυττομένῳ</strong></span> <span class='ocrx_word' id='word_1_890' title='bbox 3185 5261 3518 5335; x_wconf 85' lang='grc' dir='ltr'><strong>βασκαίνων,</strong></span> 
     </span>
    </p>
   </div>
   <div class='ocr_carea' id='block_1_120' title="bbox 1928 5345 3522 5426">
    <p class='ocr_par' dir='ltr' id='par_1_120' title="bbox 1928 5345 3522 5426">
     <span class='ocr_line' id='line_1_120' title="bbox 1928 5345 3522 5426; baseline 0.006 -26"><span class='ocrx_word' id='word_1_891' title='bbox 1928 5346 2072 5400; x_wconf 87' lang='grc' dir='ltr'><strong>’Λλλ’</strong></span> <span class='ocrx_word' id='word_1_892' title='bbox 2100 5347 2164 5400; x_wconf 84' lang='lat'><strong>’0</strong></span> <span class='ocrx_word' id='word_1_893' title='bbox 2187 5345 2606 5415; x_wconf 77' lang='grc' dir='ltr'><strong>δρασσόμενος</strong></span> <span class='ocrx_word' id='word_1_894' title='bbox 2635 5354 2776 5414; x_wconf 86' lang='grc' dir='ltr'><strong>τοὺς</strong></span> <span class='ocrx_word' id='word_1_895' title='bbox 2797 5349 3035 5418; x_wconf 76' lang='grc' dir='ltr'><strong>σοφοὺς</strong></span> <span class='ocrx_word' id='word_1_896' title='bbox 3059 5352 3130 5406; x_wconf 69' lang='grc' dir='ltr'><strong>ἐν</strong></span> <span class='ocrx_word' id='word_1_897' title='bbox 3151 5351 3226 5422; x_wconf 79' lang='grc' dir='ltr'><strong>τῇ</strong></span> <span class='ocrx_word' id='word_1_898' title='bbox 3257 5371 3522 5426; x_wconf 80' lang='grc' dir='ltr'><strong>πανουρ-</strong></span> 
     </span>
    </p>
   </div>
   <div class='ocr_carea' id='block_1_121' title="bbox 1926 5436 3490 5515">
    <p class='ocr_par' dir='ltr' id='par_1_121' title="bbox 1926 5436 3490 5515">
     <span class='ocr_line' id='line_1_121' title="bbox 1926 5436 3490 5515; baseline 0.005 -26"><span class='ocrx_word' id='word_1_899' title='bbox 1926 5439 2027 5507; x_wconf 77' lang='grc' dir='ltr'><strong>γίᾳ</strong></span> <span class='ocrx_word' id='word_1_900' title='bbox 2057 5437 2277 5502; x_wconf 75' lang='grc' dir='ltr'><strong>αὐτῶν,</strong></span> <span class='ocrx_word' id='word_1_901' title='bbox 2314 5437 2375 5490; x_wconf 90' lang='lat'><strong>16</strong></span> <span class='ocrx_word' id='word_1_902' title='bbox 2425 5436 2703 5510; x_wconf 76' lang='grc' dir='ltr'><strong>ἐκτμηθὲν</strong></span> <span class='ocrx_word' id='word_1_903' title='bbox 2738 5439 2973 5510; x_wconf 72' lang='grc' dir='ltr'><strong>ὄργανον</strong></span> <span class='ocrx_word' id='word_1_904' title='bbox 3003 5442 3103 5513; x_wconf 81' lang='grc' dir='ltr'><strong>τῆς</strong></span> <span class='ocrx_word' id='word_1_905' title='bbox 3131 5445 3316 5515; x_wconf 85' lang='grc' dir='ltr'><strong>φωνῆς</strong></span> <span class='ocrx_word' id='word_1_906' title='bbox 3345 5446 3405 5512; x_wconf 79' lang='grc' dir='ltr'><strong>ἐξ</strong></span> <span class='ocrx_word' id='word_1_907' title='bbox 3430 5452 3490 5502; x_wconf 75' lang='grc' dir='ltr'><strong>οὐ</strong></span> 
     </span>
    </p>
   </div>
   <div class='ocr_carea' id='block_1_122' title="bbox 1929 5529 3518 5608">
    <p class='ocr_par' dir='ltr' id='par_1_122' title="bbox 1929 5529 3518 5608">
     <span class='ocr_line' id='line_1_122' title="bbox 1929 5529 3518 5608; baseline 0.007 -24"><span class='ocrx_word' id='word_1_908' title='bbox 1929 5529 2095 5601; x_wconf 81' lang='grc' dir='ltr'><strong>ρανοῦ</strong></span> <span class='ocrx_word' id='word_1_909' title='bbox 2128 5530 2444 5595; x_wconf 85' lang='grc' dir='ltr'><strong>ἀποδίδωσι,</strong></span> <span class='ocrx_word' id='word_1_910' title='bbox 2470 5530 2565 5584; x_wconf 77' lang='grc' dir='ltr'><strong>καὶ</strong></span> <span class='ocrx_word' id='word_1_911' title='bbox 2593 5532 2813 5603; x_wconf 78' lang='grc' dir='ltr'><strong>ἀοράτῳ</strong></span> <span class='ocrx_word' id='word_1_912' title='bbox 2837 5533 3052 5608; x_wconf 84' lang='grc' dir='ltr'><strong>γλώττῃ</strong></span> <span class='ocrx_word' id='word_1_913' title='bbox 3083 5537 3175 5590; x_wconf 83' lang='grc' dir='ltr'><strong>τὸν</strong></span> <span class='ocrx_word' id='word_1_914' title='bbox 3204 5539 3518 5608; x_wconf 81' lang='grc' dir='ltr'><strong>χωλεύοντα</strong></span> 
     </span>
    </p>
   </div>
   <div class='ocr_carea' id='block_1_123' title="bbox 1927 5618 3521 5700">
    <p class='ocr_par' dir='ltr' id='par_1_123' title="bbox 1927 5618 3521 5700">
     <span class='ocr_line' id='line_1_123' title="bbox 1927 5618 3521 5700; baseline 0.007 -28"><span class='ocrx_word' id='word_1_915' title='bbox 1927 5619 2163 5689; x_wconf 88' lang='grc' dir='ltr'><strong>φθόγγον</strong></span> <span class='ocrx_word' id='word_1_916' title='bbox 2195 5618 2569 5688; x_wconf 78' lang='grc' dir='ltr'><strong>ὐποστηρίζει,</strong></span> <span class='ocrx_word' id='word_1_917' title='bbox 2599 5622 2695 5673; x_wconf 78' lang='grc' dir='ltr'><strong>καὶ</strong></span> <span class='ocrx_word' id='word_1_918' title='bbox 2730 5621 3014 5693; x_wconf 78' lang='grc' dir='ltr'><strong>χαρίζεται</strong></span> <span class='ocrx_word' id='word_1_919' title='bbox 3037 5622 3114 5694; x_wconf 83' lang='grc' dir='ltr'><strong>τῷ</strong></span> <span class='ocrx_word' id='word_1_920' title='bbox 3140 5624 3402 5699; x_wconf 86' lang='grc' dir='ltr'><strong>ἀγλώττῳ</strong></span> <span class='ocrx_word' id='word_1_921' title='bbox 3420 5629 3521 5700; x_wconf 86' lang='grc' dir='ltr'><strong>τὴν</strong></span> 
     </span>
    </p>
   </div>
   <div class='ocr_carea' id='block_1_124' title="bbox 1929 5707 3521 5792">
    <p class='ocr_par' dir='ltr' id='par_1_124' title="bbox 1929 5707 3521 5792">
     <span class='ocr_line' id='line_1_124' title="bbox 1929 5707 3521 5792; baseline 0.008 -32"><span class='ocrx_word' id='word_1_922' title='bbox 1929 5709 2132 5778; x_wconf 79' lang='grc' dir='ltr'><strong>φωνὴν,</strong></span> <span class='ocrx_word' id='word_1_923' title='bbox 2159 5707 2302 5778; x_wconf 79' lang='grc' dir='ltr'><strong>ἔργῳ</strong></span> <span class='ocrx_word' id='word_1_924' title='bbox 2323 5707 2422 5779; x_wconf 83' lang='grc' dir='ltr'><strong>τὴν</strong></span> <span class='ocrx_word' id='word_1_925' title='bbox 2453 5708 2805 5780; x_wconf 81' lang='grc' dir='ltr'><strong>ἀνθρωπίνην</strong></span> <span class='ocrx_word' id='word_1_926' title='bbox 2844 5711 3209 5783; x_wconf 90' lang='grc' dir='ltr'><strong>δημιουργίαν</strong></span> <span class='ocrx_word' id='word_1_927' title='bbox 3240 5714 3521 5792; x_wconf 67' lang='grc' dir='ltr'><strong>ἐνδεικνύι.</strong></span> 
     </span>
    </p>
   </div>
   <div class='ocr_carea' id='block_1_125' title="bbox 1933 5795 3518 5878">
    <p class='ocr_par' dir='ltr' id='par_1_125' title="bbox 1933 5795 3518 5878">
     <span class='ocr_line' id='line_1_125' title="bbox 1933 5795 3518 5878; baseline 0.008 -30"><span class='ocrx_word' id='word_1_928' title='bbox 1933 5813 2093 5866; x_wconf 87' lang='grc' dir='ltr'><strong>μενος</strong></span> <span class='ocrx_word' id='word_1_929' title='bbox 2123 5795 2201 5868; x_wconf 82' lang='grc' dir='ltr'><strong>τῷ</strong></span> <span class='ocrx_word' id='word_1_930' title='bbox 2243 5798 2512 5869; x_wconf 78' lang='grc' dir='ltr'><strong>τυράννῳ.</strong></span> <span class='ocrx_word' id='word_1_931' title='bbox 2548 5797 2659 5852; x_wconf 76' lang='grc' dir='ltr'><strong>Καὶ</strong></span> <span class='ocrx_word' id='word_1_932' title='bbox 2698 5797 2950 5870; x_wconf 87' lang='grc' dir='ltr'><strong>καθάπερ</strong></span> <span class='ocrx_word' id='word_1_933' title='bbox 2992 5800 3043 5855; x_wconf 82' lang='grc' dir='ltr'><strong>οί</strong></span> <span class='ocrx_word' id='word_1_934' title='bbox 3077 5802 3390 5878; x_wconf 86' lang='grc' dir='ltr'><strong>φρεωρύχοι</strong></span> <span class='ocrx_word' id='word_1_935' title='bbox 3416 5804 3518 5871; x_wconf 83' lang='grc' dir='ltr'><strong>τὰς</strong></span> 
     </span>
    </p>
   </div>
  </div>
