4082 6422
263 372 350 424 ΞΠ

246 381 350 430 Gn
1504 381 1592 428 De;
1633 381 1852 426 unum

252 508 370 548 rem
400 491 640 549 fossores
667 490 793 547 dum
820 489 1073 548 fodiendo
1097 503 1262 548 venas
1282 488 1561 559 aperiunt,
1592 487 1852 556 efficiunt,

251 594 309 640 ut
339 586 531 642 laxiori
553 596 731 643 meatu
757 571 999 643 ferantur
1015 601 1208 658 aqum:
1235 587 1314 641 sic
1333 594 1388 642 et
1417 595 1696 658 tyrannus,
1724 587 1852 642 dum

246 676 446 748 lingua:
469 678 706 736 radicem
736 678 878 736 ferro
908 679 1176 752 perfodit,
1221 677 1718 736 vehementioribus
1763 696 1854 737 re-

245 769 670 839 prehensionum
698 772 960 828 scatebris
992 773 1337 829 obruebatur.
1371 772 1672 831 Voluissem
1697 778 1852 846 equi-

241 850 368 915 dem
397 861 452 916 in
481 860 644 930 hujus
683 864 936 936 martyris
976 873 1292 935 argumento
1330 866 1690 923 exsultantem
1725 884 1852 926 ora-

241 953 447 1007 tionem
477 953 547 1008 ad
576 954 737 1018 tinem
766 971 934 1026 usque
953 957 1220 1014 deducere
1253 979 1266 1014 :
1299 969 1354 1014 at
1371 959 1504 1031 justi
1532 961 1686 1031 spatii
1717 972 1852 1019 tem-

237 1056 342 1111 pus
372 1042 630 1114 advenit,
662 1055 718 1102 et
761 1057 818 1102 ut
852 1048 1108 1105 sileamus
1135 1049 1386 1107 hortatur
1414 1072 1429 1106 :
1461 1069 1586 1108 nam
1617 1063 1670 1108 et
1698 1054 1852 1111 vobis

233 1133 304 1188 ad
339 1134 624 1192 utilitatem
650 1137 767 1194 haec
802 1139 945 1196 dicta
971 1140 1245 1200 sufﬁciunt
1267 1183 1282 1212 ,
1313 1151 1368 1200 et
1393 1147 1697 1204 necessaria
1723 1156 1852 1205 sunt

1504 369 1592 428 DE
1632 368 1858 426 MACCA.
1867 367 2064 425 BEIS.
2107 366 2145 422 l.

3455 373 3561 429 sis
3594 354 3601 360 ’

1959 483 2129 555 patris
2154 479 2230 552 (a)
2256 466 2608 548 documenta,
2659 492 2716 539 ut
2742 483 2881 542 dicta
2923 486 3013 542 illa
3052 488 3416 559 perficiantur.
3454 495 3563 550 Nos

1957 590 2086 631 vero
2114 585 2170 631 et
2198 589 2284 643 ca,
2313 589 2435 646 quae
2460 575 2600 631 dicta
2653 586 2812 644 sunt,
2845 581 3120 636 memoria
3160 583 3282 638 sinu
3321 587 3554 654 comple-

1957 677 2166 724 ctamur
2186 709 2202 734 ,
2228 677 2283 723 et
2309 669 2375 724 iis
2405 684 2526 740 qua:
2552 669 2778 750 dicenda
2808 683 2934 726 sunt
2970 673 3166 729 animm
3190 677 3369 733 sulcos
3392 684 3565 750 expli-

1957 774 2162 825 cemus,
2188 774 2252 814 ac
2275 775 2441 830 super
2463 762 2641 817 omnia
2667 762 3048 819 miraculorum
3079 766 3388 825 effectorem
3407 771 3565 828 Chri-

1955 857 2102 905 stum
2131 850 2447 916 adoremus;
2479 853 2731 923 quoniam
2770 855 2874 925 ipsi
2917 855 3088 926 gloria
3131 872 3256 916 cum
3301 860 3461 917 Patre
3499 878 3567 918 ae

1955 941 2296 997 sanctissimo
2323 943 2546 1013 Spiritu,
2577 960 2719 1002 nunc
2740 955 2798 1003 et
2826 961 3062 1019 semper,
3080 949 3206 1007 etin
3232 955 3428 1010 saecula
3458 972 3565 1012 sa:-

1956 1031 2223 1088 culorum.
2253 1033 2448 1090 Amen.
2488 1033 2492 1039 ’
3167 1055 3169 1057 ·

2025 1165 2100 1230 (a)
2136 1172 2206 1217 De
2227 1165 2449 1219 Flaviano
2462 1167 2696 1235 loquitur.

263 1364 2559 1406 MM
1415 1369 3545 1408 -*W

1705 1695 2089 1757 MONITUM.

251 1928 650 2000 peregrinum:
686 1930 813 2003 styli
843 1946 1015 2001 genus
1060 1932 1357 2002 strigosum
1401 1940 1505 2000 est,
1530 1933 1717 1987 omnia
1752 1947 1852 1987 ceu
1887 1932 1944 1986 in
1972 1940 2294 1988 transcursu
2333 1932 2636 2000 dicuntur;
2678 1950 2858 2006 neque
2890 1944 3072 1992 tamen
3113 1941 3230 1994 eam
3261 1939 3381 1995 loco
3419 1954 3539 1994 mo-

235 2045 476 2102 vendam
515 2059 640 2100 esse
687 2045 914 2115 putavi:
953 2046 1090 2102 satis
1120 2046 1269 2102 enim
1308 2046 1416 2103 erit
1456 2046 1778 2117 scrupulum
1828 2046 2130 2113 indicasse,
2163 2061 2232 2102 ne
2268 2048 2391 2116 quis
2443 2064 2567 2104 eam
2619 2060 2681 2105 ut
2733 2062 2948 2108 certum
2983 2053 3043 2109 S.
3076 2055 3320 2113 doctoris
3363 2059 3531 2115 fetum

235 2164 462 2220 habeat.
511 2162 654 2219 Huic
681 2163 1007 2236 subjicimus
1049 2163 1420 2236 fragmentum
1450 2165 1731 2238 quoddam
1771 2164 1834 2223 S.
1869 2164 2101 2222 Joannis
2131 2165 2517 2238 Chrysostomi
2562 2168 2616 2224 in
2667 2168 3005 2231 Maecabmos
3032 2189 3064 2233 a
3096 2173 3306 2233 Joanne
3339 2177 3540 2234 Dama-

238 2291 413 2335 sceno
434 2276 660 2332 allatum
683 2277 780 2332 lib.
809 2293 870 2332 ιιι
895 2278 966 2333 de
993 2275 1352 2347 imaginibus,
1375 2277 1525 2350 quod
1559 2278 1617 2334 iu
1638 2278 1792 2334 nulla
1825 2280 1990 2335 trium
2024 2279 2380 2336 homiliarum
2412 2284 2678 2341 occurrit.

306 2386 510 2443 Prima
557 2387 614 2442 in
660 2386 999 2444 Maccabeos
1040 2388 1283 2444 homilite
1328 2387 1844 2460 interpretationem
1898 2391 2152 2447 Latinam
2201 2393 2396 2449 incerti
2450 2397 2745 2468 cujusdam
2801 2399 2945 2469 viri,
2997 2412 3187 2473 utpote
3237 2422 3533 2480 παραφρα-

234 2497 443 2564 στικῶς
463 2498 814 2567 adornatam,
841 2499 1153 2571 rejecimus,
1174 2515 1484 2572 novamque
1516 2502 1856 2574 paravimus.
1890 2502 2158 2562 Secunda
2182 2514 2238 2562 et
2267 2505 2442 2564 tertia:
2472 2508 2855 2582 Interpretatio
2884 2524 2969 2572 est
2997 2514 3288 2574 Frontonis
3323 2517 3526 2578 Ducat.

274 2930 1826 2962 O—-———~—I—-———————————————____.

1833 2943 3446 2996 _.________________________

1141 3064 1258 3140 IN
1307 3062 1780 3140 SANCTOS
1831 3068 2547 3172 MACCAB'JEOS,

1518 3236 1603 3281 ιτ
1644 3234 1712 3281 ιη
1754 3237 2035 3287 namss
2076 3242 2326 3295 ΙοΙιΠΙί.

1683 3369 2112 3416 m

796 3513 1017 3554 uestitu
1055 3513 1072 3552 ι
1105 3496 1206 3570 (ιι).
1327 3568 1336 3574 _

293 3593 346 3649 l.
393 3591 683 3664 Martyrum
724 3606 841 3645 ossa
885 3589 1197 3644 damonibus
1243 3589 1506 3645 terribilia.
1550 3619 1624 3633 —
1655 3591 1827 3661 Quam

218 3687 468 3754 speciosa
497 3682 653 3738 nobis
675 3692 729 3739 et
754 3683 874 3738 laeta
903 3682 1128 3737 civitas!
1157 3697 1316 3752 quam
1339 3690 1455 3739 toto
1483 3698 1626 3740 anno
1650 3686 1830 3756 splen-

220 3775 402 3831 didior
439 3775 555 3829 btee
591 3773 740 3828 dies!
787 3788 894 3827 non
933 3773 1047 3828 sole
1074 3773 1093 3805 ί
1133 3772 1392 3827 clariores
1416 3814 1433 3840 ,
1477 3788 1640 3844 quam
1678 3789 1830 3831 more

220 3865 384 3920 solito
406 3905 422 3930 ,
454 3863 637 3919 radios
666 3863 720 3918 in
757 3872 955 3918 terram
991 3861 1303 3918 ell’undente
1324 3903 1341 3928 ,
1382 3861 1480 3918 sed
1517 3873 1828 3920 sanctorum

223 3965 522 4027 martyrum
549 3954 669 4010 luce
697 3955 816 4025 plus
839 3994 857 4021 ,
889 3968 1048 4029 quam
1077 3953 1285 4024 fulgur,
1316 3962 1483 4009 totam
1505 3955 1664 4011 nobis
1691 3957 1828 4012 civi-

226 4058 394 4103 tatem
420 4045 709 4102 irradiante
737 4064 751 4100 :
793 4047 1064 4101 sexcentis
1093 4048 1236 4101 enim
1265 4047 1471 4102 solibus
1497 4047 1832 4118 splendidio-

220 4156 313 4198 res
337 4140 394 4195 hi
424 4147 592 4208 sunt,
631 4153 697 4194 ac
738 4137 946 4210 magnis
985 4135 1338 4194 luminaribus
1380 4140 1656 4197 clariores.
1690 4141 1830 4198 Pro—

224 4244 346 4304 pter
373 4233 497 4288 illos
527 4231 688 4288 hodie
712 4239 856 4288 terra
879 4231 1119 4287 ornatior
1143 4238 1229 4286 est
1250 4274 1266 4299 ,
1503 4232 1679 4303 ipsum
1721 4248 1830 4341 an:

222 4328 354 4381 lum.
390 4323 472 4380 Ne
497 4324 629 4379 mibi
654 4324 930 4395 pulverem
956 4323 1106 4380 dicas
1128 4365 1144 4389 ,
1173 4339 1244 4379 ne
1270 4324 1400 4380 mihi
1421 4324 1834 4398 cinerem,eogi-

227 4426 309 4472 tes
333 4457 349 4480 ,
374 4414 464 4470 vel
490 4428 614 4469 ossa
641 4423 882 4484 tempore
913 4423 1234 4484 consumpta
1275 4430 1293 4468 :
1344 4413 1440 4470 sed
1484 4413 1607 4471 fidei
1646 4416 1833 4473 oculos

226 4506 422 4577 aperi,
453 4516 509 4562 et
536 4505 657 4561 vide
698 4505 1027 4561 assidentem
1067 4506 1200 4575 ipsis
1242 4505 1340 4562 Dei
1377 4506 1630 4564 virtutem
1653 4549 1670 4574 ,
1717 4523 1834 4564 am-

225 4599 466 4657 bientem
498 4599 644 4669 ipsos
679 4596 915 4668 Spiritus
955 4595 1182 4668 gratiam
1208 4637 1224 4662 ,
1263 4597 1644 4654 circumfusam
1671 4599 1831 4655 cale-

226 4689 328 4746 stis
355 4689 574 4746 luminis
594 4689 843 4760 gloriam.
870 4686 988 4744 Non
1014 4687 1150 4742 tales
1178 4703 1246 4743 ex
1273 4688 1438 4744 solari
1463 4688 1594 4763 orbe
1627 4690 1682 4745 in
1721 4700 1832 4745 ter-

227 4795 344 4837 ram
372 4781 689 4836 emittuntur
724 4779 904 4844 radii,
944 4778 1130 4849 quales
1169 4793 1238 4834 ex
1273 4780 1477 4835 sanctis
1515 4780 1834 4852 corporibus

229 4873 572 4944 prosilientes
595 4869 833 4942 fulgores
868 4868 1067 4925 diaboli
1094 4869 1280 4925 oculos
1308 4879 1601 4927 excaecant.
1628 4873 1832 4940 Quem-

227 4961 518 5019 admodum
544 4962 686 5017 enim
727 4959 1043 5032 praedonum
1077 4960 1244 5018 duces
1266 5001 1284 5028 ,
1326 4971 1420 5016 aut
1461 4965 1831 5035 sepulcrorum

228 5055 518 5110 et'fossores
541 5093 558 5120 ,
609 5052 699 5108 ubi
752 5052 936 5108 vident
981 5052 1326 5123 imperatoria
1368 5069 1518 5110 arma
1557 5055 1788 5125 iacentia
1813 5096 1829 5122 ,

228 5145 490 5213 loricam,
547 5144 837 5217 clypeum,
885 5145 1130 5214 galeam,
1175 5159 1310 5200 auro
1366 5153 1476 5201 tota
1527 5147 1830 5220 fulgentia,

226 5238 408 5292 statim
435 5235 682 5291 resiliunt
700 5275 716 5301 ,
748 5249 1110 5306 magnumque
1137 5235 1473 5306 suspicantes
1500 5239 1792 5308 periculum
1811 5281 1829 5310 ,

231 5341 404 5398 neque
430 5325 689 5382 accedere
711 5341 892 5395 neque
922 5340 986 5381 ea
1024 5327 1336 5398 contingere
1376 5328 1616 5384 audent:
1659 5332 1736 5386 sic
1777 5341 1832 5388 et

228 5418 504 5473 dzemones
533 5432 658 5472 vere
696 5417 1007 5487 praedonum
1039 5418 1205 5473 duces
1229 5461 1242 5482 ,
1285 5420 1607 5492 ubicumque
1648 5423 1832 5480 vident

229 5519 522 5581 martyrum
549 5522 776 5578 corpora
798 5508 1067 5578 iacentia,
1113 5509 1292 5563 statim
1335 5509 1542 5581 fugiunt
1588 5527 1652 5567 ac
1695 5515 1831 5569 resi-

293 5621 310 5652 ι
343 5615 540 5698 iniu“
560 5617 799 5698 scene"
818 5599 960 5698 evil;-
987 5619 1231 5698 ψει,
1251 5631 1404 5698 ρειατη
1425 5623 1641 5698 speciem
1663 5626 1830 5698 ειρεν-

230 5680 533 5752 eurnfalgeps
554 5680 792 5752 hodierna
812 5679 955 5752 dies}
988 5681 1083 5732 imo
1116 5679 1296 5734 et'toto
1330 5679 1460 5736 amro'
1502 5688 1826 5750 splendidior.

261 5741 1146 5872 ἱππιηέἈῖιὲίῶ
1167 5806 1292 5858 asta
1316 5815 1368 5859 et
1388 5810 1529 5861 am.

1934 3505 2090 3564 liunt.
2129 3509 2250 3567 Non
2279 3514 2422 3571 enim
2465 3518 2519 3575 in
2560 3524 2841 3581 mortalem
2874 3537 3118 3586 naturam
3147 3549 3332 3591 eorum
3374 3541 3546 3612 rcsxi-

1935 3601 2128 3670 ciunt,
2174 3605 2272 3661 sed
2318 3607 2374 3663 in
2416 3625 2670 3670 arcanam
2713 3616 2949 3687 Christi,
3003 3625 3093 3695 qui
3143 3627 3230 3682 illa
3277 3601 3545 3705 gestavit,

1936 3691 2273 3764 dignitatem.
2307 3699 2436 3758 Haec
2464 3705 2664 3779 quippe
2687 3724 2836 3767 arma
2867 3730 2973 3770 non
3003 3691 3224 3789 angelus
3248 3691 3414 3789 ,vnon
3456 3691 3546 3782 ar:

1936 3783 2230 3856 cbangelus
2253 3831 2270 3858 ,
2317 3808 2428 3849 non
2465 3797 2570 3853 alia
2599 3803 2865 3873 qumpiam
2901 3783 3102 3866 creata'
3127 3783 3298 3870 virtus
3337 3818 3546 3885 induit,

1937 3875 2039 3930 sed
2089 3878 2206 3948 ipse
2259 3885 2574 3955 angelorum
2631 3891 2909 3952 Dominus.
2966 3901 3045 3956 Ac
3094 3875 3546 3974 quemadmodum

1938 3967 2139 4026 Paulus
2160 3972 2431 4033 clamabat
2456 3979 2643 4038 dicens
2676 4002 2690 4040 :
2723 3985 2804 4042 An
2833 3967 3231 4061 experimentum
3269 4000 3380 4070 ejus
3405 4017 3546 4071 quae-

1936 4061 2050 4116 ritis
2073 4103 2088 4126 ,
2117 4065 2205 4134 qui
2230 4067 2284 4121 in
2313 4085 2395 4124 me
2419 4071 2675 4146 loquitur,
2707 4076 2900 4135 Christi
2929 4081 3007 4156 (Ξ.
3036 4084 3153 4142 Cor.
3189 4061 3340 4147 l5.'5
3359 4061 3429 4164 )l
3472 4095 3547 4152 sic

1938 4161 1995 4208 et
2022 4153 2110 4209 isti
2139 4169 2364 4227 possunt
2389 4162 2628 4222 clamare
2653 4183 2718 4224 ac
2745 4170 2927 4229 dicere
2939 4153 2966 4243 ⁷,
3008 4177 3091 4232 An
3121 4153 3548 4250 experimentum

1937 4246 2176 4313 queritis
2197 4247 2318 4320 ejus
2340 4293 2356 4319 ,
2378 4254 2469 4324 qui
2496 4255 2550 4311 in
2571 4259 2728 4316 nobis
2748 4265 2975 4321 certavit
2997 4308 3012 4333 ,
3035 4246 3234 4326 Christi
3257 4273 3280 4326 ‘.'
3307 4273 3548 4335 Pretiosa

1938 4337 2083 4391 enim
2111 4350 2236 4395 sunt
2258 4357 2485 4416 corpora
2505 4389 2522 4415 ,
2543 4352 2664 4421 quia
2686 4353 2870 4433 plagas
2897 4373 2994 4428 pro
3021 4360 3249 4420 Domino
3273 4380 3372 4422 suo
3396 4383 3550 4426 acce-

1937 4439 2177 4500 perunt,
2206 4435 2331 4504 quia
2358 4439 2608 4510 stigmata
2640 4455 2860 4515 propter
2884 4449 3157 4509 Christum
3196 4467 3425 4527 gestant.
3471 4463 3548 4519 Ac

1939 4517 2080 4575 sicut
2104 4536 2303 4581 corona
2334 4527 2678 4600 imperatoria
2707 4539 2872 4594 variis
2898 4541 3094 4613 lapillis
3124 4517 3362 4620 undique
3387 4552 3549 4608 deco-

1939 4619 2054 4664 rata
2082 4611 2323 4686 fulgores
2347 4622 2526 4680 varios
2555 4626 2790 4696 emittit,
2821 4631 2892 4686 ita
2922 4611 2976 4688 et
3005 4646 3311 4695 sanctorum
3341 4653 3548 4718 marty-

1938 4713 2058 4754 rum
2084 4717 2313 4775 corpora
2340 4750 2357 4777 ,
2385 4714 2539 4781 quasi
2571 4714 2768 4786 lapillis
2793 4723 3043 4790 pretiosis
3065 4767 3080 4792 ,
3114 4729 3426 4788 vulneribus
3449 4713 3548 4806 pro

1938 4789 2154 4848 Christo
2189 4799 2455 4869 susceptis
2484 4801 2736 4863 distincta
2764 4789 2954 4875 ,iomni
2984 4789 3332 4886 imperatorio
3356 4789 3547 4880 diade-

1940 4891 2084 4939 mate
2128 4887 2445 4956 pretiosiora
2493 4904 2546 4950 et
2593 4901 2987 4960 venerabiliora
3033 4908 3303 4968 videntur.
3363 4916 3545 4976 Exteri

1937 4973 2155 5042 quidem
2209 4983 2549 5051 agonotheta:
2592 4991 2891 5048 certamina
2941 5006 3372 5074 constituentes,
3428 5025 3545 5067 rem

1938 5063 2228 5122 admodum
2258 5075 2606 5142 spectabilem
2636 5095 2759 5138 esse
2789 5094 3018 5157 putant,
3046 5107 3167 5148 eum
3202 5063 3429 5166 juvenes
3455 5117 3544 5158 ro-

1937 5153 2229 5229 bustosque
2267 5163 2499 5222 athletas
2532 5170 2586 5224 in
2622 5153 2914 5233 scammata
2959 5153 3015 5236 et
3051 5153 3344 5244 certamina
3390 5192 3553 5250 indu-

1937 5257 2066 5303 cunt
2092 5289 2107 5315 ,
2146 5251 2219 5305 ita
2249 5262 2307 5308 ut
2332 5255 2417 5311 vel
2446 5268 2731 5332 antequam
2758 5271 3053 5327 certamina
3092 5277 3414 5347 incipiantur
3433 5325 3447 5348 ,
3478 5300 3546 5341 ea

1936 5339 2075 5395 bona
2098 5347 2463 5405 membrorum
2491 5350 2802 5414 habitudine
2824 5359 2877 5416 in
2900 5362 3310 5425 admirationem
3336 5386 3548 5444 specta-

1938 5441 2084 5490 tores
2110 5451 2398 5497 moveant:
2431 5442 2519 5500 hic
2546 5463 2676 5504 vero
2699 5467 2806 5507 non
2848 5454 2918 5509 ita
2954 5471 3014 5512 se
3045 5474 3134 5515 res
3160 5461 3358 5531 habet,
3392 5469 3484 5522 sed
3518 5492 3545 5525 ρ

1935 5529 2206 5583 contrario
2249 5533 2450 5588 omnia.
2479 5537 2720 5607 Agonem
2762 5544 2908 5599 enim
2950 5561 3260 5619 proponens
3297 5555 3544 5613 ϐίη-ἰδίω

1935 5631 2042 5671 ηοη
2071 5620 2231 5675 talem
2263 5624 2476 5693 qualem
2507 5627 2581 5682 illi
2604 5669 2621 5696 ,
2648 5630 2742 5686 sed
2784 5631 3113 5693 horrendum
3151 5649 3208 5697 et
3250 5642 3523 5702 formidat.

1935 5708 2061 5764 dum
2095 5729 2107 5764 :
2149 5713 2347 5787 quippe
2391 5731 2499 5773 non
2541 5718 2820 5779 hominum
2865 5726 3124 5786 adversus
3167 5731 3416 5794 homines
3459 5760 3547 5801 es;

1935 5805 2075 5860 lucta
2099 5843 2115 5874 ,
2138 5805 2235 5864 sed
2258 5807 2535 5869 hominum
2559 5813 2817 5875 adversus
2831 5817 3108 5882 dcemones
3124 5836 3400 5887 certamen
3418 5844 3502 5893 est
