4082 6442
486 427 585 481 (H9

484 541 646 594 talem
671 576 687 600 ,
716 534 926 599 inquam
949 567 964 591 ,
993 535 1218 593 agonem
1250 515 1400 595 nobis
1445 520 1743 600 proponens
1767 543 1784 569 ,
1820 516 1925 600 pop

673 588 1051 684 ,rob-ustosqué‘
1095 589 1338 664 athletas
1376 602 1443 656 ad
1484 595 1772 654 certamina
1819 588 2057 651 induxit,

488 717 585 774 sed
609 707 1032 768 adolescentulos
1053 744 1068 769 ,
1096 716 1160 756 ac
1185 712 1304 753 cum
1349 694 1453 748 illis
1482 704 1662 746 senem
1709 685 2018 739 Eleazarum
2040 717 2056 742 ,

491 803 723 874 itemque
763 799 1036 855 mulierem
1065 789 1292 845 vetulam
1316 827 1333 852 ,
1361 777 1772 874 adolescentium
1813 779 2057 872 matrem.

489 896 626 965 Quid
640 861 755 948 lhoc
785 891 939 960 igitur
959 885 1080 940 est?
1106 880 1417 936 inutilemne
1444 883 1650 928 :ctatem
1679 866 1745 920 ad
1774 861 2061 965 certamina

491 954 544 1041 et
572 954 867 1040 scammala-
887 975 1077 1037 ducis?
1103 972 1221 1040 quis
1256 967 1456 1021 audivit
1497 973 1744 1027 umquam
1781 954 2061 1041 mulierem

493 1040 541 1130 in
574 1083 717 1128 tanta
756 1075 1025 1125 senectute
1053 1054 1434 1117 concertasse?
1477 1052 1642 1106 Nemo
1684 1045 1928 1099 audivit:
1967 1040 2062 1096 sed

484 1182 624 1237 ego,
675 1163 889 1232 inquit,
935 1158 1080 1213 illam
1123 1168 1238 1208 rem
1288 1143 1686 1204 incredibilem,
1735 1151 1973 1237 novam,
2010 1141 2064 1187 et

490 1227 773 1323 numquam
803 1248 1026 1305 antehae
1044 1244 1298 1307 auditam,
1342 1238 1469 1306 ipsis
1489 1233 1738 1303 operibus
1759 1227 2063 1282 credibilem

490 1320 699 1400 faciam.
728 1340 842 1396 Non
873 1338 1018 1394 enim
1045 1337 1088 1389 is
1107 1330 1421 1404 agonotheta
1445 1340 1559 1379 sum
1589 1338 1687 1391 ego
1710 1363 1728 1388 ,
1749 1320 1838 1392 qui
1859 1327 2067 1373 certan-

488 1436 620 1490 tium
661 1431 839 1486 virtuti
876 1425 1052 1482 omnia
1093 1421 1416 1478 committam
1444 1430 1459 1480 ;
1484 1413 1597 1469 sed
1636 1411 1824 1465 adsum
1851 1449 1866 1475 ,
1908 1420 2063 1476 opem

491 1527 603 1580 fero
631 1534 950 1588 manumque
976 1515 1186 1570 athletis
1212 1511 1346 1565 meis
1375 1507 1588 1578 porrigo
1611 1545 1624 1568 ,
1657 1513 1710 1557 et
1744 1501 1823 1554 rei
1855 1501 1922 1551 ab
1964 1496 2067 1551 illis

491 1617 699 1671 fortiter
723 1619 886 1682 gesta:
903 1621 1033 1678 pars
1059 1603 1284 1658 maxima
1325 1614 1392 1653 ex
1431 1593 1723 1667 patrocinio
1759 1605 1879 1646 meo
1908 1588 2069 1657 profi-

491 1706 724 1762 ciscitur.

565 1797 740 1851 Gratia
772 1792 1026 1862 Martyres
1052 1787 1203 1856 fortes
1233 1779 1640 1854 efﬁcit.—Cnm
1672 1776 1848 1843 itaque
1872 1769 2070 1826 videris

492 1887 768 1942 mulierem
801 1861 1115 1936 trementem
1142 1917 1157 1942 ,
1189 1873 1441 1933 vetulam,
1469 1867 1658 1924 baculo
1698 1871 1945 1934 egentem
1973 1902 1986 1924 ,
2017 1861 2067 1914 in

489 1987 760 2034 certamen
808 1972 1099 2042 ingressam
1125 2009 1139 2033 ,
1179 1964 1385 2036 tyranni
1427 1961 1659 2015 furorem
1694 1966 2068 2027 prosternere,

492 2072 832 2136 incorporeas
861 2064 1088 2117 virtutes
1116 2071 1373 2128 superare
1397 2095 1411 2119 ,
1455 2051 1720 2107 diabolum
1767 2049 1920 2102 facile
1953 2047 2070 2100 vin-

491 2175 656 2221 cere,
704 2157 923 2227 ejusque
974 2152 1135 2206 robur
1186 2157 1401 2202 strenue
1452 2141 1736 2197 admodum
1790 2139 2070 2207 frangere,

492 2250 825 2322 agonotheta:
877 2245 1098 2316 gratiam
1161 2239 1468 2302 admirare,
1533 2233 1726 2287 Christi
1787 2237 2070 2297 conspecta

495 2319 690 2409 virtute
732 2339 1063 2406 obstupesce.
1130 2331 1244 2385 Non
1289 2326 1578 2382 secundum
1618 2337 1829 2378 carnem
1871 2319 2073 2374 robusti

497 2441 619 2488 sunt
643 2428 856 2484 athleta:
880 2469 895 2494 ,
922 2424 1016 2480 sed
1042 2420 1332 2477 secundum
1363 2418 1519 2472 fidem
1550 2433 1563 2469 :
1598 2414 1801 2469 infirma
1829 2422 1903 2467 est
1934 2412 2075 2480 ipso-

494 2538 612 2578 rum
642 2529 827 2575 natura
851 2558 867 2584 ,
895 2516 988 2572 sed
1020 2523 1207 2582 potens
1231 2520 1348 2576 est,
1379 2525 1496 2579 quae
1522 2507 1668 2575 ungit
1697 2520 1790 2559 eos
1816 2548 1830 2570 ,
1859 2503 2070 2575 gratia:

496 2613 667 2667 soluta
699 2618 820 2664 sunt
845 2613 1118 2661 senectute
1141 2615 1362 2670 cci-pora
1387 2641 1402 2665 ,
1429 2598 1519 2652 sed
1545 2596 1777 2651 roborati
1804 2604 1927 2648 sunt
1957 2593 2073 2647 ani-

499 2702 570 2755 mi
594 2700 800 2770 pietatis
820 2711 1024 2752 amore.
1053 2693 1166 2748 Non
1194 2703 1276 2747 est
1296 2691 1562 2745 sensibilis
1585 2703 1753 2758 pugna
1785 2704 1796 2739 :
1831 2701 1896 2739 ne
1920 2685 2078 2754 igitur

499 2791 725 2844 athletas
750 2788 1078 2842 extrinsecus
1103 2783 1409 2839 consideres
1433 2822 1448 2846 ,
1472 2780 1564 2835 sed
1593 2778 1868 2832 ratiocinio
1890 2791 2076 2830 eorum

427 2944 438 2954 '
501 2881 663 2935 animi
690 2879 852 2933 robur
877 2879 1017 2933 intus
1046 2875 1312 2946 perpende
1338 2891 1351 2939 ;
1383 2872 1660 2927 considera
1695 2871 1928 2938 ipsorum
1956 2867 2076 2921 fidei

499 2970 859 3026 fortitudinem
885 3010 899 3033 ,
930 2978 986 3022 ut
1015 2967 1218 3023 ediscas
1262 2979 1381 3020 cum
1408 3005 1422 3026 ,
1462 2963 1552 3031 qui
1593 2976 1711 3015 eum
1749 2959 2078 3013 diemnnibus

498 3069 731 3131 pugnet,
761 3075 865 3113 non
887 3060 1102 3113 robusto
1122 3056 1361 3124 corporis
1381 3055 1562 3107 habitu
1583 3061 1636 3106 et
1655 3053 1796 3106 mole
1817 3051 2075 3120 indigere,

499 3167 677 3222 neque
707 3159 863 3205 aetate
886 3148 1071 3203 florida
1097 3165 1112 3212 ;
1142 3146 1233 3202 sed
1262 3146 1362 3200 etsi
1401 3143 1683 3198 admodum
1721 3142 1930 3211 juvenis
1971 3142 2077 3207 sit,

498 3243 595 3297 etsi
619 3244 837 3295 decursa
857 3240 964 3308 jam
987 3245 1140 3292 artate
1164 3280 1178 3302 ,
1207 3238 1250 3291 si
1275 3238 1453 3290 animo
1474 3250 1734 3305 generoso
1751 3234 2078 3302 robustoque

500 3331 752 3401 prmditus
809 3331 914 3396 sit,
965 3328 1092 3384 nihil
1147 3328 1323 3381 damni
1373 3327 1439 3381 ab
1482 3335 1638 3380 aetate
1687 3327 1738 3380 in
1788 3325 2079 3381 certamine

501 3426 762 3493 accipere.

569 3517 623 3571 2.
665 3515 866 3584 Ecquid
908 3515 1026 3570 dico
1068 3528 1246 3567 senem
1289 3521 1346 3567 et
1381 3511 1631 3581 juvenem
1660 3552 1675 3576 ,
1718 3511 1930 3580 quando
1960 3527 2079 3564 mu-

500 3609 661 3663 lieres
713 3606 842 3677 ipsa:
889 3607 1002 3660 haec
1040 3610 1327 3658 certamina
1373 3604 1642 3668 inierunt,
1685 3603 2079 3673 splendidisque

500 3697 711 3752 coronis
741 3695 998 3750 redimitae
1025 3693 1188 3747 sunt?
1231 3693 1363 3747 Nam
1409 3703 1625 3747 externa
1665 3694 1879 3762 quidem
1911 3702 2081 3747 certa-

502 3789 641 3842 mina
695 3794 901 3839 :etatem
929 3825 943 3848 ,
986 3793 1225 3836 naturam
1268 3794 1320 3838 et
1349 3782 1658 3853 dignitatem
1706 3785 2036 3853 exquirentia
2065 3826 2080 3850 ,

499 3879 671 3934 servis
698 3919 713 3942 ,
744 3873 1051 3930 mulieribus
1075 3916 1088 3937 ,
1129 3874 1346 3928 senibus
1368 3914 1383 3940 ,
1431 3874 1843 3928 adolescentulis
1881 3875 2079 3928 aditum

505 3971 862 4025 interclndunt
885 3985 898 4031 ;
932 3968 1017 4021 hic
1041 3983 1170 4021 vero
1196 3966 1410 4020 cuilibet
1437 3966 1726 4020 conditioni
1752 4008 1767 4030 ,
1794 3967 1936 4020 aetati
1965 3967 2078 4020 cui-

503 4061 666 4121 libet,
699 4059 904 4127 utrique
940 4056 1089 4110 sexui
1129 4056 1391 4110 theatrum
1439 4071 1629 4125 magna
1672 4056 1792 4110 data
1838 4057 2081 4111 libertate

504 4150 737 4218 aperitur
760 4189 774 4212 ,
806 4158 863 4201 ut
891 4155 943 4200 et
973 4146 1340 4200 liberalitatem
1383 4154 1436 4200 et
1473 4146 1880 4200 inenarrabilem
1913 4147 2082 4200 virtu-

506 4248 609 4293 tem
642 4237 756 4306 ejns
780 4279 793 4300 ,
827 4239 913 4306 qui
943 4248 1210 4290 certamen
1241 4236 1465 4290 instituit
1488 4278 1500 4301 ,
1523 4237 1728 4291 ediscas
1747 4278 1761 4299 ,
1787 4246 1838 4292 et
1865 4248 2082 4307 aposto-

511 4329 666 4383 licum
715 4326 840 4381 illud
892 4329 1087 4382 dictum
1143 4328 1391 4395 operibus
1439 4328 1807 4383 confirmatum
1853 4329 2079 4384 videas:

512 4421 642 4486 Quia
663 4421 813 4472 virtus
835 4419 944 4488 ejus
965 4421 1014 4471 in
1035 4417 1327 4486 inﬁrmitate
1355 4419 1610 4487 perﬁcitur
1635 4418 1708 4490 (‘2.
1733 4418 1849 4474 Cor.
1878 4419 1964 4473 l2.
1986 4419 2080 4491 9

506 4510 725 4575 Quando
762 4510 902 4566 enim
937 4509 1081 4578 pueri
1108 4517 1161 4564 et
1197 4495 1369 4563 senes.
1393 4524 1550 4578 supra
1588 4519 1831 4573 naturam
1877 4510 2083 4565 fortiter

505 4609 667 4671 agunt
692 4642 706 4664 ,
739 4601 829 4654 Dei
862 4600 911 4652 in
942 4599 1066 4668 ipsis
1092 4599 1361 4669 operantis
1381 4600 1550 4670 gratia
1572 4601 1844 4669 splendide
1867 4616 2083 4670 prorsus

506 4691 918 4746 demonstratur.

578 4780 760 4834 Matris
810 4779 1211 4835 Maccabworum
1252 4782 1427 4837 virtus.
1458 4812 1528 4823 —
1553 4783 1622 4840 Ut
1664 4794 1839 4840 autem
1879 4787 2086 4843 ediscas

509 4871 651 4926 illam
683 4876 998 4928 exteriorem
1030 4873 1349 4928 athletarum
1373 4875 1736 4931 infirmitatem
1764 4879 1908 4947 ipsos
1932 4893 2087 4934 coro-

509 4980 630 5018 nam
669 4975 995 5034 reportantes
1029 4966 1416 5035 splendidiores
1465 4967 1690 5024 reddere
1713 5012 1728 5035 ,
1781 4985 1879 5040 age
1904 5012 1918 5037 ,
1957 4987 2086 5027 sene

507 5056 788 5126 pueriSque
816 5056 1048 5110 dimissis
1072 5099 1087 5123 ,
1121 5057 1464 5112 inﬁrmiorem
1497 5059 1601 5114 illis
1629 5061 1904 5115 mulierem
1933 5071 2086 5116 vetu-

508 5149 614 5201 lam
641 5188 656 5212 ,
686 5156 886 5215 septem
918 5147 1144 5216 filiorum
1173 5157 1398 5204 matrem
1429 5191 1442 5214 ,
1488 5152 1538 5204 in
1576 5152 1811 5207 medium
1853 5153 2085 5209 adduca.

509 5250 624 5289 mus
654 5253 667 5291 :
698 5252 818 5289 nam
853 5248 1033 5305 partus
1060 5239 1271 5295 labores
1299 5257 1401 5295 non
1429 5241 1545 5297 leve
1570 5242 2002 5313 impedimentum
2034 5249 2087 5303 in

509 5328 590 5380 his
615 5327 991 5382 certaminibus
1017 5329 1260 5384 afferunt.
1305 5332 1440 5398 Quid
1475 5349 1600 5404 ergo
1637 5338 1783 5404 prius
1818 5338 1869 5392 in
1899 5354 1962 5392 ea
1989 5339 2086 5394 ad-

508 5419 805 5472 miremur?
828 5419 1256 5477 infirmitatemne
1276 5435 1478 5480 natura:
1505 5467 1520 5491 ,
1545 5443 1609 5481 an
1635 5440 1935 5498 provectam
1961 5443 2088 5487 teta-

507 5517 612 5561 tem
640 5550 654 5574 ,
685 5525 750 5562 an
778 5522 1030 5565 materna:
1055 5514 1535 5571 commiserationis
1559 5528 1774 5575 Sensum
1808 5522 2088 5592 fragilem?

509 5598 526 5671 [
557 5601 722 5656 Mater
760 5604 901 5658 enim
931 5615 1046 5658 erat
1074 5622 1087 5659 :
1120 5607 1260 5662 unde
1289 5606 1441 5665 facile
1466 5627 1584 5665 eam
1615 5616 1869 5682 potuisset
1896 5617 1946 5670 in
1977 5628 2087 5672 tor-

508 5696 698 5748 mentis
745 5695 1009 5750 viscerum
1062 5713 1278 5752 suorum
1323 5701 1535 5758 vincere
1590 5716 1828 5761 materna
1879 5710 2086 5777 pietas,

509 5783 610 5840 nisi
638 5784 827 5841 divinae
851 5788 1240 5858 pietatisaltior
1261 5793 1423 5849 virtus
1445 5795 1577 5850 virili
1608 5795 1708 5851 fide
1738 5799 1875 5854 anile
1903 5811 2086 5869 peetus

1221 407 1278 462 s.
1318 396 1592 459 JOANNIS
1627 380 2095 449 cnnvsosrout
2133 379 2450 436 meumr.
2493 371 3023 434 consumma.

3647 360 3756 412 6‘20

2169 500 2402 545 armaret
2426 492 2501 563 (λα)
2522 487 2564 561 ].
2595 487 2779 556 Magna
2805 483 3062 554 siquidem
3089 481 3210 534 haec
3232 487 3354 532 Sltlll
3375 475 3751 545 impedimenta

2167 583 2234 637 ad
2269 592 2427 638 tanta;
2458 579 2724 652 patientia:
2749 590 2985 633 cursum.
3012 573 3127 643 Ego
3157 584 3286 626 vero
3308 567 3449 623 aliud
3480 565 3758 635 proferen-

2168 674 2293 728 dum
2322 674 2492 728 habeo
2519 669 2601 725 his
2622 669 2793 738 majus
2817 708 2831 730 ,
2871 680 2977 736 quo
3017 672 3068 718 et
3111 662 3351 716 mulieris
3389 657 3751 713 fortitudinem

2167 774 2221 818 et
2245 764 2439 817 diaboli
2467 761 2729 815 vafritiem
2764 767 2928 811 totam
2958 755 3250 809 videamus.
3277 750 3553 818 Quodnam
3583 747 3713 801 illud
3733 746 3769 799 Γ

2168 853 2547 908 Animadverte
2574 849 2798 917 improbi
2826 845 3083 900 dmmonis
3112 845 3400 913 nequitiam
3433 859 3446 894 :
3477 855 3583 895 non
3613 839 3766 908 prio-

2170 960 2281 999 rem
2315 945 2454 998 illam
2484 944 2642 997 traxit
2672 943 2722 995 in
2754 947 3040 994 scammata
3065 978 3082 1004 ,
3110 937 3206 991 sed
3239 945 3361 1004 post
3387 935 3522 988 filios
3547 933 3612 986 ad
3641 947 3768 986 cer-

2172 1033 2368 1087 tamina
2398 1032 2566 1086 duxit.
2599 1030 2815 1097 Quare?
2856 1028 2924 1084 Ut
2964 1035 3244 1098 postquam
3282 1034 3486 1093 septem
3527 1022 3764 1075 filiorum

2170 1123 2490 1178 cruciatibus
2535 1123 2649 1192 ejus
2696 1121 2929 1175 animum
2984 1118 3133 1188 prius
3174 1116 3493 1185 dejecisset,
3536 1115 3766 1183 ejusque

2173 1218 2365 1271 mentis
2395 1216 2696 1270 firmitatem
2728 1213 3075 1269 emollivisset
3100 1253 3116 1276 ,
3160 1224 3340 1264 rerum
3381 1207 3592 1261 illarum
3634 1220 3766 1274 spe-

2169 1309 2377 1362 ctaculo
2408 1309 2553 1376 prius
2581 1307 2862 1375 absumpta
2893 1303 3204 1357 fortitudine
3233 1302 3286 1355 in
3317 1299 3592 1369 suppliciis
3620 1297 3766 1351 lilio-

2171 1414 2288 1453 rum
2311 1439 2325 1462 ,
2351 1396 2608 1452 infirmior
2626 1400 2838 1451 demum
2863 1394 2996 1448 facta
3017 1393 3223 1447 facilius
3244 1389 3534 1460 expugnari
3560 1395 3770 1458 posset.

2170 1491 2249 1546 Nc
2285 1489 2592 1544 consideres
2637 1489 2754 1541 illos
2801 1486 3077 1555 excepisse
3125 1493 3390 1538 tormenta
3416 1480 3554 1548 ,sed
3585 1489 3776 1534 tecum-

2172 1590 2357 1650 reputa
2391 1580 2535 1639 illam
2561 1579 2625 1632 ad
2654 1577 2891 1648 singulos
2920 1575 3194 1647 graviores
3222 1574 3406 1628 tulisse
3433 1572 3650 1627 dolores
3673 1610 3691 1637 ,
3717 1579 3784 1624 es

2173 1672 2225 1725 in
2257 1673 2477 1740 singulis
2507 1686 2691 1724 eorum
2722 1669 3023 1723 confessam
3049 1681 3189 1722 esse.
3235 1665 3496 1733 Quodque
3537 1663 3786 1718 dicimus-

2175 1762 2342 1830 probe
2389 1768 2584 1814 norunt
2622 1769 2881 1829 quotquot
2920 1758 3178 1812 mulieres
3201 1764 3383 1825 partus
3422 1755 3637 1809 dolores
3677 1767 3786 1807 ex-

2177 1861 2340 1921 perun
2365 1861 2488 1905 sunt
2515 1892 2529 1914 ,
2560 1859 2614 1903 et
2640 1859 2838 1904 matres
2868 1857 3172 1904 evaserunt.
3217 1848 3369 1916 Smpe
3396 1862 3627 1916 namque
3654 1860 3774 1899 ma-

2179 1954 2260 1998 ter
2286 1943 2416 1997 febri
2449 1951 2765 1997 :rstuantem
2797 1943 2964 1995 lilium
2992 1940 3178 1999 videns
3203 1982 3217 2005 ,
3247 1940 3381 1995 nihil
3423 1954 3528 1995 non
3568 1939 3794 1993 doloris

2177 2038 2525 2105 amplectatur
2549 2078 2564 2101 ,
2598 2046 2655 2089 ut
2681 2051 2748 2090 ex.
2774 2035 2865 2089 illo
2889 2050 3116 2104 corpore
3145 2033 3476 2104 aegritudinis
3509 2033 3683 2102 ignem
3717 2032 3772 2084 in

2178 2144 2237 2184 se
2265 2127 2550 2182 transferat
2594 2146 2606 2181 :
2649 2128 2716 2180 ita
2766 2142 2957 2195 nempe
2991 2138 3189 2180 matres
3235 2125 3465 2179 filiorum
3510 2138 3792 2178 aerumnas

2181 2221 2412 2291 propriis
2436 2221 2587 2273 malis
2612 2219 3055 2273 intolerabiliores
3075 2218 3401 2272 existimant.
3426 2217 3578 2284 Quod
3601 2219 3647 2270 si
3676 2217 3784 2271 hoc

2181 2328 2361 2366 verum
2389 2321 2472 2366 est
2496 2354 2510 2377 ,
2557 2322 2615 2365 ut
2642 2321 2725 2366 est
2752 2311 2986 2382 profecto
3009 2326 3191 2365 verum
3219 2353 3232 2375 ,
3265 2311 3315 2364 in
3343 2310 3616 2379 suppliciis
3644 2309 3786 2363 filio-

2180 2420 2298 2458 rum
2331 2404 2547 2474 gravius
2574 2420 2732 2472 qnam
2778 2403 2876 2471 ipsi
2921 2403 3011 2456 lilii
3051 2401 3387 2455 cruciabatur
3429 2412 3598 2456 mater
3621 2443 3637 2466 ,
3668 2417 3785 2453 nza-

2175 2497 2368 2567 jnsque
2399 2496 2450 2549 in
2481 2505 2650 2549 matre
2678 2496 2991 2565 martyrium
3016 2503 3129 2548 erat
3154 2535 3168 2558 ,
3200 2508 3359 2564 quam
3389 2493 3439 2546 in
3470 2491 3614 2546 filiis.
3643 2491 3781 2546 Nam

2181 2574 2343 2641 si'vel
2383 2586 2541 2640 unius
2578 2583 2666 2638 filii
2716 2587 2934 2639 morbus
2976 2583 3253 2638 nuntiatus
3289 2597 3527 2638 materna
3573 2584 3795 2637 viscera-

2183 2681 2358 2733 turbat
2383 2721 2395 2741 ,
2425 2695 2530 2731 non
2555 2693 2658 2731 uno
2687 2678 2858 2730 solum
2884 2678 2990 2730 filio
3015 2717 3032 2740 ,
3061 2676 3153 2730 sed
3183 2684 3329 2729 tanto
3356 2675 3586 2729 ﬁliorum
3615 2676 3792 2729 inter-

2182 2768 2322 2823 feeto
2348 2769 2514 2824 choro
2542 2811 2556 2835 ,
2582 2784 2701 2823 cum
2730 2784 2834 2821 non
2857 2767 3041 2822 auditu
3068 2768 3184 2819 solo
3210 2808 3225 2832 ,
3254 2767 3345 2820 sed
3371 2767 3486 2820 visu
3512 2767 3785 2821 cruciatus

2185 2861 2487 2929 perciperet
2516 2901 2530 2925 ,
2561 2859 2687 2929 quid
2719 2873 2822 2912 non
2860 2865 3015 2928 passa
3058 2857 3260 2911 fuerit?
3289 2856 3570 2926 quomodo
3589 2857 3790 2912 mentis

2183 2965 2403 3014 compos
2429 2965 2547 3004 esse
2575 2950 2844 3017 potuerit,
2886 2963 3006 3001 cum
3043 2949 3281 3016 singulos
3319 2947 3525 3003 videret
3559 2948 3798 3003 diversis-

2183 3051 2238 3095 et
2279 3041 2564 3096 horrendis
2607 3041 2880 3111 suppliciis
2927 3041 3178 3110 paulatim
3226 3041 3476 3095 occisos?
3516 3040 3788 3110 quomodo

2178 3151 2291 3189 non
2321 3136 2495 3203 erupit
2525 3151 2554 3188 e
2580 3149 2802 3203 corpore
2827 3135 3003 3186 anima
3024 3132 3048 3185 '.‘
3069 3133 3339 3202 quomodo
3371 3148 3475 3186 non
3507 3148 3579 3187 cx
3610 3135 3799 3202 primo—

2185 3239 2401 3297 aSpeetu
2430 3229 2480 3280 in
2510 3242 2696 3296 rogum
2730 3227 2915 3298 insiliit
2938 3268 2953 3290 ,
2986 3235 3043 3280 ut
3083 3240 3142 3280 se
3187 3241 3217 3277 a
3247 3227 3452 3296 reliquo
3481 3227 3789 3295 spectaculo

2187 3321 2481 3375 liberaret?
2511 3317 2624 3371 Etsi
2645 3317 2785 3372 enim
2819 3317 3294 3386 philosophabatur
3319 3360 3332 3381 ,
3362 3327 3417 3371 at
3441 3327 3613 3373 mater
3633 3304 3785 3383 erati;

2186 3413 2284 3467 etsi
2317 3411 2562 3480 religiosa
2599 3417 2712 3463 erat
2736 3449 2751 3474 ,
2780 3418 2834 3462 at
2856 3424 3016 3462 carne
3045 3409 3405 3470 induebatur;
3449 3410 3548 3463 etsi
3593 3409 3790 3464 alacris

2185 3510 2319 3566 erat,
2381 3511 2435 3555 at
2476 3500 2755 3555 muliebris
2804 3510 2922 3554 erat
2968 3515 3134 3555 sexus
3156 3517 3182 3565 ;-
3205 3501 3304 3554 etsi
3353 3499 3530 3553 studio
3576 3501 3790 3569 pietatis

2193 3592 2468 3657 fervebat,
2518 3591 2612 3646 sed
2653 3602 2898 3662 partuum
2931 3592 3143 3645 vinculo
3181 3590 3538 3645 detinebatnr.
3568 3590 3707 3647 Nam
3738 3595 3785 3648 si

2188 3699 2284 3738 nos
2309 3726 2323 3750 ,
2355 3684 2452 3739 viri
2483 3698 2602 3738 cum
2630 3684 2797 3738 simus
2822 3723 2839 3748 ,
2867 3698 3018 3736 reum
3048 3682 3291 3736 videntes
3317 3697 3413 3752 per
3451 3681 3624 3737 forum
3656 3685 3742 3754 agi
3769 3725 3786 3749 ,

2187 3777 2364 3832 funem
2412 3777 2464 3830 in
2509 3792 2604 3831 ore
2655 3775 2941 3829 habentem
2970 3815 2983 3838 ,
3036 3773 3088 3827 in
3138 3774 3559 3845 barathrumque
3606 3775 3787 3842 trahi,

2187 3868 2395 3922 etiamsi
2438 3867 2578 3920 nulla
2615 3881 2733 3921 cum
2761 3881 2826 3921 eo
2851 3866 3086 3921 amicitia
3109 3865 3280 3935 juncti
3306 3908 3322 3930 ,
3353 3866 3455 3920 hoc
3479 3870 3787 3936 spectaculo

2187 3960 2479 4028 frangimur
2501 3999 2516 4024 ,
2547 3960 2648 4015 etsi
2678 3959 2928 4014 idoneum
2955 3959 3020 4013 ad
3053 3959 3355 4014 leniendam
3384 3961 3784 4016 miserationem

2189 4053 2434 4107 solatium
2505 4052 2832 4120 habeamus,
2897 4043 3133 4107 damnati
3194 4068 3389 4121 nempe
3445 4054 3783 4124 nequitiam:

2188 4155 2444 4213 quantum
2490 4144 2575 4196 illa
2605 4159 2757 4213 passa
2788 4143 2949 4198 fuerit
2975 4186 2990 4210 ,
3023 4159 3142 4213 qua:
3170 4159 3284 4198 non.
3313 4160 3462 4199 reum
3493 4162 3655 4199 unum
3687 4147 3788 4202 ab—

2191 4233 2310 4287 duci
2343 4234 2585 4298 videret,
2637 4234 2730 4287 sed
2771 4235 2938 4288 simul.
2967 4249 3178 4304 unaque
3217 4234 3305 4288 die
3351 4244 3556 4305 septem
3599 4235 3740 4291 filios
3773 4278 3786 4302 ,

2190 4341 2296 4380 non
2331 4327 2496 4380 celeri
2529 4335 2698 4381 morte
2724 4362 2743 4391 ν
2780 4325 2875 4380 sed
2906 4327 3063 4380 variis
3105 4326 3378 4395 suppliciis
3417 4328 3628 4382 ευδοςῖ
3672 4328 3797 4384 Etsi-

2189 4419 2330 4470 enim
2360 4417 2568 4486 lapidea
2600 4417 2784 4472 fuisset
2810 4459 2828 4484 ,
2855 4419 2957 4472 etsi
2987 4419 3192 4473 viscera
3223 4417 3501 4472 habuisset
3529 4419 3789 4475 adaman-

2191 4508 2300 4562 tina-
2325 4549 2340 4574 ,
2373 4524 2550 4563 annon
2581 4509 2786 4562 turbata
2834 4507 3024 4563 fuisset
3048 4549 3068 4576 ,
3092 4525 3272 4563 annon
3299 4511 3569 4581 quidpiam
3597 4526 3799 4566 eorum

2193 4618 2348 4672 passa
2377 4611 2520 4658 esset
2548 4645 2563 4667 ,
2594 4603 2771 4672 qualia
2799 4612 2852 4658 et
2877 4604 3155 4658 mulierem
3187 4613 3244 4659 et
3283 4615 3508 4659 matrem
3539 4606 3649 4673 pati
3694 4621 3794 4675 par

2189 4694 2347 4747 erat?
2377 4693 2560 4762 Cogita
2597 4692 2725 4746 mihi
2771 4700 3026 4762 quantum
3065 4693 3394 4749 admiremur
3430 4697 3792 4766 patriarcham

2191 4785 2463 4840 Abraham
2495 4826 2509 4850 ,
2541 4786 2630 4855 qui
2669 4785 2832 4840 filium
2883 4802 3081 4853 suum,
3129 4795 3187 4840 ut
3229 4788 3442 4842 offerret
3467 4829 3482 4853 ,
3522 4789 3694 4843 vinxit
3733 4801 3794 4845 et

2192 4876 2348 4931 altari
2397 4877 2649 4946 imposuit
2694 4894 2707 4930 :
2756 4887 2812 4931 et
2857 4885 2983 4932 tunc
3031 4879 3198 4946 probe
3245 4880 3543 4949 eomperies
3589 4890 3797 4950 quanta

2193 4968 2353 5024 fuerit
2390 4971 2629 5025 mulieris
2662 4969 2939 5024 fortitudo.
2982 4971 3030 5025 0
3065 4972 3470 5027 acerbissimum
3497 5015 3514 5040 ,
3542 4973 3798 5045 idemque

2192 5066 2569 5120 suavissimum
2600 5068 3005 5135 spectaculum!
3034 5068 3437 5124 acerbissimum
3467 5070 3680 5140 quidem
3725 5072 3800 5126 ob

2192 5171 2414 5226 rerum,
2469 5176 2588 5228 qua:
2651 5163 2976 5231 agebantur,
3051 5172 3341 5229 naturam;
3411 5165 3797 5220 suavissimum

2191 5266 2321 5307 vero
2359 5252 2428 5306 ob
2462 5253 2708 5308 affectum
2751 5255 3001 5310 videntis.
3049 5255 3167 5310 Non
3212 5257 3356 5311 enim
3399 5257 3486 5311 illa
3535 5256 3795 5314 fluentem

2193 5349 2505 5418 sanguinem
2538 5350 2857 5418 respiciebat
2880 5391 2900 5417 ,
2927 5350 3021 5406 sed
3054 5365 3284 5406 coronas
3321 5352 3541 5419 justitize
3566 5362 3794 5406 contex-

2195 5441 2277 5488 tas
2301 5452 2316 5500 ;
2345 5451 2451 5490 non
2480 5436 2785 5491 intuebatur
2813 5436 3059 5492 confossa
3089 5438 3255 5492 latera
3279 5476 3296 5503 ,
3343 5438 3437 5493 sed
3480 5447 3676 5491 mterna
3710 5447 3795 5490 ta-

2196 5526 2482 5581 bernacula
2533 5537 2875 5594 constructa;
2939 5543 3047 5583 non
3108 5528 3324 5584 videbat
3383 5530 3800 5583 circumstantes

2261 5688 2333 5750 (α)
2366 5697 2478 5746 Quae
2495 5689 2684 5738 uncinis
2705 5688 3009 5743 clauduntur.
3032 5689 3080 5737 in
3105 5688 3240 5738 nullo
3263 5695 3443 5746 Graec,
3469 5684 3598 5749 quod
3623 5685 3793 5750 videre

2196 5748 2348 5859 Licuit,
2378 5751 2646 5862 εἴρωνιὶπὶ
2671 5752 2932 5812 habentur,
2957 5750 3047 5802 sed
3091 5765 3155 5802 ex
3192 5750 3352 5802 veteri
3389 5748 3794 5812 interpretatione

2234 5825 2401 5862 Clumt.
2429 5827 2454 5862 :t
2479 5828 2569 5862 sun
2596 5847 2609 5862 .

2263 5826 2454 5876 sumjta
2479 5826 2609 5864 sunt.
