4082 6418
262 356 364 415 διο

260 473 473 542 γῶντας
497 468 632 542 πρὸς
664 468 732 523 τά
754 469 1114 540 παλαίσματα
1140 469 1368 540 ἢγαγεν,
1408 467 1541 521 ἀλλά
1577 469 1843 538 μειράκια

259 551 481 621 κομιδῇ,
503 554 597 604 καὶ
621 554 739 621 μετ’
759 550 982 602 ἐκείνων
999 550 1252 621 γέροντα,
1273 549 1366 600 τὸν
1390 548 1843 618 Ἐλεάζαρον,καὶ

259 631 391 700 πρὸς
417 628 627 692 τούτοις
665 629 894 695 γυναῖκα
936 629 1333 697 γεγηρακυῖαν,
1368 625 1467 694 τὴν
1497 626 1708 695 μητέρα
1735 624 1842 676 τῶν

255 708 582 778 μειρακίων,
617 705 682 758 Τί
715 723 843 758 ποτε
895 705 1057 758 τοῦτο
1095 705 1203 773 ἀρα
1251 704 1386 766 ἐστὶ,
1421 705 1705 769 Δέσποτα;
1745 703 1843 773 τὴν

250 786 528 854 ἄχρηστον
553 785 767 854 ἠλικίαν
798 785 932 854 πρὸς
955 784 1024 836 τά
1068 783 1428 851 ἀγωνίσματα
1458 785 1537 844 είς
1558 782 1626 834 τά
1662 783 1842 851 σκάμ-

254 879 407 931 ματα
435 863 615 930 ἀγειςς
645 863 727 925 τίς
764 864 962 933 ἢκουσε
993 864 1228 929 γυναῖκα
1276 859 1684 930 ἀγωνιζομένην
1712 859 1844 912 ποτὲ

251 942 312 990 ἐν
335 942 484 1009 γήρᾳ
505 939 780 1009 τοσούτῳ;
806 938 992 999 Οὐδεὶς
1020 938 1272 1007 ἤκουσεν·
1308 937 1422 989 ἀλλ’
1441 935 1552 1004 ἐγὼ
1575 939 1634 989 τὸ
1663 936 1843 1006 παρά-

247 1019 408 1083 δοξον
439 1017 619 1080 τοῦτο,
677 1019 831 1086 φησὶ,
870 1017 964 1067 καὶ
999 1016 1183 1068 καινὸν
1225 1018 1320 1068 καὶ
1369 1015 1492 1068 οὔτε
1540 1017 1678 1086 ἁκοῇ
1714 1032 1844 1068 ποτε

247 1097 599 1166 παραδεχθὲν
632 1097 721 1149 διά
752 1096 858 1148 τῶν
908 1097 1086 1167 ἔργων
1136 1095 1318 1147 αὐτῶν
1365 1096 1734 1164 πιστώσομαι.
1768 1095 1842 1147 Ού

249 1175 366 1245 γάρ
388 1175 628 1237 τοιοῦτος
660 1174 1004 1243 ἀγωνοθέτης
1031 1173 1162 1241 ἐγὼ,
1181 1173 1256 1236 ώς
1278 1175 1341 1242 τῇ
1373 1174 1482 1224 τῶν
1512 1173 1844 1242 ἀγωνιζομέ-

249 1269 362 1304 νων
395 1253 623 1322 δυνάμει
653 1252 713 1303 τὸ
745 1253 853 1304 πᾶν
899 1253 1240 1322 ἐπιτρέπειν·
1286 1253 1423 1304 ἀλλά
1475 1253 1852 1321 παρίσταμαι,

249 1331 352 1383 καὶ
381 1330 580 1400 βοηθῶ,
610 1332 705 1384 καὶ
743 1334 901 1401 χεῖρα
929 1331 1107 1401 ὀρέγω
1131 1334 1243 1394 τοῖς
1271 1333 1421 1400 ἐμοῖς
1455 1330 1735 1400 ἀθληταῖς,
1753 1332 1847 1382 καὶ

246 1409 366 1461 τῶν
394 1411 842 1480 κατορθουμένων
869 1410 930 1463 τὸ
963 1410 1125 1464 πλέον
1154 1410 1338 1472 αὐτοῖς
1369 1412 1433 1461 ὲκ
1459 1409 1558 1478 τῆς
1591 1409 1730 1479 ἐμῆς
1758 1409 1845 1475 γί-

249 1503 406 1539 νεται
433 1488 794 1557 προστασίας.

307 1590 498 1645 *Ὀταν
527 1588 619 1642 οὖν
645 1590 761 1661 ῖδῃς
793 1589 1029 1656 γυναῖκα
1064 1587 1391 1658 ὑπότρομον,
1435 1590 1846 1658 γεγηρακυῖαν,

249 1668 564 1739 βακτηρίας
584 1667 866 1738 δεομένην,
895 1669 975 1729 είς
1002 1666 1191 1734 ἀγῶνα
1222 1665 1520 1729 εἰσιοῦσαν,
1561 1668 1656 1720 καὶ
1680 1685 1849 1720 κατα-

247 1747 489 1800 λύουσαν
511 1747 776 1817 τυράννου
813 1745 1034 1815 μανίαν,
1079 1746 1508 1814 περιγινομένην
1538 1748 1848 1816 ἀσωμάτων

249 1823 411 1898 [624]
455 1825 774 1894 δυνάμεων,
825 1821 1134 1898 κρατοῦσαν
1181 1823 1276 1875 τοῦ
1326 1822 1571 1876 διαϐόλου
1618 1824 1845 1893 ῥᾳδίως,

252 1897 672 1969 συγκόπτουσαν
711 1899 877 1953 αὑτοῦ
910 1898 1010 1968 τὴν
1043 1897 1158 1961 ἕξιν
1201 1911 1226 1938 ι
1285 1901 1401 1969 μετ’
1435 1900 1686 1963 ἐξουσίας
1720 1902 1848 1954 πολ-

249 1979 381 2047 λῆς,
414 1979 696 2049 θαύμασον
726 1979 817 2030 τοῦ
847 1977 1188 2044 ἀγωνοθέτου
1209 1975 1307 2048 τὴν
1335 1977 1516 2046 χάριν,
1541 1978 1849 2050 ἐκπλάγηθι

248 2057 353 2110 τοῦ
383 2056 620 2128 Χριστοῦ
674 2059 772 2127 τὴν
821 2056 1070 2125 δύναμιν.
1121 2055 1196 2108 Οὐ
1249 2056 1523 2127 σφριγῶσι
1577 2059 1718 2111 κατά
1752 2058 1849 2128 τὴν

253 2137 443 2207 σάρκα
475 2138 524 2188 οί
558 2135 809 2206 ἀθληταὶ,
858 2135 995 2187 ἀλλὰ
1044 2135 1316 2204 σφριγῶσι
1351 2135 1493 2188 κατά
1523 2136 1620 2204 τὴν
1644 2136 1846 2189 πίστιν·

247 2213 494 2284 ἀσθενὴς
540 2213 720 2267 αὐτῶν
763 2214 794 2283 η
840 2213 1021 2280 φύσις,
1062 2212 1197 2265 ἀλλά
1253 2213 1452 2284 δυνατὴ
1492 2213 1526 2283 ἡ
1583 2214 1850 2283 ἀλείψασα

250 2292 460 2354 αὐτοὺς
480 2292 661 2361 χάρις·
685 2291 1053 2360 παρᾳλέλυται
1083 2292 1150 2344 τά
1178 2291 1406 2361 σώματα
1429 2291 1508 2362 τῷ
1529 2294 1694 2364 γήρᾳ,
1715 2293 1851 2347 άλλά

255 2369 700 2438 συγκεκρότηται
724 2369 791 2421 τά
809 2371 1135 2440 φρονήματα
1154 2368 1233 2437 τῷ
1253 2369 1402 2439 πόθῳ
1423 2370 1522 2439 τῆς
1543 2369 1848 2433 εὐσεϐείας.

246 2451 377 2505 Οὐκ
411 2449 560 2504 ἐστιν
597 2441 855 2521 αίσθητδς
887 2453 915 2504 ό
946 2449 1114 2518 ἀγών·
1157 2450 1232 2521 μὴ
1257 2451 1434 2504 τοίνυν
1457 2450 1655 2516 ἔξωθεν
1678 2471 1851 2505 κατα-

257 2528 446 2599 μάθῃς
467 2529 595 2591 τοὺς
629 2527 886 2598 ἀθλητάς,
918 2529 1034 2582 ἀλλ’
1079 2528 1286 2581 εἴσελθε
1325 2528 1403 2599 τῷ
1434 2529 1682 2601 λογισμῷ
1717 2532 1854 2602 πρὸς

247 2610 360 2678 τὴν
387 2609 489 2680 τῆς
518 2610 694 2680 ψυχῆς
719 2610 898 2663 αὐτῶν
918 2610 1154 2675 εὐεξίαν·
1187 2611 1475 2680 κατάμαθε
1494 2613 1594 2681 τῆς
1615 2613 1854 2676 πίστεως

248 2691 444 2744 αὐτῶν
475 2690 574 2762 τὴν
603 2693 778 2761 ίσχὺν,
797 2692 885 2744 ῖνα
917 2692 1095 2763 μάθῃς
1116 2693 1198 2744 ὅτι
1219 2695 1246 2745 ὁ
1273 2693 1492 2763 δαίμοσι
1515 2694 1802 2748 πυκτεύων
1824 2696 1852 2734 δ

249 2773 320 2826 οὐ
364 2773 620 2843 σώματος
653 2775 883 2843 ίσχυρᾶς
913 2774 1085 2826 δεῖται
1133 2775 1450 2844 περιϐολῆς,
1478 2776 1600 2828 οὐδὲ
1637 2777 1855 2846 ἡλικίας

252 2854 642 2926 ἀκμαζούσης,
673 2851 810 2910 ἀλλά
849 2856 954 2910 κᾶν
983 2856 1180 2927 κομιδῇ
1213 2860 1332 2921 νέος
1361 2854 1417 2930 ᾖ,
1455 2859 1559 2912 κᾶν
1592 2862 1670 2924 είς
1697 2859 1856 2928 ἐσχα-

253 2953 356 2990 τον
400 2937 584 3008 γῆρας
636 2937 953 3009 ἐληλακὼς,
990 2939 1168 3010 ψυχὴν
1221 2940 1278 2992 δὲ
1326 2939 1426 3011 ἔχῃ
1461 2943 1714 3008 γενναίαν
1763 2944 1857 2994 καὶ

254 3021 606 3091 ἐρρωμένην,
638 3022 789 3074 οὐδὲν
809 3022 918 3075 ἀπὸ
943 3023 1045 3092 τῆς
1074 3023 1290 3093 ἡλικίας
1312 3027 1392 3087 είς
1413 3024 1480 3077 τά
1499 3025 1858 3096 ἀγωνίσματα

255 3103 738 3174 παραϐλάπτεται.

336 3205 404 3277 ﬁl.
424 3206 537 3260 Καὶ
575 3206 628 3259 τί
665 3205 809 3274 λέγω
835 3207 1066 3278 γέροντα
1093 3207 1188 3260 καὶ
1213 3206 1352 3272 νέον,
1375 3209 1510 3262 ὅπου
1545 3225 1609 3278 γε
1636 3211 1730 3262 καὶ
1758 3227 1859 3278 γυ-

257 3293 452 3354 ναῖκες
484 3290 622 3360 πρὸς
646 3290 822 3343 ταῦτα
851 3289 1192 3344 ἀπεδύσαντο
1232 3291 1303 3344 τά
1347 3292 1729 3361 παλαίσματα,
1764 3296 1860 3346 καὶ

259 3375 554 3445 λαμπροὺς
599 3374 934 3444 ἀνεδήσαντο
981 3374 1109 3436 τοὺς
1155 3375 1484 3444 στεφάνους;
1521 3377 1583 3429 Οἱ
1618 3376 1718 3446 μὲν
1752 3377 1861 3447 γὰρ

259 3456 468 3537 ἔξωθεν
517 3455 735 3524 ἀγῶνες
781 3457 878 3509 καὶ
925 3456 1164 3527 ἡλικίαν,
1203 3458 1298 3511 καὶ
1336 3458 1519 3526 φύσιν,
1556 3459 1651 3512 καὶ
1703 3456 1861 3522 ἀξίαν

263 3539 638 3605 ἐξετάζοντες,
682 3539 779 3592 καὶ⁵
821 3538 1051 3604 δούλοις.
1098 3541 1194 3594 καὶ
1222 3541 1459 3610 γυναιξὶ,
1495 3542 1590 3595 καὶ
1623 3543 1862 3612 πρεσϐυ-

261 3620 468 3690 τέροις,
503 3619 599 3672 καὶ
622 3619 934 3688 μειρακίοις
965 3618 1064 3690 τὴν
1109 3619 1246 3690 πρὸς
1272 3619 1471 3684 αὐτοὺς
1495 3620 1702 3674 εἴσοδον
1729 3622 1864 3675 ἀπο-

266 3696 562 3758 κλείουσιν,
589 3695 823 3750 ένταῦθα
850 3697 906 3750 δὲ
950 3699 1104 3771 πάσῃ
1150 3699 1248 3768 μὲν
1287 3697 1446 3769 ἀξίᾳ,
1476 3700 1630 3772 πάσῃ
1662 3699 1720 3752 δὲ
1749 3699 1865 3771 ἠλι-

266 3781 385 3852 κίᾳ.
419 3779 657 3851 ἑκατέρᾳ
707 3778 764 3832 δὲ
808 3781 875 3850 τῇ
916 3778 1078 3848 φύσει
1119 3781 1182 3832 τὸ
1224 3779 1453 3851 θέατρον
1503 3784 1644 3852 μετά
1681 3784 1864 3855 πάσης

269 3861 459 3925 ἀδείας
515 3861 826 3931 ὴνέῳκται,
878 3861 967 3916 ἶνα
1011 3863 1108 3915 καί¹
1146 3861 1246 3933 τὴν
1305 3863 1571 3931 ἀφθονίαν
1620 3865 1714 3917 καὶ
1766 3863 1865 3935 τὴν

269 3944 480 4013 ἄφατον
509 3943 741 4014 δύναμιν
763 3943 859 3997 τοῦ
893 3944 984 3998 τὸν
1030 3943 1221 4012 ἀγῶνα
1246 3945 1491 4008 τιθέντος
1511 3944 1864 4019 καταμάθῃς,

270 4028 367 4081 καὶ
395 4027 456 4080 τδ
476 4025 839 4081 άποστολικὺν
872 4028 1052 4081 έκεῖνο
1074 4027 1163 4081 διά
1191 4027 1302 4082 τῶν
1334 4027 1513 4099 ἔργων
1540 4028 1868 4102 βεϐαιοῦμε-

272 4127 363 4164 νον
385 4109 526 4181 ἴδῃς,
554 4110 687 4164 Ὀτι
742 4112 782 4178 ἠ
816 4109 1071 4180 δύναμις
1111 4111 1302 4165 αὑτοῦ
1454 4112 1743 4180 ἀσθενείᾳ
1772 4131 1868 4169 τε-

270 4192 563 4249 ⁸Ζωοῦται.
598 4193 770 4248 Ὅταν
810 4193 920 4265 γάρ
960 4194 1152 4248 παιδία
1196 4195 1292 4248 καὶ
1324 4194 1580 4266 γέροντες
1623 4197 1693 4250 τά
1725 4199 1868 4271 ὑπὲρ

271 4278 375 4349 τὴν
411 4275 575 4347 φύσιν
607 4277 830 4348 ίσχύωσι
850 4316 864 4340 ,
907 4277 998 4331 διὰ
1027 4277 1247 4330 πάντων
1291 4279 1563 4350 λαμπρῶς
1605 4281 1640 4350 ἡ
1672 4281 1766 4334 τοῦ
1799 4282 1868 4337 δι’

274 4357 460 4413 αὐτῶν
484 4357 838 4430 ἐνεργοῦντος
863 4358 1000 4412 Θεοῦ
1032 4358 1374 4428 διαφαίνεται
1401 4362 1583 4432 χάρις.

347 4462 461 4515 Καὶ
491 4461 579 4514 tua
619 4460 800 4534 μάθῃς
825 4462 910 4516 ὅτι
944 4464 978 4534 ἡ
1002 4462 1262 4518 ἀσθένεια
1285 4464 1396 4517 τῶν
1431 4463 1705 4536 ἀθλητῶν,
1727 4462 1869 4537 αὕτη

271 4545 310 4613 ἡ
333 4543 558 4611 ιξωθεν,
610 4543 1030 4617 λαμπροτέρους
1064 4549 1208 4599 ποιεῖ
1234 4546 1491 4614 γενέσθαι
1519 4549 1650 4610 τοὺς
1671 4565 1872 4616 στεφα-

275 4630 454 4690 νίτας,
470 4627 602 4697 φέρε
626 4625 818 4697 δὴ,τδν
839 4628 1071 4698 γέροντα
1095 4629 1191 4682 καὶ
1211 4629 1280 4682 τά
1304 4630 1493 4683 παιδία
1515 4630 1747 4699 ἀφέντες
1769 4632 1871 4702 τὴν

275 4708 676 4781 ἀσθενεστέραν
706 4708 888 4763 αὐτῶν
945 4712 1359 4782 παραγάγωμεν
1416 4714 1496 4776 είς
1548 4713 1736 4784 μέσον,
1772 4713 1872 4785 τὴν

278 4794 538 4861 γυναῖκα,
564 4791 663 4862 τὴν
685 4795 1083 4862 γεγηρακυῖαν,
1101 4795 1201 4860 τὴν
1225 4795 1367 4848 έπτά
1394 4795 1602 4849 παίδων
1635 4796 1867 4868 μητέρα·

281 4875 379 4929 καὶ
407 4873 516 4946 γάρ
548 4877 604 4928 αί
632 4875 823 4940 ὠδῖνες
859 4877 919 4928 οὐ
949 4876 1144 4947 μικρὸν
1169 4875 1401 4947 κώλυμα
1429 4877 1538 4930 τῶν
1560 4878 1874 4948 παλαισμά-

279 4974 393 5011 των
425 4957 633 5011 τούτων
661 4959 788 5014 είσί.
837 4959 904 5013 Τί
932 4955 1026 5013 οὖν
1065 4960 1239 5031 αὐτῆς
1275 4961 1544 5031 πρότερον
1589 4961 1874 5033 θαυμάσαι

281 5040 471 5108 ἄξιονς
516 5041 579 5095 τὸ
629 5042 730 5113 τῆς
780 5043 999 5112 φύσεως
1045 5044 1304 5108 ἀσθενὲς,
1351 5045 1383 5115 ἢ
1419 5046 1481 5098 τὸ
1519 5045 1621 5116 τῆς
1656 5047 1874 5118 ήλικίας

285 5122 516 5195 ῶριμον,
556 5122 590 5194 ἢ
620 5134 644 5162 ο
675 5124 737 5178 τὺ
776 5125 876 5195 τῆς
914 5127 1259 5198 συμπαθείας
1284 5127 1724 5198 εὐεπηρέαστον;
1758 5132 1874 5184 Με-

287 5205 430 5274 γάλα
462 5206 561 5275 μὲν
578 5205 688 5278 γὰρ
715 5206 998 5262 καὶταῦτα
1016 5209 1319 5280 κωλύματα
1337 5211 1472 5281 πρὸς
1495 5211 1586 5263 τὸν
1606 5212 1875 5284 τοσαύτης

293 5289 588 5361 καρτερίας
619 5289 874 5361 δεόμενον
897 5291 1116 5363 δρόμον.
1157 5292 1303 5362 Ἐγὼ
1333 5294 1390 5348 δὲ
1427 5296 1521 5348 καὶ
1557 5295 1742 5367 ἕτερον
1769 5297 1877 5367 ἔχω

289 5371 495 5426 τούτων
535 5371 720 5442 μεῖζον
751 5375 959 5440 εἰπεῖν,
1009 5375 1077 5428 δι’
1118 5369 1180 5431 οῦ
1219 5377 1311 5430 καὶ
1344 5375 1444 5446 τὴν
1494 5377 1740 5448 ἀνδρείαν
1775 5381 1876 5451 τῆς

358 5644 385 5707 ξ
417 5644 506 5707 Sic
532 5658 657 5707 unus
679 5645 863 5705 Regius
887 5650 1050 5704 recte;
1075 5648 1156 5695 alii
1182 5649 1267 5703 τήν
1290 5647 1413 5707 ὄψιν.

357 5703 389 5747 δ
415 5706 551 5757 Unus
577 5706 698 5768 Reg.
725 5703 981 5768 ὀὟδαίμωσι
1005 5710 1236 5756 παλαίων.

361 5769 384 5797 ε
415 5767 549 5817 [σθω
568 5767 676 5827 Heg
715 5774 798 5826 τῆς
816 5769 1002 5826 ἡλικίας
1028 5771 1201 5832 ἄωρον,
1230 5771 1292 5828 ἦ.

1567 354 1654 407 DE
1690 354 2139 412 MACCAB/EIS.
2181 356 2219 410 1.

3439 359 3546 415 620

1953 471 2217 536 γυναικὸς
2243 471 2337 524 καὶ
2370 469 2466 540 τὴν
2511 468 2605 522 τοῦ
2655 469 2903 522 διαϐόλου
2936 468 3270 540 κακουργίαν
3324 471 3548 527 ἃπασαν

1955 560 2326 630 κατοψόμεθα.
2361 560 2426 611 Τί
2460 560 2516 613 δὲ
2540 559 2712 612 τοῦτόν
2731 560 2877 625 ὲστις
2904 560 3103 612 Σκόπει
3130 560 3329 631 μιαροῦ
3356 561 3549 632 δαίμο-

1954 666 2043 711 νος
2068 648 2353 719 πονηρίαν·
2374 651 2434 702 οὑ
2463 651 2688 719 πρώτην
2717 649 2886 718 αὐτὴν
2914 648 3164 702 εἵλκυσεν
3181 651 3258 712 είς
3282 649 3349 702 τά
3369 653 3549 723 σκάμ,⁶

1959 734 2302 803 ματα,’άλλά
2340 736 2476 805 μετά
2526 737 2653 798 τοὺς
2689 736 2884 798 παῖδας
2934 737 3109 804 ἦγαγε
3145 737 3282 807 πρὸς
3319 738 3388 790 τὰ
3438 755 3547 791 πα-

1955 823 2250 892 λαίσματα.
2307 824 2372 875 Τί
2421 823 2658 892 δήποτες
2697 823 2815 876 Ἵνα
2861 816 2980 884 ταῖς
3011 822 3119 876 τῶν
3167 823 3306 876 ἑπτὰ
3339 825 3547 880 παίδων

1958 909 2213 978 βασάνοις
2247 908 2684 980 προκαταϐαλὼν
2729 909 2902 978 αὐτῆς
2949 909 3010 962 τὸ
3045 909 3322 980 φρόνημα,
3365 911 3549 964 καὶτὸ

1959 997 2187 1068 στερρὸν
2221 998 2321 1067 τῆς
2350 997 2590 1059 διανοίας
2634 996 2900 1065 μαλάξας,
2932 996 3021 1048 διὰ
3051 997 3150 1064 τῆς
3183 994 3292 1048 τῶν
3321 997 3548 1066 γινομέ-

1956 1102 2062 1137 νων
2097 1084 2225 1146 θέας
2251 1083 2763 1154 προδαπανηθείσης
2794 1083 2929 1152 αὐτῇ
2965 1083 3064 1152 τῆς
3105 1083 3288 1150 ίσχύος
3335 1086 3392 1135 ὲν
3427 1086 3549 1145 ταῖς

1955 1173 2064 1223 τῶν
2088 1171 2326 1238 ἐγγόνων
2351 1171 2658 1232 κολάσεσιν,
2679 1169 3042 1240 ἀσθενεστέρᾳ
3071 1169 3256 1221 λοιπὸν
3280 1171 3550 1241 γενομένῃ

1957 1259 2159 1329 ῥᾳδίως
2193 1258 2469 1325 ἐπιθῆται.
2503 1257 2597 1326 Μὴ
2631 1258 2740 1326 γὰρ
2768 1243 3021 1326 δὴ“’τοῦτο
3056 1256 3190 1326 ἴδῃς,
3234 1257 3316 1308 ὅτι
3350 1259 3549 1308 ὲκεῖνοι

1955 1347 2063 1408 τάς·
2080 1346 2346 1415 βασάνους
2372 1346 2635 1414 ἐδέχοντο,
2674 1344 2788 1396 ἀλλ’
2823 1346 3000 1396 έκεῖνο
3034 1343 3247 1404 σκόπει,
3280 1345 3360 1397 ὅτι
3407 1345 3549 1414 αὑτὴ

1959 1435 2078 1488 καθ’
2097 1435 2323 1487 ἕκαστον
2348 1434 2526 1486 αὐτῶν
2543 1432 2934 1503 χαλεπωτέρας
2958 1433 3196 1501 ὑπέμενε
3213 1432 3312 1493 τάς
3334 1432 3547 1496 ὀδύνας,

1958 1521 2053 1574 καὶ
2089 1523 2212 1574 καθ’
2239 1523 2468 1574 ἕκαστον
2502 1520 2683 1573 αὐτῶν
2726 1520 3126 1587 ἀπεσφάττετο.
3153 1507 3317 1589 T625]
3353 1519 3465 1572 Καὶ
3489 1519 3553 1571 τὸ

1958 1609 2249 1679 λεγόμενον
2288 1608 2448 1661 τοῦτο
2505 1607 2652 1660 ἴσασι
2692 1607 2895 1669 καλῶς,
2937 1607 3061 1659 ὅσαι
3107 1609 3304 1676 πεῖραν
3345 1604 3554 1657 ὠδίνων

1959 1697 2150 1750 ἔλαϐον
2191 1699 2473 1764 γυναῖκες,
2527 1697 2622 1749 καὶ
2670 1695 2905 1766 μητέρες
2959 1694 3232 1762 ἐγένοντο.
3279 1692 3552 1754 Πολλάκις

1957 1784 2089 1851 γοῦν
2105 1783 2289 1853 ὁρῶσα
2312 1784 2496 1854 μήτηρ
2515 1782 2728 1835 παιδίον
2751 1800 2822 1833 πυ
2833 1779 2973 1853 ρετῷ
2991 1780 3353 1849 φλεγόμενον,
3373 1778 3555 1830 πάντα

1960 1870 2028 1924 ἂν
2071 1870 2246 1923 ἕλοιτο
2290 1869 2516 1926 παθεῖν.
2564 1856 2706 1921 ὥστε
2746 1867 2854 1920 ἀπὸ
2899 1866 2995 1918 τοῦ
3047 1865 3302 1935 σώματος
3342 1862 3551 1917 ἐκείνου

1960 1958 2097 2029 πρὸς
2117 1957 2315 2028 ἑαυτὴν
2340 1958 2672 2026 μεταγαγεῖν
2699 1954 2760 2007 τὺ
2789 1953 2902 2025 πῦρ
2937 1953 3032 2005 τοῦ
3065 1953 3389 2022 νοσήματος·
3410 1949 3556 2002 οῦτω

1959 2047 2068 2100 τῶν
2090 2047 2305 2098 οίκείων
2329 2043 2515 2097 κακῶν
2539 2043 2638 2114 τὰς
2668 2042 2775 2095 τῶν
2805 2041 3012 2094 παίδων
3031 2045 3100 2092 συ
3110 2039 3326 2110 μφοράς
3349 2037 3556 2108 ἀφορη-

1961 2133 2183 2200 τοτέρας
2235 2133 2292 2184 αί
2331 2129 2562 2200 μητέρες
2609 2124 2744 2181 εἶναι
2808 2128 3139 2199 νομίζουσιν.
3187 2127 3249 2178 Εί
3303 2125 3360 2177 δὲ
3399 2123 3558 2178 τοῦτο

1963 2151 2080 2188 τοτε
2156 2151 2183 2196 ς
2235 2151 2292 2184 αι
2331 2151 2562 2200 μητερες
2609 2151 2744 2181 ειναι
2808 2151 3139 2199 νομιςουσιν.
3187 2151 3249 2178 [ιι
3303 2151 3360 2177 οε
3399 2151 3555 2178 τυυτυ

1963 2151 2182 2292 ἀληθέσς,
2205 2218 2393 2289 ῶσπερ
2418 2215 2510 2271 οὖν
2532 2216 2750 2287 ἀληθὲς,
2771 2215 3152 2286 χαλεπώτερον
3190 2213 3300 2265 τῶν
3325 2212 3555 2264 παιδίων

1961 2308 2021 2359 ὲν
2063 2309 2182 2368 ταῖς
2220 2304 2328 2358 τῶν
2363 2304 2590 2357 παιδίων
2642 2303 2898 2373 βασάνοις
2939 2301 3233 2365 ἐκολάζετο
3273 2301 3306 2370 ἠ
3349 2299 3555 2368 μήτηρ,

1962 2395 2057 2448 καὶ⁵
2078 2395 2261 2464 μεῖζον
2283 2395 2343 2447 τὸ
2363 2392 2664 2464 μαρτύριον
2690 2395 2746 2444 ἐν
2768 2393 2836 2461 τῇ
2865 2389 3084 2461 μητρὶῆ
3110 2391 3166 2440 ὲν
3183 2388 3297 2450 τοῖς
3321 2385 3556 2448 παιδίοις

1963 2483 2194 2551 ἐγίνετο.
2229 2483 2291 2534 Εί
2323 2483 2431 2555 γάρ
2465 2482 2582 2543 ἐνὸς
2618 2480 2834 2533 παιδίου
2862 2480 3016 2540 νόσος
3050 2476 3360 2546 άκουομένη
3393 2473 3559 2544 μόνον

1962 2570 2310 2640 διαταράττει
2359 2570 2429 2621 τά
2474 2569 2757 2637 σπλάγχνα
2806 2567 2906 2636 τῆς
2952 2564 3253 2635 τεκούσης,
3293 2563 3392 2632 οὐχ
3438 2559 3558 2623 ἑνὸς

1966 2659 2200 2722 παιδίου,
2234 2655 2370 2709 ἀλλὰ
2402 2656 2654 2708 τοσούτου
2696 2655 2859 2726 χοροῦ
2897 2654 3105 2708 παίδων
3135 2649 3556 2721 ἀναιρουμένου,

1965 2747 2065 2798 οὐκ
2095 2748 2228 2814 ἀκοῇ
2255 2726 2522 2812 δεχομένη
2571 2743 2638 2794 τά
2671 2741 2972 2812 παθήματα
2994 2779 3009 2803 ,
3052 2738 3167 2791 ἀλλ’
3211 2738 3334 2808 ὄψει
3374 2753 3558 2806 παρα-

1963 2833 2315 2903 λαμϐάνουσα
2343 2833 2412 2884 τά
2441 2831 2721 2900 γινόμενα,
2754 2829 2807 2882 τί
2837 2830 2938 2882 οὐκ
2975 2828 3040 2882 ἂν
3080 2825 3286 2890 ἔπαθες
3317 2823 3436 2886 πῶς
3458 2823 3559 2876 οὐκ

1969 2925 2160 2990 ἐξέστη
2190 2925 2256 2992 τῇ
2290 2921 2498 2992 διανοίᾳ
2527 2920 2552 2958 ά
2589 2920 2822 2972 ἕκαστον
2852 2917 3032 2970 αὐτῶν
3057 2914 3244 2988 ὁρῶσα
3277 2912 3558 2982 διαφόροις

1966 3014 2080 3062 τισὶ
2103 3010 2197 3062 καὶ
2230 3009 2485 3078 φρικταῖς
2514 3007 2805 3076 τιμωρίαις
2826 3003 2969 3056 κατά
3001 3002 3196 3073 μικρὸν
3227 2996 3560 3070 ἀναιρούμε-

1968 3117 2094 3163 νον;
2130 3098 2246 3161 πῶς
2269 3098 2370 3150 οὐκ
2393 3095 2686 3166 άπερράγη
2731 3092 2824 3146 τοῦ
2863 3091 3116 3162 σώματος
3158 3091 3192 3161 ἠ
3226 3089 3410 3160 ψυχή;
3442 3086 3560 3148 πῶς

1968 3188 2070 3240 οὐκ
2089 3187 2199 3239 άπὸ
2223 3186 2320 3255 τῆς
2355 3182 2578 3255 πρώτης
2601 3181 2776 3250 ὅψεως
2802 3179 2894 3231 ἐπὶ
2928 3179 3030 3248 τὴν
3063 3177 3244 3248 πυράν
3283 3173 3561 3244 ἐπεπήδη-

1971 3291 2064 3327 σεν
2086 3271 2504 3329 ἀπαλλάττουσα
2534 3269 2733 3338 ἑαυτὴν
2750 3266 2848 3336 τῆς
2863 3265 3058 3335 λοιπῆς
3079 3262 3312 3334 θεωρίας
3332 3279 3346 3328 ;
3372 3262 3435 3314 Εί
3451 3259 3562 3329 γάρ

1971 3365 2065 3416 καὶ
2099 3361 2387 3430 φιλόσοφος
2409 3354 2498 3429 ἦν,
2523 3357 2658 3411 ἀλλά
2695 3356 2895 3427 μήτηρ·
2929 3355 2976 3406 εί
3007 3350 3101 3406 καὶ
3130 3351 3406 3421 θεοφιλὴς,
3423 3349 3561 3404 ἀλλά

1971 3451 2066 3503 καὶ
2109 3450 2294 3519 σάρκα
2333 3446 2674 3518 περιέκειτο·
2725 3445 2774 3496 εί
2822 3442 2914 3496 καὶ
2958 3440 3242 3512 πρόθυμος
3283 3435 3374 3510 ἦν,
3425 3436 3561 3491 ἀλλά

1973 3538 2068 3590 καὶ
2105 3534 2427 3606 γυναικείας
2459 3534 2676 3603 μετεῖχε
2708 3530 2944 3599 φύσεως⁸
2977 3529 3028 3580 εί
3053 3528 3148 3581 καὶ
3173 3524 3252 3596 τῷ
3286 3523 3434 3596 ζήλῳ
3460 3524 3562 3594 τῆς

1973 3624 2255 3686 εὐσεϐείας
2304 3621 2490 3684 ἑζεεν,
2536 3618 2675 3673 ἀλλά
2719 3616 2813 3671 καὶ
2860 3615 2939 3685 τῷ
2985 3613 3169 3686 δεσμῷ
3202 3613 3310 3667 τῶν
3356 3611 3564 3665 ὠδίνων

1974 3714 2276 3781 κατείχετο.
2302 3709 2364 3763 Εί
2388 3708 2498 3780 γάρ
2535 3709 2696 3779 ⁴ἡμεῖς
2723 3704 2915 3775 ἄνδρες
2941 3704 3092 3767 ὅντες
3114 3701 3405 3755 κατάδικον
3435 3701 3565 3754 πολ-

1973 3800 2131 3862 λάκις
2161 3798 2397 3869 ὁρῶντες
2423 3796 2511 3849 διά
2537 3796 2639 3864 τῆς
2674 3793 2881 3862 ἀγορᾶς
2913 3791 3182 3862 ἀγόμενον
3205 3789 3268 3841 τὸ
3299 3787 3564 3860 σπαρτίον

1976 3888 2070 3940 ἐπὶ
2087 3886 2183 3939 τοῦ
2212 3885 2479 3955 στόματος
2514 3883 2727 3953 ἔχοντα,
2745 3879 2840 3932 ἐπὶ
2866 3878 2926 3932 τὸ
2949 3877 3223 3949 βάραθρον
3246 3875 3563 3946 ἑλκόμενον,

1975 3975 2128 4027 οὐδὲν
2161 3974 2438 4042 δικαίωμα
2468 3971 2652 4040 φιλίας
2683 3968 2821 4039 πρὸς
2860 3968 3021 4020 αὐτὸν
3059 3965 3296 4036 ἔχοντες,
3325 3964 3435 4017 ἀπὸ
3465 3964 3564 4033 τῆς

1977 4061 2104 4124 θέας
2129 4061 2296 4131 μόνης
2311 4055 2730 4127 κατακλώμεθα,
2748 4054 2924 4108 καίτοι
2943 4052 3132 4124 ίκανὴν
3151 4053 3366 4124 ἔχοντες
3382 4066 3566 4122 παρα-

1981 4149 2180 4221 μυθίαν
2210 4149 2346 4218 πρὸς
2370 4145 2431 4199 τὸ
2471 4144 2640 4216 μηδὲν
2669 4142 2909 4196 τοιοῦτον
2947 4141 3164 4205 παθεῖν,
3207 4140 3302 4194 τοῦ
3337 4139 3567 4193 καταδε-

1977 4236 2304 4306 δικασμένου
2331 4233 2429 4304 τὴν
2452 4231 2738 4302 πονηρίαν·
2757 4231 2809 4284 τί
2832 4231 3026 4284 παθεῖν
3047 4229 3256 4299 ταύτην
3277 4228 3422 4291 εἰκὸς
3442 4227 3567 4298 οὐχὶ

1978 4324 2271 4378 κατάδικον
2301 4322 2398 4374 ἕνα
2421 4319 2636 4392 ὁρῶσαν
2662 4319 3034 4389 ἀπαγόμενον,
3061 4317 3176 4370 ἀλλ’
3209 4318 3350 4369 ἑπτά
3377 4315 3566 4368 παιδία

1978 4413 2176 4484 ἀθρόον
2213 4413 2273 4466 ἐν
2324 4410 2513 4481 ἡμέρᾳ
2539 4409 2640 4479 μιᾷ
2681 4407 2803 4478 οὐχὶ
2832 4407 3082 4478 συντόμῳ
3125 4403 3384 4475 τελευτῇ,
3428 4403 3567 4456 ἀλλά

1979 4500 2253 4564 ποικίλαις
2272 4496 2728 4565 κατακοπτόμενα
2759 4497 2992 4564 σφαγαῖς
3016 4510 3031 4559 ;
3058 4495 3120 4546 El
3149 4492 3259 4564 γάρ
3277 4491 3453 4564 λιθίνη
3482 4509 3566 4554 τις

1979 4585 2070 4661 ἦν,
2111 4589 2160 4642 εί
2189 4586 2300 4658 γάρ
2322 4587 2382 4651 ἐξ
2419 4585 2727 4654 ἀδάμαντος
2761 4583 2902 4652 αὑτῇ
2929 4581 2997 4634 τά
3031 4581 3323 4650 σπλάγχνα
3355 4582 3566 4652 ἐπεπή-

1981 4695 2088 4746 γει,
2108 4676 2208 4729 οὐκ
2229 4674 2295 4727 ἂν
2319 4670 2668 4742 διεταράχθη,
2687 4671 2785 4724 οὐκ
2808 4670 2874 4723 ἂν
2896 4669 3066 4722 ἔπαθέ
3093 4686 3146 4722 τι
3168 4668 3432 4731 τοιοῦτον,
3455 4663 3568 4721 οἷον

1981 4766 2077 4818 καὶ
2109 4765 2343 4832 γυναῖκα
2372 4762 2466 4814 καὶ
2495 4759 2708 4829 μητέρα
2737 4757 2931 4810 παθεῖν
2957 4756 3104 4820 είκὺς
3135 4751 3241 4827 ἦν;
3283 4756 3566 4825 Ἐννόησον

1983 4852 2101 4916 πῶς
2130 4848 2485 4922 θαυμάζομεν
2513 4849 2606 4901 τὸν
2651 4845 3004 4917 πατριάρχην
3046 4845 3323 4917 Ἀϐραάμ,
3364 4845 3446 4898 ὅτι
3476 4846 3567 4898 τὸν

1983 4940 2098 4994 υἱὸν
2118 4938 2284 4992 αὐτοῦ
2310 4934 2618 5004 ἀνενεγκὼν
2642 4933 2953 4988 συνεπόδισε
2975 4936 3071 4986 καὶ
3093 4933 3190 4986 ἐπὶ
3205 4933 3264 4987 τὸ
3281 4932 3558 5004 θυσιαστήσ

1986 5046 2102 5100 ριον
2125 5025 2436 5088 ἀνεϐίϐασε,
2458 5025 2551 5078 καὶ
2575 5023 2698 5076 τότε
2720 5022 2840 5091 δψει
2857 5020 3039 5085 καλῶς
3068 5021 3168 5092 δση
3189 5021 3289 5091 τῆς
3312 5021 3566 5090 γυναικὸς

1985 5120 2017 5188 ἡ
2049 5115 2289 5187 ἀνδρεία.
2325 5114 2390 5164 ’Ὢ
2421 5111 2756 5182 πικροτάτης
2785 5108 2911 5172 θέας
2941 5109 3036 5162 καὶ
3064 5108 3286 5180 ἡδίστης
3326 5109 3565 5178 ἐκείνης.

1985 5203 2322 5275 πικροτάτης
2353 5201 2448 5271 μὲν
2465 5199 2551 5251 διὰ
2571 5200 2669 5268 τὴν
2697 5195 2858 5266 φύσιν
2876 5197 2983 5251 τῶν
3004 5197 3329 5267 γινομένων,
3344 5197 3565 5267 ἡδίστης

1984 5291 2041 5344 δὲ
2080 5289 2171 5343 διά
2219 5289 2319 5357 τὴν
2348 5285 2588 5339 διάθεσιν
2635 5285 2736 5354 τῆς
2786 5285 3021 5356 ὁρώσης.
3060 5285 3134 5338 Ού
3179 5287 3298 5355 γάρ·
3333 5285 3481 5356 ἑώρα
3509 5285 3567 5336 τὸ

1987 5379 2292 5451 καταρρέον
2334 5372 2474 5446 αἷμα
2496 5415 2510 5439 ,
2551 5375 2664 5428 ἀλλ’
2699 5373 2848 5445 ἐώρα
2877 5375 3001 5438 τοὺς
3042 5374 3340 5442 στεφάνους
3366 5375 3461 5445 τῆς
3492 5374 3558 5426 δι-

1988 5467 2280 5538 καιοσύνης
2315 5463 2712 5534 πλεκομένους·
2763 5462 2864 5515 οὑκ
2907 5461 3105 5514 ἔϐλεπε
3147 5461 3565 5532 διορυττομένας

1995 5554 2228 5626 πλευρὰς
2248 5592 2262 5617 ,
2302 5553 2416 5607 ἀλλ’
2449 5551 2673 5604 ἔϐλεπεν
2711 5548 3168 5620 οἰκοδομουμένας
3201 5549 3405 5619 σκηνάς
3436 5552 3564 5602 αἰω-

2059 5772 2088 5812 ἀ
2108 5772 2244 5821 Idem
2271 5772 2391 5834 Reg.
2419 5776 2502 5828 τῆς
2524 5771 2746 5825 διανοίας.
