  <div class='ocr_page' id='page_1' title='image "/cluster/home/n/w/nwhite01/storage/ocr_20150623/50/ien.35556001660778/220.png"; bbox 0 0 4082 6442; ppageno 0'>
   <div class='ocr_carea' id='block_1_1' title="bbox 233 367 1818 429">
    <p class='ocr_par' dir='ltr' id='par_1_1' title="bbox 233 369 1818 429">
     <span class='ocr_line' id='line_1_1' title="bbox 233 369 1818 429; baseline -0.002 0"><span class='ocrx_word' id='word_1_1' title='bbox 233 373 321 429; x_wconf 69' lang='lat' dir='ltr'><strong>62f</strong></span> <span class='ocrx_word' id='word_1_2' title='bbox 1543 369 1631 426; x_wconf 88' lang='lat' dir='ltr'><strong>DE</strong></span> <span class='ocrx_word' id='word_1_3' title='bbox 1670 369 1818 426; x_wconf 72' lang='lat' dir='ltr'><strong>MACI</strong></span> 
     </span>
    </p>
   </div>
   <div class='ocr_carea' id='block_1_2' title="bbox 1926 367 2184 429">
    <p class='ocr_par' dir='ltr' id='par_1_2' title="bbox 1926 367 2184 427">
     <span class='ocr_line' id='line_1_2' title="bbox 1926 367 2184 427; baseline 0.004 -2"><span class='ocrx_word' id='word_1_4' title='bbox 1926 367 2104 427; x_wconf 65' lang='grc' dir='ltr'><strong>ΞΕΙΒ.</strong></span> <span class='ocrx_word' id='word_1_5' title='bbox 2145 368 2184 426; x_wconf 86' lang='grc' dir='ltr'><strong>Ι.</strong></span> 
     </span>
    </p>
   </div>
   <div class='ocr_carea' id='block_1_3' title="bbox 227 479 1818 554">
    <p class='ocr_par' dir='ltr' id='par_1_3' title="bbox 227 479 1818 554">
     <span class='ocr_line' id='line_1_3' title="bbox 227 479 1818 554; baseline -0.001 -14"><span class='ocrx_word' id='word_1_6' title='bbox 227 481 508 540; x_wconf 85' lang='lat' dir='ltr'><strong>carnifices</strong></span> <span class='ocrx_word' id='word_1_7' title='bbox 530 524 544 552; x_wconf 95' lang='lat'><strong>,</strong></span> <span class='ocrx_word' id='word_1_8' title='bbox 574 480 671 540; x_wconf 82' lang='lat' dir='ltr'><strong>sed</strong></span> <span class='ocrx_word' id='word_1_9' title='bbox 694 481 1107 554; x_wconf 81' lang='lat' dir='ltr'><strong>circumpositas</strong></span> <span class='ocrx_word' id='word_1_10' title='bbox 1125 479 1346 553; x_wconf 88' lang='lat' dir='ltr'><strong>angelos</strong></span> <span class='ocrx_word' id='word_1_11' title='bbox 1373 499 1389 537; x_wconf 89' lang='lat'><strong>:</strong></span> <span class='ocrx_word' id='word_1_12' title='bbox 1416 480 1579 537; x_wconf 86' lang='lat' dir='ltr'><strong>oblita</strong></span> <span class='ocrx_word' id='word_1_13' title='bbox 1604 491 1688 537; x_wconf 91' lang='lat' dir='ltr'><strong>est</strong></span> <span class='ocrx_word' id='word_1_14' title='bbox 1715 482 1818 538; x_wconf 83' lang='lat' dir='ltr'><strong>do-</strong></span> 
     </span>
    </p>
   </div>
   <div class='ocr_carea' id='block_1_4' title="bbox 226 573 1824 645">
    <p class='ocr_par' dir='ltr' id='par_1_4' title="bbox 226 573 1824 645">
     <span class='ocr_line' id='line_1_4' title="bbox 226 573 1824 645; baseline 0 -15"><span class='ocrx_word' id='word_1_15' title='bbox 226 577 366 630; x_wconf 89' lang='lat' dir='ltr'><strong>lores</strong></span> <span class='ocrx_word' id='word_1_16' title='bbox 415 583 640 644; x_wconf 89' lang='lat' dir='ltr'><strong>partus,</strong></span> <span class='ocrx_word' id='word_1_17' title='bbox 679 575 1004 645; x_wconf 73' lang='lat' dir='ltr'><strong>contempsit</strong></span> <span class='ocrx_word' id='word_1_18' title='bbox 1046 582 1292 628; x_wconf 84' lang='lat' dir='ltr'><strong>naturam</strong></span> <span class='ocrx_word' id='word_1_19' title='bbox 1323 575 1362 639; x_wconf 86' lang='lat'><strong>&#39;,</strong></span> <span class='ocrx_word' id='word_1_20' title='bbox 1411 573 1657 644; x_wconf 81' lang='lat' dir='ltr'><strong>despexit</strong></span> <span class='ocrx_word' id='word_1_21' title='bbox 1693 585 1824 630; x_wconf 75' lang='lat' dir='ltr'><strong>teta-</strong></span> 
     </span>
    </p>
   </div>
   <div class='ocr_carea' id='block_1_5' title="bbox 226 663 1818 735">
    <p class='ocr_par' dir='ltr' id='par_1_5' title="bbox 226 663 1818 735">
     <span class='ocr_line' id='line_1_5' title="bbox 226 663 1818 735; baseline 0.002 -19"><span class='ocrx_word' id='word_1_22' title='bbox 226 673 329 717; x_wconf 86' lang='lat' dir='ltr'><strong>tem</strong></span> <span class='ocrx_word' id='word_1_23' title='bbox 359 680 375 716; x_wconf 90' lang='lat'><strong>:</strong></span> <span class='ocrx_word' id='word_1_24' title='bbox 405 663 648 733; x_wconf 79' lang='lat' dir='ltr'><strong>despexit</strong></span> <span class='ocrx_word' id='word_1_25' title='bbox 676 705 690 728; x_wconf 84' lang='lat'><strong>,</strong></span> <span class='ocrx_word' id='word_1_26' title='bbox 714 664 930 734; x_wconf 89' lang='lat' dir='ltr'><strong>inquam</strong></span> <span class='ocrx_word' id='word_1_27' title='bbox 956 705 972 730; x_wconf 93' lang='lat'><strong>,</strong></span> <span class='ocrx_word' id='word_1_28' title='bbox 1002 671 1248 718; x_wconf 89' lang='lat' dir='ltr'><strong>naturam</strong></span> <span class='ocrx_word' id='word_1_29' title='bbox 1273 704 1289 732; x_wconf 93' lang='lat'><strong>,</strong></span> <span class='ocrx_word' id='word_1_30' title='bbox 1317 677 1434 719; x_wconf 91' lang='lat' dir='ltr'><strong>rem</strong></span> <span class='ocrx_word' id='word_1_31' title='bbox 1457 664 1818 735; x_wconf 84' lang='lat' dir='ltr'><strong>tyrannicam;</strong></span> 
     </span>
    </p>
   </div>
   <div class='ocr_carea' id='block_1_6' title="bbox 223 754 1822 824">
    <p class='ocr_par' dir='ltr' id='par_1_6' title="bbox 223 754 1822 824">
     <span class='ocr_line' id='line_1_6' title="bbox 223 754 1822 824; baseline 0.003 -17"><span class='ocrx_word' id='word_1_32' title='bbox 223 763 467 808; x_wconf 91' lang='lat' dir='ltr'><strong>naturam</strong></span> <span class='ocrx_word' id='word_1_33' title='bbox 489 793 505 819; x_wconf 94' lang='lat'><strong>,</strong></span> <span class='ocrx_word' id='word_1_34' title='bbox 534 769 653 824; x_wconf 68' lang='lat' dir='ltr'><strong>quae</strong></span> <span class='ocrx_word' id='word_1_35' title='bbox 682 755 768 810; x_wconf 90' lang='lat' dir='ltr'><strong>vel</strong></span> <span class='ocrx_word' id='word_1_36' title='bbox 805 754 944 810; x_wconf 84' lang='lat' dir='ltr'><strong>feras</strong></span> <span class='ocrx_word' id='word_1_37' title='bbox 991 755 1136 824; x_wconf 83' lang='lat' dir='ltr'><strong>ipsas</strong></span> <span class='ocrx_word' id='word_1_38' title='bbox 1174 754 1388 810; x_wconf 78' lang='lat' dir='ltr'><strong>vincere</strong></span> <span class='ocrx_word' id='word_1_39' title='bbox 1434 755 1592 809; x_wconf 90' lang='lat' dir='ltr'><strong>solet.</strong></span> <span class='ocrx_word' id='word_1_40' title='bbox 1645 755 1822 811; x_wconf 64' lang='lat' dir='ltr'><strong>Multas</strong></span> 
     </span>
    </p>
   </div>
   <div class='ocr_carea' id='block_1_7' title="bbox 222 844 1822 914">
    <p class='ocr_par' dir='ltr' id='par_1_7' title="bbox 222 844 1822 914">
     <span class='ocr_line' id='line_1_7' title="bbox 222 844 1822 914; baseline 0.004 -18"><span class='ocrx_word' id='word_1_41' title='bbox 222 847 640 914; x_wconf 88' lang='lat' dir='ltr'><strong>namque&#39;captu</strong></span> <span class='ocrx_word' id='word_1_42' title='bbox 666 845 996 900; x_wconf 87' lang='lat' dir='ltr'><strong>difﬁciliores</strong></span> <span class='ocrx_word' id='word_1_43' title='bbox 1025 844 1152 900; x_wconf 77' lang='lat' dir='ltr'><strong>ferte</strong></span> <span class='ocrx_word' id='word_1_44' title='bbox 1186 845 1266 901; x_wconf 93' lang='lat' dir='ltr'><strong>sic</strong></span> <span class='ocrx_word' id='word_1_45' title='bbox 1299 859 1486 902; x_wconf 89' lang='lat' dir='ltr'><strong>amore</strong></span> <span class='ocrx_word' id='word_1_46' title='bbox 1511 854 1566 901; x_wconf 90' lang='lat' dir='ltr'><strong>et</strong></span> <span class='ocrx_word' id='word_1_47' title='bbox 1593 847 1822 902; x_wconf 89' lang='lat' dir='ltr'><strong>commi-</strong></span> 
     </span>
    </p>
   </div>
   <div class='ocr_carea' id='block_1_8' title="bbox 220 937 1821 1009">
    <p class='ocr_par' dir='ltr' id='par_1_8' title="bbox 220 937 1821 1009">
     <span class='ocr_line' id='line_1_8' title="bbox 220 937 1821 1009; baseline 0.006 -20"><span class='ocrx_word' id='word_1_48' title='bbox 220 937 493 989; x_wconf 81' lang='lat' dir='ltr'><strong>seratione</strong></span> <span class='ocrx_word' id='word_1_49' title='bbox 522 952 648 1007; x_wconf 87' lang='lat' dir='ltr'><strong>erga</strong></span> <span class='ocrx_word' id='word_1_50' title='bbox 677 939 880 1008; x_wconf 85' lang='lat' dir='ltr'><strong>prolem</strong></span> <span class='ocrx_word' id='word_1_51' title='bbox 908 939 1197 1009; x_wconf 85' lang='lat' dir='ltr'><strong>capiuntur</strong></span> <span class='ocrx_word' id='word_1_52' title='bbox 1215 981 1231 1005; x_wconf 95' lang='lat'><strong>,</strong></span> <span class='ocrx_word' id='word_1_53' title='bbox 1259 954 1408 995; x_wconf 88' lang='lat' dir='ltr'><strong>suam</strong></span> <span class='ocrx_word' id='word_1_54' title='bbox 1437 955 1546 995; x_wconf 91' lang='lat' dir='ltr'><strong>non</strong></span> <span class='ocrx_word' id='word_1_55' title='bbox 1571 953 1821 1000; x_wconf 85' lang='lat' dir='ltr'><strong>curantes</strong></span> 
     </span>
    </p>
   </div>
   <div class='ocr_carea' id='block_1_9' title="bbox 220 1026 1823 1090">
    <p class='ocr_par' dir='ltr' id='par_1_9' title="bbox 220 1026 1823 1090">
     <span class='ocr_line' id='line_1_9' title="bbox 220 1026 1823 1090; baseline 0.006 -12"><span class='ocrx_word' id='word_1_56' title='bbox 220 1026 450 1080; x_wconf 78' lang='lat' dir='ltr'><strong>salutem</strong></span> <span class='ocrx_word' id='word_1_57' title='bbox 477 1067 494 1090; x_wconf 91' lang='lat'><strong>,</strong></span> <span class='ocrx_word' id='word_1_58' title='bbox 527 1027 623 1082; x_wconf 88' lang='lat' dir='ltr'><strong>sed</strong></span> <span class='ocrx_word' id='word_1_59' title='bbox 663 1029 876 1084; x_wconf 83' lang='lat' dir='ltr'><strong>incaute</strong></span> <span class='ocrx_word' id='word_1_60' title='bbox 915 1030 966 1083; x_wconf 92' lang='lat' dir='ltr'><strong>in</strong></span> <span class='ocrx_word' id='word_1_61' title='bbox 1002 1038 1312 1085; x_wconf 82' lang='lat' dir='ltr'><strong>venatorum</strong></span> <span class='ocrx_word' id='word_1_62' title='bbox 1352 1046 1544 1087; x_wconf 89' lang='lat' dir='ltr'><strong>manus</strong></span> <span class='ocrx_word' id='word_1_63' title='bbox 1581 1034 1823 1090; x_wconf 83' lang='lat' dir='ltr'><strong>inciden-</strong></span> 
     </span>
    </p>
   </div>
   <div class='ocr_carea' id='block_1_10' title="bbox 221 1121 1820 1196">
    <p class='ocr_par' dir='ltr' id='par_1_10' title="bbox 221 1121 1820 1196">
     <span class='ocr_line' id='line_1_10' title="bbox 221 1121 1820 1196; baseline 0.007 -24"><span class='ocrx_word' id='word_1_64' title='bbox 221 1127 302 1172; x_wconf 88' lang='lat' dir='ltr'><strong>tes</strong></span> <span class='ocrx_word' id='word_1_65' title='bbox 336 1136 350 1172; x_wconf 93' lang='lat'><strong>:</strong></span> <span class='ocrx_word' id='word_1_66' title='bbox 384 1121 697 1191; x_wconf 89' lang='lat' dir='ltr'><strong>nullumque</strong></span> <span class='ocrx_word' id='word_1_67' title='bbox 725 1130 807 1176; x_wconf 90' lang='lat' dir='ltr'><strong>est</strong></span> <span class='ocrx_word' id='word_1_68' title='bbox 832 1122 1031 1177; x_wconf 91' lang='lat' dir='ltr'><strong>animal</strong></span> <span class='ocrx_word' id='word_1_69' title='bbox 1074 1124 1147 1177; x_wconf 88' lang='lat' dir='ltr'><strong>ita</strong></span> <span class='ocrx_word' id='word_1_70' title='bbox 1187 1123 1458 1179; x_wconf 89' lang='lat' dir='ltr'><strong>inﬁrmum</strong></span> <span class='ocrx_word' id='word_1_71' title='bbox 1481 1165 1498 1191; x_wconf 94' lang='lat'><strong>,</strong></span> <span class='ocrx_word' id='word_1_72' title='bbox 1528 1134 1587 1180; x_wconf 92' lang='lat' dir='ltr'><strong>ut</strong></span> <span class='ocrx_word' id='word_1_73' title='bbox 1612 1126 1820 1196; x_wconf 85' lang='lat' dir='ltr'><strong>prolem</strong></span> 
     </span>
    </p>
   </div>
   <div class='ocr_carea' id='block_1_11' title="bbox 218 1211 1821 1281">
    <p class='ocr_par' dir='ltr' id='par_1_11' title="bbox 218 1211 1821 1281">
     <span class='ocr_line' id='line_1_11' title="bbox 218 1211 1821 1281; baseline 0.007 -18"><span class='ocrx_word' id='word_1_74' title='bbox 218 1225 326 1264; x_wconf 76' lang='lat' dir='ltr'><strong>non</strong></span> <span class='ocrx_word' id='word_1_75' title='bbox 357 1211 644 1278; x_wconf 83' lang='lat' dir='ltr'><strong>defendat;</strong></span> <span class='ocrx_word' id='word_1_76' title='bbox 695 1213 900 1269; x_wconf 90' lang='lat' dir='ltr'><strong>nullum</strong></span> <span class='ocrx_word' id='word_1_77' title='bbox 945 1215 1020 1268; x_wconf 91' lang='lat' dir='ltr'><strong>ita</strong></span> <span class='ocrx_word' id='word_1_78' title='bbox 1067 1223 1401 1270; x_wconf 83' lang='lat' dir='ltr'><strong>mansuetum</strong></span> <span class='ocrx_word' id='word_1_79' title='bbox 1427 1257 1442 1281; x_wconf 96' lang='lat'><strong>,</strong></span> <span class='ocrx_word' id='word_1_80' title='bbox 1470 1225 1529 1270; x_wconf 85' lang='lat' dir='ltr'><strong>ut</strong></span> <span class='ocrx_word' id='word_1_81' title='bbox 1567 1218 1676 1273; x_wconf 91' lang='lat' dir='ltr'><strong>fetu</strong></span> <span class='ocrx_word' id='word_1_82' title='bbox 1723 1233 1821 1275; x_wconf 85' lang='lat' dir='ltr'><strong>suo</strong></span> 
     </span>
    </p>
   </div>
   <div class='ocr_carea' id='block_1_12' title="bbox 219 1301 1820 1380">
    <p class='ocr_par' dir='ltr' id='par_1_12' title="bbox 219 1301 1820 1380">
     <span class='ocr_line' id='line_1_12' title="bbox 219 1301 1820 1380; baseline 0.006 -24"><span class='ocrx_word' id='word_1_83' title='bbox 219 1301 470 1359; x_wconf 85' lang='lat' dir='ltr'><strong>orbatum</strong></span> <span class='ocrx_word' id='word_1_84' title='bbox 517 1319 622 1356; x_wconf 84' lang='lat' dir='ltr'><strong>non</strong></span> <span class='ocrx_word' id='word_1_85' title='bbox 674 1305 930 1359; x_wconf 87' lang='lat' dir='ltr'><strong>irritetur.</strong></span> <span class='ocrx_word' id='word_1_86' title='bbox 962 1305 1160 1362; x_wconf 82' lang='lat' dir='ltr'><strong>Verum</strong></span> <span class='ocrx_word' id='word_1_87' title='bbox 1206 1307 1294 1362; x_wconf 87' lang='lat' dir='ltr'><strong>illa</strong></span> <span class='ocrx_word' id='word_1_88' title='bbox 1329 1308 1661 1380; x_wconf 83' lang='lat' dir='ltr'><strong>tyrannidem</strong></span> <span class='ocrx_word' id='word_1_89' title='bbox 1707 1318 1820 1366; x_wconf 86' lang='lat' dir='ltr'><strong>tum</strong></span> 
     </span>
    </p>
   </div>
   <div class='ocr_carea' id='block_1_13' title="bbox 216 1395 1820 1469">
    <p class='ocr_par' dir='ltr' id='par_1_13' title="bbox 216 1395 1820 1469">
     <span class='ocr_line' id='line_1_13' title="bbox 216 1395 1820 1469; baseline 0.007 -21"><span class='ocrx_word' id='word_1_90' title='bbox 216 1409 316 1464; x_wconf 80' lang='lat' dir='ltr'><strong>per</strong></span> <span class='ocrx_word' id='word_1_91' title='bbox 361 1396 706 1450; x_wconf 76' lang='lat' dir='ltr'><strong>rationabiles</strong></span> <span class='ocrx_word' id='word_1_92' title='bbox 755 1395 1043 1465; x_wconf 86' lang='lat' dir='ltr'><strong>homines,</strong></span> <span class='ocrx_word' id='word_1_93' title='bbox 1084 1407 1197 1453; x_wconf 90' lang='lat' dir='ltr'><strong>tum</strong></span> <span class='ocrx_word' id='word_1_94' title='bbox 1243 1415 1338 1469; x_wconf 90' lang='lat' dir='ltr'><strong>per</strong></span> <span class='ocrx_word' id='word_1_95' title='bbox 1376 1401 1529 1455; x_wconf 87' lang='lat' dir='ltr'><strong>bruta</strong></span> <span class='ocrx_word' id='word_1_96' title='bbox 1569 1402 1820 1460; x_wconf 81' lang='lat' dir='ltr'><strong>animalia</strong></span> 
     </span>
    </p>
   </div>
   <div class='ocr_carea' id='block_1_14' title="bbox 219 1487 1820 1560">
    <p class='ocr_par' dir='ltr' id='par_1_14' title="bbox 219 1487 1820 1560">
     <span class='ocr_line' id='line_1_14' title="bbox 219 1487 1820 1560; baseline 0.007 -20"><span class='ocrx_word' id='word_1_97' title='bbox 219 1488 485 1541; x_wconf 73' lang='lat' dir='ltr'><strong>intonsam</strong></span> <span class='ocrx_word' id='word_1_98' title='bbox 513 1487 758 1543; x_wconf 79' lang='lat' dir='ltr'><strong>dissolvit</strong></span> <span class='ocrx_word' id='word_1_99' title='bbox 805 1506 819 1540; x_wconf 93' lang='lat'><strong>:</strong></span> <span class='ocrx_word' id='word_1_100' title='bbox 850 1505 1026 1560; x_wconf 89' lang='lat' dir='ltr'><strong>neque</strong></span> <span class='ocrx_word' id='word_1_101' title='bbox 1054 1491 1229 1547; x_wconf 89' lang='lat' dir='ltr'><strong>solum</strong></span> <span class='ocrx_word' id='word_1_102' title='bbox 1259 1508 1365 1547; x_wconf 90' lang='lat' dir='ltr'><strong>non</strong></span> <span class='ocrx_word' id='word_1_103' title='bbox 1396 1494 1618 1550; x_wconf 90' lang='lat' dir='ltr'><strong>insilivit</strong></span> <span class='ocrx_word' id='word_1_104' title='bbox 1643 1496 1699 1552; x_wconf 92' lang='lat' dir='ltr'><strong>in</strong></span> <span class='ocrx_word' id='word_1_105' title='bbox 1728 1512 1820 1552; x_wconf 90' lang='lat' dir='ltr'><strong>ca-</strong></span> 
     </span>
    </p>
   </div>
   <div class='ocr_carea' id='block_1_15' title="bbox 219 1581 1818 1657">
    <p class='ocr_par' dir='ltr' id='par_1_15' title="bbox 219 1581 1818 1657">
     <span class='ocr_line' id='line_1_15' title="bbox 219 1581 1818 1657; baseline 0.006 -23"><span class='ocrx_word' id='word_1_106' title='bbox 219 1590 314 1644; x_wconf 83' lang='lat' dir='ltr'><strong>put</strong></span> <span class='ocrx_word' id='word_1_107' title='bbox 345 1581 587 1651; x_wconf 73' lang='lat' dir='ltr'><strong>tyranni,</strong></span> <span class='ocrx_word' id='word_1_108' title='bbox 634 1596 812 1652; x_wconf 90' lang='lat' dir='ltr'><strong>neque</strong></span> <span class='ocrx_word' id='word_1_109' title='bbox 839 1583 998 1642; x_wconf 88' lang='lat' dir='ltr'><strong>modo</strong></span> <span class='ocrx_word' id='word_1_110' title='bbox 1027 1584 1216 1640; x_wconf 78' lang='lat' dir='ltr'><strong>faciem</strong></span> <span class='ocrx_word' id='word_1_111' title='bbox 1247 1585 1365 1657; x_wconf 86' lang='lat' dir='ltr'><strong>ejus</strong></span> <span class='ocrx_word' id='word_1_112' title='bbox 1393 1601 1500 1642; x_wconf 90' lang='lat' dir='ltr'><strong>non</strong></span> <span class='ocrx_word' id='word_1_113' title='bbox 1527 1588 1818 1656; x_wconf 87' lang='lat' dir='ltr'><strong>laceravit,</strong></span> 
     </span>
    </p>
   </div>
   <div class='ocr_carea' id='block_1_16' title="bbox 217 1673 1821 1753">
    <p class='ocr_par' dir='ltr' id='par_1_16' title="bbox 217 1673 1821 1753">
     <span class='ocr_line' id='line_1_16' title="bbox 217 1673 1821 1753; baseline 0.007 -25"><span class='ocrx_word' id='word_1_114' title='bbox 217 1673 525 1740; x_wconf 77' lang='lat' dir='ltr'><strong>discerptas</strong></span> <span class='ocrx_word' id='word_1_115' title='bbox 566 1674 756 1732; x_wconf 88' lang='lat' dir='ltr'><strong>videns</strong></span> <span class='ocrx_word' id='word_1_116' title='bbox 802 1678 1048 1746; x_wconf 83' lang='lat' dir='ltr'><strong>catulos,</strong></span> <span class='ocrx_word' id='word_1_117' title='bbox 1085 1677 1182 1734; x_wconf 83' lang='lat' dir='ltr'><strong>sed</strong></span> <span class='ocrx_word' id='word_1_118' title='bbox 1221 1687 1420 1735; x_wconf 82' lang='lat' dir='ltr'><strong>tantam</strong></span> <span class='ocrx_word' id='word_1_119' title='bbox 1468 1682 1821 1753; x_wconf 74' lang='lat' dir='ltr'><strong>philosophia:</strong></span> 
     </span>
    </p>
   </div>
   <div class='ocr_carea' id='block_1_17' title="bbox 217 1765 1822 1843">
    <p class='ocr_par' dir='ltr' id='par_1_17' title="bbox 217 1765 1822 1843">
     <span class='ocr_line' id='line_1_17' title="bbox 217 1765 1822 1843; baseline 0.007 -25"><span class='ocrx_word' id='word_1_120' title='bbox 217 1765 638 1835; x_wconf 80' lang='lat' dir='ltr'><strong>magnitudinem</strong></span> <span class='ocrx_word' id='word_1_121' title='bbox 671 1766 950 1830; x_wconf 82' lang='lat' dir='ltr'><strong>exhibuit,</strong></span> <span class='ocrx_word' id='word_1_122' title='bbox 983 1776 1040 1822; x_wconf 87' lang='lat' dir='ltr'><strong>ut</strong></span> <span class='ocrx_word' id='word_1_123' title='bbox 1070 1769 1333 1824; x_wconf 90' lang='lat' dir='ltr'><strong>immanes</strong></span> <span class='ocrx_word' id='word_1_124' title='bbox 1362 1769 1462 1840; x_wconf 87' lang='lat' dir='ltr'><strong>ipsi</strong></span> <span class='ocrx_word' id='word_1_125' title='bbox 1487 1771 1657 1843; x_wconf 86' lang='lat' dir='ltr'><strong>dapes</strong></span> <span class='ocrx_word' id='word_1_126' title='bbox 1684 1788 1822 1843; x_wconf 78' lang='lat' dir='ltr'><strong>prae-</strong></span> 
     </span>
    </p>
   </div>
   <div class='ocr_carea' id='block_1_18' title="bbox 219 1856 1824 1936">
    <p class='ocr_par' dir='ltr' id='par_1_18' title="bbox 219 1856 1824 1936">
     <span class='ocr_line' id='line_1_18' title="bbox 219 1856 1824 1936; baseline 0.009 -31"><span class='ocrx_word' id='word_1_127' title='bbox 219 1866 435 1925; x_wconf 65' lang='lat' dir='ltr'><strong>pararet</strong></span> <span class='ocrx_word' id='word_1_128' title='bbox 459 1875 471 1910; x_wconf 92' lang='lat'><strong>:</strong></span> <span class='ocrx_word' id='word_1_129' title='bbox 496 1872 558 1912; x_wconf 77' lang='lat' dir='ltr'><strong>ac</strong></span> <span class='ocrx_word' id='word_1_130' title='bbox 578 1856 706 1913; x_wconf 90' lang='lat' dir='ltr'><strong>dum</strong></span> <span class='ocrx_word' id='word_1_131' title='bbox 724 1859 935 1929; x_wconf 86' lang='lat' dir='ltr'><strong>priores</strong></span> <span class='ocrx_word' id='word_1_132' title='bbox 952 1858 1128 1915; x_wconf 87' lang='lat' dir='ltr'><strong>adhuc</strong></span> <span class='ocrx_word' id='word_1_133' title='bbox 1148 1861 1519 1917; x_wconf 86' lang='lat' dir='ltr'><strong>cruciarentur</strong></span> <span class='ocrx_word' id='word_1_134' title='bbox 1538 1905 1555 1929; x_wconf 87' lang='lat'><strong>,</strong></span> <span class='ocrx_word' id='word_1_135' title='bbox 1587 1864 1824 1936; x_wconf 86' lang='lat' dir='ltr'><strong>reliquos</strong></span> 
     </span>
    </p>
   </div>
   <div class='ocr_carea' id='block_1_19' title="bbox 217 1948 1494 2024">
    <p class='ocr_par' dir='ltr' id='par_1_19' title="bbox 217 1948 1494 2024">
     <span class='ocr_line' id='line_1_19' title="bbox 217 1948 1494 2024; baseline 0.005 -22"><span class='ocrx_word' id='word_1_136' title='bbox 217 1948 282 2002; x_wconf 83' lang='lat' dir='ltr'><strong>ad</strong></span> <span class='ocrx_word' id='word_1_137' title='bbox 313 1949 703 2018; x_wconf 80' lang='lat' dir='ltr'><strong>suppliciorum</strong></span> <span class='ocrx_word' id='word_1_138' title='bbox 730 1951 1158 2022; x_wconf 81' lang='lat' dir='ltr'><strong>experimentum</strong></span> <span class='ocrx_word' id='word_1_139' title='bbox 1185 1954 1494 2024; x_wconf 86' lang='lat' dir='ltr'><strong>inungeret.</strong></span> 
     </span>
    </p>
   </div>
   <div class='ocr_carea' id='block_1_20' title="bbox 286 2039 1818 2117">
    <p class='ocr_par' dir='ltr' id='par_1_20' title="bbox 286 2039 1818 2117">
     <span class='ocr_line' id='line_1_20' title="bbox 286 2039 1818 2117; baseline 0.008 -24"><span class='ocrx_word' id='word_1_140' title='bbox 376 2039 606 2094; x_wconf 84' lang='lat' dir='ltr'><strong>Audiant</strong></span> <span class='ocrx_word' id='word_1_141' title='bbox 627 2049 847 2108; x_wconf 87' lang='lat' dir='ltr'><strong>matres,</strong></span> <span class='ocrx_word' id='word_1_142' title='bbox 871 2042 1115 2097; x_wconf 84' lang='lat' dir='ltr'><strong>mulieris</strong></span> <span class='ocrx_word' id='word_1_143' title='bbox 1135 2043 1410 2100; x_wconf 89' lang='lat' dir='ltr'><strong>imitentur</strong></span> <span class='ocrx_word' id='word_1_144' title='bbox 1430 2045 1818 2117; x_wconf 77' lang='lat' dir='ltr'><strong>fortitudinem,</strong></span> 
     </span>
    </p>
   </div>
   <div class='ocr_carea' id='block_1_21' title="bbox 215 2129 1820 2200">
    <p class='ocr_par' dir='ltr' id='par_1_21' title="bbox 215 2129 1820 2200">
     <span class='ocr_line' id='line_1_21' title="bbox 215 2129 1820 2200; baseline 0.007 -18"><span class='ocrx_word' id='word_1_145' title='bbox 215 2129 493 2200; x_wconf 84' lang='lat' dir='ltr'><strong>prolisque</strong></span> <span class='ocrx_word' id='word_1_146' title='bbox 514 2146 755 2187; x_wconf 91' lang='lat' dir='ltr'><strong>amorem</strong></span> <span class='ocrx_word' id='word_1_147' title='bbox 779 2150 794 2187; x_wconf 93' lang='lat'><strong>:</strong></span> <span class='ocrx_word' id='word_1_148' title='bbox 821 2133 901 2188; x_wconf 89' lang='lat' dir='ltr'><strong>sic</strong></span> <span class='ocrx_word' id='word_1_149' title='bbox 930 2132 1072 2189; x_wconf 90' lang='lat' dir='ltr'><strong>ﬁlios</strong></span> <span class='ocrx_word' id='word_1_150' title='bbox 1095 2136 1355 2190; x_wconf 87' lang='lat' dir='ltr'><strong>nutriant.</strong></span> <span class='ocrx_word' id='word_1_151' title='bbox 1384 2136 1502 2193; x_wconf 85' lang='lat' dir='ltr'><strong>Non</strong></span> <span class='ocrx_word' id='word_1_152' title='bbox 1529 2141 1671 2194; x_wconf 88' lang='lat' dir='ltr'><strong>enim</strong></span> <span class='ocrx_word' id='word_1_153' title='bbox 1699 2156 1820 2194; x_wconf 83' lang='lat' dir='ltr'><strong>mu-</strong></span> 
     </span>
    </p>
   </div>
   <div class='ocr_carea' id='block_1_22' title="bbox 215 2220 1823 2294">
    <p class='ocr_par' dir='ltr' id='par_1_22' title="bbox 215 2220 1823 2294">
     <span class='ocr_line' id='line_1_22' title="bbox 215 2220 1823 2294; baseline 0.008 -21"><span class='ocrx_word' id='word_1_154' title='bbox 215 2220 370 2276; x_wconf 79' lang='lat' dir='ltr'><strong>lieris</strong></span> <span class='ocrx_word' id='word_1_155' title='bbox 398 2231 482 2275; x_wconf 89' lang='lat' dir='ltr'><strong>est</strong></span> <span class='ocrx_word' id='word_1_156' title='bbox 511 2237 731 2292; x_wconf 88' lang='lat' dir='ltr'><strong>parere,</strong></span> <span class='ocrx_word' id='word_1_157' title='bbox 763 2223 817 2277; x_wconf 90' lang='lat' dir='ltr'><strong>id</strong></span> <span class='ocrx_word' id='word_1_158' title='bbox 860 2238 1055 2294; x_wconf 88' lang='lat' dir='ltr'><strong>nempe</strong></span> <span class='ocrx_word' id='word_1_159' title='bbox 1078 2233 1162 2280; x_wconf 89' lang='lat' dir='ltr'><strong>est</strong></span> <span class='ocrx_word' id='word_1_160' title='bbox 1200 2235 1435 2293; x_wconf 77' lang='lat' dir='ltr'><strong>naturze;</strong></span> <span class='ocrx_word' id='word_1_161' title='bbox 1465 2229 1560 2284; x_wconf 89' lang='lat' dir='ltr'><strong>sed</strong></span> <span class='ocrx_word' id='word_1_162' title='bbox 1589 2228 1823 2286; x_wconf 84' lang='lat' dir='ltr'><strong>educare</strong></span> 
     </span>
    </p>
   </div>
   <div class='ocr_carea' id='block_1_23' title="bbox 215 2313 1823 2386">
    <p class='ocr_par' dir='ltr' id='par_1_23' title="bbox 215 2313 1823 2386">
     <span class='ocr_line' id='line_1_23' title="bbox 215 2313 1823 2386; baseline 0.006 -18"><span class='ocrx_word' id='word_1_163' title='bbox 215 2314 408 2368; x_wconf 85' lang='lat' dir='ltr'><strong>ma‘tris</strong></span> <span class='ocrx_word' id='word_1_164' title='bbox 437 2324 541 2380; x_wconf 90' lang='lat' dir='ltr'><strong>est,</strong></span> <span class='ocrx_word' id='word_1_165' title='bbox 584 2313 637 2368; x_wconf 92' lang='lat' dir='ltr'><strong>id</strong></span> <span class='ocrx_word' id='word_1_166' title='bbox 670 2329 898 2386; x_wconf 84' lang='lat' dir='ltr'><strong>namque</strong></span> <span class='ocrx_word' id='word_1_167' title='bbox 927 2327 1011 2371; x_wconf 90' lang='lat' dir='ltr'><strong>est</strong></span> <span class='ocrx_word' id='word_1_168' title='bbox 1040 2316 1348 2372; x_wconf 80' lang='lat' dir='ltr'><strong>voluntatis.</strong></span> <span class='ocrx_word' id='word_1_169' title='bbox 1382 2317 1450 2374; x_wconf 88' lang='lat' dir='ltr'><strong>Ut</strong></span> <span class='ocrx_word' id='word_1_170' title='bbox 1475 2334 1608 2375; x_wconf 89' lang='lat' dir='ltr'><strong>vero</strong></span> <span class='ocrx_word' id='word_1_171' title='bbox 1647 2321 1823 2378; x_wconf 87' lang='lat' dir='ltr'><strong>discas</strong></span> 
     </span>
    </p>
   </div>
   <div class='ocr_carea' id='block_1_24' title="bbox 214 2410 1819 2485">
    <p class='ocr_par' dir='ltr' id='par_1_24' title="bbox 214 2410 1819 2485">
     <span class='ocr_line' id='line_1_24' title="bbox 214 2410 1819 2485; baseline 0.006 -25"><span class='ocrx_word' id='word_1_172' title='bbox 214 2421 326 2462; x_wconf 80' lang='lat' dir='ltr'><strong>non</strong></span> <span class='ocrx_word' id='word_1_173' title='bbox 351 2421 418 2460; x_wconf 81' lang='lat' dir='ltr'><strong>ex</strong></span> <span class='ocrx_word' id='word_1_174' title='bbox 450 2415 605 2476; x_wconf 90' lang='lat' dir='ltr'><strong>partu</strong></span> <span class='ocrx_word' id='word_1_175' title='bbox 637 2418 861 2462; x_wconf 88' lang='lat' dir='ltr'><strong>matrem</strong></span> <span class='ocrx_word' id='word_1_176' title='bbox 897 2410 1037 2474; x_wconf 89' lang='lat' dir='ltr'><strong>ﬁeri,</strong></span> <span class='ocrx_word' id='word_1_177' title='bbox 1080 2410 1176 2466; x_wconf 89' lang='lat' dir='ltr'><strong>sed</strong></span> <span class='ocrx_word' id='word_1_178' title='bbox 1204 2427 1273 2465; x_wconf 86' lang='lat' dir='ltr'><strong>ex</strong></span> <span class='ocrx_word' id='word_1_179' title='bbox 1311 2411 1630 2471; x_wconf 88' lang='lat' dir='ltr'><strong>educatione</strong></span> <span class='ocrx_word' id='word_1_180' title='bbox 1658 2415 1819 2485; x_wconf 89' lang='lat' dir='ltr'><strong>bona,</strong></span> 
     </span>
    </p>
   </div>
   <div class='ocr_carea' id='block_1_25' title="bbox 214 2500 1819 2577">
    <p class='ocr_par' dir='ltr' id='par_1_25' title="bbox 214 2500 1819 2577">
     <span class='ocr_line' id='line_1_25' title="bbox 214 2500 1819 2577; baseline 0.007 -23"><span class='ocrx_word' id='word_1_181' title='bbox 214 2500 342 2556; x_wconf 88' lang='lat' dir='ltr'><strong>audi</strong></span> <span class='ocrx_word' id='word_1_182' title='bbox 370 2500 618 2570; x_wconf 84' lang='lat' dir='ltr'><strong>Paulum,</strong></span> <span class='ocrx_word' id='word_1_183' title='bbox 648 2501 858 2556; x_wconf 84' lang='lat' dir='ltr'><strong>viduam</strong></span> <span class='ocrx_word' id='word_1_184' title='bbox 905 2513 1254 2560; x_wconf 86' lang='lat' dir='ltr'><strong>coronantem</strong></span> <span class='ocrx_word' id='word_1_185' title='bbox 1276 2547 1292 2571; x_wconf 96' lang='lat'><strong>,</strong></span> <span class='ocrx_word' id='word_1_186' title='bbox 1325 2521 1431 2561; x_wconf 91' lang='lat' dir='ltr'><strong>non</strong></span> <span class='ocrx_word' id='word_1_187' title='bbox 1476 2507 1546 2563; x_wconf 93' lang='lat' dir='ltr'><strong>ob</strong></span> <span class='ocrx_word' id='word_1_188' title='bbox 1574 2519 1782 2577; x_wconf 89' lang='lat' dir='ltr'><strong>partum</strong></span> <span class='ocrx_word' id='word_1_189' title='bbox 1804 2552 1819 2577; x_wconf 96' lang='lat'><strong>,</strong></span> 
     </span>
    </p>
   </div>
   <div class='ocr_carea' id='block_1_26' title="bbox 213 2591 1817 2667">
    <p class='ocr_par' dir='ltr' id='par_1_26' title="bbox 213 2591 1817 2667">
     <span class='ocr_line' id='line_1_26' title="bbox 213 2591 1817 2667; baseline 0.006 -20"><span class='ocrx_word' id='word_1_190' title='bbox 213 2591 314 2648; x_wconf 81' lang='lat' dir='ltr'><strong>sed</strong></span> <span class='ocrx_word' id='word_1_191' title='bbox 344 2592 418 2647; x_wconf 90' lang='lat' dir='ltr'><strong>ob</strong></span> <span class='ocrx_word' id='word_1_192' title='bbox 464 2591 836 2649; x_wconf 88' lang='lat' dir='ltr'><strong>educationem</strong></span> <span class='ocrx_word' id='word_1_193' title='bbox 876 2594 1167 2650; x_wconf 88' lang='lat' dir='ltr'><strong>liberorum</strong></span> <span class='ocrx_word' id='word_1_194' title='bbox 1200 2612 1214 2646; x_wconf 86' lang='lat'><strong>:</strong></span> <span class='ocrx_word' id='word_1_195' title='bbox 1241 2611 1363 2651; x_wconf 92' lang='lat' dir='ltr'><strong>cum</strong></span> <span class='ocrx_word' id='word_1_196' title='bbox 1389 2597 1536 2653; x_wconf 89' lang='lat' dir='ltr'><strong>enim</strong></span> <span class='ocrx_word' id='word_1_197' title='bbox 1561 2599 1785 2656; x_wconf 77' lang='lat' dir='ltr'><strong>dixisset</strong></span> <span class='ocrx_word' id='word_1_198' title='bbox 1804 2645 1817 2667; x_wconf 93' lang='lat'><strong>,</strong></span> 
     </span>
    </p>
   </div>
   <div class='ocr_carea' id='block_1_27' title="bbox 224 2681 1820 2761">
    <p class='ocr_par' dir='ltr' id='par_1_27' title="bbox 224 2681 1820 2761">
     <span class='ocr_line' id='line_1_27' title="bbox 224 2681 1820 2761; baseline 0.008 -26"><span class='ocrx_word' id='word_1_199' title='bbox 224 2681 399 2736; x_wconf 76' lang='lat' dir='ltr'><strong>Vidua</strong></span> <span class='ocrx_word' id='word_1_200' title='bbox 428 2683 648 2753; x_wconf 80' lang='lat' dir='ltr'><strong>eligatur</strong></span> <span class='ocrx_word' id='word_1_201' title='bbox 695 2701 796 2740; x_wconf 81' lang='lat' dir='ltr'><strong>non</strong></span> <span class='ocrx_word' id='word_1_202' title='bbox 843 2687 1012 2740; x_wconf 81' lang='lat' dir='ltr'><strong>minus</strong></span> <span class='ocrx_word' id='word_1_203' title='bbox 1053 2703 1306 2740; x_wconf 79' lang='lat' dir='ltr'><strong>annorum</strong></span> <span class='ocrx_word' id='word_1_204' title='bbox 1344 2691 1633 2761; x_wconf 71' lang='lat' dir='ltr'><strong>sexaginta,</strong></span> <span class='ocrx_word' id='word_1_205' title='bbox 1678 2696 1820 2748; x_wconf 79' lang='lat' dir='ltr'><strong>testi-</strong></span> 
     </span>
    </p>
   </div>
   <div class='ocr_carea' id='block_1_28' title="bbox 217 2773 1818 2854">
    <p class='ocr_par' dir='ltr' id='par_1_28' title="bbox 217 2773 1818 2854">
     <span class='ocr_line' id='line_1_28' title="bbox 217 2773 1818 2854; baseline 0.008 -28"><span class='ocrx_word' id='word_1_206' title='bbox 217 2775 456 2828; x_wconf 77' lang='lat' dir='ltr'><strong>monium</strong></span> <span class='ocrx_word' id='word_1_207' title='bbox 485 2774 672 2828; x_wconf 72' lang='lat' dir='ltr'><strong>habens</strong></span> <span class='ocrx_word' id='word_1_208' title='bbox 700 2775 754 2828; x_wconf 81' lang='lat' dir='ltr'><strong>in</strong></span> <span class='ocrx_word' id='word_1_209' title='bbox 791 2775 1024 2844; x_wconf 74' lang='lat' dir='ltr'><strong>operibus</strong></span> <span class='ocrx_word' id='word_1_210' title='bbox 1057 2776 1202 2832; x_wconf 82' lang='lat' dir='ltr'><strong>bonis</strong></span> <span class='ocrx_word' id='word_1_211' title='bbox 1231 2778 1308 2850; x_wconf 82' lang='grc'><strong>(1.</strong></span> <span class='ocrx_word' id='word_1_212' title='bbox 1349 2778 1482 2833; x_wconf 81' lang='lat' dir='ltr'><strong>Tim.</strong></span> <span class='ocrx_word' id='word_1_213' title='bbox 1515 2782 1571 2836; x_wconf 85' lang='lat'><strong>5.</strong></span> <span class='ocrx_word' id='word_1_214' title='bbox 1601 2773 1656 2836; x_wconf 86' lang='lat'><strong>9.</strong></span> <span class='ocrx_word' id='word_1_215' title='bbox 1691 2783 1818 2854; x_wconf 78' lang='grc'><strong>10).</strong></span> 
     </span>
    </p>
   </div>
   <div class='ocr_carea' id='block_1_29' title="bbox 212 2865 1823 2939">
    <p class='ocr_par' dir='ltr' id='par_1_29' title="bbox 212 2865 1823 2939">
     <span class='ocr_line' id='line_1_29' title="bbox 212 2865 1823 2939; baseline 0.006 -19"><span class='ocrx_word' id='word_1_216' title='bbox 212 2865 486 2920; x_wconf 84' lang='lat' dir='ltr'><strong>bonorum</strong></span> <span class='ocrx_word' id='word_1_217' title='bbox 516 2865 754 2921; x_wconf 89' lang='lat' dir='ltr'><strong>omnium</strong></span> <span class='ocrx_word' id='word_1_218' title='bbox 786 2877 945 2936; x_wconf 91' lang='lat' dir='ltr'><strong>caput</strong></span> <span class='ocrx_word' id='word_1_219' title='bbox 971 2867 1177 2922; x_wconf 89' lang='lat' dir='ltr'><strong>addidit</strong></span> <span class='ocrx_word' id='word_1_220' title='bbox 1208 2885 1222 2922; x_wconf 92' lang='lat'><strong>:</strong></span> <span class='ocrx_word' id='word_1_221' title='bbox 1248 2869 1518 2939; x_wconf 85' lang='lat' dir='ltr'><strong>quodnam</strong></span> <span class='ocrx_word' id='word_1_222' title='bbox 1555 2871 1683 2928; x_wconf 90' lang='lat' dir='ltr'><strong>illud</strong></span> <span class='ocrx_word' id='word_1_223' title='bbox 1705 2873 1731 2927; x_wconf 70' lang='grc' dir='ltr'><em>ἲ</em></span> <span class='ocrx_word' id='word_1_224' title='bbox 1760 2873 1823 2930; x_wconf 85' lang='lat' dir='ltr'><strong>Si</strong></span> 
     </span>
    </p>
   </div>
   <div class='ocr_carea' id='block_1_30' title="bbox 211 2955 1818 3030">
    <p class='ocr_par' dir='ltr' id='par_1_30' title="bbox 211 2955 1818 3030">
     <span class='ocr_line' id='line_1_30' title="bbox 211 2955 1818 3030; baseline 0.006 -21"><span class='ocrx_word' id='word_1_225' title='bbox 211 2955 356 3024; x_wconf 66' lang='lat' dir='ltr'><strong>ﬁlios</strong></span> <span class='ocrx_word' id='word_1_226' title='bbox 382 2956 631 3024; x_wconf 75' lang='lat' dir='ltr'><strong>educauit,</strong></span> <span class='ocrx_word' id='word_1_227' title='bbox 653 2956 857 3028; x_wconf 83' lang='lat' dir='ltr'><strong>inquit;</strong></span> <span class='ocrx_word' id='word_1_228' title='bbox 887 2973 992 3012; x_wconf 90' lang='lat' dir='ltr'><strong>non</strong></span> <span class='ocrx_word' id='word_1_229' title='bbox 1021 2957 1175 3024; x_wconf 81' lang='lat' dir='ltr'><strong>dixit,</strong></span> <span class='ocrx_word' id='word_1_230' title='bbox 1199 2957 1254 3013; x_wconf 88' lang='lat' dir='ltr'><strong>Si</strong></span> <span class='ocrx_word' id='word_1_231' title='bbox 1277 2957 1418 3014; x_wconf 88' lang='lat' dir='ltr'><strong>ﬁlios</strong></span> <span class='ocrx_word' id='word_1_232' title='bbox 1437 2963 1678 3030; x_wconf 89' lang='lat' dir='ltr'><strong>peperit;</strong></span> <span class='ocrx_word' id='word_1_233' title='bbox 1701 2964 1818 3030; x_wconf 91' lang='lat' dir='ltr'><strong>sed,</strong></span> 
     </span>
    </p>
   </div>
   <div class='ocr_carea' id='block_1_31' title="bbox 211 3045 1818 3119">
    <p class='ocr_par' dir='ltr' id='par_1_31' title="bbox 211 3045 1818 3119">
     <span class='ocr_line' id='line_1_31' title="bbox 211 3045 1818 3119; baseline 0.007 -19"><span class='ocrx_word' id='word_1_234' title='bbox 211 3045 277 3100; x_wconf 76' lang='lat' dir='ltr'><strong>Si</strong></span> <span class='ocrx_word' id='word_1_235' title='bbox 304 3045 446 3116; x_wconf 79' lang='lat' dir='ltr'><strong>ﬁlios</strong></span> <span class='ocrx_word' id='word_1_236' title='bbox 468 3047 719 3102; x_wconf 78' lang='lat' dir='ltr'><strong>educavit.</strong></span> <span class='ocrx_word' id='word_1_237' title='bbox 750 3047 1058 3119; x_wconf 81' lang='lat' dir='ltr'><strong>Cogitemus</strong></span> <span class='ocrx_word' id='word_1_238' title='bbox 1092 3065 1236 3119; x_wconf 88' lang='lat' dir='ltr'><strong>ergo,</strong></span> <span class='ocrx_word' id='word_1_239' title='bbox 1267 3049 1396 3119; x_wconf 89' lang='lat' dir='ltr'><strong>quid</strong></span> <span class='ocrx_word' id='word_1_240' title='bbox 1432 3052 1720 3108; x_wconf 80' lang='lat' dir='ltr'><strong>verisimile</strong></span> <span class='ocrx_word' id='word_1_241' title='bbox 1746 3056 1818 3110; x_wconf 88' lang='lat' dir='ltr'><strong>sit</strong></span> 
     </span>
    </p>
   </div>
   <div class='ocr_carea' id='block_1_32' title="bbox 210 3139 1821 3216">
    <p class='ocr_par' dir='ltr' id='par_1_32' title="bbox 210 3139 1821 3216">
     <span class='ocr_line' id='line_1_32' title="bbox 210 3139 1821 3216; baseline 0.004 -23"><span class='ocrx_word' id='word_1_242' title='bbox 210 3153 431 3209; x_wconf 84' lang='lat' dir='ltr'><strong>passam</strong></span> <span class='ocrx_word' id='word_1_243' title='bbox 452 3139 613 3195; x_wconf 85' lang='lat' dir='ltr'><strong>fuisse</strong></span> <span class='ocrx_word' id='word_1_244' title='bbox 629 3140 928 3207; x_wconf 88' lang='lat' dir='ltr'><strong>mulierem,</strong></span> <span class='ocrx_word' id='word_1_245' title='bbox 947 3141 990 3195; x_wconf 89' lang='lat' dir='ltr'><strong>si</strong></span> <span class='ocrx_word' id='word_1_246' title='bbox 1013 3149 1190 3197; x_wconf 84' lang='lat' dir='ltr'><strong>tamen</strong></span> <span class='ocrx_word' id='word_1_247' title='bbox 1206 3142 1484 3198; x_wconf 90' lang='lat' dir='ltr'><strong>mulierem</strong></span> <span class='ocrx_word' id='word_1_248' title='bbox 1504 3143 1627 3199; x_wconf 90' lang='lat' dir='ltr'><strong>licet</strong></span> <span class='ocrx_word' id='word_1_249' title='bbox 1641 3146 1821 3216; x_wconf 85' lang='lat' dir='ltr'><strong>appel-</strong></span> 
     </span>
    </p>
   </div>
   <div class='ocr_carea' id='block_1_33' title="bbox 211 3231 1814 3308">
    <p class='ocr_par' dir='ltr' id='par_1_33' title="bbox 211 3231 1814 3308">
     <span class='ocr_line' id='line_1_33' title="bbox 211 3231 1814 3308; baseline 0.004 -22"><span class='ocrx_word' id='word_1_250' title='bbox 211 3231 360 3297; x_wconf 77' lang='lat' dir='ltr'><strong>lare,</strong></span> <span class='ocrx_word' id='word_1_251' title='bbox 418 3247 538 3287; x_wconf 89' lang='lat' dir='ltr'><strong>cum</strong></span> <span class='ocrx_word' id='word_1_252' title='bbox 583 3231 790 3287; x_wconf 88' lang='lat' dir='ltr'><strong>videret</strong></span> <span class='ocrx_word' id='word_1_253' title='bbox 831 3233 1027 3302; x_wconf 89' lang='lat' dir='ltr'><strong>digitos</strong></span> <span class='ocrx_word' id='word_1_254' title='bbox 1087 3248 1250 3302; x_wconf 88' lang='lat' dir='ltr'><strong>super</strong></span> <span class='ocrx_word' id='word_1_255' title='bbox 1303 3236 1488 3304; x_wconf 89' lang='lat' dir='ltr'><strong>prunis</strong></span> <span class='ocrx_word' id='word_1_256' title='bbox 1545 3239 1814 3308; x_wconf 89' lang='lat' dir='ltr'><strong>palpitan-</strong></span> 
     </span>
    </p>
   </div>
   <div class='ocr_carea' id='block_1_34' title="bbox 213 3324 1820 3400">
    <p class='ocr_par' dir='ltr' id='par_1_34' title="bbox 213 3324 1820 3400">
     <span class='ocr_line' id='line_1_34' title="bbox 213 3324 1820 3400; baseline 0.004 -21"><span class='ocrx_word' id='word_1_257' title='bbox 213 3333 323 3388; x_wconf 87' lang='lat' dir='ltr'><strong>tes,</strong></span> <span class='ocrx_word' id='word_1_258' title='bbox 357 3334 517 3394; x_wconf 89' lang='lat' dir='ltr'><strong>caput</strong></span> <span class='ocrx_word' id='word_1_259' title='bbox 543 3325 819 3389; x_wconf 89' lang='lat' dir='ltr'><strong>exsiliens,</strong></span> <span class='ocrx_word' id='word_1_260' title='bbox 851 3324 1081 3380; x_wconf 84' lang='lat' dir='ltr'><strong>ferream</strong></span> <span class='ocrx_word' id='word_1_261' title='bbox 1110 3341 1329 3382; x_wconf 86' lang='lat' dir='ltr'><strong>manum</strong></span> <span class='ocrx_word' id='word_1_262' title='bbox 1357 3327 1630 3396; x_wconf 87' lang='lat' dir='ltr'><strong>injectam,</strong></span> <span class='ocrx_word' id='word_1_263' title='bbox 1659 3331 1820 3400; x_wconf 83' lang='lat' dir='ltr'><strong>capiti</strong></span> 
     </span>
    </p>
   </div>
   <div class='ocr_carea' id='block_1_35' title="bbox 210 3416 1818 3490">
    <p class='ocr_par' dir='ltr' id='par_1_35' title="bbox 210 3416 1818 3490">
     <span class='ocr_line' id='line_1_35' title="bbox 210 3416 1818 3490; baseline 0.004 -20"><span class='ocrx_word' id='word_1_264' title='bbox 210 3417 440 3472; x_wconf 88' lang='lat' dir='ltr'><strong>alterius</strong></span> <span class='ocrx_word' id='word_1_265' title='bbox 466 3434 497 3472; x_wconf 93' lang='lat' dir='ltr'><strong>e</strong></span> <span class='ocrx_word' id='word_1_266' title='bbox 539 3418 664 3473; x_wconf 90' lang='lat' dir='ltr'><strong>ﬁliis</strong></span> <span class='ocrx_word' id='word_1_267' title='bbox 695 3417 892 3488; x_wconf 91' lang='lat' dir='ltr'><strong>pellem</strong></span> <span class='ocrx_word' id='word_1_268' title='bbox 923 3416 1237 3483; x_wconf 86' lang='lat' dir='ltr'><strong>detractam,</strong></span> <span class='ocrx_word' id='word_1_269' title='bbox 1277 3428 1334 3473; x_wconf 90' lang='lat' dir='ltr'><strong>et</strong></span> <span class='ocrx_word' id='word_1_270' title='bbox 1373 3434 1495 3474; x_wconf 92' lang='lat' dir='ltr'><strong>eum</strong></span> <span class='ocrx_word' id='word_1_271' title='bbox 1517 3461 1532 3486; x_wconf 94' lang='lat'><strong>,</strong></span> <span class='ocrx_word' id='word_1_272' title='bbox 1564 3422 1655 3490; x_wconf 85' lang='lat' dir='ltr'><strong>qui</strong></span> <span class='ocrx_word' id='word_1_273' title='bbox 1693 3423 1818 3476; x_wconf 88' lang='lat' dir='ltr'><strong>talia</strong></span> 
     </span>
    </p>
   </div>
   <div class='ocr_carea' id='block_1_36' title="bbox 211 3509 1820 3581">
    <p class='ocr_par' dir='ltr' id='par_1_36' title="bbox 211 3509 1820 3581">
     <span class='ocr_line' id='line_1_36' title="bbox 211 3509 1820 3581; baseline 0.004 -18"><span class='ocrx_word' id='word_1_274' title='bbox 211 3523 410 3578; x_wconf 85' lang='lat' dir='ltr'><strong>passus</strong></span> <span class='ocrx_word' id='word_1_275' title='bbox 434 3518 578 3565; x_wconf 73' lang='lat' dir='ltr'><strong>esset</strong></span> <span class='ocrx_word' id='word_1_276' title='bbox 598 3551 613 3575; x_wconf 94' lang='lat'><strong>,</strong></span> <span class='ocrx_word' id='word_1_277' title='bbox 643 3509 817 3565; x_wconf 85' lang='lat' dir='ltr'><strong>adhuc</strong></span> <span class='ocrx_word' id='word_1_278' title='bbox 845 3518 1075 3564; x_wconf 82' lang='lat' dir='ltr'><strong>stantem</strong></span> <span class='ocrx_word' id='word_1_279' title='bbox 1098 3521 1152 3564; x_wconf 90' lang='lat' dir='ltr'><strong>et</strong></span> <span class='ocrx_word' id='word_1_280' title='bbox 1177 3511 1506 3581; x_wconf 85' lang='lat' dir='ltr'><strong>loquentem.</strong></span> <span class='ocrx_word' id='word_1_281' title='bbox 1537 3513 1820 3581; x_wconf 87' lang='lat' dir='ltr'><strong>Quomodo</strong></span> 
     </span>
    </p>
   </div>
   <div class='ocr_carea' id='block_1_37' title="bbox 212 3602 1819 3675">
    <p class='ocr_par' dir='ltr' id='par_1_37' title="bbox 212 3602 1819 3675">
     <span class='ocr_line' id='line_1_37' title="bbox 212 3602 1819 3675; baseline 0.006 -21"><span class='ocrx_word' id='word_1_282' title='bbox 212 3615 276 3654; x_wconf 88' lang='lat' dir='ltr'><strong>os</strong></span> <span class='ocrx_word' id='word_1_283' title='bbox 299 3602 546 3670; x_wconf 85' lang='lat' dir='ltr'><strong>aperuit?</strong></span> <span class='ocrx_word' id='word_1_284' title='bbox 574 3602 846 3672; x_wconf 89' lang='lat' dir='ltr'><strong>quomodo</strong></span> <span class='ocrx_word' id='word_1_285' title='bbox 884 3603 1119 3672; x_wconf 81' lang='lat' dir='ltr'><strong>linguam</strong></span> <span class='ocrx_word' id='word_1_286' title='bbox 1161 3605 1368 3658; x_wconf 85' lang='lat' dir='ltr'><strong>movit?</strong></span> <span class='ocrx_word' id='word_1_287' title='bbox 1399 3605 1670 3675; x_wconf 90' lang='lat' dir='ltr'><strong>quomodo</strong></span> <span class='ocrx_word' id='word_1_288' title='bbox 1709 3621 1819 3662; x_wconf 91' lang='lat' dir='ltr'><strong>non</strong></span> 
     </span>
    </p>
   </div>
   <div class='ocr_carea' id='block_1_38' title="bbox 211 3693 1816 3765">
    <p class='ocr_par' dir='ltr' id='par_1_38' title="bbox 211 3693 1816 3765">
     <span class='ocr_line' id='line_1_38' title="bbox 211 3693 1816 3765; baseline 0.004 -19"><span class='ocrx_word' id='word_1_289' title='bbox 211 3693 396 3746; x_wconf 86' lang='lat' dir='ltr'><strong>anima</strong></span> <span class='ocrx_word' id='word_1_290' title='bbox 433 3708 716 3763; x_wconf 90' lang='lat' dir='ltr'><strong>ecorporc</strong></span> <span class='ocrx_word' id='word_1_291' title='bbox 744 3693 1013 3750; x_wconf 84' lang='lat' dir='ltr'><strong>evolavit?</strong></span> <span class='ocrx_word' id='word_1_292' title='bbox 1057 3693 1112 3748; x_wconf 80' lang='grc' dir='ltr'>Μ</span> <span class='ocrx_word' id='word_1_293' title='bbox 1158 3695 1431 3765; x_wconf 87' lang='lat' dir='ltr'><strong>quomodo</strong></span> <span class='ocrx_word' id='word_1_294' title='bbox 1478 3695 1675 3752; x_wconf 88' lang='lat' dir='ltr'><strong>factum</strong></span> <span class='ocrx_word' id='word_1_295' title='bbox 1724 3699 1816 3763; x_wconf 92' lang='lat' dir='ltr'><strong>sit,</strong></span> 
     </span>
    </p>
   </div>
   <div class='ocr_carea' id='block_1_39' title="bbox 210 3783 1816 3855">
    <p class='ocr_par' dir='ltr' id='par_1_39' title="bbox 210 3783 1816 3855">
     <span class='ocr_line' id='line_1_39' title="bbox 210 3783 1816 3855; baseline 0.004 -17"><span class='ocrx_word' id='word_1_296' title='bbox 210 3799 316 3854; x_wconf 80' lang='lat' dir='ltr'><strong>ego</strong></span> <span class='ocrx_word' id='word_1_297' title='bbox 347 3783 542 3838; x_wconf 88' lang='lat' dir='ltr'><strong>dicam.</strong></span> <span class='ocrx_word' id='word_1_298' title='bbox 574 3785 691 3840; x_wconf 83' lang='lat' dir='ltr'><strong>Non</strong></span> <span class='ocrx_word' id='word_1_299' title='bbox 718 3785 1039 3855; x_wconf 77' lang='lat' dir='ltr'><strong>respiciebat</strong></span> <span class='ocrx_word' id='word_1_300' title='bbox 1070 3789 1121 3840; x_wconf 89' lang='lat' dir='ltr'><strong>In</strong></span> <span class='ocrx_word' id='word_1_301' title='bbox 1153 3797 1347 3842; x_wconf 88' lang='lat' dir='ltr'><strong>terram</strong></span> <span class='ocrx_word' id='word_1_302' title='bbox 1370 3831 1384 3854; x_wconf 95' lang='lat'><strong>,</strong></span> <span class='ocrx_word' id='word_1_303' title='bbox 1415 3787 1510 3844; x_wconf 88' lang='lat' dir='ltr'><strong>sed</strong></span> <span class='ocrx_word' id='word_1_304' title='bbox 1542 3789 1608 3843; x_wconf 89' lang='lat' dir='ltr'><strong>ad</strong></span> <span class='ocrx_word' id='word_1_305' title='bbox 1641 3789 1816 3845; x_wconf 87' lang='lat' dir='ltr'><strong>futura</strong></span> 
     </span>
    </p>
   </div>
   <div class='ocr_carea' id='block_1_40' title="bbox 210 3876 1815 3949">
    <p class='ocr_par' dir='ltr' id='par_1_40' title="bbox 210 3876 1815 3949">
     <span class='ocr_line' id='line_1_40' title="bbox 210 3876 1815 3949; baseline 0.004 -20"><span class='ocrx_word' id='word_1_306' title='bbox 210 3876 394 3930; x_wconf 86' lang='lat' dir='ltr'><strong>omnia</strong></span> <span class='ocrx_word' id='word_1_307' title='bbox 421 3876 821 3946; x_wconf 71' lang='lat' dir='ltr'><strong>prreparaliatur</strong></span> <span class='ocrx_word' id='word_1_308' title='bbox 851 3895 864 3931; x_wconf 92' lang='lat'><strong>:</strong></span> <span class='ocrx_word' id='word_1_309' title='bbox 897 3893 1062 3932; x_wconf 92' lang='lat' dir='ltr'><strong>unum</strong></span> <span class='ocrx_word' id='word_1_310' title='bbox 1105 3879 1478 3934; x_wconf 90' lang='lat' dir='ltr'><strong>tantummodo</strong></span> <span class='ocrx_word' id='word_1_311' title='bbox 1507 3883 1815 3949; x_wconf 87' lang='lat' dir='ltr'><strong>metuebat,</strong></span> 
     </span>
    </p>
   </div>
   <div class='ocr_carea' id='block_1_41' title="bbox 210 3967 1818 4044">
    <p class='ocr_par' dir='ltr' id='par_1_41' title="bbox 210 3967 1818 4044">
     <span class='ocr_line' id='line_1_41' title="bbox 210 3967 1818 4044; baseline 0.004 -20"><span class='ocrx_word' id='word_1_312' title='bbox 210 3984 282 4024; x_wconf 81' lang='lat' dir='ltr'><strong>Ite</strong></span> <span class='ocrx_word' id='word_1_313' title='bbox 316 3979 561 4039; x_wconf 88' lang='lat' dir='ltr'><strong>parceret</strong></span> <span class='ocrx_word' id='word_1_314' title='bbox 604 3967 835 4039; x_wconf 87' lang='lat' dir='ltr'><strong>etprius</strong></span> <span class='ocrx_word' id='word_1_315' title='bbox 882 3986 1109 4040; x_wconf 79' lang='lat' dir='ltr'><strong>agonem</strong></span> <span class='ocrx_word' id='word_1_316' title='bbox 1150 3971 1384 4026; x_wconf 85' lang='lat' dir='ltr'><strong>solveret</strong></span> <span class='ocrx_word' id='word_1_317' title='bbox 1424 3982 1716 4044; x_wconf 87' lang='lat' dir='ltr'><strong>tyrannus,</strong></span> <span class='ocrx_word' id='word_1_318' title='bbox 1749 3992 1818 4031; x_wconf 91' lang='lat' dir='ltr'><strong>ne</strong></span> 
     </span>
    </p>
   </div>
   <div class='ocr_carea' id='block_1_42' title="bbox 209 4060 1818 4133">
    <p class='ocr_par' dir='ltr' id='par_1_42' title="bbox 209 4060 1818 4133">
     <span class='ocr_line' id='line_1_42' title="bbox 209 4060 1818 4133; baseline 0.004 -19"><span class='ocrx_word' id='word_1_319' title='bbox 209 4060 443 4114; x_wconf 86' lang='lat' dir='ltr'><strong>chorum</strong></span> <span class='ocrx_word' id='word_1_320' title='bbox 491 4060 720 4115; x_wconf 90' lang='lat' dir='ltr'><strong>ﬁliorum</strong></span> <span class='ocrx_word' id='word_1_321' title='bbox 764 4060 1127 4132; x_wconf 86' lang='lat' dir='ltr'><strong>disjungeret,</strong></span> <span class='ocrx_word' id='word_1_322' title='bbox 1177 4078 1281 4118; x_wconf 88' lang='lat' dir='ltr'><strong>neu</strong></span> <span class='ocrx_word' id='word_1_323' title='bbox 1316 4064 1532 4133; x_wconf 90' lang='lat' dir='ltr'><strong>quidam</strong></span> <span class='ocrx_word' id='word_1_324' title='bbox 1564 4065 1683 4122; x_wconf 88' lang='lat' dir='ltr'><strong>sine</strong></span> <span class='ocrx_word' id='word_1_325' title='bbox 1721 4083 1818 4121; x_wconf 87' lang='lat' dir='ltr'><strong>co-</strong></span> 
     </span>
    </p>
   </div>
   <div class='ocr_carea' id='block_1_43' title="bbox 210 4152 1816 4227">
    <p class='ocr_par' dir='ltr' id='par_1_43' title="bbox 210 4152 1816 4227">
     <span class='ocr_line' id='line_1_43' title="bbox 210 4152 1816 4227; baseline 0.004 -22"><span class='ocrx_word' id='word_1_326' title='bbox 210 4153 367 4205; x_wconf 86' lang='lat' dir='ltr'><strong>ronis</strong></span> <span class='ocrx_word' id='word_1_327' title='bbox 406 4160 707 4208; x_wconf 83' lang='lat' dir='ltr'><strong>manerent.</strong></span> <span class='ocrx_word' id='word_1_328' title='bbox 749 4152 1011 4223; x_wconf 87' lang='lat' dir='ltr'><strong>Quodque</strong></span> <span class='ocrx_word' id='word_1_329' title='bbox 1053 4154 1182 4209; x_wconf 90' lang='lat' dir='ltr'><strong>illud</strong></span> <span class='ocrx_word' id='word_1_330' title='bbox 1215 4155 1429 4209; x_wconf 88' lang='lat' dir='ltr'><strong>timeret</strong></span> <span class='ocrx_word' id='word_1_331' title='bbox 1467 4157 1594 4210; x_wconf 84' lang='lat' dir='ltr'><strong>hinc</strong></span> <span class='ocrx_word' id='word_1_332' title='bbox 1642 4158 1816 4227; x_wconf 87' lang='lat' dir='ltr'><strong>palam</strong></span> 
     </span>
    </p>
   </div>
   <div class='ocr_carea' id='block_1_44' title="bbox 209 4241 1818 4316">
    <p class='ocr_par' dir='ltr' id='par_1_44' title="bbox 209 4241 1818 4316">
     <span class='ocr_line' id='line_1_44' title="bbox 209 4241 1818 4316; baseline 0.005 -21"><span class='ocrx_word' id='word_1_333' title='bbox 209 4251 319 4305; x_wconf 81' lang='lat' dir='ltr'><strong>est,</strong></span> <span class='ocrx_word' id='word_1_334' title='bbox 354 4241 496 4310; x_wconf 89' lang='lat' dir='ltr'><strong>quod</strong></span> <span class='ocrx_word' id='word_1_335' title='bbox 541 4251 873 4311; x_wconf 88' lang='lat' dir='ltr'><strong>postremum</strong></span> <span class='ocrx_word' id='word_1_336' title='bbox 903 4244 1057 4313; x_wconf 89' lang='lat' dir='ltr'><strong>quasi</strong></span> <span class='ocrx_word' id='word_1_337' title='bbox 1109 4244 1356 4300; x_wconf 88' lang='lat' dir='ltr'><strong>manibus</strong></span> <span class='ocrx_word' id='word_1_338' title='bbox 1393 4255 1702 4316; x_wconf 90' lang='lat' dir='ltr'><strong>correptum</strong></span> <span class='ocrx_word' id='word_1_339' title='bbox 1735 4249 1818 4303; x_wconf 88' lang='lat' dir='ltr'><strong>in-</strong></span> 
     </span>
    </p>
   </div>
   <div class='ocr_carea' id='block_1_45' title="bbox 204 4330 1816 4402">
    <p class='ocr_par' dir='ltr' id='par_1_45' title="bbox 204 4330 1816 4402">
     <span class='ocr_line' id='line_1_45' title="bbox 204 4330 1816 4402; baseline 0.005 -17"><span class='ocrx_word' id='word_1_340' title='bbox 204 4330 403 4397; x_wconf 88' lang='lat' dir='ltr'><strong>jecerit</strong></span> <span class='ocrx_word' id='word_1_341' title='bbox 447 4332 498 4385; x_wconf 89' lang='lat' dir='ltr'><strong>in</strong></span> <span class='ocrx_word' id='word_1_342' title='bbox 534 4333 786 4398; x_wconf 87' lang='lat' dir='ltr'><strong>lebetem,</strong></span> <span class='ocrx_word' id='word_1_343' title='bbox 831 4349 927 4402; x_wconf 92' lang='lat' dir='ltr'><strong>pro</strong></span> <span class='ocrx_word' id='word_1_344' title='bbox 972 4333 1220 4388; x_wconf 87' lang='lat' dir='ltr'><strong>manibus</strong></span> <span class='ocrx_word' id='word_1_345' title='bbox 1253 4336 1540 4390; x_wconf 89' lang='lat' dir='ltr'><strong>verborum</strong></span> <span class='ocrx_word' id='word_1_346' title='bbox 1583 4353 1678 4394; x_wconf 87' lang='lat' dir='ltr'><strong>usa</strong></span> <span class='ocrx_word' id='word_1_347' title='bbox 1717 4339 1816 4393; x_wconf 85' lang='lat' dir='ltr'><strong>ad-</strong></span> 
     </span>
    </p>
   </div>
   <div class='ocr_carea' id='block_1_46' title="bbox 212 4423 1818 4493">
    <p class='ocr_par' dir='ltr' id='par_1_46' title="bbox 212 4423 1818 4493">
     <span class='ocr_line' id='line_1_46' title="bbox 212 4423 1818 4493; baseline 0.006 -18"><span class='ocrx_word' id='word_1_348' title='bbox 212 4423 524 4479; x_wconf 84' lang='lat' dir='ltr'><strong>hortatione</strong></span> <span class='ocrx_word' id='word_1_349' title='bbox 551 4431 711 4493; x_wconf 90' lang='lat' dir='ltr'><strong>atque</strong></span> <span class='ocrx_word' id='word_1_350' title='bbox 738 4425 984 4479; x_wconf 89' lang='lat' dir='ltr'><strong>consilio.</strong></span> <span class='ocrx_word' id='word_1_351' title='bbox 1027 4424 1138 4480; x_wconf 84' lang='lat' dir='ltr'><strong>Nos</strong></span> <span class='ocrx_word' id='word_1_352' title='bbox 1167 4426 1342 4481; x_wconf 90' lang='lat' dir='ltr'><strong>aliena</strong></span> <span class='ocrx_word' id='word_1_353' title='bbox 1378 4426 1518 4480; x_wconf 85' lang='lat' dir='ltr'><strong>mala</strong></span> <span class='ocrx_word' id='word_1_354' title='bbox 1561 4441 1669 4481; x_wconf 92' lang='lat' dir='ltr'><strong>non</strong></span> <span class='ocrx_word' id='word_1_355' title='bbox 1699 4429 1818 4484; x_wconf 88' lang='lat' dir='ltr'><strong>sine</strong></span> 
     </span>
    </p>
   </div>
   <div class='ocr_carea' id='block_1_47' title="bbox 208 4517 1817 4587">
    <p class='ocr_par' dir='ltr' id='par_1_47' title="bbox 208 4517 1817 4587">
     <span class='ocr_line' id='line_1_47' title="bbox 208 4517 1817 4587; baseline 0.003 -17"><span class='ocrx_word' id='word_1_356' title='bbox 208 4517 402 4571; x_wconf 88' lang='lat' dir='ltr'><strong>dolore</strong></span> <span class='ocrx_word' id='word_1_357' title='bbox 437 4518 727 4573; x_wconf 88' lang='lat' dir='ltr'><strong>audimus:</strong></span> <span class='ocrx_word' id='word_1_358' title='bbox 760 4517 854 4574; x_wconf 81' lang='lat' dir='ltr'><strong>illa</strong></span> <span class='ocrx_word' id='word_1_359' title='bbox 882 4533 1009 4572; x_wconf 88' lang='lat' dir='ltr'><strong>vero</strong></span> <span class='ocrx_word' id='word_1_360' title='bbox 1050 4518 1262 4587; x_wconf 83' lang='lat' dir='ltr'><strong>prepria</strong></span> <span class='ocrx_word' id='word_1_361' title='bbox 1306 4519 1446 4572; x_wconf 90' lang='lat' dir='ltr'><strong>mala</strong></span> <span class='ocrx_word' id='word_1_362' title='bbox 1475 4519 1594 4573; x_wconf 91' lang='lat' dir='ltr'><strong>siue</strong></span> <span class='ocrx_word' id='word_1_363' title='bbox 1628 4519 1817 4575; x_wconf 90' lang='lat' dir='ltr'><strong>dolore</strong></span> 
     </span>
    </p>
   </div>
   <div class='ocr_carea' id='block_1_48' title="bbox 210 4609 1815 4681">
    <p class='ocr_par' dir='ltr' id='par_1_48' title="bbox 210 4609 1815 4681">
     <span class='ocr_line' id='line_1_48' title="bbox 210 4609 1815 4681; baseline 0.003 -20"><span class='ocrx_word' id='word_1_364' title='bbox 210 4609 452 4664; x_wconf 82' lang='lat' dir='ltr'><strong>videbat.</strong></span> <span class='ocrx_word' id='word_1_365' title='bbox 484 4609 608 4664; x_wconf 64' lang='lat' dir='ltr'><strong>Hec</strong></span> <span class='ocrx_word' id='word_1_366' title='bbox 638 4625 707 4664; x_wconf 92' lang='lat' dir='ltr'><strong>ne</strong></span> <span class='ocrx_word' id='word_1_367' title='bbox 734 4612 930 4664; x_wconf 78' lang='lat' dir='ltr'><strong>frustra</strong></span> <span class='ocrx_word' id='word_1_368' title='bbox 969 4610 1282 4675; x_wconf 90' lang='lat' dir='ltr'><strong>audiamus,</strong></span> <span class='ocrx_word' id='word_1_369' title='bbox 1313 4611 1408 4666; x_wconf 88' lang='lat' dir='ltr'><strong>sed</strong></span> <span class='ocrx_word' id='word_1_370' title='bbox 1449 4612 1644 4681; x_wconf 83' lang='lat' dir='ltr'><strong>singuli</strong></span> <span class='ocrx_word' id='word_1_371' title='bbox 1662 4613 1815 4667; x_wconf 89' lang='lat' dir='ltr'><strong>audi-</strong></span> 
     </span>
    </p>
   </div>
   <div class='ocr_carea' id='block_1_49' title="bbox 209 4700 1813 4773">
    <p class='ocr_par' dir='ltr' id='par_1_49' title="bbox 209 4700 1813 4773">
     <span class='ocr_line' id='line_1_49' title="bbox 209 4700 1813 4773; baseline 0 -15"><span class='ocrx_word' id='word_1_372' title='bbox 209 4712 390 4758; x_wconf 58' lang='lat' dir='ltr'><strong>totum</strong></span> <span class='ocrx_word' id='word_1_373' title='bbox 419 4710 586 4756; x_wconf 89' lang='lat' dir='ltr'><strong>totam</strong></span> <span class='ocrx_word' id='word_1_374' title='bbox 617 4700 758 4757; x_wconf 88' lang='lat' dir='ltr'><strong>hanc</strong></span> <span class='ocrx_word' id='word_1_375' title='bbox 789 4702 1102 4773; x_wconf 75' lang='lat' dir='ltr'><strong>tragtndiam</strong></span> <span class='ocrx_word' id='word_1_376' title='bbox 1132 4702 1200 4757; x_wconf 87' lang='lat' dir='ltr'><strong>de</strong></span> <span class='ocrx_word' id='word_1_377' title='bbox 1227 4703 1352 4756; x_wconf 92' lang='lat' dir='ltr'><strong>ﬁliis</strong></span> <span class='ocrx_word' id='word_1_378' title='bbox 1377 4705 1488 4757; x_wconf 87' lang='lat' dir='ltr'><strong>suis</strong></span> <span class='ocrx_word' id='word_1_379' title='bbox 1516 4704 1813 4773; x_wconf 88' lang='lat' dir='ltr'><strong>accipiant;</strong></span> 
     </span>
    </p>
   </div>
   <div class='ocr_carea' id='block_1_50' title="bbox 207 4797 1816 4870">
    <p class='ocr_par' dir='ltr' id='par_1_50' title="bbox 207 4797 1816 4870">
     <span class='ocr_line' id='line_1_50' title="bbox 207 4797 1816 4870; baseline 0.001 -19"><span class='ocrx_word' id='word_1_380' title='bbox 207 4798 502 4853; x_wconf 89' lang='lat' dir='ltr'><strong>amabilem</strong></span> <span class='ocrx_word' id='word_1_381' title='bbox 548 4798 651 4854; x_wconf 89' lang='lat' dir='ltr'><strong>sibi</strong></span> <span class='ocrx_word' id='word_1_382' title='bbox 695 4798 903 4853; x_wconf 86' lang='lat' dir='ltr'><strong>vultum</strong></span> <span class='ocrx_word' id='word_1_383' title='bbox 947 4797 1237 4870; x_wconf 90' lang='lat' dir='ltr'><strong>efﬁngant,</strong></span> <span class='ocrx_word' id='word_1_384' title='bbox 1282 4805 1338 4852; x_wconf 93' lang='lat' dir='ltr'><strong>et</strong></span> <span class='ocrx_word' id='word_1_385' title='bbox 1380 4798 1479 4852; x_wconf 90' lang='lat' dir='ltr'><strong>sibi</strong></span> <span class='ocrx_word' id='word_1_386' title='bbox 1521 4798 1816 4853; x_wconf 89' lang='lat' dir='ltr'><strong>liberorum</strong></span> 
     </span>
    </p>
   </div>
   <div class='ocr_carea' id='block_1_51' title="bbox 209 4887 1817 4960">
    <p class='ocr_par' dir='ltr' id='par_1_51' title="bbox 209 4887 1817 4960">
     <span class='ocr_line' id='line_1_51' title="bbox 209 4887 1817 4960; baseline 0.001 -15"><span class='ocrx_word' id='word_1_387' title='bbox 209 4890 528 4946; x_wconf 86' lang='lat' dir='ltr'><strong>carissimos</strong></span> <span class='ocrx_word' id='word_1_388' title='bbox 578 4897 1062 4960; x_wconf 81' lang='lat' dir='ltr'><strong>reprtesentantes,</strong></span> <span class='ocrx_word' id='word_1_389' title='bbox 1119 4889 1171 4942; x_wconf 89' lang='lat' dir='ltr'><strong>in</strong></span> <span class='ocrx_word' id='word_1_390' title='bbox 1223 4888 1330 4942; x_wconf 92' lang='lat' dir='ltr'><strong>illis</strong></span> <span class='ocrx_word' id='word_1_391' title='bbox 1393 4887 1493 4942; x_wconf 89' lang='lat' dir='ltr'><strong>bos</strong></span> <span class='ocrx_word' id='word_1_392' title='bbox 1549 4890 1817 4946; x_wconf 88' lang='lat' dir='ltr'><strong>cruciatus</strong></span> 
     </span>
    </p>
   </div>
   <div class='ocr_carea' id='block_1_52' title="bbox 211 4981 1816 5054">
    <p class='ocr_par' dir='ltr' id='par_1_52' title="bbox 211 4981 1816 5054">
     <span class='ocr_line' id='line_1_52' title="bbox 211 4981 1816 5054; baseline 0.002 -18"><span class='ocrx_word' id='word_1_393' title='bbox 211 4983 395 5038; x_wconf 87' lang='lat' dir='ltr'><strong>inesse</strong></span> <span class='ocrx_word' id='word_1_394' title='bbox 429 4981 532 5036; x_wconf 85' lang='lat' dir='ltr'><strong>sibi</strong></span> <span class='ocrx_word' id='word_1_395' title='bbox 567 4981 859 5054; x_wconf 87' lang='lat' dir='ltr'><strong>depingant</strong></span> <span class='ocrx_word' id='word_1_396' title='bbox 880 5024 894 5048; x_wconf 98' lang='lat'><strong>,</strong></span> <span class='ocrx_word' id='word_1_397' title='bbox 927 4992 984 5037; x_wconf 89' lang='lat' dir='ltr'><strong>et</strong></span> <span class='ocrx_word' id='word_1_398' title='bbox 1009 4991 1136 5037; x_wconf 89' lang='lat' dir='ltr'><strong>tunc</strong></span> <span class='ocrx_word' id='word_1_399' title='bbox 1164 4981 1386 5053; x_wconf 87' lang='lat' dir='ltr'><strong>pulchre</strong></span> <span class='ocrx_word' id='word_1_400' title='bbox 1413 4982 1679 5038; x_wconf 90' lang='lat' dir='ltr'><strong>dictorum</strong></span> <span class='ocrx_word' id='word_1_401' title='bbox 1709 4986 1816 5039; x_wconf 85' lang='lat' dir='ltr'><strong>vim</strong></span> 
     </span>
    </p>
   </div>
   <div class='ocr_carea' id='block_1_53' title="bbox 213 5074 1817 5145">
    <p class='ocr_par' dir='ltr' id='par_1_53' title="bbox 213 5074 1817 5145">
     <span class='ocr_line' id='line_1_53' title="bbox 213 5074 1817 5145; baseline 0 -16"><span class='ocrx_word' id='word_1_402' title='bbox 213 5075 502 5141; x_wconf 81' lang='lat' dir='ltr'><strong>noverint;</strong></span> <span class='ocrx_word' id='word_1_403' title='bbox 531 5074 639 5129; x_wconf 90' lang='lat' dir='ltr'><strong>imo</strong></span> <span class='ocrx_word' id='word_1_404' title='bbox 664 5090 793 5129; x_wconf 91' lang='lat' dir='ltr'><strong>vero</strong></span> <span class='ocrx_word' id='word_1_405' title='bbox 823 5090 892 5130; x_wconf 90' lang='lat' dir='ltr'><strong>ne</strong></span> <span class='ocrx_word' id='word_1_406' title='bbox 927 5074 1000 5129; x_wconf 88' lang='lat' dir='ltr'><strong>ita</strong></span> <span class='ocrx_word' id='word_1_407' title='bbox 1025 5074 1240 5145; x_wconf 90' lang='lat' dir='ltr'><strong>quidem</strong></span> <span class='ocrx_word' id='word_1_408' title='bbox 1274 5074 1542 5139; x_wconf 89' lang='lat' dir='ltr'><strong>noverint,</strong></span> <span class='ocrx_word' id='word_1_409' title='bbox 1572 5076 1692 5144; x_wconf 90' lang='lat' dir='ltr'><strong>quia</strong></span> <span class='ocrx_word' id='word_1_410' title='bbox 1723 5092 1817 5129; x_wconf 89' lang='lat' dir='ltr'><strong>na-</strong></span> 
     </span>
    </p>
   </div>
   <div class='ocr_carea' id='block_1_54' title="bbox 213 5166 1818 5235">
    <p class='ocr_par' dir='ltr' id='par_1_54' title="bbox 213 5166 1818 5235">
     <span class='ocr_line' id='line_1_54' title="bbox 213 5166 1818 5235; baseline 0.001 -16"><span class='ocrx_word' id='word_1_411' title='bbox 213 5167 416 5220; x_wconf 89' lang='lat' dir='ltr'><strong>turales</strong></span> <span class='ocrx_word' id='word_1_412' title='bbox 441 5181 709 5220; x_wconf 87' lang='lat' dir='ltr'><strong>aerumnas</strong></span> <span class='ocrx_word' id='word_1_413' title='bbox 738 5167 915 5220; x_wconf 86' lang='lat' dir='ltr'><strong>nullus</strong></span> <span class='ocrx_word' id='word_1_414' title='bbox 941 5181 1120 5222; x_wconf 90' lang='lat' dir='ltr'><strong>sermo</strong></span> <span class='ocrx_word' id='word_1_415' title='bbox 1146 5166 1422 5221; x_wconf 89' lang='lat' dir='ltr'><strong>declarare</strong></span> <span class='ocrx_word' id='word_1_416' title='bbox 1456 5169 1650 5235; x_wconf 90' lang='lat' dir='ltr'><strong>poterit</strong></span> <span class='ocrx_word' id='word_1_417' title='bbox 1679 5185 1690 5220; x_wconf 93' lang='lat'><strong>:</strong></span> <span class='ocrx_word' id='word_1_418' title='bbox 1724 5183 1818 5223; x_wconf 84' lang='lat' dir='ltr'><strong>ex-</strong></span> 
     </span>
    </p>
   </div>
   <div class='ocr_carea' id='block_1_55' title="bbox 212 5257 1813 5329">
    <p class='ocr_par' dir='ltr' id='par_1_55' title="bbox 212 5257 1813 5329">
     <span class='ocr_line' id='line_1_55' title="bbox 212 5257 1813 5329; baseline 0.001 -17"><span class='ocrx_word' id='word_1_419' title='bbox 212 5257 474 5328; x_wconf 84' lang='lat' dir='ltr'><strong>perientia</strong></span> <span class='ocrx_word' id='word_1_420' title='bbox 495 5259 607 5313; x_wconf 88' lang='lat' dir='ltr'><strong>sola</strong></span> <span class='ocrx_word' id='word_1_421' title='bbox 643 5257 820 5314; x_wconf 93' lang='lat' dir='ltr'><strong>docet.</strong></span> <span class='ocrx_word' id='word_1_422' title='bbox 845 5259 1156 5329; x_wconf 89' lang='lat' dir='ltr'><strong>Opportune</strong></span> <span class='ocrx_word' id='word_1_423' title='bbox 1181 5259 1255 5312; x_wconf 91' lang='lat' dir='ltr'><strong>illi</strong></span> <span class='ocrx_word' id='word_1_424' title='bbox 1279 5259 1509 5323; x_wconf 89' lang='lat' dir='ltr'><strong>dicatur,</strong></span> <span class='ocrx_word' id='word_1_425' title='bbox 1535 5267 1813 5329; x_wconf 81' lang='lat' dir='ltr'><strong>postquam</strong></span> 
     </span>
    </p>
   </div>
   <div class='ocr_carea' id='block_1_56' title="bbox 212 5347 1814 5418">
    <p class='ocr_par' dir='ltr' id='par_1_56' title="bbox 212 5347 1814 5418">
     <span class='ocr_line' id='line_1_56' title="bbox 212 5347 1814 5418; baseline 0 -15"><span class='ocrx_word' id='word_1_426' title='bbox 212 5357 422 5418; x_wconf 79' lang='lat' dir='ltr'><strong>septem</strong></span> <span class='ocrx_word' id='word_1_427' title='bbox 451 5347 570 5416; x_wconf 86' lang='lat' dir='ltr'><strong>ejus</strong></span> <span class='ocrx_word' id='word_1_428' title='bbox 600 5348 694 5403; x_wconf 86' lang='lat' dir='ltr'><strong>ﬁlii</strong></span> <span class='ocrx_word' id='word_1_429' title='bbox 733 5364 989 5404; x_wconf 88' lang='lat' dir='ltr'><strong>coronam</strong></span> <span class='ocrx_word' id='word_1_430' title='bbox 1031 5348 1212 5418; x_wconf 90' lang='lat' dir='ltr'><strong>adepti</strong></span> <span class='ocrx_word' id='word_1_431' title='bbox 1251 5360 1396 5414; x_wconf 89' lang='lat' dir='ltr'><strong>sunt,</strong></span> <span class='ocrx_word' id='word_1_432' title='bbox 1449 5349 1814 5418; x_wconf 85' lang='lat' dir='ltr'><strong>propheticum</strong></span> 
     </span>
    </p>
   </div>
   <div class='ocr_carea' id='block_1_57' title="bbox 219 5435 1816 5510">
    <p class='ocr_par' dir='ltr' id='par_1_57' title="bbox 219 5435 1816 5510">
     <span class='ocr_line' id='line_1_57' title="bbox 219 5435 1816 5510; baseline 0.001 -18"><span class='ocrx_word' id='word_1_433' title='bbox 219 5437 394 5493; x_wconf 83' lang='lat' dir='ltr'><strong>illud:</strong></span> <span class='ocrx_word' id='word_1_434' title='bbox 438 5435 522 5491; x_wconf 73' lang='lat' dir='ltr'><strong>Tu</strong></span> <span class='ocrx_word' id='word_1_435' title='bbox 565 5447 734 5492; x_wconf 81' lang='lat' dir='ltr'><strong>autem</strong></span> <span class='ocrx_word' id='word_1_436' title='bbox 776 5439 906 5492; x_wconf 77' lang='lat' dir='ltr'><strong>sicut</strong></span> <span class='ocrx_word' id='word_1_437' title='bbox 944 5438 1078 5493; x_wconf 76' lang='lat' dir='ltr'><strong>oliva</strong></span> <span class='ocrx_word' id='word_1_438' title='bbox 1121 5438 1388 5510; x_wconf 75' lang='lat' dir='ltr'><strong>fructifera</strong></span> <span class='ocrx_word' id='word_1_439' title='bbox 1431 5439 1485 5492; x_wconf 85' lang='lat' dir='ltr'><strong>in</strong></span> <span class='ocrx_word' id='word_1_440' title='bbox 1530 5439 1680 5492; x_wconf 79' lang='lat' dir='ltr'><strong>domo</strong></span> <span class='ocrx_word' id='word_1_441' title='bbox 1719 5438 1816 5494; x_wconf 84' lang='lat' dir='ltr'><strong>Dei</strong></span> 
     </span>
    </p>
   </div>
   <div class='ocr_carea' id='block_1_58' title="bbox 213 5528 1818 5603">
    <p class='ocr_par' dir='ltr' id='par_1_58' title="bbox 213 5528 1818 5603">
     <span class='ocr_line' id='line_1_58' title="bbox 213 5528 1818 5603; baseline 0.002 -20"><span class='ocrx_word' id='word_1_442' title='bbox 213 5529 389 5599; x_wconf 63' lang='lat' dir='ltr'><strong>‘Psal.</strong></span> <span class='ocrx_word' id='word_1_443' title='bbox 415 5528 514 5585; x_wconf 74' lang='grc' dir='ltr'><strong>ει.</strong></span> <span class='ocrx_word' id='word_1_444' title='bbox 539 5530 652 5600; x_wconf 79' lang='grc'><strong>10).</strong></span> <span class='ocrx_word' id='word_1_445' title='bbox 679 5529 810 5585; x_wconf 87' lang='lat' dir='ltr'><strong>Nam</strong></span> <span class='ocrx_word' id='word_1_446' title='bbox 843 5531 898 5586; x_wconf 92' lang='lat' dir='ltr'><strong>in</strong></span> <span class='ocrx_word' id='word_1_447' title='bbox 924 5530 1217 5603; x_wconf 85' lang='lat' dir='ltr'><strong>Olympicis</strong></span> <span class='ocrx_word' id='word_1_448' title='bbox 1257 5532 1474 5602; x_wconf 89' lang='lat' dir='ltr'><strong>quidem</strong></span> <span class='ocrx_word' id='word_1_449' title='bbox 1509 5533 1818 5587; x_wconf 86' lang='lat' dir='ltr'><strong>certamini-</strong></span> 
     </span>
    </p>
   </div>
   <div class='ocr_carea' id='block_1_59' title="bbox 216 5621 1816 5695">
    <p class='ocr_par' dir='ltr' id='par_1_59' title="bbox 216 5621 1816 5695">
     <span class='ocr_line' id='line_1_59' title="bbox 216 5621 1816 5695; baseline 0.001 -17"><span class='ocrx_word' id='word_1_450' title='bbox 216 5621 336 5687; x_wconf 83' lang='lat' dir='ltr'><strong>bus,</strong></span> <span class='ocrx_word' id='word_1_451' title='bbox 370 5631 652 5694; x_wconf 85' lang='lat' dir='ltr'><strong>postquam</strong></span> <span class='ocrx_word' id='word_1_452' title='bbox 698 5623 842 5679; x_wconf 89' lang='lat' dir='ltr'><strong>mille</strong></span> <span class='ocrx_word' id='word_1_453' title='bbox 870 5624 1098 5695; x_wconf 85' lang='lat' dir='ltr'><strong>ingressi</strong></span> <span class='ocrx_word' id='word_1_454' title='bbox 1144 5634 1271 5681; x_wconf 90' lang='lat' dir='ltr'><strong>sunt</strong></span> <span class='ocrx_word' id='word_1_455' title='bbox 1312 5625 1552 5692; x_wconf 67' lang='lat' dir='ltr'><strong>athletae,</strong></span> <span class='ocrx_word' id='word_1_456' title='bbox 1587 5626 1677 5679; x_wconf 90' lang='lat' dir='ltr'><strong>uni</strong></span> <span class='ocrx_word' id='word_1_457' title='bbox 1703 5634 1816 5679; x_wconf 81' lang='lat' dir='ltr'><strong>tan-</strong></span> 
     </span>
    </p>
   </div>
   <div class='ocr_carea' id='block_1_60' title="bbox 215 5717 1815 5792">
    <p class='ocr_par' dir='ltr' id='par_1_60' title="bbox 215 5717 1815 5792">
     <span class='ocr_line' id='line_1_60' title="bbox 215 5717 1815 5792; baseline 0.003 -22"><span class='ocrx_word' id='word_1_458' title='bbox 215 5723 327 5771; x_wconf 79' lang='lat' dir='ltr'><strong>tum</strong></span> <span class='ocrx_word' id='word_1_459' title='bbox 356 5730 556 5770; x_wconf 86' lang='lat' dir='ltr'><strong>corona</strong></span> <span class='ocrx_word' id='word_1_460' title='bbox 605 5717 899 5773; x_wconf 88' lang='lat' dir='ltr'><strong>tribuitur:</strong></span> <span class='ocrx_word' id='word_1_461' title='bbox 950 5718 1037 5774; x_wconf 88' lang='lat' dir='ltr'><strong>hic</strong></span> <span class='ocrx_word' id='word_1_462' title='bbox 1081 5732 1210 5775; x_wconf 80' lang='lat' dir='ltr'><strong>vero</strong></span> <span class='ocrx_word' id='word_1_463' title='bbox 1250 5734 1316 5774; x_wconf 87' lang='lat' dir='ltr'><strong>cx</strong></span> <span class='ocrx_word' id='word_1_464' title='bbox 1353 5730 1561 5792; x_wconf 84' lang='lat' dir='ltr'><strong>septem</strong></span> <span class='ocrx_word' id='word_1_465' title='bbox 1600 5718 1815 5775; x_wconf 81' lang='lat' dir='ltr'><strong>athletis</strong></span> 
     </span>
    </p>
   </div>
   <div class='ocr_carea' id='block_1_61' title="bbox 281 5829 1042 5895">
    <p class='ocr_par' dir='ltr' id='par_1_61' title="bbox 281 5829 1042 5895">
     <span class='ocr_line' id='line_1_61' title="bbox 281 5829 1042 5895; baseline 0.004 -16"><span class='ocrx_word' id='word_1_466' title='bbox 281 5830 300 5862; x_wconf 79' lang='grc'><strong>⁸</strong></span> <span class='ocrx_word' id='word_1_467' title='bbox 335 5829 468 5880; x_wconf 79' lang='lat' dir='ltr'><strong>Idem</strong></span> <span class='ocrx_word' id='word_1_468' title='bbox 490 5837 628 5893; x_wconf 55' lang='grc' dir='ltr'><strong>πει,</strong></span> <span class='ocrx_word' id='word_1_469' title='bbox 652 5832 1042 5895; x_wconf 70' lang='lat' dir='ltr'><strong>prcguationem.</strong></span> 
     </span>
    </p>
   </div>
   <div class='ocr_carea' id='block_1_62' title="bbox 3428 364 3537 422">
    <p class='ocr_par' dir='ltr' id='par_1_62' title="bbox 3428 364 3537 422">
     <span class='ocr_line' id='line_1_62' title="bbox 3428 364 3537 422; baseline -0.018 0"><span class='ocrx_word' id='word_1_470' title='bbox 3428 364 3537 422; x_wconf 70' lang='lat'><strong>622</strong></span> 
     </span>
    </p>
   </div>
   <div class='ocr_carea' id='block_1_63' title="bbox 1929 477 3533 554">
    <p class='ocr_par' dir='ltr' id='par_1_63' title="bbox 1929 477 3533 554">
     <span class='ocr_line' id='line_1_63' title="bbox 1929 477 3533 554; baseline -0.003 -16"><span class='ocrx_word' id='word_1_471' title='bbox 1929 491 2137 554; x_wconf 88' lang='lat' dir='ltr'><strong>septem</strong></span> <span class='ocrx_word' id='word_1_472' title='bbox 2158 480 2402 537; x_wconf 90' lang='lat' dir='ltr'><strong>coronati</strong></span> <span class='ocrx_word' id='word_1_473' title='bbox 2426 477 2762 551; x_wconf 86' lang='lat' dir='ltr'><strong>prodierunt.</strong></span> <span class='ocrx_word' id='word_1_474' title='bbox 2788 479 2962 549; x_wconf 86' lang='lat' dir='ltr'><strong>Quem</strong></span> <span class='ocrx_word' id='word_1_475' title='bbox 2987 479 3119 535; x_wconf 87' lang='lat' dir='ltr'><strong>mihi</strong></span> <span class='ocrx_word' id='word_1_476' title='bbox 3141 493 3327 550; x_wconf 85' lang='lat' dir='ltr'><strong>agrum</strong></span> <span class='ocrx_word' id='word_1_477' title='bbox 3349 488 3533 535; x_wconf 83' lang='lat' dir='ltr'><strong>osten-</strong></span> 
     </span>
    </p>
   </div>
   <div class='ocr_carea' id='block_1_64' title="bbox 1926 570 3526 643">
    <p class='ocr_par' dir='ltr' id='par_1_64' title="bbox 1926 570 3526 643">
     <span class='ocr_line' id='line_1_64' title="bbox 1926 570 3526 643; baseline -0.001 -15"><span class='ocrx_word' id='word_1_478' title='bbox 1926 573 2025 629; x_wconf 89' lang='lat' dir='ltr'><strong>das</strong></span> <span class='ocrx_word' id='word_1_479' title='bbox 2053 574 2126 628; x_wconf 82' lang='lat' dir='ltr'><strong>ita</strong></span> <span class='ocrx_word' id='word_1_480' title='bbox 2169 572 2442 628; x_wconf 84' lang='lat' dir='ltr'><strong>feracem?</strong></span> <span class='ocrx_word' id='word_1_481' title='bbox 2472 588 2631 643; x_wconf 91' lang='lat' dir='ltr'><strong>quem</strong></span> <span class='ocrx_word' id='word_1_482' title='bbox 2673 581 2883 629; x_wconf 90' lang='lat' dir='ltr'><strong>uterum</strong></span> <span class='ocrx_word' id='word_1_483' title='bbox 2930 570 3002 626; x_wconf 88' lang='lat' dir='ltr'><strong>ita</strong></span> <span class='ocrx_word' id='word_1_484' title='bbox 3049 570 3369 627; x_wconf 80' lang='lat' dir='ltr'><strong>fecundum?</strong></span> <span class='ocrx_word' id='word_1_485' title='bbox 3395 585 3526 641; x_wconf 79' lang='lat' dir='ltr'><strong>quos</strong></span> 
     </span>
    </p>
   </div>
   <div class='ocr_carea' id='block_1_65' title="bbox 1927 661 3532 736">
    <p class='ocr_par' dir='ltr' id='par_1_65' title="bbox 1927 661 3532 736">
     <span class='ocr_line' id='line_1_65' title="bbox 1927 661 3532 736; baseline -0.002 -16"><span class='ocrx_word' id='word_1_486' title='bbox 1927 674 2116 736; x_wconf 87' lang='lat' dir='ltr'><strong>partus</strong></span> <span class='ocrx_word' id='word_1_487' title='bbox 2140 665 2387 721; x_wconf 83' lang='lat' dir='ltr'><strong>similes?</strong></span> <span class='ocrx_word' id='word_1_488' title='bbox 2413 665 2584 721; x_wconf 84' lang='lat' dir='ltr'><strong>Mater</strong></span> <span class='ocrx_word' id='word_1_489' title='bbox 2614 665 2844 720; x_wconf 88' lang='lat' dir='ltr'><strong>ﬁliorum</strong></span> <span class='ocrx_word' id='word_1_490' title='bbox 2886 661 3133 720; x_wconf 79' lang='lat' dir='ltr'><strong>Zcbedtei</strong></span> <span class='ocrx_word' id='word_1_491' title='bbox 3164 662 3532 731; x_wconf 89' lang='lat' dir='ltr'><strong>apostolorum</strong></span> 
     </span>
    </p>
   </div>
   <div class='ocr_carea' id='block_1_66' title="bbox 1925 756 3533 825">
    <p class='ocr_par' dir='ltr' id='par_1_66' title="bbox 1925 756 3533 825">
     <span class='ocr_line' id='line_1_66' title="bbox 1925 756 3533 825; baseline -0.004 -13"><span class='ocrx_word' id='word_1_492' title='bbox 1925 765 2099 812; x_wconf 89' lang='lat' dir='ltr'><strong>mater</strong></span> <span class='ocrx_word' id='word_1_493' title='bbox 2124 756 2244 823; x_wconf 89' lang='lat' dir='ltr'><strong>fuit,</strong></span> <span class='ocrx_word' id='word_1_494' title='bbox 2276 756 2373 812; x_wconf 89' lang='lat' dir='ltr'><strong>sed</strong></span> <span class='ocrx_word' id='word_1_495' title='bbox 2400 756 2627 812; x_wconf 89' lang='lat' dir='ltr'><strong>duorum</strong></span> <span class='ocrx_word' id='word_1_496' title='bbox 2660 767 2866 811; x_wconf 88' lang='lat' dir='ltr'><strong>tantum</strong></span> <span class='ocrx_word' id='word_1_497' title='bbox 2893 772 2909 809; x_wconf 89' lang='lat'><strong>:</strong></span> <span class='ocrx_word' id='word_1_498' title='bbox 2940 763 3147 825; x_wconf 87' lang='lat' dir='ltr'><strong>septem</strong></span> <span class='ocrx_word' id='word_1_499' title='bbox 3177 761 3533 809; x_wconf 81' lang='lat' dir='ltr'><strong>antemmar-</strong></span> 
     </span>
    </p>
   </div>
   <div class='ocr_carea' id='block_1_67' title="bbox 1927 845 3526 920">
    <p class='ocr_par' dir='ltr' id='par_1_67' title="bbox 1927 845 3526 920">
     <span class='ocr_line' id='line_1_67' title="bbox 1927 845 3526 920; baseline -0.003 -17"><span class='ocrx_word' id='word_1_500' title='bbox 1927 856 2074 920; x_wconf 88' lang='lat' dir='ltr'><strong>tyres</strong></span> <span class='ocrx_word' id='word_1_501' title='bbox 2119 857 2333 905; x_wconf 89' lang='lat' dir='ltr'><strong>uterum</strong></span> <span class='ocrx_word' id='word_1_502' title='bbox 2380 865 2546 904; x_wconf 89' lang='lat' dir='ltr'><strong>unum</strong></span> <span class='ocrx_word' id='word_1_503' title='bbox 2595 849 2782 904; x_wconf 89' lang='lat' dir='ltr'><strong>tulisse</strong></span> <span class='ocrx_word' id='word_1_504' title='bbox 2809 863 2916 903; x_wconf 91' lang='lat' dir='ltr'><strong>non</strong></span> <span class='ocrx_word' id='word_1_505' title='bbox 2960 846 3118 914; x_wconf 91' lang='lat' dir='ltr'><strong>novi,</strong></span> <span class='ocrx_word' id='word_1_506' title='bbox 3149 861 3377 917; x_wconf 88' lang='lat' dir='ltr'><strong>quorum</strong></span> <span class='ocrx_word' id='word_1_507' title='bbox 3409 845 3526 915; x_wconf 87' lang='lat' dir='ltr'><strong>ipsa</strong></span> 
     </span>
    </p>
   </div>
   <div class='ocr_carea' id='block_1_68' title="bbox 1925 940 3531 1015">
    <p class='ocr_par' dir='ltr' id='par_1_68' title="bbox 1925 940 3531 1015">
     <span class='ocr_line' id='line_1_68' title="bbox 1925 940 3531 1015; baseline -0.002 -20"><span class='ocrx_word' id='word_1_508' title='bbox 1925 949 2101 996; x_wconf 89' lang='lat' dir='ltr'><strong>mater</strong></span> <span class='ocrx_word' id='word_1_509' title='bbox 2129 941 2198 996; x_wconf 90' lang='lat' dir='ltr'><strong>iis</strong></span> <span class='ocrx_word' id='word_1_510' title='bbox 2224 941 2465 1015; x_wconf 76' lang='lat' dir='ltr'><strong>martyrii</strong></span> <span class='ocrx_word' id='word_1_511' title='bbox 2511 942 2658 1000; x_wconf 85' lang='lat' dir='ltr'><strong>socia</strong></span> <span class='ocrx_word' id='word_1_512' title='bbox 2689 940 2872 1005; x_wconf 89' lang='lat' dir='ltr'><strong>fuerit,</strong></span> <span class='ocrx_word' id='word_1_513' title='bbox 2919 955 3094 1009; x_wconf 91' lang='lat' dir='ltr'><strong>neque</strong></span> <span class='ocrx_word' id='word_1_514' title='bbox 3144 948 3397 1009; x_wconf 86' lang='lat' dir='ltr'><strong>tanquam</strong></span> <span class='ocrx_word' id='word_1_515' title='bbox 3425 953 3531 993; x_wconf 89' lang='lat' dir='ltr'><strong>una</strong></span> 
     </span>
    </p>
   </div>
   <div class='ocr_carea' id='block_1_69' title="bbox 1925 1028 3529 1104">
    <p class='ocr_par' dir='ltr' id='par_1_69' title="bbox 1925 1028 3529 1104">
     <span class='ocr_line' id='line_1_69' title="bbox 1925 1028 3529 1104; baseline -0.002 -18"><span class='ocrx_word' id='word_1_516' title='bbox 1925 1031 2104 1086; x_wconf 88' lang='lat' dir='ltr'><strong>solum</strong></span> <span class='ocrx_word' id='word_1_517' title='bbox 2132 1042 2340 1104; x_wconf 90' lang='lat' dir='ltr'><strong>martyr</strong></span> <span class='ocrx_word' id='word_1_518' title='bbox 2365 1031 2548 1088; x_wconf 89' lang='lat' dir='ltr'><strong>addita</strong></span> <span class='ocrx_word' id='word_1_519' title='bbox 2584 1033 2761 1099; x_wconf 91' lang='lat' dir='ltr'><strong>fuerit,</strong></span> <span class='ocrx_word' id='word_1_520' title='bbox 2795 1031 2892 1087; x_wconf 90' lang='lat' dir='ltr'><strong>sed</strong></span> <span class='ocrx_word' id='word_1_521' title='bbox 2918 1032 3037 1086; x_wconf 88' lang='lat' dir='ltr'><strong>vice</strong></span> <span class='ocrx_word' id='word_1_522' title='bbox 3063 1030 3377 1086; x_wconf 89' lang='lat' dir='ltr'><strong>multorum.</strong></span> <span class='ocrx_word' id='word_1_523' title='bbox 3407 1028 3529 1084; x_wconf 84' lang='lat' dir='ltr'><strong>Filii</strong></span> 
     </span>
    </p>
   </div>
   <div class='ocr_carea' id='block_1_70' title="bbox 1927 1129 3531 1195">
    <p class='ocr_par' dir='ltr' id='par_1_70' title="bbox 1927 1129 3531 1195">
     <span class='ocr_line' id='line_1_70' title="bbox 1927 1129 3531 1195; baseline -0.003 -18"><span class='ocrx_word' id='word_1_524' title='bbox 1927 1138 2160 1194; x_wconf 89' lang='lat' dir='ltr'><strong>namque</strong></span> <span class='ocrx_word' id='word_1_525' title='bbox 2186 1133 2391 1193; x_wconf 86' lang='lat' dir='ltr'><strong>septem</strong></span> <span class='ocrx_word' id='word_1_526' title='bbox 2425 1132 2633 1178; x_wconf 88' lang='lat' dir='ltr'><strong>tantum</strong></span> <span class='ocrx_word' id='word_1_527' title='bbox 2673 1134 2943 1195; x_wconf 88' lang='lat' dir='ltr'><strong>martyres</strong></span> <span class='ocrx_word' id='word_1_528' title='bbox 2973 1129 3148 1186; x_wconf 85' lang='lat' dir='ltr'><strong>erant,</strong></span> <span class='ocrx_word' id='word_1_529' title='bbox 3180 1135 3375 1191; x_wconf 88' lang='lat' dir='ltr'><strong>corpus</strong></span> <span class='ocrx_word' id='word_1_530' title='bbox 3399 1134 3531 1173; x_wconf 66' lang='lat' dir='ltr'><strong>VC!”</strong></span> 
     </span>
    </p>
   </div>
   <div class='ocr_carea' id='block_1_71' title="bbox 1927 1208 3527 1283">
    <p class='ocr_par' dir='ltr' id='par_1_71' title="bbox 1927 1208 3527 1283">
     <span class='ocr_line' id='line_1_71' title="bbox 1927 1208 3527 1283; baseline -0.004 -16"><span class='ocrx_word' id='word_1_531' title='bbox 1927 1214 2117 1268; x_wconf 89' lang='lat' dir='ltr'><strong>matris</strong></span> <span class='ocrx_word' id='word_1_532' title='bbox 2141 1214 2272 1283; x_wconf 89' lang='lat' dir='ltr'><strong>ipsis</strong></span> <span class='ocrx_word' id='word_1_533' title='bbox 2299 1213 2574 1283; x_wconf 82' lang='lat' dir='ltr'><strong>adjectum</strong></span> <span class='ocrx_word' id='word_1_534' title='bbox 2606 1230 2770 1269; x_wconf 90' lang='lat' dir='ltr'><strong>unum</strong></span> <span class='ocrx_word' id='word_1_535' title='bbox 2801 1221 3005 1268; x_wconf 84' lang='lat' dir='ltr'><strong>tantum</strong></span> <span class='ocrx_word' id='word_1_536' title='bbox 3034 1226 3232 1282; x_wconf 90' lang='lat' dir='ltr'><strong>corpus</strong></span> <span class='ocrx_word' id='word_1_537' title='bbox 3260 1217 3398 1275; x_wconf 84' lang='lat' dir='ltr'><strong>erat,</strong></span> <span class='ocrx_word' id='word_1_538' title='bbox 3432 1208 3527 1263; x_wconf 86' lang='lat' dir='ltr'><strong>sed</strong></span> 
     </span>
    </p>
   </div>
   <div class='ocr_carea' id='block_1_72' title="bbox 1926 1301 3528 1376">
    <p class='ocr_par' dir='ltr' id='par_1_72' title="bbox 1926 1301 3528 1376">
     <span class='ocr_line' id='line_1_72' title="bbox 1926 1301 3528 1376; baseline -0.004 -17"><span class='ocrx_word' id='word_1_539' title='bbox 1926 1303 2010 1359; x_wconf 86' lang='lat' dir='ltr'><strong>bis</strong></span> <span class='ocrx_word' id='word_1_540' title='bbox 2037 1313 2248 1375; x_wconf 83' lang='lat' dir='ltr'><strong>septem</strong></span> <span class='ocrx_word' id='word_1_541' title='bbox 2292 1315 2590 1376; x_wconf 89' lang='lat' dir='ltr'><strong>martyrum</strong></span> <span class='ocrx_word' id='word_1_542' title='bbox 2642 1307 2820 1362; x_wconf 91' lang='lat' dir='ltr'><strong>locum</strong></span> <span class='ocrx_word' id='word_1_543' title='bbox 2867 1304 3146 1375; x_wconf 90' lang='lat' dir='ltr'><strong>implebat,</strong></span> <span class='ocrx_word' id='word_1_544' title='bbox 3170 1304 3296 1374; x_wconf 89' lang='lat' dir='ltr'><strong>quia</strong></span> <span class='ocrx_word' id='word_1_545' title='bbox 3333 1302 3386 1356; x_wconf 91' lang='lat' dir='ltr'><strong>in</strong></span> <span class='ocrx_word' id='word_1_546' title='bbox 3416 1301 3528 1354; x_wconf 79' lang='lat' dir='ltr'><strong>sin-</strong></span> 
     </span>
    </p>
   </div>
   <div class='ocr_carea' id='block_1_73' title="bbox 1926 1394 3528 1470">
    <p class='ocr_par' dir='ltr' id='par_1_73' title="bbox 1926 1394 3528 1470">
     <span class='ocr_line' id='line_1_73' title="bbox 1926 1394 3528 1470; baseline -0.002 -19"><span class='ocrx_word' id='word_1_547' title='bbox 1926 1397 2066 1466; x_wconf 86' lang='lat' dir='ltr'><strong>gulis</strong></span> <span class='ocrx_word' id='word_1_548' title='bbox 2092 1411 2279 1452; x_wconf 91' lang='lat' dir='ltr'><strong>eorum</strong></span> <span class='ocrx_word' id='word_1_549' title='bbox 2309 1399 2628 1470; x_wconf 89' lang='lat' dir='ltr'><strong>martyrium</strong></span> <span class='ocrx_word' id='word_1_550' title='bbox 2656 1399 2839 1460; x_wconf 88' lang='lat' dir='ltr'><strong>subiit,</strong></span> <span class='ocrx_word' id='word_1_551' title='bbox 2869 1407 2924 1453; x_wconf 91' lang='lat' dir='ltr'><strong>et</strong></span> <span class='ocrx_word' id='word_1_552' title='bbox 2944 1399 3068 1468; x_wconf 90' lang='lat' dir='ltr'><strong>quia</strong></span> <span class='ocrx_word' id='word_1_553' title='bbox 3093 1397 3216 1451; x_wconf 91' lang='lat' dir='ltr'><strong>illos</strong></span> <span class='ocrx_word' id='word_1_554' title='bbox 3241 1395 3374 1450; x_wconf 90' lang='lat' dir='ltr'><strong>tales</strong></span> <span class='ocrx_word' id='word_1_555' title='bbox 3403 1394 3528 1448; x_wconf 88' lang='lat' dir='ltr'><strong>red-</strong></span> 
     </span>
    </p>
   </div>
   <div class='ocr_carea' id='block_1_74' title="bbox 1927 1487 3520 1561">
    <p class='ocr_par' dir='ltr' id='par_1_74' title="bbox 1927 1487 3520 1561">
     <span class='ocr_line' id='line_1_74' title="bbox 1927 1487 3520 1561; baseline -0.003 -19"><span class='ocrx_word' id='word_1_556' title='bbox 1927 1487 2083 1542; x_wconf 90' lang='lat' dir='ltr'><strong>didit.</strong></span> <span class='ocrx_word' id='word_1_557' title='bbox 2115 1488 2417 1544; x_wconf 88' lang='lat' dir='ltr'><strong>Ecclesiam</strong></span> <span class='ocrx_word' id='word_1_558' title='bbox 2465 1489 2620 1544; x_wconf 89' lang='lat' dir='ltr'><strong>nobis</strong></span> <span class='ocrx_word' id='word_1_559' title='bbox 2655 1499 2951 1561; x_wconf 87' lang='lat' dir='ltr'><strong>martyrum</strong></span> <span class='ocrx_word' id='word_1_560' title='bbox 2997 1489 3256 1558; x_wconf 85' lang='lat' dir='ltr'><strong>integram</strong></span> <span class='ocrx_word' id='word_1_561' title='bbox 3294 1487 3520 1556; x_wconf 89' lang='lat' dir='ltr'><strong>peperit.</strong></span> 
     </span>
    </p>
   </div>
   <div class='ocr_carea' id='block_1_75' title="bbox 1925 1580 3527 1653">
    <p class='ocr_par' dir='ltr' id='par_1_75' title="bbox 1925 1580 3527 1653">
     <span class='ocr_line' id='line_1_75' title="bbox 1925 1580 3527 1653; baseline -0.002 -17"><span class='ocrx_word' id='word_1_562' title='bbox 1925 1580 2142 1651; x_wconf 86' lang='lat' dir='ltr'><strong>Septem</strong></span> <span class='ocrx_word' id='word_1_563' title='bbox 2166 1583 2376 1653; x_wconf 85' lang='lat' dir='ltr'><strong>peperit</strong></span> <span class='ocrx_word' id='word_1_564' title='bbox 2405 1582 2545 1639; x_wconf 89' lang='lat' dir='ltr'><strong>ﬁlios</strong></span> <span class='ocrx_word' id='word_1_565' title='bbox 2563 1625 2577 1650; x_wconf 92' lang='lat'><strong>,</strong></span> <span class='ocrx_word' id='word_1_566' title='bbox 2610 1583 2708 1639; x_wconf 90' lang='lat' dir='ltr'><strong>sed</strong></span> <span class='ocrx_word' id='word_1_567' title='bbox 2739 1583 2941 1638; x_wconf 91' lang='lat' dir='ltr'><strong>nullum</strong></span> <span class='ocrx_word' id='word_1_568' title='bbox 2970 1594 3144 1650; x_wconf 65' lang='lat' dir='ltr'><strong>terra},</strong></span> <span class='ocrx_word' id='word_1_569' title='bbox 3177 1597 3368 1638; x_wconf 88' lang='lat' dir='ltr'><strong>omnes</strong></span> <span class='ocrx_word' id='word_1_570' title='bbox 3389 1580 3527 1636; x_wconf 72' lang='lat' dir='ltr'><strong>cmlo</strong></span> 
     </span>
    </p>
   </div>
   <div class='ocr_carea' id='block_1_76' title="bbox 1927 1671 3525 1747">
    <p class='ocr_par' dir='ltr' id='par_1_76' title="bbox 1927 1671 3525 1747">
     <span class='ocr_line' id='line_1_76' title="bbox 1927 1671 3525 1747; baseline -0.001 -18"><span class='ocrx_word' id='word_1_571' title='bbox 1927 1675 2159 1745; x_wconf 86' lang='lat' dir='ltr'><strong>peperit,</strong></span> <span class='ocrx_word' id='word_1_572' title='bbox 2191 1676 2300 1730; x_wconf 91' lang='lat' dir='ltr'><strong>imo</strong></span> <span class='ocrx_word' id='word_1_573' title='bbox 2327 1671 2506 1746; x_wconf 87' lang='lat' dir='ltr'><strong>potius</strong></span> <span class='ocrx_word' id='word_1_574' title='bbox 2531 1677 2645 1747; x_wconf 89' lang='lat' dir='ltr'><strong>regi</strong></span> <span class='ocrx_word' id='word_1_575' title='bbox 2673 1675 2930 1732; x_wconf 74' lang='lat' dir='ltr'><strong>ctelorutn</strong></span> <span class='ocrx_word' id='word_1_576' title='bbox 2949 1719 2964 1744; x_wconf 95' lang='lat'><strong>,</strong></span> <span class='ocrx_word' id='word_1_577' title='bbox 2995 1677 3115 1731; x_wconf 89' lang='lat' dir='ltr'><strong>illos</strong></span> <span class='ocrx_word' id='word_1_578' title='bbox 3143 1691 3336 1731; x_wconf 87' lang='lat' dir='ltr'><strong>omnes</strong></span> <span class='ocrx_word' id='word_1_579' title='bbox 3362 1675 3414 1729; x_wconf 91' lang='lat' dir='ltr'><strong>in</strong></span> <span class='ocrx_word' id='word_1_580' title='bbox 3441 1672 3525 1728; x_wconf 84' lang='lat' dir='ltr'><strong>fu-</strong></span> 
     </span>
    </p>
   </div>
   <div class='ocr_carea' id='block_1_77' title="bbox 1929 1767 3525 1839">
    <p class='ocr_par' dir='ltr' id='par_1_77' title="bbox 1929 1767 3525 1839">
     <span class='ocr_line' id='line_1_77' title="bbox 1929 1767 3525 1839; baseline -0.001 -19"><span class='ocrx_word' id='word_1_581' title='bbox 1929 1775 2105 1821; x_wconf 90' lang='lat' dir='ltr'><strong>turam</strong></span> <span class='ocrx_word' id='word_1_582' title='bbox 2145 1768 2303 1822; x_wconf 83' lang='lat' dir='ltr'><strong>enixa</strong></span> <span class='ocrx_word' id='word_1_583' title='bbox 2336 1769 2520 1825; x_wconf 88' lang='lat' dir='ltr'><strong>vitam.</strong></span> <span class='ocrx_word' id='word_1_584' title='bbox 2557 1767 2811 1824; x_wconf 88' lang='lat' dir='ltr'><strong>Diabolus</strong></span> <span class='ocrx_word' id='word_1_585' title='bbox 2838 1784 2968 1839; x_wconf 88' lang='lat' dir='ltr'><strong>ergo</strong></span> <span class='ocrx_word' id='word_1_586' title='bbox 3003 1769 3152 1822; x_wconf 83' lang='lat' dir='ltr'><strong>illam</strong></span> <span class='ocrx_word' id='word_1_587' title='bbox 3197 1776 3525 1836; x_wconf 85' lang='lat' dir='ltr'><strong>postremam</strong></span> 
     </span>
    </p>
   </div>
   <div class='ocr_carea' id='block_1_78' title="bbox 1927 1845 3533 1930">
    <p class='ocr_par' dir='ltr' id='par_1_78' title="bbox 1927 1845 3533 1930">
     <span class='ocr_line' id='line_1_78' title="bbox 1927 1845 3533 1930; baseline -0.001 -19"><span class='ocrx_word' id='word_1_588' title='bbox 1927 1856 1981 1911; x_wconf 92' lang='lat' dir='ltr'><strong>in</strong></span> <span class='ocrx_word' id='word_1_589' title='bbox 2011 1858 2309 1914; x_wconf 86' lang='lat' dir='ltr'><strong>certamina</strong></span> <span class='ocrx_word' id='word_1_590' title='bbox 2337 1845 2488 1914; x_wconf 84' lang='lat' dir='ltr'><strong>duxit</strong></span> <span class='ocrx_word' id='word_1_591' title='bbox 2523 1860 2594 1915; x_wconf 91' lang='lat' dir='ltr'><strong>ob</strong></span> <span class='ocrx_word' id='word_1_592' title='bbox 2617 1874 2834 1914; x_wconf 88' lang='lat' dir='ltr'><strong>causam</strong></span> <span class='ocrx_word' id='word_1_593' title='bbox 2865 1875 3023 1930; x_wconf 89' lang='lat' dir='ltr'><strong>supra</strong></span> <span class='ocrx_word' id='word_1_594' title='bbox 3051 1868 3404 1914; x_wconf 80' lang='lat' dir='ltr'><strong>memoratam</strong></span> <span class='ocrx_word' id='word_1_595' title='bbox 3424 1899 3440 1919; x_wconf 91' lang='lat'><strong>,</strong></span> <span class='ocrx_word' id='word_1_596' title='bbox 3471 1865 3533 1910; x_wconf 85' lang='lat' dir='ltr'><strong>ut</strong></span> 
     </span>
    </p>
   </div>
   <div class='ocr_carea' id='block_1_79' title="bbox 1926 1946 3531 2020">
    <p class='ocr_par' dir='ltr' id='par_1_79' title="bbox 1926 1946 3531 2020">
     <span class='ocr_line' id='line_1_79' title="bbox 1926 1946 3531 2020; baseline 0.001 -20"><span class='ocrx_word' id='word_1_597' title='bbox 1926 1946 2123 2002; x_wconf 90' lang='lat' dir='ltr'><strong>virtute</strong></span> <span class='ocrx_word' id='word_1_598' title='bbox 2148 1949 2266 2017; x_wconf 88' lang='lat' dir='ltr'><strong>ejus</strong></span> <span class='ocrx_word' id='word_1_599' title='bbox 2295 1950 2349 2004; x_wconf 91' lang='lat' dir='ltr'><strong>in</strong></span> <span class='ocrx_word' id='word_1_600' title='bbox 2371 1950 2703 2005; x_wconf 89' lang='lat' dir='ltr'><strong>cruciatuum</strong></span> <span class='ocrx_word' id='word_1_601' title='bbox 2735 1951 3043 2020; x_wconf 88' lang='lat' dir='ltr'><strong>speetaculo</strong></span> <span class='ocrx_word' id='word_1_602' title='bbox 3068 1958 3407 2020; x_wconf 87' lang='lat' dir='ltr'><strong>consumpta,</strong></span> <span class='ocrx_word' id='word_1_603' title='bbox 3433 1964 3531 2003; x_wconf 75' lang='lat' dir='ltr'><strong>er-</strong></span> 
     </span>
    </p>
   </div>
   <div class='ocr_carea' id='block_1_80' title="bbox 1928 2037 3528 2108">
    <p class='ocr_par' dir='ltr' id='par_1_80' title="bbox 1928 2037 3528 2108">
     <span class='ocr_line' id='line_1_80' title="bbox 1928 2037 3528 2108; baseline 0.001 -18"><span class='ocrx_word' id='word_1_604' title='bbox 1928 2047 2162 2108; x_wconf 88' lang='lat' dir='ltr'><strong>pugnatu</strong></span> <span class='ocrx_word' id='word_1_605' title='bbox 2189 2037 2363 2094; x_wconf 87' lang='lat' dir='ltr'><strong>facilis</strong></span> <span class='ocrx_word' id='word_1_606' title='bbox 2404 2047 2552 2095; x_wconf 88' lang='lat' dir='ltr'><strong>esset</strong></span> <span class='ocrx_word' id='word_1_607' title='bbox 2581 2055 2702 2094; x_wconf 91' lang='lat' dir='ltr'><strong>cum</strong></span> <span class='ocrx_word' id='word_1_608' title='bbox 2744 2039 2928 2095; x_wconf 90' lang='lat' dir='ltr'><strong>ultima</strong></span> <span class='ocrx_word' id='word_1_609' title='bbox 2970 2040 3336 2095; x_wconf 86' lang='lat' dir='ltr'><strong>adversarium</strong></span> <span class='ocrx_word' id='word_1_610' title='bbox 3379 2039 3528 2094; x_wconf 83' lang='lat' dir='ltr'><strong>exci-</strong></span> 
     </span>
    </p>
   </div>
   <div class='ocr_carea' id='block_1_81' title="bbox 1927 2128 3526 2203">
    <p class='ocr_par' dir='ltr' id='par_1_81' title="bbox 1927 2128 3526 2203">
     <span class='ocr_line' id='line_1_81' title="bbox 1927 2128 3526 2203; baseline 0.003 -21"><span class='ocrx_word' id='word_1_611' title='bbox 1927 2136 2099 2197; x_wconf 90' lang='lat' dir='ltr'><strong>peret.</strong></span> <span class='ocrx_word' id='word_1_612' title='bbox 2147 2128 2281 2183; x_wconf 85' lang='lat' dir='ltr'><strong>Nam</strong></span> <span class='ocrx_word' id='word_1_613' title='bbox 2319 2130 2364 2184; x_wconf 87' lang='lat' dir='ltr'><strong>si</strong></span> <span class='ocrx_word' id='word_1_614' title='bbox 2396 2129 2713 2201; x_wconf 90' lang='lat' dir='ltr'><strong>plerumque</strong></span> <span class='ocrx_word' id='word_1_615' title='bbox 2756 2132 3005 2188; x_wconf 81' lang='lat' dir='ltr'><strong>homines</strong></span> <span class='ocrx_word' id='word_1_616' title='bbox 3045 2133 3358 2203; x_wconf 87' lang='lat' dir='ltr'><strong>sanguinem</strong></span> <span class='ocrx_word' id='word_1_617' title='bbox 3399 2147 3526 2201; x_wconf 79' lang='lat' dir='ltr'><strong>pro-</strong></span> 
     </span>
    </p>
   </div>
   <div class='ocr_carea' id='block_1_82' title="bbox 1929 2217 3530 2296">
    <p class='ocr_par' dir='ltr' id='par_1_82' title="bbox 1929 2217 3530 2296">
     <span class='ocr_line' id='line_1_82' title="bbox 1929 2217 3530 2296; baseline 0.002 -23"><span class='ocrx_word' id='word_1_618' title='bbox 1929 2217 2184 2275; x_wconf 84' lang='lat' dir='ltr'><strong>ﬂuentem</strong></span> <span class='ocrx_word' id='word_1_619' title='bbox 2211 2221 2457 2280; x_wconf 88' lang='lat' dir='ltr'><strong>videntes</strong></span> <span class='ocrx_word' id='word_1_620' title='bbox 2495 2223 2663 2278; x_wconf 89' lang='lat' dir='ltr'><strong>animi</strong></span> <span class='ocrx_word' id='word_1_621' title='bbox 2691 2223 2985 2296; x_wconf 92' lang='lat' dir='ltr'><strong>deliquium</strong></span> <span class='ocrx_word' id='word_1_622' title='bbox 3016 2225 3158 2295; x_wconf 90' lang='lat' dir='ltr'><strong>passi</strong></span> <span class='ocrx_word' id='word_1_623' title='bbox 3185 2233 3343 2290; x_wconf 89' lang='lat' dir='ltr'><strong>sunt,</strong></span> <span class='ocrx_word' id='word_1_624' title='bbox 3386 2225 3530 2277; x_wconf 83' lang='lat' dir='ltr'><strong>mul-</strong></span> 
     </span>
    </p>
   </div>
   <div class='ocr_carea' id='block_1_83' title="bbox 1929 2317 3531 2388">
    <p class='ocr_par' dir='ltr' id='par_1_83' title="bbox 1929 2317 3531 2388">
     <span class='ocr_line' id='line_1_83' title="bbox 1929 2317 3531 2388; baseline 0.002 -22"><span class='ocrx_word' id='word_1_625' title='bbox 1929 2321 2088 2384; x_wconf 88' lang='lat' dir='ltr'><strong>taque</strong></span> <span class='ocrx_word' id='word_1_626' title='bbox 2114 2317 2392 2371; x_wconf 89' lang='lat' dir='ltr'><strong>curatione</strong></span> <span class='ocrx_word' id='word_1_627' title='bbox 2418 2331 2556 2386; x_wconf 92' lang='lat' dir='ltr'><strong>opus</strong></span> <span class='ocrx_word' id='word_1_628' title='bbox 2577 2318 2896 2384; x_wconf 89' lang='lat' dir='ltr'><strong>habuerunt,</strong></span> <span class='ocrx_word' id='word_1_629' title='bbox 2922 2327 2980 2374; x_wconf 95' lang='lat' dir='ltr'><strong>ut</strong></span> <span class='ocrx_word' id='word_1_630' title='bbox 2998 2318 3105 2373; x_wconf 89' lang='lat' dir='ltr'><strong>vita</strong></span> <span class='ocrx_word' id='word_1_631' title='bbox 3130 2318 3242 2388; x_wconf 85' lang='lat' dir='ltr'><strong>jam</strong></span> <span class='ocrx_word' id='word_1_632' title='bbox 3272 2317 3531 2373; x_wconf 75' lang='lat' dir='ltr'><strong>deficiens</strong></span> 
     </span>
    </p>
   </div>
   <div class='ocr_carea' id='block_1_84' title="bbox 1927 2407 3530 2485">
    <p class='ocr_par' dir='ltr' id='par_1_84' title="bbox 1927 2407 3530 2485">
     <span class='ocr_line' id='line_1_84' title="bbox 1927 2407 3530 2485; baseline 0.003 -26"><span class='ocrx_word' id='word_1_633' title='bbox 1927 2412 1985 2460; x_wconf 91' lang='lat' dir='ltr'><strong>et</strong></span> <span class='ocrx_word' id='word_1_634' title='bbox 2009 2407 2187 2462; x_wconf 86' lang='lat' dir='ltr'><strong>anima</strong></span> <span class='ocrx_word' id='word_1_635' title='bbox 2220 2424 2343 2464; x_wconf 89' lang='lat' dir='ltr'><strong>mox</strong></span> <span class='ocrx_word' id='word_1_636' title='bbox 2383 2411 2662 2466; x_wconf 90' lang='lat' dir='ltr'><strong>avolatura</strong></span> <span class='ocrx_word' id='word_1_637' title='bbox 2702 2420 3049 2466; x_wconf 88' lang='lat' dir='ltr'><strong>revocaretur</strong></span> <span class='ocrx_word' id='word_1_638' title='bbox 3079 2429 3092 2463; x_wconf 87' lang='lat'><strong>:</strong></span> <span class='ocrx_word' id='word_1_639' title='bbox 3125 2421 3204 2485; x_wconf 87' lang='lat' dir='ltr'><strong>tot</strong></span> <span class='ocrx_word' id='word_1_640' title='bbox 3234 2412 3318 2465; x_wconf 92' lang='lat' dir='ltr'><strong>illa</strong></span> <span class='ocrx_word' id='word_1_641' title='bbox 3342 2411 3530 2465; x_wconf 79' lang='lat' dir='ltr'><strong>videns</strong></span> 
     </span>
    </p>
   </div>
   <div class='ocr_carea' id='block_1_85' title="bbox 1928 2499 3532 2582">
    <p class='ocr_par' dir='ltr' id='par_1_85' title="bbox 1928 2499 3532 2582">
     <span class='ocr_line' id='line_1_85' title="bbox 1928 2499 3532 2582; baseline 0.003 -30"><span class='ocrx_word' id='word_1_642' title='bbox 1928 2499 2204 2569; x_wconf 86' lang='lat' dir='ltr'><strong>sanguinis</strong></span> <span class='ocrx_word' id='word_1_643' title='bbox 2234 2501 2400 2567; x_wconf 87' lang='lat' dir='ltr'><strong>rivos,</strong></span> <span class='ocrx_word' id='word_1_644' title='bbox 2429 2518 2537 2557; x_wconf 89' lang='lat' dir='ltr'><strong>non</strong></span> <span class='ocrx_word' id='word_1_645' title='bbox 2564 2518 2628 2558; x_wconf 86' lang='lat' dir='ltr'><strong>ex</strong></span> <span class='ocrx_word' id='word_1_646' title='bbox 2660 2504 2856 2582; x_wconf 78' lang='lat' dir='ltr'><strong>aliena,</strong></span> <span class='ocrx_word' id='word_1_647' title='bbox 2888 2502 2984 2558; x_wconf 89' lang='lat' dir='ltr'><strong>sed</strong></span> <span class='ocrx_word' id='word_1_648' title='bbox 3009 2519 3080 2558; x_wconf 89' lang='lat' dir='ltr'><strong>ex</strong></span> <span class='ocrx_word' id='word_1_649' title='bbox 3112 2503 3340 2559; x_wconf 80' lang='lat' dir='ltr'><strong>ﬁliorum</strong></span> <span class='ocrx_word' id='word_1_650' title='bbox 3368 2519 3532 2558; x_wconf 83' lang='lat' dir='ltr'><strong>carne</strong></span> 
     </span>
    </p>
   </div>
   <div class='ocr_carea' id='block_1_86' title="bbox 1928 2592 3529 2665">
    <p class='ocr_par' dir='ltr' id='par_1_86' title="bbox 1928 2592 3529 2665">
     <span class='ocr_line' id='line_1_86' title="bbox 1928 2592 3529 2665; baseline 0.003 -23"><span class='ocrx_word' id='word_1_651' title='bbox 1928 2599 2210 2646; x_wconf 89' lang='lat' dir='ltr'><strong>manantes</strong></span> <span class='ocrx_word' id='word_1_652' title='bbox 2231 2633 2244 2655; x_wconf 90' lang='lat'><strong>,</strong></span> <span class='ocrx_word' id='word_1_653' title='bbox 2277 2592 2403 2662; x_wconf 90' lang='lat' dir='ltr'><strong>quid</strong></span> <span class='ocrx_word' id='word_1_654' title='bbox 2433 2609 2537 2648; x_wconf 91' lang='lat' dir='ltr'><strong>non</strong></span> <span class='ocrx_word' id='word_1_655' title='bbox 2569 2593 2858 2648; x_wconf 88' lang='lat' dir='ltr'><strong>sustinuit?</strong></span> <span class='ocrx_word' id='word_1_656' title='bbox 2883 2609 3040 2664; x_wconf 91' lang='lat' dir='ltr'><strong>quam</strong></span> <span class='ocrx_word' id='word_1_657' title='bbox 3073 2595 3529 2665; x_wconf 89' lang='lat' dir='ltr'><strong>perturbationem</strong></span> 
     </span>
    </p>
   </div>
   <div class='ocr_carea' id='block_1_87' title="bbox 1930 2683 3532 2755">
    <p class='ocr_par' dir='ltr' id='par_1_87' title="bbox 1930 2683 3532 2755">
     <span class='ocr_line' id='line_1_87' title="bbox 1930 2683 3532 2755; baseline 0.004 -23"><span class='ocrx_word' id='word_1_658' title='bbox 1930 2697 2037 2734; x_wconf 83' lang='lat' dir='ltr'><strong>non</strong></span> <span class='ocrx_word' id='word_1_659' title='bbox 2065 2683 2246 2738; x_wconf 90' lang='lat' dir='ltr'><strong>animo</strong></span> <span class='ocrx_word' id='word_1_660' title='bbox 2281 2685 2554 2755; x_wconf 83' lang='lat' dir='ltr'><strong>suscepit?</strong></span> <span class='ocrx_word' id='word_1_661' title='bbox 2603 2685 2855 2740; x_wconf 89' lang='lat' dir='ltr'><strong>Diabolus</strong></span> <span class='ocrx_word' id='word_1_662' title='bbox 2902 2685 3102 2755; x_wconf 90' lang='lat' dir='ltr'><strong>itaque,</strong></span> <span class='ocrx_word' id='word_1_663' title='bbox 3147 2697 3204 2740; x_wconf 90' lang='lat' dir='ltr'><strong>ut</strong></span> <span class='ocrx_word' id='word_1_664' title='bbox 3246 2686 3378 2750; x_wconf 75' lang='lat' dir='ltr'><strong>dixi,</strong></span> <span class='ocrx_word' id='word_1_665' title='bbox 3409 2686 3532 2739; x_wconf 90' lang='lat' dir='ltr'><strong>ideo</strong></span> 
     </span>
    </p>
   </div>
   <div class='ocr_carea' id='block_1_88' title="bbox 1927 2770 3528 2844">
    <p class='ocr_par' dir='ltr' id='par_1_88' title="bbox 1927 2770 3528 2844">
     <span class='ocr_line' id='line_1_88' title="bbox 1927 2770 3528 2844; baseline 0.002 -16"><span class='ocrx_word' id='word_1_666' title='bbox 1927 2770 2074 2828; x_wconf 85' lang='lat' dir='ltr'><strong>illam</strong></span> <span class='ocrx_word' id='word_1_667' title='bbox 2105 2781 2226 2843; x_wconf 90' lang='lat' dir='ltr'><strong>post</strong></span> <span class='ocrx_word' id='word_1_668' title='bbox 2261 2773 2398 2830; x_wconf 87' lang='lat' dir='ltr'><strong>ﬁlios</strong></span> <span class='ocrx_word' id='word_1_669' title='bbox 2422 2775 2476 2829; x_wconf 90' lang='lat' dir='ltr'><strong>in</strong></span> <span class='ocrx_word' id='word_1_670' title='bbox 2516 2776 2810 2832; x_wconf 88' lang='lat' dir='ltr'><strong>certamina</strong></span> <span class='ocrx_word' id='word_1_671' title='bbox 2859 2777 3053 2844; x_wconf 81' lang='lat' dir='ltr'><strong>traxit,</strong></span> <span class='ocrx_word' id='word_1_672' title='bbox 3083 2785 3144 2832; x_wconf 91' lang='lat' dir='ltr'><strong>ut</strong></span> <span class='ocrx_word' id='word_1_673' title='bbox 3179 2777 3528 2832; x_wconf 88' lang='lat' dir='ltr'><strong>infirmiorem</strong></span> 
     </span>
    </p>
   </div>
   <div class='ocr_carea' id='block_1_89' title="bbox 1930 2863 3530 2937">
    <p class='ocr_par' dir='ltr' id='par_1_89' title="bbox 1930 2863 3530 2937">
     <span class='ocr_line' id='line_1_89' title="bbox 1930 2863 3530 2937; baseline 0.003 -20"><span class='ocrx_word' id='word_1_674' title='bbox 1930 2863 2214 2932; x_wconf 88' lang='lat' dir='ltr'><strong>redderet;</strong></span> <span class='ocrx_word' id='word_1_675' title='bbox 2248 2867 2344 2922; x_wconf 90' lang='lat' dir='ltr'><strong>sed</strong></span> <span class='ocrx_word' id='word_1_676' title='bbox 2390 2877 2578 2922; x_wconf 89' lang='lat' dir='ltr'><strong>contra</strong></span> <span class='ocrx_word' id='word_1_677' title='bbox 2621 2868 2815 2923; x_wconf 89' lang='lat' dir='ltr'><strong>accidit</strong></span> <span class='ocrx_word' id='word_1_678' title='bbox 2847 2885 2860 2922; x_wconf 91' lang='lat'><strong>:</strong></span> <span class='ocrx_word' id='word_1_679' title='bbox 2892 2867 3082 2937; x_wconf 87' lang='lat' dir='ltr'><strong>majori</strong></span> <span class='ocrx_word' id='word_1_680' title='bbox 3123 2869 3267 2923; x_wconf 92' lang='lat' dir='ltr'><strong>enim</strong></span> <span class='ocrx_word' id='word_1_681' title='bbox 3312 2884 3432 2923; x_wconf 90' lang='lat' dir='ltr'><strong>cum</strong></span> <span class='ocrx_word' id='word_1_682' title='bbox 3463 2868 3530 2921; x_wconf 83' lang='lat' dir='ltr'><strong>ﬁ—</strong></span> 
     </span>
    </p>
   </div>
   <div class='ocr_carea' id='block_1_90' title="bbox 1926 2954 3527 3029">
    <p class='ocr_par' dir='ltr' id='par_1_90' title="bbox 1926 2954 3527 3029">
     <span class='ocr_line' id='line_1_90' title="bbox 1926 2954 3527 3029; baseline 0.004 -20"><span class='ocrx_word' id='word_1_683' title='bbox 1926 2954 2084 3009; x_wconf 86' lang='lat' dir='ltr'><strong>ducia</strong></span> <span class='ocrx_word' id='word_1_684' title='bbox 2110 2958 2405 3013; x_wconf 88' lang='lat' dir='ltr'><strong>certamina</strong></span> <span class='ocrx_word' id='word_1_685' title='bbox 2425 2959 2576 3013; x_wconf 88' lang='lat' dir='ltr'><strong>adiit.</strong></span> <span class='ocrx_word' id='word_1_686' title='bbox 2606 2957 2712 3013; x_wconf 87' lang='lat' dir='ltr'><strong>Cur</strong></span> <span class='ocrx_word' id='word_1_687' title='bbox 2738 2966 2794 3014; x_wconf 92' lang='lat' dir='ltr'><strong>et</strong></span> <span class='ocrx_word' id='word_1_688' title='bbox 2811 2974 2914 3029; x_wconf 89' lang='lat' dir='ltr'><strong>qua</strong></span> <span class='ocrx_word' id='word_1_689' title='bbox 2949 2960 3016 3014; x_wconf 91' lang='lat' dir='ltr'><strong>de</strong></span> <span class='ocrx_word' id='word_1_690' title='bbox 3041 2961 3242 3014; x_wconf 86' lang='lat' dir='ltr'><strong>causa?</strong></span> <span class='ocrx_word' id='word_1_691' title='bbox 3264 2960 3399 3028; x_wconf 88' lang='lat' dir='ltr'><strong>Quia</strong></span> <span class='ocrx_word' id='word_1_692' title='bbox 3421 2976 3527 3016; x_wconf 90' lang='lat' dir='ltr'><strong>non</strong></span> 
     </span>
    </p>
   </div>
   <div class='ocr_carea' id='block_1_91' title="bbox 1929 3046 3526 3121">
    <p class='ocr_par' dir='ltr' id='par_1_91' title="bbox 1929 3046 3526 3121">
     <span class='ocr_line' id='line_1_91' title="bbox 1929 3046 3526 3121; baseline 0.004 -23"><span class='ocrx_word' id='word_1_693' title='bbox 1929 3046 2153 3101; x_wconf 88' lang='lat' dir='ltr'><strong>timebat</strong></span> <span class='ocrx_word' id='word_1_694' title='bbox 2179 3048 2337 3110; x_wconf 89' lang='lat' dir='ltr'><strong>ultra,</strong></span> <span class='ocrx_word' id='word_1_695' title='bbox 2366 3064 2468 3103; x_wconf 85' lang='lat' dir='ltr'><strong>nec</strong></span> <span class='ocrx_word' id='word_1_696' title='bbox 2495 3049 2722 3104; x_wconf 87' lang='lat' dir='ltr'><strong>sollicita</strong></span> <span class='ocrx_word' id='word_1_697' title='bbox 2747 3058 2866 3105; x_wconf 87' lang='lat' dir='ltr'><strong>erat</strong></span> <span class='ocrx_word' id='word_1_698' title='bbox 2883 3050 2950 3106; x_wconf 86' lang='lat' dir='ltr'><strong>de</strong></span> <span class='ocrx_word' id='word_1_699' title='bbox 2978 3050 3102 3104; x_wconf 90' lang='lat' dir='ltr'><strong>ﬁliis</strong></span> <span class='ocrx_word' id='word_1_700' title='bbox 3129 3051 3443 3121; x_wconf 87' lang='lat' dir='ltr'><strong>quibusdam</strong></span> <span class='ocrx_word' id='word_1_701' title='bbox 3473 3052 3526 3105; x_wconf 90' lang='lat' dir='ltr'><strong>in</strong></span> 
     </span>
    </p>
   </div>
   <div class='ocr_carea' id='block_1_92' title="bbox 1928 3136 3527 3214">
    <p class='ocr_par' dir='ltr' id='par_1_92' title="bbox 1928 3136 3527 3214">
     <span class='ocr_line' id='line_1_92' title="bbox 1928 3136 3527 3214; baseline 0.005 -23"><span class='ocrx_word' id='word_1_702' title='bbox 1928 3136 2031 3193; x_wconf 90' lang='lat' dir='ltr'><strong>hac</strong></span> <span class='ocrx_word' id='word_1_703' title='bbox 2060 3138 2166 3194; x_wconf 84' lang='lat' dir='ltr'><strong>vita</strong></span> <span class='ocrx_word' id='word_1_704' title='bbox 2189 3139 2408 3205; x_wconf 89' lang='lat' dir='ltr'><strong>relictis,</strong></span> <span class='ocrx_word' id='word_1_705' title='bbox 2438 3157 2504 3196; x_wconf 75' lang='lat' dir='ltr'><strong>ne</strong></span> <span class='ocrx_word' id='word_1_706' title='bbox 2527 3141 2752 3197; x_wconf 89' lang='lat' dir='ltr'><strong>emolliti</strong></span> <span class='ocrx_word' id='word_1_707' title='bbox 2778 3142 2995 3197; x_wconf 91' lang='lat' dir='ltr'><strong>coronis</strong></span> <span class='ocrx_word' id='word_1_708' title='bbox 3030 3144 3399 3214; x_wconf 88' lang='lat' dir='ltr'><strong>privarentur;</strong></span> <span class='ocrx_word' id='word_1_709' title='bbox 3431 3144 3527 3199; x_wconf 88' lang='lat' dir='ltr'><strong>sed</strong></span> 
     </span>
    </p>
   </div>
   <div class='ocr_carea' id='block_1_93' title="bbox 1928 3229 3526 3305">
    <p class='ocr_par' dir='ltr' id='par_1_93' title="bbox 1928 3229 3526 3305">
     <span class='ocr_line' id='line_1_93' title="bbox 1928 3229 3526 3305; baseline 0.003 -21"><span class='ocrx_word' id='word_1_710' title='bbox 1928 3229 2051 3285; x_wconf 89' lang='lat' dir='ltr'><strong>illos</strong></span> <span class='ocrx_word' id='word_1_711' title='bbox 2096 3247 2304 3299; x_wconf 91' lang='lat' dir='ltr'><strong>omnes,</strong></span> <span class='ocrx_word' id='word_1_712' title='bbox 2336 3248 2434 3288; x_wconf 94' lang='lat' dir='ltr'><strong>ceu</strong></span> <span class='ocrx_word' id='word_1_713' title='bbox 2475 3233 2528 3288; x_wconf 93' lang='lat' dir='ltr'><strong>in</strong></span> <span class='ocrx_word' id='word_1_714' title='bbox 2564 3243 2736 3289; x_wconf 89' lang='lat' dir='ltr'><strong>tutum</strong></span> <span class='ocrx_word' id='word_1_715' title='bbox 2782 3234 3051 3305; x_wconf 88' lang='lat' dir='ltr'><strong>quoddam</strong></span> <span class='ocrx_word' id='word_1_716' title='bbox 3090 3236 3526 3305; x_wconf 88' lang='lat' dir='ltr'><strong>receptaculum,</strong></span> 
     </span>
    </p>
   </div>
   <div class='ocr_carea' id='block_1_94' title="bbox 1928 3319 3527 3395">
    <p class='ocr_par' dir='ltr' id='par_1_94' title="bbox 1928 3319 3527 3395">
     <span class='ocr_line' id='line_1_94' title="bbox 1928 3319 3527 3395; baseline 0.003 -20"><span class='ocrx_word' id='word_1_717' title='bbox 1928 3319 1982 3375; x_wconf 91' lang='lat' dir='ltr'><strong>in</strong></span> <span class='ocrx_word' id='word_1_718' title='bbox 2014 3322 2202 3377; x_wconf 66' lang='lat' dir='ltr'><strong>caelum</strong></span> <span class='ocrx_word' id='word_1_719' title='bbox 2243 3322 2556 3393; x_wconf 86' lang='lat' dir='ltr'><strong>deportatos</strong></span> <span class='ocrx_word' id='word_1_720' title='bbox 2597 3324 2801 3379; x_wconf 88' lang='lat' dir='ltr'><strong>habens</strong></span> <span class='ocrx_word' id='word_1_721' title='bbox 2823 3365 2841 3390; x_wconf 91' lang='lat'><strong>,</strong></span> <span class='ocrx_word' id='word_1_722' title='bbox 2868 3334 2922 3380; x_wconf 94' lang='lat' dir='ltr'><strong>et</strong></span> <span class='ocrx_word' id='word_1_723' title='bbox 2951 3325 3018 3379; x_wconf 90' lang='lat' dir='ltr'><strong>ad</strong></span> <span class='ocrx_word' id='word_1_724' title='bbox 3044 3339 3306 3395; x_wconf 88' lang='lat' dir='ltr'><strong>supernas</strong></span> <span class='ocrx_word' id='word_1_725' title='bbox 3333 3326 3527 3380; x_wconf 85' lang='lat' dir='ltr'><strong>missos</strong></span> 
     </span>
    </p>
   </div>
   <div class='ocr_carea' id='block_1_95' title="bbox 1925 3413 3529 3485">
    <p class='ocr_par' dir='ltr' id='par_1_95' title="bbox 1925 3413 3529 3485">
     <span class='ocr_line' id='line_1_95' title="bbox 1925 3413 3529 3485; baseline 0.001 -18"><span class='ocrx_word' id='word_1_726' title='bbox 1925 3426 2158 3468; x_wconf 88' lang='lat' dir='ltr'><strong>coronas</strong></span> <span class='ocrx_word' id='word_1_727' title='bbox 2183 3413 2430 3485; x_wconf 88' lang='lat' dir='ltr'><strong>bonaque</strong></span> <span class='ocrx_word' id='word_1_728' title='bbox 2472 3415 2856 3483; x_wconf 87' lang='lat' dir='ltr'><strong>immutabilia,</strong></span> <span class='ocrx_word' id='word_1_729' title='bbox 2887 3416 3056 3470; x_wconf 91' lang='lat' dir='ltr'><strong>multa</strong></span> <span class='ocrx_word' id='word_1_730' title='bbox 3092 3431 3216 3471; x_wconf 91' lang='lat' dir='ltr'><strong>cum</strong></span> <span class='ocrx_word' id='word_1_731' title='bbox 3255 3417 3443 3471; x_wconf 85' lang='lat' dir='ltr'><strong>ﬁducia</strong></span> <span class='ocrx_word' id='word_1_732' title='bbox 3472 3425 3529 3470; x_wconf 93' lang='lat' dir='ltr'><strong>ct</strong></span> 
     </span>
    </p>
   </div>
   <div class='ocr_carea' id='block_1_96' title="bbox 1925 3506 3527 3578">
    <p class='ocr_par' dir='ltr' id='par_1_96' title="bbox 1925 3506 3527 3578">
     <span class='ocr_line' id='line_1_96' title="bbox 1925 3506 3527 3578; baseline 0 -19"><span class='ocrx_word' id='word_1_733' title='bbox 1925 3506 2199 3578; x_wconf 89' lang='lat' dir='ltr'><strong>voluptate</strong></span> <span class='ocrx_word' id='word_1_734' title='bbox 2226 3517 2501 3564; x_wconf 78' lang='lat' dir='ltr'><strong>certamen</strong></span> <span class='ocrx_word' id='word_1_735' title='bbox 2530 3508 2681 3574; x_wconf 86' lang='lat' dir='ltr'><strong>adiit,</strong></span> <span class='ocrx_word' id='word_1_736' title='bbox 2710 3517 2766 3564; x_wconf 91' lang='lat' dir='ltr'><strong>et</strong></span> <span class='ocrx_word' id='word_1_737' title='bbox 2802 3523 2901 3563; x_wconf 92' lang='lat' dir='ltr'><strong>ceu</strong></span> <span class='ocrx_word' id='word_1_738' title='bbox 2940 3508 3172 3578; x_wconf 89' lang='lat' dir='ltr'><strong>lapidem</strong></span> <span class='ocrx_word' id='word_1_739' title='bbox 3200 3508 3527 3578; x_wconf 87' lang='lat' dir='ltr'><strong>pretiosissi-</strong></span> 
     </span>
    </p>
   </div>
   <div class='ocr_carea' id='block_1_97' title="bbox 1927 3599 3526 3672">
    <p class='ocr_par' dir='ltr' id='par_1_97' title="bbox 1927 3599 3526 3672">
     <span class='ocr_line' id='line_1_97' title="bbox 1927 3599 3526 3672; baseline -0.001 -17"><span class='ocrx_word' id='word_1_740' title='bbox 1927 3617 2074 3655; x_wconf 91' lang='lat' dir='ltr'><strong>mum</strong></span> <span class='ocrx_word' id='word_1_741' title='bbox 2099 3616 2316 3657; x_wconf 75' lang='lat' dir='ltr'><strong>coronze</strong></span> <span class='ocrx_word' id='word_1_742' title='bbox 2343 3601 2578 3672; x_wconf 89' lang='lat' dir='ltr'><strong>cuipiam</strong></span> <span class='ocrx_word' id='word_1_743' title='bbox 2600 3643 2614 3664; x_wconf 95' lang='lat'><strong>,</strong></span> <span class='ocrx_word' id='word_1_744' title='bbox 2642 3616 2860 3656; x_wconf 89' lang='lat' dir='ltr'><strong>carnem</strong></span> <span class='ocrx_word' id='word_1_745' title='bbox 2897 3615 3049 3656; x_wconf 87' lang='lat' dir='ltr'><strong>suam</strong></span> <span class='ocrx_word' id='word_1_746' title='bbox 3087 3599 3255 3655; x_wconf 85' lang='lat' dir='ltr'><strong>choro</strong></span> <span class='ocrx_word' id='word_1_747' title='bbox 3295 3599 3526 3653; x_wconf 88' lang='lat' dir='ltr'><strong>ﬁliorum</strong></span> 
     </span>
    </p>
   </div>
   <div class='ocr_carea' id='block_1_98' title="bbox 1924 3689 3525 3763">
    <p class='ocr_par' dir='ltr' id='par_1_98' title="bbox 1924 3689 3525 3763">
     <span class='ocr_line' id='line_1_98' title="bbox 1924 3689 3525 3763; baseline -0.004 -16"><span class='ocrx_word' id='word_1_748' title='bbox 1924 3694 2212 3763; x_wconf 79' lang='lat' dir='ltr'><strong>adaptatis,</strong></span> <span class='ocrx_word' id='word_1_749' title='bbox 2245 3694 2314 3746; x_wconf 88' lang='lat' dir='ltr'><strong>ad</strong></span> <span class='ocrx_word' id='word_1_750' title='bbox 2341 3693 2705 3748; x_wconf 90' lang='lat' dir='ltr'><strong>desideratum</strong></span> <span class='ocrx_word' id='word_1_751' title='bbox 2753 3691 2936 3746; x_wconf 91' lang='lat' dir='ltr'><strong>Jesum</strong></span> <span class='ocrx_word' id='word_1_752' title='bbox 2978 3689 3216 3761; x_wconf 89' lang='lat' dir='ltr'><strong>profecta</strong></span> <span class='ocrx_word' id='word_1_753' title='bbox 3258 3696 3364 3755; x_wconf 89' lang='lat' dir='ltr'><strong>est,</strong></span> <span class='ocrx_word' id='word_1_754' title='bbox 3409 3705 3525 3743; x_wconf 84' lang='lat' dir='ltr'><strong>nta-</strong></span> 
     </span>
    </p>
   </div>
   <div class='ocr_carea' id='block_1_99' title="bbox 1925 3783 3526 3859">
    <p class='ocr_par' dir='ltr' id='par_1_99' title="bbox 1925 3783 3526 3859">
     <span class='ocr_line' id='line_1_99' title="bbox 1925 3783 3526 3859; baseline -0.004 -18"><span class='ocrx_word' id='word_1_755' title='bbox 1925 3803 2086 3859; x_wconf 84' lang='lat' dir='ltr'><strong>gnum</strong></span> <span class='ocrx_word' id='word_1_756' title='bbox 2117 3787 2272 3842; x_wconf 89' lang='lat' dir='ltr'><strong>nobis</strong></span> <span class='ocrx_word' id='word_1_757' title='bbox 2296 3786 2605 3857; x_wconf 87' lang='lat' dir='ltr'><strong>relinquens</strong></span> <span class='ocrx_word' id='word_1_758' title='bbox 2630 3783 2881 3840; x_wconf 90' lang='lat' dir='ltr'><strong>solatium</strong></span> <span class='ocrx_word' id='word_1_759' title='bbox 2908 3792 2964 3838; x_wconf 92' lang='lat' dir='ltr'><strong>et</strong></span> <span class='ocrx_word' id='word_1_760' title='bbox 2987 3783 3303 3848; x_wconf 85' lang='lat' dir='ltr'><strong>consilium,</strong></span> <span class='ocrx_word' id='word_1_761' title='bbox 3331 3797 3526 3852; x_wconf 88' lang='lat' dir='ltr'><strong>nempe</strong></span> 
     </span>
    </p>
   </div>
   <div class='ocr_carea' id='block_1_100' title="bbox 1924 3875 3527 3950">
    <p class='ocr_par' dir='ltr' id='par_1_100' title="bbox 1924 3875 3527 3950">
     <span class='ocr_line' id='line_1_100' title="bbox 1924 3875 3527 3950; baseline -0.002 -16"><span class='ocrx_word' id='word_1_762' title='bbox 1924 3881 2354 3936; x_wconf 89' lang='lat' dir='ltr'><strong>adhortationem</strong></span> <span class='ocrx_word' id='word_1_763' title='bbox 2401 3879 2655 3950; x_wconf 88' lang='lat' dir='ltr'><strong>operibus</strong></span> <span class='ocrx_word' id='word_1_764' title='bbox 2695 3877 2923 3942; x_wconf 90' lang='lat' dir='ltr'><strong>factam,</strong></span> <span class='ocrx_word' id='word_1_765' title='bbox 2971 3884 3029 3930; x_wconf 91' lang='lat' dir='ltr'><strong>ut</strong></span> <span class='ocrx_word' id='word_1_766' title='bbox 3078 3875 3202 3930; x_wconf 91' lang='lat' dir='ltr'><strong>forti</strong></span> <span class='ocrx_word' id='word_1_767' title='bbox 3245 3875 3426 3929; x_wconf 91' lang='lat' dir='ltr'><strong>animo</strong></span> <span class='ocrx_word' id='word_1_768' title='bbox 3471 3883 3527 3930; x_wconf 87' lang='lat' dir='ltr'><strong>et</strong></span> 
     </span>
    </p>
   </div>
   <div class='ocr_carea' id='block_1_101' title="bbox 1925 3967 3522 4028">
    <p class='ocr_par' dir='ltr' id='par_1_101' title="bbox 1925 3967 3522 4028">
     <span class='ocr_line' id='line_1_101' title="bbox 1925 3967 3522 4028; baseline -0.005 0"><span class='ocrx_word' id='word_1_769' title='bbox 1925 3971 2140 4028; x_wconf 90' lang='lat' dir='ltr'><strong>sublimi</strong></span> <span class='ocrx_word' id='word_1_770' title='bbox 2191 3987 2353 4026; x_wconf 90' lang='lat' dir='ltr'><strong>sensu</strong></span> <span class='ocrx_word' id='word_1_771' title='bbox 2408 3984 2678 4026; x_wconf 86' lang='lat' dir='ltr'><strong>aerumnas</strong></span> <span class='ocrx_word' id='word_1_772' title='bbox 2729 3985 2919 4025; x_wconf 88' lang='lat' dir='ltr'><strong>omnes</strong></span> <span class='ocrx_word' id='word_1_773' title='bbox 2969 3967 3202 4023; x_wconf 88' lang='lat' dir='ltr'><strong>ﬁdenter</strong></span> <span class='ocrx_word' id='word_1_774' title='bbox 3247 3967 3522 4022; x_wconf 88' lang='lat' dir='ltr'><strong>adeamus.</strong></span> 
     </span>
    </p>
   </div>
   <div class='ocr_carea' id='block_1_102' title="bbox 1923 4058 3525 4134">
    <p class='ocr_par' dir='ltr' id='par_1_102' title="bbox 1923 4058 3525 4134">
     <span class='ocr_line' id='line_1_102' title="bbox 1923 4058 3525 4134; baseline -0.004 -16"><span class='ocrx_word' id='word_1_775' title='bbox 1923 4065 2056 4132; x_wconf 87' lang='lat' dir='ltr'><strong>Quis</strong></span> <span class='ocrx_word' id='word_1_776' title='bbox 2081 4065 2224 4120; x_wconf 88' lang='lat' dir='ltr'><strong>enim</strong></span> <span class='ocrx_word' id='word_1_777' title='bbox 2249 4064 2331 4118; x_wconf 89' lang='lat' dir='ltr'><strong>vir</strong></span> <span class='ocrx_word' id='word_1_778' title='bbox 2350 4105 2365 4130; x_wconf 92' lang='lat'><strong>,</strong></span> <span class='ocrx_word' id='word_1_779' title='bbox 2393 4078 2516 4134; x_wconf 70' lang='lat' dir='ltr'><strong>quae</strong></span> <span class='ocrx_word' id='word_1_780' title='bbox 2542 4062 2755 4126; x_wconf 91' lang='lat' dir='ltr'><strong>mulier,</strong></span> <span class='ocrx_word' id='word_1_781' title='bbox 2786 4061 2907 4131; x_wconf 88' lang='lat' dir='ltr'><strong>quis</strong></span> <span class='ocrx_word' id='word_1_782' title='bbox 2943 4074 3137 4125; x_wconf 86' lang='lat' dir='ltr'><strong>senex,</strong></span> <span class='ocrx_word' id='word_1_783' title='bbox 3166 4060 3284 4129; x_wconf 90' lang='lat' dir='ltr'><strong>quis</strong></span> <span class='ocrx_word' id='word_1_784' title='bbox 3308 4058 3525 4128; x_wconf 86' lang='lat' dir='ltr'><strong>juvenis</strong></span> 
     </span>
    </p>
   </div>
   <div class='ocr_carea' id='block_1_103' title="bbox 1925 4150 3523 4225">
    <p class='ocr_par' dir='ltr' id='par_1_103' title="bbox 1925 4150 3523 4225">
     <span class='ocr_line' id='line_1_103' title="bbox 1925 4150 3523 4225; baseline -0.004 -16"><span class='ocrx_word' id='word_1_785' title='bbox 1925 4157 2136 4210; x_wconf 87' lang='lat' dir='ltr'><strong>veniam</strong></span> <span class='ocrx_word' id='word_1_786' title='bbox 2174 4163 2570 4225; x_wconf 87' lang='lat' dir='ltr'><strong>consequetur,</strong></span> <span class='ocrx_word' id='word_1_787' title='bbox 2599 4161 2692 4208; x_wconf 90' lang='lat' dir='ltr'><strong>aut</strong></span> <span class='ocrx_word' id='word_1_788' title='bbox 2717 4151 2962 4207; x_wconf 85' lang='lat' dir='ltr'><strong>excusari</strong></span> <span class='ocrx_word' id='word_1_789' title='bbox 3005 4150 3234 4221; x_wconf 91' lang='lat' dir='ltr'><strong>poterit,</strong></span> <span class='ocrx_word' id='word_1_790' title='bbox 3262 4151 3307 4204; x_wconf 91' lang='lat' dir='ltr'><strong>si</strong></span> <span class='ocrx_word' id='word_1_791' title='bbox 3345 4150 3523 4204; x_wconf 89' lang='lat' dir='ltr'><strong>oblata</strong></span> 
     </span>
    </p>
   </div>
   <div class='ocr_carea' id='block_1_104' title="bbox 1924 4243 3524 4317">
    <p class='ocr_par' dir='ltr' id='par_1_104' title="bbox 1924 4243 3524 4317">
     <span class='ocr_line' id='line_1_104' title="bbox 1924 4243 3524 4317; baseline -0.004 -15"><span class='ocrx_word' id='word_1_792' title='bbox 1924 4249 2025 4304; x_wconf 90' lang='lat' dir='ltr'><strong>sibi</strong></span> <span class='ocrx_word' id='word_1_793' title='bbox 2054 4263 2150 4317; x_wconf 92' lang='lat' dir='ltr'><strong>pro</strong></span> <span class='ocrx_word' id='word_1_794' title='bbox 2173 4247 2392 4302; x_wconf 85' lang='lat' dir='ltr'><strong>Christo</strong></span> <span class='ocrx_word' id='word_1_795' title='bbox 2434 4245 2669 4316; x_wconf 88' lang='lat' dir='ltr'><strong>pericula</strong></span> <span class='ocrx_word' id='word_1_796' title='bbox 2708 4244 3060 4310; x_wconf 88' lang='lat' dir='ltr'><strong>reformidet,</strong></span> <span class='ocrx_word' id='word_1_797' title='bbox 3091 4243 3304 4312; x_wconf 89' lang='lat' dir='ltr'><strong>quando</strong></span> <span class='ocrx_word' id='word_1_798' title='bbox 3331 4243 3524 4296; x_wconf 89' lang='lat' dir='ltr'><strong>mulier</strong></span> 
     </span>
    </p>
   </div>
   <div class='ocr_carea' id='block_1_105' title="bbox 1923 4335 3520 4408">
    <p class='ocr_par' dir='ltr' id='par_1_105' title="bbox 1923 4335 3520 4408">
     <span class='ocr_line' id='line_1_105' title="bbox 1923 4335 3520 4408; baseline -0.005 -11"><span class='ocrx_word' id='word_1_799' title='bbox 1923 4345 2124 4408; x_wconf 88' lang='lat' dir='ltr'><strong>vetula,</strong></span> <span class='ocrx_word' id='word_1_800' title='bbox 2148 4351 2205 4397; x_wconf 90' lang='lat' dir='ltr'><strong>et</strong></span> <span class='ocrx_word' id='word_1_801' title='bbox 2229 4352 2306 4396; x_wconf 93' lang='lat' dir='ltr'><strong>tot</strong></span> <span class='ocrx_word' id='word_1_802' title='bbox 2333 4341 2563 4394; x_wconf 90' lang='lat' dir='ltr'><strong>ﬁliorum</strong></span> <span class='ocrx_word' id='word_1_803' title='bbox 2589 4348 2782 4405; x_wconf 90' lang='lat' dir='ltr'><strong>mater,</strong></span> <span class='ocrx_word' id='word_1_804' title='bbox 2815 4347 2941 4392; x_wconf 89' lang='lat' dir='ltr'><strong>ante</strong></span> <span class='ocrx_word' id='word_1_805' title='bbox 2967 4337 3191 4407; x_wconf 86' lang='lat' dir='ltr'><strong>gratiam</strong></span> <span class='ocrx_word' id='word_1_806' title='bbox 3215 4335 3520 4400; x_wconf 85' lang='lat' dir='ltr'><strong>decertans,</strong></span> 
     </span>
    </p>
   </div>
   <div class='ocr_carea' id='block_1_106' title="bbox 1923 4428 3520 4500">
    <p class='ocr_par' dir='ltr' id='par_1_106' title="bbox 1923 4428 3520 4500">
     <span class='ocr_line' id='line_1_106' title="bbox 1923 4428 3520 4500; baseline -0.005 -10"><span class='ocrx_word' id='word_1_807' title='bbox 1923 4436 2119 4490; x_wconf 86' lang='lat' dir='ltr'><strong>clausis</strong></span> <span class='ocrx_word' id='word_1_808' title='bbox 2143 4435 2321 4490; x_wconf 89' lang='lat' dir='ltr'><strong>adhuc</strong></span> <span class='ocrx_word' id='word_1_809' title='bbox 2360 4433 2550 4488; x_wconf 91' lang='lat' dir='ltr'><strong>mortis</strong></span> <span class='ocrx_word' id='word_1_810' title='bbox 2583 4431 2792 4500; x_wconf 89' lang='lat' dir='ltr'><strong>januis,</strong></span> <span class='ocrx_word' id='word_1_811' title='bbox 2823 4429 3062 4485; x_wconf 91' lang='lat' dir='ltr'><strong>nondum</strong></span> <span class='ocrx_word' id='word_1_812' title='bbox 3097 4428 3362 4483; x_wconf 82' lang='lat' dir='ltr'><strong>exstincto</strong></span> <span class='ocrx_word' id='word_1_813' title='bbox 3391 4441 3520 4497; x_wconf 89' lang='lat' dir='ltr'><strong>pec-</strong></span> 
     </span>
    </p>
   </div>
   <div class='ocr_carea' id='block_1_107' title="bbox 1922 4519 3524 4596">
    <p class='ocr_par' dir='ltr' id='par_1_107' title="bbox 1922 4519 3524 4596">
     <span class='ocr_line' id='line_1_107' title="bbox 1922 4519 3524 4596; baseline -0.006 -14"><span class='ocrx_word' id='word_1_814' title='bbox 1922 4537 2076 4592; x_wconf 89' lang='lat' dir='ltr'><strong>cato,</strong></span> <span class='ocrx_word' id='word_1_815' title='bbox 2107 4541 2282 4596; x_wconf 88' lang='lat' dir='ltr'><strong>neque</strong></span> <span class='ocrx_word' id='word_1_816' title='bbox 2305 4524 2572 4580; x_wconf 89' lang='lat' dir='ltr'><strong>debellata</strong></span> <span class='ocrx_word' id='word_1_817' title='bbox 2602 4530 2795 4588; x_wconf 86' lang='lat' dir='ltr'><strong>morte,</strong></span> <span class='ocrx_word' id='word_1_818' title='bbox 2826 4537 2946 4576; x_wconf 90' lang='lat' dir='ltr'><strong>cum</strong></span> <span class='ocrx_word' id='word_1_819' title='bbox 2981 4530 3122 4574; x_wconf 87' lang='lat' dir='ltr'><strong>tanta</strong></span> <span class='ocrx_word' id='word_1_820' title='bbox 3160 4519 3436 4574; x_wconf 88' lang='lat' dir='ltr'><strong>alacritate</strong></span> <span class='ocrx_word' id='word_1_821' title='bbox 3470 4528 3524 4573; x_wconf 92' lang='lat' dir='ltr'><strong>et</strong></span> 
     </span>
    </p>
   </div>
   <div class='ocr_carea' id='block_1_108' title="bbox 1924 4610 3524 4687">
    <p class='ocr_par' dir='ltr' id='par_1_108' title="bbox 1924 4610 3524 4687">
     <span class='ocr_line' id='line_1_108' title="bbox 1924 4610 3524 4687; baseline -0.006 -13"><span class='ocrx_word' id='word_1_822' title='bbox 1924 4619 2235 4675; x_wconf 88' lang='lat' dir='ltr'><strong>fortitudine</strong></span> <span class='ocrx_word' id='word_1_823' title='bbox 2276 4628 2356 4672; x_wconf 90' lang='lat' dir='ltr'><strong>tot</strong></span> <span class='ocrx_word' id='word_1_824' title='bbox 2400 4628 2620 4687; x_wconf 86' lang='lat' dir='ltr'><strong>propter</strong></span> <span class='ocrx_word' id='word_1_825' title='bbox 2667 4615 2836 4669; x_wconf 90' lang='lat' dir='ltr'><strong>Deum</strong></span> <span class='ocrx_word' id='word_1_826' title='bbox 2890 4612 3148 4681; x_wconf 90' lang='lat' dir='ltr'><strong>supplicia</strong></span> <span class='ocrx_word' id='word_1_827' title='bbox 3203 4610 3524 4665; x_wconf 83' lang='lat' dir='ltr'><strong>sustinuisse</strong></span> 
     </span>
    </p>
   </div>
   <div class='ocr_carea' id='block_1_109' title="bbox 1923 4704 3524 4781">
    <p class='ocr_par' dir='ltr' id='par_1_109' title="bbox 1923 4704 3524 4781">
     <span class='ocr_line' id='line_1_109' title="bbox 1923 4704 3524 4781; baseline -0.007 -12"><span class='ocrx_word' id='word_1_828' title='bbox 1923 4714 2199 4770; x_wconf 87' lang='lat' dir='ltr'><strong>cernitur?</strong></span> <span class='ocrx_word' id='word_1_829' title='bbox 2231 4712 2359 4766; x_wconf 75' lang='lat' dir='ltr'><strong>llmc</strong></span> <span class='ocrx_word' id='word_1_830' title='bbox 2398 4726 2564 4781; x_wconf 91' lang='lat' dir='ltr'><strong>porro</strong></span> <span class='ocrx_word' id='word_1_831' title='bbox 2601 4707 2781 4763; x_wconf 89' lang='lat' dir='ltr'><strong>omnia</strong></span> <span class='ocrx_word' id='word_1_832' title='bbox 2809 4707 3106 4777; x_wconf 85' lang='lat' dir='ltr'><strong>cogitantes</strong></span> <span class='ocrx_word' id='word_1_833' title='bbox 3128 4746 3144 4773; x_wconf 94' lang='lat'><strong>,</strong></span> <span class='ocrx_word' id='word_1_834' title='bbox 3176 4715 3230 4759; x_wconf 93' lang='lat' dir='ltr'><strong>et</strong></span> <span class='ocrx_word' id='word_1_835' title='bbox 3268 4704 3524 4758; x_wconf 88' lang='lat' dir='ltr'><strong>mulieres</strong></span> 
     </span>
    </p>
   </div>
   <div class='ocr_carea' id='block_1_110' title="bbox 1924 4796 3522 4874">
    <p class='ocr_par' dir='ltr' id='par_1_110' title="bbox 1924 4796 3522 4874">
     <span class='ocr_line' id='line_1_110' title="bbox 1924 4796 3522 4874; baseline -0.007 -13"><span class='ocrx_word' id='word_1_836' title='bbox 1924 4817 1977 4862; x_wconf 91' lang='lat' dir='ltr'><strong>et</strong></span> <span class='ocrx_word' id='word_1_837' title='bbox 2002 4807 2122 4874; x_wconf 88' lang='lat' dir='ltr'><strong>viri,</strong></span> <span class='ocrx_word' id='word_1_838' title='bbox 2154 4814 2207 4861; x_wconf 91' lang='lat' dir='ltr'><strong>et</strong></span> <span class='ocrx_word' id='word_1_839' title='bbox 2243 4805 2470 4874; x_wconf 90' lang='lat' dir='ltr'><strong>juvenes</strong></span> <span class='ocrx_word' id='word_1_840' title='bbox 2498 4810 2554 4857; x_wconf 89' lang='lat' dir='ltr'><strong>et</strong></span> <span class='ocrx_word' id='word_1_841' title='bbox 2596 4814 2785 4865; x_wconf 86' lang='lat' dir='ltr'><strong>senes,</strong></span> <span class='ocrx_word' id='word_1_842' title='bbox 2814 4812 3014 4868; x_wconf 85' lang='lat' dir='ltr'><strong>agones</strong></span> <span class='ocrx_word' id='word_1_843' title='bbox 3057 4806 3111 4852; x_wconf 86' lang='lat' dir='ltr'><strong>et</strong></span> <span class='ocrx_word' id='word_1_844' title='bbox 3151 4798 3443 4851; x_wconf 90' lang='lat' dir='ltr'><strong>certamina</strong></span> <span class='ocrx_word' id='word_1_845' title='bbox 3470 4796 3522 4850; x_wconf 89' lang='lat' dir='ltr'><strong>in</strong></span> 
     </span>
    </p>
   </div>
   <div class='ocr_carea' id='block_1_111' title="bbox 1923 4888 3520 4964">
    <p class='ocr_par' dir='ltr' id='par_1_111' title="bbox 1923 4888 3520 4964">
     <span class='ocr_line' id='line_1_111' title="bbox 1923 4888 3520 4964; baseline -0.009 -9"><span class='ocrx_word' id='word_1_846' title='bbox 1923 4901 2086 4955; x_wconf 92' lang='lat' dir='ltr'><strong>corde</strong></span> <span class='ocrx_word' id='word_1_847' title='bbox 2131 4906 2334 4964; x_wconf 91' lang='lat' dir='ltr'><strong>nostro,</strong></span> <span class='ocrx_word' id='word_1_848' title='bbox 2365 4911 2465 4951; x_wconf 90' lang='lat' dir='ltr'><strong>ceu</strong></span> <span class='ocrx_word' id='word_1_849' title='bbox 2506 4895 2556 4948; x_wconf 93' lang='lat' dir='ltr'><strong>in</strong></span> <span class='ocrx_word' id='word_1_850' title='bbox 2595 4892 2773 4947; x_wconf 90' lang='lat' dir='ltr'><strong>tabula</strong></span> <span class='ocrx_word' id='word_1_851' title='bbox 2815 4889 3067 4961; x_wconf 91' lang='lat' dir='ltr'><strong>quadam,</strong></span> <span class='ocrx_word' id='word_1_852' title='bbox 3117 4888 3520 4953; x_wconf 88' lang='lat' dir='ltr'><strong>describentes,</strong></span> 
     </span>
    </p>
   </div>
   <div class='ocr_carea' id='block_1_112' title="bbox 1926 4981 3524 5062">
    <p class='ocr_par' dir='ltr' id='par_1_112' title="bbox 1926 4981 3524 5062">
     <span class='ocr_line' id='line_1_112' title="bbox 1926 4981 3524 5062; baseline -0.008 -16"><span class='ocrx_word' id='word_1_853' title='bbox 1926 5007 2165 5062; x_wconf 91' lang='lat' dir='ltr'><strong>perenne</strong></span> <span class='ocrx_word' id='word_1_854' title='bbox 2192 4989 2476 5045; x_wconf 88' lang='lat' dir='ltr'><strong>consilium</strong></span> <span class='ocrx_word' id='word_1_855' title='bbox 2504 4986 2570 5042; x_wconf 91' lang='lat' dir='ltr'><strong>ad</strong></span> <span class='ocrx_word' id='word_1_856' title='bbox 2598 4986 2860 5040; x_wconf 90' lang='lat' dir='ltr'><strong>malorum</strong></span> <span class='ocrx_word' id='word_1_857' title='bbox 2888 4991 3254 5051; x_wconf 88' lang='lat' dir='ltr'><strong>contemptum</strong></span> <span class='ocrx_word' id='word_1_858' title='bbox 3282 4981 3400 5049; x_wconf 87' lang='lat' dir='ltr'><strong>ejus</strong></span> <span class='ocrx_word' id='word_1_859' title='bbox 3427 4995 3524 5049; x_wconf 86' lang='lat' dir='ltr'><strong>pa-</strong></span> 
     </span>
    </p>
   </div>
   <div class='ocr_carea' id='block_1_113' title="bbox 1924 5072 3525 5145">
    <p class='ocr_par' dir='ltr' id='par_1_113' title="bbox 1924 5072 3525 5145">
     <span class='ocr_line' id='line_1_113' title="bbox 1924 5072 3525 5145; baseline -0.009 -7"><span class='ocrx_word' id='word_1_860' title='bbox 1924 5085 2168 5138; x_wconf 87' lang='lat' dir='ltr'><strong>tientiam</strong></span> <span class='ocrx_word' id='word_1_861' title='bbox 2209 5083 2262 5136; x_wconf 90' lang='lat' dir='ltr'><strong>in</strong></span> <span class='ocrx_word' id='word_1_862' title='bbox 2309 5082 2488 5135; x_wconf 89' lang='lat' dir='ltr'><strong>anima</strong></span> <span class='ocrx_word' id='word_1_863' title='bbox 2530 5089 2713 5132; x_wconf 81' lang='lat' dir='ltr'><strong>nostra</strong></span> <span class='ocrx_word' id='word_1_864' title='bbox 2750 5075 3043 5145; x_wconf 88' lang='lat' dir='ltr'><strong>repositam</strong></span> <span class='ocrx_word' id='word_1_865' title='bbox 3093 5072 3425 5128; x_wconf 88' lang='lat' dir='ltr'><strong>habeamus:</strong></span> <span class='ocrx_word' id='word_1_866' title='bbox 3470 5083 3525 5125; x_wconf 88' lang='lat' dir='ltr'><strong>ut</strong></span> 
     </span>
    </p>
   </div>
   <div class='ocr_carea' id='block_1_114' title="bbox 1925 5163 3525 5228">
    <p class='ocr_par' dir='ltr' id='par_1_114' title="bbox 1925 5163 3525 5228">
     <span class='ocr_line' id='line_1_114' title="bbox 1925 5163 3525 5228; baseline -0.007 0"><span class='ocrx_word' id='word_1_867' title='bbox 1925 5175 2013 5228; x_wconf 91' lang='lat' dir='ltr'><strong>hic</strong></span> <span class='ocrx_word' id='word_1_868' title='bbox 2038 5182 2344 5228; x_wconf 90' lang='lat' dir='ltr'><strong>sanctorum</strong></span> <span class='ocrx_word' id='word_1_869' title='bbox 2389 5172 2580 5225; x_wconf 89' lang='lat' dir='ltr'><strong>borum</strong></span> <span class='ocrx_word' id='word_1_870' title='bbox 2611 5169 2860 5222; x_wconf 87' lang='lat' dir='ltr'><strong>virtutem</strong></span> <span class='ocrx_word' id='word_1_871' title='bbox 2902 5165 3116 5228; x_wconf 90' lang='lat' dir='ltr'><strong>imitati,</strong></span> <span class='ocrx_word' id='word_1_872' title='bbox 3164 5163 3272 5218; x_wconf 90' lang='lat' dir='ltr'><strong>illic</strong></span> <span class='ocrx_word' id='word_1_873' title='bbox 3299 5177 3525 5218; x_wconf 82' lang='lat' dir='ltr'><strong>corona-</strong></span> 
     </span>
    </p>
   </div>
   <div class='ocr_carea' id='block_1_115' title="bbox 1926 5257 3526 5334">
    <p class='ocr_par' dir='ltr' id='par_1_115' title="bbox 1926 5257 3526 5334">
     <span class='ocr_line' id='line_1_115' title="bbox 1926 5257 3526 5334; baseline -0.008 -12"><span class='ocrx_word' id='word_1_874' title='bbox 1926 5284 2044 5322; x_wconf 90' lang='lat' dir='ltr'><strong>rum</strong></span> <span class='ocrx_word' id='word_1_875' title='bbox 2080 5275 2360 5322; x_wconf 87' lang='lat' dir='ltr'><strong>consortes</strong></span> <span class='ocrx_word' id='word_1_876' title='bbox 2391 5265 2521 5334; x_wconf 84' lang='lat' dir='ltr'><strong>ipsis</strong></span> <span class='ocrx_word' id='word_1_877' title='bbox 2549 5277 2670 5317; x_wconf 90' lang='lat' dir='ltr'><strong>esse</strong></span> <span class='ocrx_word' id='word_1_878' title='bbox 2697 5261 3000 5324; x_wconf 88' lang='lat' dir='ltr'><strong>valeamus;</strong></span> <span class='ocrx_word' id='word_1_879' title='bbox 3031 5269 3284 5328; x_wconf 88' lang='lat' dir='ltr'><strong>quantam</strong></span> <span class='ocrx_word' id='word_1_880' title='bbox 3321 5257 3393 5310; x_wconf 91' lang='lat' dir='ltr'><strong>illi</strong></span> <span class='ocrx_word' id='word_1_881' title='bbox 3426 5273 3526 5326; x_wconf 81' lang='lat' dir='ltr'><strong>pe-</strong></span> 
     </span>
    </p>
   </div>
   <div class='ocr_carea' id='block_1_116' title="bbox 1925 5349 3524 5427">
    <p class='ocr_par' dir='ltr' id='par_1_116' title="bbox 1925 5349 3524 5427">
     <span class='ocr_line' id='line_1_116' title="bbox 1925 5349 3524 5427; baseline -0.009 -11"><span class='ocrx_word' id='word_1_882' title='bbox 1925 5360 2109 5416; x_wconf 85' lang='lat' dir='ltr'><strong>riculis</strong></span> <span class='ocrx_word' id='word_1_883' title='bbox 2151 5356 2543 5427; x_wconf 87' lang='lat' dir='ltr'><strong>philosophiam</strong></span> <span class='ocrx_word' id='word_1_884' title='bbox 2575 5355 2967 5416; x_wconf 83' lang='lat' dir='ltr'><strong>exhibuerunt,</strong></span> <span class='ocrx_word' id='word_1_885' title='bbox 2993 5360 3191 5405; x_wconf 89' lang='lat' dir='ltr'><strong>tantam</strong></span> <span class='ocrx_word' id='word_1_886' title='bbox 3233 5359 3287 5405; x_wconf 91' lang='lat' dir='ltr'><strong>et</strong></span> <span class='ocrx_word' id='word_1_887' title='bbox 3332 5364 3431 5403; x_wconf 88' lang='lat' dir='ltr'><strong>nos</strong></span> <span class='ocrx_word' id='word_1_888' title='bbox 3471 5349 3524 5402; x_wconf 90' lang='lat' dir='ltr'><strong>in</strong></span> 
     </span>
    </p>
   </div>
   <div class='ocr_carea' id='block_1_117' title="bbox 1923 5441 3524 5519">
    <p class='ocr_par' dir='ltr' id='par_1_117' title="bbox 1923 5441 3524 5519">
     <span class='ocr_line' id='line_1_117' title="bbox 1923 5441 3524 5519; baseline -0.009 -11"><span class='ocrx_word' id='word_1_889' title='bbox 1923 5453 2174 5508; x_wconf 90' lang='lat' dir='ltr'><strong>absurdis</strong></span> <span class='ocrx_word' id='word_1_890' title='bbox 2214 5450 2496 5506; x_wconf 66' lang='lat' dir='ltr'><strong>affectibus</strong></span> <span class='ocrx_word' id='word_1_891' title='bbox 2543 5448 2851 5519; x_wconf 88' lang='lat' dir='ltr'><strong>patientiam</strong></span> <span class='ocrx_word' id='word_1_892' title='bbox 2892 5444 3385 5513; x_wconf 87' lang='lat' dir='ltr'><strong>continentiamque</strong></span> <span class='ocrx_word' id='word_1_893' title='bbox 3423 5441 3524 5495; x_wconf 89' lang='lat' dir='ltr'><strong>de-</strong></span> 
     </span>
    </p>
   </div>
   <div class='ocr_carea' id='block_1_118' title="bbox 1926 5526 3522 5610">
    <p class='ocr_par' dir='ltr' id='par_1_118' title="bbox 1926 5526 3522 5610">
     <span class='ocr_line' id='line_1_118' title="bbox 1926 5526 3522 5610; baseline -0.011 -8"><span class='ocrx_word' id='word_1_894' title='bbox 1926 5554 2311 5610; x_wconf 89' lang='lat' dir='ltr'><strong>monstrantes,</strong></span> <span class='ocrx_word' id='word_1_895' title='bbox 2343 5544 2395 5598; x_wconf 93' lang='lat' dir='ltr'><strong>in</strong></span> <span class='ocrx_word' id='word_1_896' title='bbox 2445 5543 2547 5606; x_wconf 87' lang='lat' dir='ltr'><strong>ira,</strong></span> <span class='ocrx_word' id='word_1_897' title='bbox 2576 5542 2629 5595; x_wconf 92' lang='lat' dir='ltr'><strong>in</strong></span> <span class='ocrx_word' id='word_1_898' title='bbox 2662 5538 3097 5609; x_wconf 90' lang='lat' dir='ltr'><strong>concupiscentia</strong></span> <span class='ocrx_word' id='word_1_899' title='bbox 3122 5526 3522 5607; x_wconf 87' lang='lat' dir='ltr'><strong>pecuniarum,</strong></span> 
     </span>
    </p>
   </div>
   <div class='ocr_carea' id='block_1_119' title="bbox 1924 5624 3526 5707">
    <p class='ocr_par' dir='ltr' id='par_1_119' title="bbox 1924 5624 3526 5707">
     <span class='ocr_line' id='line_1_119' title="bbox 1924 5624 3526 5707; baseline -0.011 -14"><span class='ocrx_word' id='word_1_900' title='bbox 1924 5651 2246 5707; x_wconf 89' lang='lat' dir='ltr'><strong>corporum,</strong></span> <span class='ocrx_word' id='word_1_901' title='bbox 2275 5649 2427 5688; x_wconf 78' lang='lat' dir='ltr'><strong>vana:</strong></span> <span class='ocrx_word' id='word_1_902' title='bbox 2466 5633 2687 5703; x_wconf 66' lang='lat' dir='ltr'><strong>glorise,</strong></span> <span class='ocrx_word' id='word_1_903' title='bbox 2730 5633 3065 5699; x_wconf 85' lang='lat' dir='ltr'><strong>aliorumque</strong></span> <span class='ocrx_word' id='word_1_904' title='bbox 3093 5627 3331 5681; x_wconf 86' lang='lat' dir='ltr'><strong>omnium</strong></span> <span class='ocrx_word' id='word_1_905' title='bbox 3377 5624 3526 5677; x_wconf 54' lang='lat' dir='ltr'><strong>simi.</strong></span> 
     </span>
    </p>
   </div>
   <div class='ocr_carea' id='block_1_120' title="bbox 1925 5712 3520 5791">
    <p class='ocr_par' dir='ltr' id='par_1_120' title="bbox 1925 5712 3520 5791">
     <span class='ocr_line' id='line_1_120' title="bbox 1925 5712 3520 5791; baseline -0.011 -7"><span class='ocrx_word' id='word_1_906' title='bbox 1925 5730 2076 5785; x_wconf 90' lang='lat' dir='ltr'><strong>lium.</strong></span> <span class='ocrx_word' id='word_1_907' title='bbox 2119 5727 2252 5782; x_wconf 82' lang='lat' dir='ltr'><strong>Nam</strong></span> <span class='ocrx_word' id='word_1_908' title='bbox 2297 5726 2341 5780; x_wconf 92' lang='lat' dir='ltr'><strong>si</strong></span> <span class='ocrx_word' id='word_1_909' title='bbox 2389 5725 2582 5779; x_wconf 86' lang='lat' dir='ltr'><strong>horum</strong></span> <span class='ocrx_word' id='word_1_910' title='bbox 2610 5722 2919 5789; x_wconf 84' lang='lat' dir='ltr'><strong>flammam,</strong></span> <span class='ocrx_word' id='word_1_911' title='bbox 2945 5715 3396 5791; x_wconf 87' lang='lat' dir='ltr'><strong>quemadmodum</strong></span> <span class='ocrx_word' id='word_1_912' title='bbox 3450 5712 3520 5767; x_wconf 89' lang='lat' dir='ltr'><strong>illi</strong></span> 
     </span>
    </p>
   </div>
   <div class='ocr_carea' id='block_1_121' title="bbox 1929 5812 3518 5897">
    <p class='ocr_par' dir='ltr' id='par_1_121' title="bbox 1929 5812 3518 5897">
     <span class='ocr_line' id='line_1_121' title="bbox 1929 5812 3518 5897; baseline -0.011 -15"><span class='ocrx_word' id='word_1_913' title='bbox 1929 5825 2140 5897; x_wconf 73' lang='lat' dir='ltr'><strong>ignem,</strong></span> <span class='ocrx_word' id='word_1_914' title='bbox 2188 5834 2539 5893; x_wconf 85' lang='lat' dir='ltr'><strong>superemus,</strong></span> <span class='ocrx_word' id='word_1_915' title='bbox 2595 5831 2763 5889; x_wconf 86' lang='lat' dir='ltr'><strong>prope</strong></span> <span class='ocrx_word' id='word_1_916' title='bbox 2811 5817 2958 5888; x_wconf 87' lang='lat' dir='ltr'><strong>ipsos</strong></span> <span class='ocrx_word' id='word_1_917' title='bbox 3004 5823 3148 5869; x_wconf 87' lang='lat' dir='ltr'><strong>stare</strong></span> <span class='ocrx_word' id='word_1_918' title='bbox 3192 5812 3518 5883; x_wconf 82' lang='lat' dir='ltr'><strong>poterimus,</strong></span> 
     </span>
    </p>
   </div>
  </div>
