4082 6426
569 332 676 388 625

560 466 858 522 eorumque
901 449 1109 508 fiducia:
1160 449 1448 522 participes
1503 466 1669 506 esse:
1721 467 1877 521 quam
1933 452 2148 522 assequi

565 547 720 602 nobis
765 543 1015 600 omnibus
1041 546 1347 614 contingat,
1388 544 1557 613 gratia
1589 553 1644 599 et
1677 544 2000 614 benignitate
2044 545 2151 598 Do-

569 635 696 692 mini
725 636 894 690 nostri
917 635 1043 690 Jesu
1070 633 1295 697 Christi,
1333 647 1427 702 per
1456 649 1614 703 quem
1635 644 1690 689 et
1713 649 1832 688 cum
1862 648 1970 702 quo
2004 633 2147 686 Patri

1307 337 1364 393 S.
1405 337 1682 394 JOANNIS
1721 338 2187 394 CllliYSOSTOMl
2229 340 2550 397 ARClllEP.
2590 338 3125 398 CONSTANTINOP.

3741 341 3840 396 6‘24

2253 453 2422 524 gloria
2451 452 2560 508 una
2582 469 2702 509 eum
2731 464 2918 508 sancto
2942 453 3161 523 Spiritu,
3196 467 3336 508 nunc
3360 460 3414 507 et
3444 461 3686 520 semper,
3713 457 3767 506 et
3792 451 3844 505 in

2259 547 2454 602 saecula
2474 547 2813 604 saeculorum.
2838 547 3030 601 Amen.

566 751 3850 782 _____________________________________________.____

1539 855 1652 928 IN
1697 854 2158 928 SANCTOS
2198 851 2880 926 MACCABJEOS.

1867 1008 2559 1050 «000»—

1236 1147 1454 1190 IOXiLIA
1495 1147 1548 1186 ΙΙ.

653 1314 706 1370 Ι.
736 1312 925 1368 Gratus
954 1319 1028 1366 est
1061 1309 1372 1380 Martyribus
1412 1317 1620 1362 conatus
1661 1317 1847 1360 noster.
1875 1336 1946 1347 —
1969 1307 2167 1362 Omnes

581 1404 798 1475 quidem
833 1413 895 1458 ut
921 1383 1134 1458 sanctos
1176 1410 1440 1472 martyres
1481 1415 1584 1452 uua
1637 1399 1811 1468 lingua
1858 1399 2164 1463 laudemus,

589 1498 700 1551 fieri
741 1496 960 1565 nequit;
993 1493 1088 1548 sed
1138 1493 1296 1545 etiam
1342 1492 1386 1545 si
1415 1501 1667 1546 sexcenta
1708 1492 1861 1545 nobis
1903 1506 1995 1545 ora
2047 1492 2170 1545 toti-

585 1590 816 1659 demque
846 1590 1039 1658 linguas
1075 1593 1454 1656 suppeterent,
1483 1601 1665 1655 parem
1711 1596 1885 1640 tamen
1931 1585 2172 1639 laudibus

584 1680 885 1736 orationem
932 1695 1038 1734 non
1081 1679 1438 1734 afl'erremus:
1486 1679 1733 1748 idemque
1773 1678 1901 1732 mihi
1945 1677 2168 1741 accidit,

585 1785 707 1826 cum
737 1780 944 1839 septem
967 1777 1260 1840 martyrum
1285 1769 1537 1838 praeclara
1565 1768 1700 1822 facta
1723 1778 2000 1834 contueor,
2031 1769 2173 1837 quod

587 1875 753 1914 avaro
776 1860 1007 1930 cuipiam
1047 1859 1288 1924 homini,
1314 1859 1406 1929 qui
1443 1858 1578 1913 fonti
1616 1858 1849 1914 assideat
1885 1871 2017 1911 auro
2056 1872 2172 1910 ma-

588 1950 758 2016 nanti,
787 1951 838 2004 in
865 1967 971 2020 quo
1009 1960 1214 2019 septem
1261 1950 1370 2004 sint
1396 1950 1541 2017 tubi,
1577 1965 1640 2005 ac
1681 1959 1849 2004 totum
1892 1950 2176 2004 exhaurire

588 2053 844 2109 conetur,
901 2042 997 2097 sed
1051 2042 1224 2096 multo
1279 2043 1643 2112 immensoque
1699 2043 1878 2097 labore
1935 2044 2176 2112 impenso

591 2135 779 2203 majori
825 2143 974 2203 parte
999 2133 1254 2188 derelicta
1297 2134 1533 2188 recedat.
1563 2132 1787 2188 Fontem
1826 2133 1967 2186 enim
2004 2146 2175 2202 quan-

593 2226 786 2277 tumvis
832 2226 1178 2290 exhauseris,
1229 2238 1352 2294 pars
1408 2224 1576 2292 major
1616 2233 1792 2277 tamen
1838 2224 2174 2292 relinquitur.

593 2314 730 2380 Quid
759 2314 958 2384 igitur?
984 2329 1051 2368 an
1079 2316 1200 2383 quia
1232 2331 1326 2383 pro
1353 2315 1609 2384 dignitate
1636 2314 1816 2384 largiri
1849 2330 1954 2368 non
1983 2329 2177 2385 possu-

596 2421 734 2472 mus,
779 2407 1240 2461 conticescemus?
1281 2406 1496 2460 Minime
1535 2422 1704 2461 vero:
1733 2417 1997 2476 martyres
2035 2405 2178 2459 enim

593 2507 752 2564 sunt,
779 2501 868 2569 qui
892 2499 1030 2554 dona
1057 2499 1388 2570 suscipiunt,
1418 2500 1544 2554 etin
1581 2499 1783 2568 judicio
1819 2499 1886 2554 de
1917 2498 2175 2568 ejusmodi

597 2590 878 2661 largitione
929 2591 1149 2647 ferendo
1193 2607 1348 2646 suum
1390 2592 1671 2646 Dominum
1714 2592 2008 2646 imitantur.
2044 2592 2180 2660 Quid

597 2681 756 2750 igitur
800 2682 888 2736 ille
943 2681 1106 2737 facit?
1152 2682 1286 2738 Cum
1334 2683 1474 2738 dona
1519 2681 1782 2754 quispiam
1838 2683 2028 2749 offert,
2075 2699 2180 2737 non

596 2771 791 2826 oblatae
818 2772 897 2827 rei
927 2773 1371 2843 magnitudinem,
1400 2772 1494 2829 sed
1519 2774 1847 2830 alacritatem
1878 2775 2041 2829 animi
2067 2775 2182 2844 ejus

597 2863 685 2928 qui
715 2862 969 2917 obtulerit
989 2864 1269 2918 attendens
1301 2865 1577 2936 praemium
1603 2865 1909 2920 admetitur.
1939 2866 2027 2920 Sic
2056 2880 2182 2934 erga

597 2952 810 3006 viduam
840 2953 981 3007 illam
1011 2968 1070 3009 se
1094 2956 1261 3024 gessit
1295 2973 1308 3009 :
1337 2956 1473 3010 duos
1500 2955 1690 3011 obolos
1737 2956 1951 3011 demisit
1992 2956 2185 3011 mulier

599 3042 747 3115 (Luc.
777 3044 867 3100 2i.
896 3046 1085 3118 2-4),
1115 3056 1168 3101 et
1209 3047 1340 3114 illis,
1379 3048 1467 3118 qui
1513 3048 1678 3102 multa
1703 3047 2050 3115 demiserunt,
2089 3063 2188 3102 an-

599 3137 758 3191 telata
785 3147 904 3194 est:
937 3153 1040 3193 non
1072 3140 1213 3194 enim
1242 3140 1478 3208 pecunia:
1506 3139 1844 3210 paucitatem,
1888 3139 1980 3195 sed
2022 3139 2186 3193 animi

603 3229 1056 3297 magnificentiam
1116 3232 1350 3299 respexit
1396 3231 1579 3286 Deus:
1625 3231 1766 3286 oboli
1806 3232 1912 3286 duo
1965 3231 2188 3301 pecunia

603 3315 817 3397 (lbid.),
846 3320 938 3375 sed
968 3322 1179 3376 talentis
1204 3322 1321 3376 auri
1358 3322 1630 3377 sexcentis
1671 3323 1956 3391 pretiosior
1978 3323 2188 3377 animus

601 3427 735 3472 erat.
765 3414 1032 3471 Audacter
1069 3414 1229 3483 igitur
1254 3414 1320 3468 ad
1349 3413 1667 3468 laudandum
1698 3413 2103 3484 aggrediamur,
2134 3422 2190 3469 et

609 3508 750 3578 quod
781 3507 894 3561 beri
922 3507 1150 3576 egimus,
1179 3505 1231 3559 id
1276 3521 1417 3561 nunc
1441 3506 1623 3572 etiam,
1651 3507 1696 3560 si
1725 3507 1916 3576 placet,
1948 3519 2186 3576 agamus.

605 3600 729 3656 lleri
757 3598 1024 3669 siquidem
1055 3599 1107 3652 in
1135 3597 1304 3652 solius
1333 3597 1515 3652 matris
1545 3597 1733 3652 laudes
1767 3611 2072 3653 sermonem
2105 3606 2187 3653 to-

604 3701 716 3744 tum
743 3691 1121 3759 impendimus,
1146 3687 1286 3758 quod
1314 3703 1343 3741 a
1377 3688 1533 3743 nobis
1560 3687 1754 3742 factum
1781 3698 1881 3753 est,
1912 3703 2015 3743 non
2048 3687 2190 3757 quod

606 3796 723 3836 eam
753 3796 784 3835 a
832 3780 1060 3834 filiorum
1107 3781 1273 3834 choro
1316 3780 1547 3835 avellere
1586 3778 1942 3845 studeremus,
1989 3779 2086 3835 sed
2134 3789 2192 3834 ut

607 3874 828 3929 tutiores
853 3874 1007 3928 nobis
1029 3873 1242 3928 divitias
1265 3872 1611 3928 redderemus
1637 3890 1650 3926 :
1675 3872 1818 3942 quod
1843 3873 2024 3942 utique
2050 3887 2194 3928 nunc

607 3980 820 4035 quoque
860 3975 1216 4034 prmstemus:
1274 3979 1380 4019 uno
1423 3964 1652 4019 filiorum
1700 3963 1965 4030 abducto,
2013 3962 2082 4019 de
2127 3979 2193 4020 eo

611 4070 774 4125 pauca
803 4053 1044 4109 dicamus
1073 4072 1087 4108 :
1118 4055 1408 4109 verendum
1436 4063 1518 4108 est
1547 4055 1691 4109 enim
1725 4069 1791 4108 ne
1818 4062 2022 4124 septem
2048 4069 2192 4108 mar-

609 4151 783 4220 tyrum
798 4147 980 4202 laudes
999 4162 1095 4202 ceu
1114 4155 1317 4215 septem
1341 4145 1553 4200 flumina
1571 4145 1852 4202 cenl'crtim
1872 4145 2194 4202 continentia

611 4257 918 4298 sermonem
960 4241 1115 4294 nobis
1153 4241 1411 4295 inundent
1434 4248 1490 4295 et
1517 4241 1768 4295 obruant.
1816 4238 1993 4295 Unum
2036 4239 2196 4309 igitur

612 4350 676 4389 ex
701 4334 990 4403 juvenibus
1017 4348 1350 4389 assumamus
1370 4374 1384 4400 ,
1415 4347 1518 4388 non
1547 4342 1724 4389 tamen
1753 4342 1812 4388 ut
1849 4333 1990 4388 hunc
2020 4333 2194 4401 ipsum

613 4443 642 4480 a
671 4427 838 4481 choro
880 4427 1100 4479 fratrum
1134 4425 1539 4492 abstrahamus,
1567 4425 1662 4480 sed
1701 4433 1763 4479 ut
1799 4424 2053 4480 leviorem
2083 4439 2200 4478 sar-

613 4519 789 4573 cinam
825 4526 1063 4572 nostram
1111 4516 1398 4571 reddamus
1446 4535 1459 4570 :
1508 4516 1770 4586 siquidem
1826 4531 1935 4571 uno
1983 4514 2198 4569 laudato

613 4610 915 4664 communis
940 4618 994 4663 et
1019 4608 1138 4662 aliis
1163 4608 1268 4663 erit
1291 4622 1510 4674 corona,
1533 4609 1959 4678 quandoquidem
1985 4622 2201 4663 eorum-

614 4699 736 4755 dem
783 4709 1060 4755 consortes
1096 4701 1447 4755 certaminum
1494 4700 1707 4755 fuerunt
1731 4715 1936 4756 omnes.
1984 4699 2090 4756 Sed
2122 4699 2201 4753 in-

617 4801 766 4862 geret
791 4805 850 4846 se
876 4791 1029 4846 nobis
1064 4791 1222 4862 plane
1252 4792 1410 4847 hodie
1443 4806 1653 4862 quoque
1682 4801 1872 4858 mater,
1902 4793 2026 4847 licet
2055 4792 2198 4846 illam

619 4898 724 4938 non
756 4883 1078 4953 attingamus
1103 4900 1116 4935 :
1146 4882 1366 4937 omnino
1402 4883 1544 4937 enim
1573 4883 1714 4937 illam
1743 4885 1910 4938 series
1937 4884 2201 4938 sermonis

619 4974 870 5041 attrahet,
901 4988 1000 5029 nec
1042 4973 1291 5029 deserere
1330 4989 1525 5044 pueros
1569 4974 1762 5040 poterit
1790 4991 1803 5027 :
1832 4989 1955 5028 nam
2002 4990 2120 5044 quae
2149 4974 2202 5028 in

620 5069 1003 5123 certaminibus
1029 5083 1059 5121 a
1089 5067 1273 5122 liberis
1299 5068 1411 5123 suis
1444 5081 1549 5123 non
1572 5067 1849 5134 discessit,
1877 5082 1977 5123 nec
2005 5069 2057 5122 in
2089 5068 2204 5122 lau-

622 5160 775 5215 dibus
797 5176 857 5215 se
877 5161 944 5216 ab
973 5161 1052 5216 eis
1077 5160 1336 5230 sejunget.

694 5253 944 5308 Postremi
983 5269 1048 5306 ea:
1095 5253 1332 5322 fratribus
1358 5252 1605 5306 laudatio.
1635 5280 1708 5292 -
1734 5248 2028 5317 Quemnam
2077 5265 2206 5320 ergo

622 5361 685 5400 ex
715 5353 918 5415 septem
953 5346 1170 5399 athletis
1200 5345 1360 5400 voltis
1380 5344 1757 5401 assumamus?
1784 5360 1908 5398 num
1940 5345 2201 5413 primum,

623 5438 704 5491 vel
735 5437 1048 5502 secundum,
1076 5437 1160 5490 vel
1183 5438 1417 5502 tertium,
1445 5436 1526 5491 vel
1550 5435 1916 5506 postremum?
1940 5435 2050 5491 imo
2081 5451 2207 5492 vero

629 5527 806 5581 nullus
842 5529 982 5582 inter
1020 5543 1114 5583 eos
1142 5537 1225 5584 est
1274 5537 1575 5598 postremus
1608 5545 1622 5582 :
1668 5529 1864 5583 chorus
1908 5531 2047 5583 enim
2101 5537 2204 5592 est,

625 5619 779 5674 chori
802 5635 926 5676 vero
952 5637 1121 5692 neque
1151 5622 1469 5692 principium
1495 5637 1668 5692 neque
1695 5622 1812 5675 linis
1839 5631 2088 5690 apparet;
2116 5620 2208 5675 sed

628 5727 683 5772 ut
703 5715 892 5771 melius
914 5717 1276 5787 designenms,
1301 5731 1459 5786 quem
1480 5716 1781 5781 laudamus,
1807 5714 2031 5768 dit-imus
2052 5721 2208 5767 artato

2275 1141 2644 1201 postremum:
2693 1141 2819 1184 sunt
2864 1129 3005 1184 enim
3048 1142 3298 1197 germana
3345 1126 3654 1195 similiaque
3693 1135 3836 1179 certa

2272 1226 2440 1291 mina,
2469 1233 2523 1276 et
2549 1233 2778 1290 cognata
2809 1224 2948 1276 inter
2984 1235 3044 1275 se
3086 1228 3228 1274 recte
3260 1218 3434 1273 facta:
3467 1217 3558 1271 ubi
3601 1231 3730 1271 vero
3774 1232 3866 1270 co-

2271 1317 2452 1382 gnatip
2478 1324 2623 1367 recte
2650 1312 2909 1366 factorum
2947 1319 3062 1372 est,
3096 1325 3200 1364 non
3231 1310 3299 1362 ibi
3329 1309 3535 1378 primus
3564 1316 3648 1362 est
3666 1315 3759 1361 aut
3784 1321 3869 1361 se-

2273 1405 2500 1459 cundus.
2565 1407 2913 1458 Assumamus
2973 1404 3132 1472 igitur
3192 1413 3352 1456 aetate
3420 1410 3761 1472 postremum
3818 1411 3871 1455 et

2276 1496 2642 1566 magnitudine
2689 1495 2853 1548 animi
2901 1509 3161 1560 coa:vum,
3210 1509 3310 1550 nec
3358 1493 3621 1548 fratribus
3671 1501 3891 1546 tantum

2278 1604 2548 1653 cornvnm,
2581 1588 2674 1643 sed
2704 1587 2802 1656 ipsi
2835 1588 2994 1641 etiam
3027 1587 3161 1640 seni.
3195 1587 3355 1641 Solus
3381 1601 3448 1640 ex
3479 1585 3747 1640 fratribus
3792 1584 3874 1639 hic

2277 1681 2483 1735 solutus
2504 1681 2570 1734 ad
2603 1688 2868 1733 tormenta
2891 1678 3222 1733 ducebatur:
3252 1693 3356 1731 non
3379 1679 3524 1732 enim
3556 1677 3874 1731 carnificum

2279 1787 2469 1827 manus
2517 1771 2880 1840 exspectavit,
2926 1769 3020 1823 sed
3065 1769 3277 1823 illorum
3332 1768 3714 1823 crudelitatem
3761 1765 3874 1820 ala-

2279 1865 2468 1932 critate
2515 1863 2679 1916 animi
2727 1862 3016 1932 praevenit,
3067 1870 3122 1915 et
3169 1861 3376 1916 solutus
3425 1859 3749 1914 ducebatur.
3802 1858 3878 1910 Ac

2280 1957 2504 2010 fratrum
2535 1955 2752 2024 quidem
2782 1954 2984 2009 nullum
3033 1953 3218 2007 habuit
3253 1961 3614 2022 spectatorem
3647 1967 3664 2003 :
3693 1963 3878 2004 omnes

2281 2047 2424 2102 enim
2445 2046 2654 2101 fuerant
2679 2046 2788 2116 jam
2815 2055 2987 2100 morte
3008 2044 3236 2110 sublati;
3262 2043 3356 2098 sed
3387 2040 3878 2113 praeclarius-thea-

2283 2147 2445 2204 trum,
2497 2153 2655 2208 quam
2699 2137 2918 2201 fratres,
2966 2135 3152 2190 habuit
3196 2135 3383 2190 oculos
3429 2133 3642 2188 matris.
3692 2131 3880 2187 Nonne

2282 2230 2524 2286 dicebam
2553 2228 2727 2295 vobis,
2762 2227 2901 2298 quod
2933 2228 3056 2281 licet
3077 2242 3181 2279 non
3210 2225 3551 2280 studentibus
3571 2223 3733 2277 nobis
3759 2237 3878 2275 om-

2283 2323 2413 2375 nino
2459 2336 2581 2375 sese
2622 2321 2781 2374 etiam
2830 2329 3003 2374 mater
3042 2318 3284 2388 ingeret?
3329 2315 3473 2370 Ecce
3520 2315 3670 2368 illam
3716 2313 3880 2367 series

2283 2413 2550 2467 semronis
2595 2411 2908 2467 introduxit.
2955 2411 3066 2464 lloc
3108 2425 3234 2464 vero
3265 2409 3531 2462 theatrum
3561 2406 3704 2460 adeo
3745 2420 3880 2474 pra:-

2283 2506 2488 2560 clarum
2515 2512 2706 2560 eratet
2729 2519 3001 2573 magnum,
3035 2511 3092 2556 ut
3121 2501 3293 2571 ipsum
3313 2499 3630 2568 angelorum
3655 2505 3879 2560 coetum,

2287 2599 2397 2652 imo
2443 2613 2570 2651 vero
2625 2596 2816 2650 fratres
2860 2603 3191 2662 spectatores
3239 2591 3494 2653 haberet,
3543 2604 3656 2642 non
3696 2587 3806 2656 jam
3853 2601 3883 2639 e

2287 2700 2451 2754 terra,
2475 2688 2568 2742 sed
2590 2705 2620 2742 e
2636 2687 2799 2742 caelis.
2820 2685 3073 2741 Coronati
3091 2684 3254 2750 enim,
3279 2693 3335 2737 ut
3359 2683 3410 2736 in
3443 2679 3745 2754 Olympicis
3769 2693 3883 2734 cer-

2287 2778 2576 2834 taminibus
2613 2777 2843 2848 judices,
2871 2775 3255 2838 considebant,
3286 2787 3391 2827 non
3419 2781 3478 2828 ut
3519 2771 3881 2826 certaminum

2281 2873 2485 2943 judicio
2512 2879 2825 2940 prmessent,
2848 2882 3033 2922 verum
3057 2875 3114 2921 ut
3138 2867 3393 2920 victorem
3423 2863 3488 2917 ad
3515 2859 3882 2931 accipiendam

2288 2980 2543 3021 coronam
2589 2965 2896 3017 incitarent.
2926 2960 3113 3014 Stabat
3154 2958 3314 3028 igitur
3352 2957 3592 3020 solutus,
3625 2965 3681 3009 et
3710 2951 3882 3022 philo-

2292 3057 2496 3126 sopbize
2523 3056 2678 3124 plena
2724 3053 3000 3121 proferens
3042 3051 3247 3108 verba:
3280 3047 3545 3117 siquidem
3597 3056 3883 3116 tyranmnn

2291 3150 2537 3205 studebat
2565 3147 2634 3202 ad
2673 3147 2926 3216 pietatem
2965 3158 3113 3198 suam
3157 3141 3470 3205 traducere;
3499 3154 3624 3193 cum
3667 3150 3797 3192 vero
3836 3134 3884 3188 id

2292 3243 2512 3300 minime
2528 3241 2805 3310 potuisset,
2834 3237 2974 3308 quod
2997 3250 3212 3290 suarum
3234 3235 3461 3304 partium
3489 3240 3611 3286 erat
3630 3229 3885 3297 deinceps

2293 3333 2560 3406 praestitit,
2589 3331 2850 3401 supplicio
2877 3330 3110 3398 seipsum
3140 3326 3406 3409 exposuit.
3436 3325 3611 3392 Atque
3652 3321 3747 3375 ille
3773 3318 3888 3386 qui-

2292 3427 2414 3483 dem
2437 3441 2558 3480 cum
2579 3424 2751 3479 aetatis
2771 3422 2940 3493 gratia
2965 3419 3342 3481 miserabatur,
3367 3415 3450 3470 hic
3464 3429 3594 3469 vero
3613 3413 3766 3467 illum
3787 3409 3885 3463 im-

2294 3519 2509 3590 pietatis
2534 3532 2693 3572 causa
2721 3514 2990 3576 deﬂebat:
3022 3528 3130 3566 non
3161 3509 3304 3566 enim
3331 3509 3518 3564 eadem
3549 3505 3772 3576 respicit
3807 3515 3886 3574 ty-

2294 3626 2495 3666 rannus
2544 3616 2602 3662 et
2638 3617 2881 3677 martyr:
2925 3620 3046 3658 nam
3093 3603 3307 3671 utrique
3345 3611 3468 3654 sunt
3503 3597 3667 3653 iidem
3714 3594 3883 3658 oeuli,

2298 3718 2483 3757 verum
2522 3700 2732 3767 carnis,
2762 3697 2884 3752 fidei
2924 3711 3054 3752 vero
3101 3695 3244 3750 oculi
3284 3709 3389 3748 non
3435 3692 3627 3755 iidem;
3659 3689 3758 3744 sed
3801 3685 3887 3741 illo

2296 3794 2515 3865 quidem
2556 3799 2876 3862 praasentem
2926 3791 3090 3843 vitam
3132 3785 3481 3856 reSpiciebat,
3513 3783 3598 3837 hic
3629 3796 3760 3837 vero
3804 3793 3887 3834 re-

2298 3885 2557 3954 spiciebat
2585 3882 2841 3946 futuram,
2874 3881 2943 3935 ad
2969 3895 3129 3951 quam
3165 3887 3282 3933 erat
3317 3877 3624 3932 evolaturus
3650 3890 3667 3930 :
3697 3883 3884 3944 tyran-

2299 3991 2400 4031 nus
2431 3975 2647 4046 quidem
2674 3973 2975 4042 sartagines
3001 3970 3238 4033 videbat,
3269 3977 3325 4022 at
3351 3967 3652 4039 gehennam
3683 3972 3888 4034 martyr

2301 4067 2540 4132 videbat,
2574 4066 2625 4118 in
2656 4079 2814 4133 quam
2847 4077 2904 4116 se
2931 4062 3225 4130 iniecturus
3249 4068 3366 4114 erat
3393 4067 3672 4129 tyrannus.

2369 4159 2577 4230 Confert
2607 4156 3007 4211 Maccabworum
3046 4171 3201 4208 unum
3227 4169 3340 4207 cum
3369 4150 3538 4205 Isaac.
3567 4181 3638 4190 —
3657 4146 3810 4218 Quod
3844 4144 3886 4199 si

2303 4253 2446 4308 Isaae
2472 4249 2766 4311 laudamus,
2797 4246 2937 4317 quod
2980 4260 3009 4299 a
3050 4254 3199 4315 patre
3239 4243 3446 4296 vinetus
3475 4250 3530 4296 et
3557 4238 3886 4310 compeditus

2301 4345 2367 4398 ab
2393 4342 2544 4397 altari
2592 4342 2695 4394 non
2735 4337 3016 4393 recesserit
3066 4334 3268 4407 (Cenes.
3313 4331 3426 4406 ‘22),
3471 4347 3568 4385 nec
3614 4331 3886 4384 admotum

2303 4451 2526 4492 cernens
2544 4433 2774 4502 gladium
2797 4428 3062 4494 resilierit,
3082 4427 3248 4480 multo
3265 4425 3348 4479 hic
3369 4424 3571 4494 mquius
3596 4418 3888 4475 laudandus

2304 4539 2404 4591 est,
2434 4543 2539 4598 quo
2569 4529 2776 4580 vinetus
2805 4539 2907 4576 non
2939 4523 3025 4585 sit,
3065 4534 3238 4589 neque
3275 4516 3608 4571 vinculorum
3655 4510 3886 4566 ueremi-

2307 4631 2412 4675 tate
2437 4619 2738 4688 indiguerit.
2782 4629 2953 4684 neque
2982 4613 3286 4666 carnificum
3319 4621 3508 4661 manus
3547 4599 3887 4672 exspeetarit,

2307 4711 2399 4766 sed
2437 4712 2547 4779 ipse
2573 4709 2670 4762 sibi
2697 4719 2750 4762 et
2777 4706 3026 4768 victima},
3057 4710 3112 4756 et
3137 4698 3444 4762 sacerdotis,
3484 4704 3539 4751 et
3566 4695 3751 4748 altaris
3778 4693 3890 4746 loco

2309 4804 2486 4858 fuerit.
2515 4801 2644 4856 Cum
2693 4799 2833 4854 enim
2879 4796 3231 4865 undequaqne
3272 4786 3753 4857 circumspexisset,
3797 4795 3888 4836 nec

2309 4897 2473 4951 ullum
2501 4911 2567 4949 ex
2600 4892 2850 4947 fratribus
2892 4888 3080 4942 adesse
3121 4883 3361 4946 vidisset,
3393 4879 3737 4935 conturbatus
3762 4885 3843 4929 est
3874 4889 3885 4922 :

2311 5002 2368 5048 ut
2395 4997 2701 5061 properaret
2723 4987 2969 5042 incitatus
2994 4990 3094 5046 est,
3123 4988 3585 5047 etasscqucretur,
3619 4989 3683 5027 ne
3703 4987 3730 5024 a
3763 4985 3889 5040 pra:-

2312 5089 2455 5141 claro
2482 5084 2572 5137 illo
2604 5082 2769 5135 choro
2808 5083 3164 5146 separarctur.
3206 5070 3330 5125 Ideo
3368 5065 3676 5122 carnificum
3710 5072 3890 5116 manus

2314 5195 2418 5235 non
2439 5173 2764 5246 exspectavit
2793 5189 2805 5223 :
2835 5169 3092 5239 siquidem
3120 5162 3328 5236 tyranni
3357 5157 3692 5216 clementiam
3726 5151 3885 5208 refor-

2316 5271 2567 5335 midabat,
2623 5283 2689 5322 ne
2738 5265 2872 5319 forte
2913 5262 3076 5331 ipsius
3122 5258 3370 5312 misertus
3423 5266 3545 5305 eum
3587 5264 3616 5302 a
3647 5248 3890 5301 societate

2319 5650 2468 5701 aztas,
2504 5647 2579 5689 tot
2606 5635 2824 5688 fratrum
2857 5628 3198 5699 supplicium.
3225 5621 3366 5696 quod
3394 5618 3479 5674 vel
3522 5616 3589 5670 ad
3619 5615 3776 5668 feram
3807 5622 3890 5661 cx-

2323 5729 2616 5785 satiandam
2652 5734 2828 5797 posset
2856 5721 3119 5786 sufficere,
3147 5714 3354 5770 tametsi
3397 5711 3484 5767 ille
3515 5717 3774 5764 salutatus
3796 5712 3882 5754 κιο-ι
