4082 6500
192 390 297 444 625

188 500 417 572 πλησίον
442 499 647 573 αὐτῶν,
676 503 770 553 καὶ
799 499 898 571 τῆς
924 500 1095 573 αὐτῆς
1128 502 1424 571 μετασχεῖν
1452 499 1608 573 [69.8]
1635 502 1777 571 παρ-

188 579 429 653 ρησίας·
464 572 532 650 ἧς
576 579 789 646 γένοιτο
828 572 1218 650 πάνταςήμάς
1257 572 1560 653 ἐπιτυχεῖν,
1592 578 1777 649 χάριτι

188 660 283 713 καὶ
316 657 699 731 φιλανθρωπίᾳ
728 655 822 708 τοῦ
851 657 1058 729 Κυρίου
1088 658 1247 728 ἡμῶν
1282 652 1457 725 Ἰησοῦ
1497 655 1736 727 Χριστοῦ
1759 695 1775 719 ,

1244 902 1547 913 ----.-
1568 902 1992 913 ..κ-.-

1482 381 1573 436 ῠΕ
1611 377 2057 437 MACCABAZIS.
2099 376 2162 431 II.

3366 368 3436 424 6'2
3447 372 3473 425 1

1886 497 1953 550 δι’
2000 490 2063 551 οὗ
2108 496 2205 550 καὶ
2255 495 2373 567 μεθ’
2408 485 2469 548 οὗ
2518 492 2596 564 τῷ
2643 493 2821 562 Πατρὶ
2858 489 3017 555 δόξα,
3063 490 3178 562 ἅμα
3219 487 3295 560 τῷ
3337 489 3477 558 ἁγίῳ

1884 576 2189 647 Πνεύματι,
2238 573 2331 627 νῦν
2376 572 2472 626 καὶ
2518 573 2644 636 ἀεὶ,
2688 572 2786 625 καὶ
2833 572 2913 634 είς
2955 571 3081 633 τοὺς
3119 569 3322 634 αἰῶνας
3369 568 3477 622 τῶν

1886 655 2121 708 αἰώνων.
2159 654 2353 724 Ἀμήν.

2658 898 2777 908 ναι-

920 1137 1093 1222 ΕΙΣ
1131 1133 1422 1221 ΤΟΥΣ
1465 1132 1876 1221 ΑΓΙΟΥΣ
1917 1109 2759 1223 ΜΑΚΚΑΒΛΙΟΥΣ.

775 1614 1044 1684 ”⁹Οιιι..ῖι⁹α
1076 1614 1159 1678 β’.

260 1710 334 1757 α’.
357 1704 640 1764 Ἀπαντας
670 1697 772 1769 μὲν
796 1694 889 1751 οὖν
913 1697 1257 1769 ἐγκωμιάσαι
1281 1696 1407 1760 τοὺς
1429 1696 1618 1764 ἀγῖους
1647 1697 1784 1768 μάρ.

189 1804 366 1860 τυρας
407 1787 468 1838 οὐ
496 1782 721 1837 δυνατὸν
753 1782 852 1852 μιᾷ
875 1780 1113 1853 γλώττῃ,
1145 1781 1281 1833 ἀλλὰ
1310 1781 1415 1834 κᾶν
1456 1781 1626 1852 μυρία
1661 1782 1785 1835 στό-

192 1888 345 1940 ματα
377 1870 591 1941 ἔχωμεν
614 1867 709 1921 καὶ
737 1864 987 1934 γλώττας
1027 1865 1317 1928 τοσαύτας,
1345 1863 1650 1934 λειπόμεθα
1682 1864 1792 1917 τῶν

192 1953 491 2022 ἐγκωμίων
511 1967 526 1982 ·
550 1946 874 2019 καὶιταῦτδν
902 1947 1102 2018 πάσχω
1125 1949 1260 2019 πρὸς
1292 1948 1363 2000 τά
1388 1947 1794 2020 κατορθώματα

193 2036 307 2087 τῶν
344 2034 486 2088 ἐτττά
526 2032 821 2103 μαρτύρων
851 2030 1023 2102 ὀρῶν,
1051 2024 1163 2083 οἷον
1197 2031 1265 2084 ἂν
1294 2032 1342 2083 εί
1384 2030 1795 2102 φιλοχρήματος

193 2118 519 2186 ἄνθρωπος,
556 2114 790 2179 ἐπιστὰς
823 2116 974 2185 πηγῇ
1014 2114 1215 2184 ῥεούσῃ
1250 2114 1453 2184 χρυσὸν
1496 2114 1637 2167 ἐπτά
1674 2115 1797 2168 στό-

196 2218 354 2273 ματα
382 2199 616 2272 ἐχούσῃ,
654 2198 838 2250 πᾶσαν
884 2198 987 2267 μὲν
1028 2196 1201 2266 αὐτὴν
1226 2196 1554 2267 ἐξαντλῆσαι
1587 2199 1798 2268 ἐπιχει-

196 2286 324 2354 ροίη
346 2325 363 2351 ,
400 2283 542 2354 μετά
573 2282 633 2336 δὲ
660 2280 754 2335 τὸν
772 2280 949 2333 ,πολὺν
983 2281 1078 2334 καὶ
1105 2279 1312 2349 ἄφατον
1342 2280 1505 2334 πόνον
1545 2280 1609 2333 τὸ
1636 2280 1800 2334 πλέον

194 2370 364 2435 ἀφεὶς
408 2365 656 2420 ἀπέλθοι.
690 2363 887 2434 Πηγῆς
914 2363 1025 2434 γὰρ
1062 2364 1188 2417 ὅσον
1233 2362 1300 2417 ἀν
1333 2362 1673 2438 ἐξαντλήσῃς
1696 2408 1710 2430 ,
1738 2363 1801 2417 τὸ

195 2450 370 2504 πλέον
411 2448 791 2504 ἀπολείπεται.
848 2447 912 2500 Τί
952 2444 1079 2515 οὖνς
1122 2448 1311 2520 ἐπειδὴ
1353 2448 1424 2501 τά
1451 2449 1591 2501 κατ’
1643 2447 1802 2512 ἀξίαν

195 2535 539 2603 εῖσενεγκεῖν
598 2533 662 2585 οὐ
722 2529 1002 2602 δυνάμεθα
1028 2571 1044 2595 ,
1115 2534 1451 2603 σιγήσομεν;
1508 2531 1798 2604 Οὐδαμῶς.

197 2616 505 2689 Μάρτυρες
535 2616 645 2687 γάρ
675 2616 813 2668 είσιν
842 2617 890 2668 οί
924 2617 993 2667 τά
1048 2614 1197 2687 δῶρα
1234 2615 1540 2686 δεχόμενοι,
1576 2618 1673 2671 καὶ
1708 2617 1803 2670 τὸν

198 2700 420 2754 ἑαυτῶν
446 2699 727 2770 Δεσπότην
756 2696 1055 2769 μιμοῦνται
1081 2699 1138 2751 ἐν
1162 2701 1230 2770 τῇ
1262 2698 1442 2770 κρίσει
1488 2700 1591 2769 τῆς
1617 2698 1803 2753 τοιαὺ-

198 2802 305 2855 της·
351 2783 693 2854 φιλοτιμίας.
744 2781 870 2843 Πῶς
912 2780 971 2833 δὲ
1012 2781 1224 2844 ἐκεῖνος
1271 2784 1444 2844 ποιεῖς
1492 2783 1663 2837 ὀταν
1719 2798 1806 2846 τις

203 2866 561 2939 προσενέγκῃ
594 2865 777 2937 δῶρα,
812 2866 874 2918 οὐ
900 2862 979 2936 τῷ
1011 2864 1235 2935 μεγέθει
1278 2864 1372 2918 τοῦ
1412 2866 1807 2938 ’προσενεχθέν⁴

198 2966 335 3016 τος,
370 2948 510 3003 ἀλλά
553 2950 623 3019 τῇ
663 2947 944 3020 προθυμίᾳ
982 2947 1076 3001 τοῦ
1113 2950 1584 3018 προσενέγκαντος
1631 2967 1805 3021 προσ-

200 3032 353 3102 έχων
402 3034 601 3102 μετρεῖ
627 3030 726 3101 τὴν
752 3030 1047 3087 ἀντίδοσιν.
1079 3030 1268 3096 Οὕτως
1302 3033 1559 3103 ἐποίησεν
1588 3035 1683 3086 ἐπὶ
1707 3035 1806 3104 τῆς

201 3118 388 3187 χήρας
416 3115 638 3186 ἐκείνης
658 3133 672 3146 ·
715 3113 809 3167 δύο
836 3113 1140 3169 κατέϐαλεν
1176 3114 1399 3181 ὀϐολοὺς
1433 3118 1465 3189 ή
1510 3117 1682 3188 γυνὴ,
1714 3118 1810 3171 καὶ

201 3197 559 3273 προετιμήθη
591 3197 701 3252 τῶν
724 3197 894 3252 πολλά
927 3197 1419 3269 καταϐεϐληκότων
1442 3215 1454 3226 ο
1484 3200 1546 3253 06
1570 3204 1680 3273 γὰρ
1710 3201 1810 3270 τὴν

201 3284 512 3356 ῶιγότητα
542 3282 651 3335 τῶν
684 3282 1010 3354 χρημάτων,
1040 3282 1179 3337 ἀλλά
1204 3282 1305 3354 τὴν
1333 3283 1684 3339 πολυτέλειαν
1712 3286 1810 3356 τῆς

205 3365 444 3441 γνώμης
474 3363 615 3420 εἶδεν
650 3367 679 3418 6
717 3366 849 3430 Θεός
871 3383 884 3397 ·
917 3365 1012 3419 δύο
1042 3365 1221 3420 ὀϐολοὶ
1248 3365 1318 3420 τά
1347 3367 1630 3439 χρήματα,
1670 3370 1812 3423 ἀλλά

212 3451 434 3522 μυρίων
460 3450 666 3522 χρυσοῦ
694 3450 976 3505 ταλάντων
1004 3451 1310 3523 τιμιωτέρα
1338 3454 1371 3522 ή
1397 3451 1615 3525 γνώμη.
1634 3452 1811 3522 ’Λψώ-

212 3533 365 3600 μεθα
390 3532 457 3603 δὴ
486 3531 598 3586 τῶν
638 3534 933 3605 ἐγκωμίων
976 3533 1339 3606 θαρροῦντες,
1387 3536 1482 3590 καὶ
1516 3538 1654 3609 ὅπερ
1688 3538 1814 3608 χθὲς

210 3617 585 3686 ἐποιήσαμεν,
602 3616 763 3670 τοῦτο
786 3619 835 3670 εί
856 3616 1007 3670 δοκεῖ
1036 3618 1280 3686 γενέσθω
1301 3620 1397 3673 καὶ
1420 3618 1520 3674 νῦν
1538 3636 1553 3651 ·
1583 3621 1676 3673 καὶ
1704 3620 1815 3693 γάρ

212 3699 351 3769 χθὲς
383 3698 485 3770 τὴν
526 3699 742 3770 μητέρα
793 3700 1165 3764 ἀπολαϐόντες
1196 3704 1364 3773 μόνην
1395 3705 1477 3767 είς
1514 3704 1684 3775 αὐτὴν
1724 3706 1817 3758 τὸν

214 3781 382 3849 λόγον
407 3780 801 3852 ἀνηλώσαμεν·
835 3782 1133 3854 ἐποιοῦμεν
1159 3785 1216 3838 δὲ
1259 3785 1421 3840 τοῦτο
1453 3788 1554 3840 οὐκ
1586 3790 1815 3859 ἀποσχί-

218 3881 317 3918 σαι
350 3862 669 3935 βουλόμενοι
717 3866 815 3919 τοῦ
847 3867 1014 3937 χοροῦ
1061 3868 1171 3921 τῶν
1216 3869 1423 3924 παίδων
1465 3872 1658 3944 αὐτὴν,
1698 3875 1817 3928 ἀλλ’

218 3947 631 4019 ἀσφαλέστερον
654 3948 788 4020 ήμϊν
808 3952 1223 4006 κατασκευάσαι
1248 3952 1342 4007 τὸν
1371 3953 1600 4009 πλοῦτον
1617 3972 1632 3986 ·
1660 3956 1820 4011 τοῦτο

217 4030 289 4101 δὴ
319 4032 418 4085 καὶ
454 4029 552 4084 νῦν
584 4034 933 4103 ποιήσωμεν·
960 4034 1057 4087 ἕνα
1090 4034 1203 4089 τῶν
1229 4036 1437 4090 παίδων
1461 4038 1821 4094 ἀποσπάσαν-

219 4134 340 4183 τες,
397 4117 480 4183 εἰς
518 4116 682 4172 αὐτὸν
725 4118 883 4187 ὀλίγα
928 4120 1214 4191 εἴπωμεν·
1260 4120 1391 4185 δέος»
1423 4121 1532 4194 7&9
1575 4125 1649 4195 μή
1690 4142 1822 4180 ποτε

220 4200 485 4273 καθάπερ
535 4200 677 4255 ἐπτά
732 4204 1009 4273 ποταμοὶ,
1060 4206 1111 4258 οί
1154 4205 1265 4260 τῶν
1328 4208 1469 4261 έπτά
1527 4208 1824 4281 μαρτύρων

222 4287 447 4339 ἔπαινοι
489 4285 837 4349 συνελθόντες
861 4286 1062 4357 ἀθρόον
1100 4289 1191 4343 τὸν
1229 4288 1390 4357 λόγον
1426 4291 1562 4361 ἡμῖν
1596 4292 1823 4345 ἐπικλύ-

226 4384 423 4421 σωσιν.
448 4366 659 4421 Οὐκοῦν
684 4366 781 4421 ἕνα
807 4368 917 4421 τῶν
945 4370 1248 4424 νεανίσκων
1276 4371 1668 4443 ἀπολάϐωμεν,
1705 4376 1827 4429 οὑδέ

223 4452 424 4506 τοῦτον
457 4451 851 4522 ἀποσχίζοντες
882 4452 978 4507 τοῦ
1022 4452 1187 4526 χοροῦ
1233 4454 1343 4508 τῶν
1371 4455 1649 4525 ἀδελφῶν,
1690 4458 1829 4512 ἀλλά

132 4588 137 4591 .
224 4535 441 4605 κοῦφον
485 4539 617 4607 ήμῖν
664 4537 947 4601 ποιοῦντες
997 4539 1059 4591 τὸ
1098 4539 1353 4610 φορτίον·
1402 4541 1499 4595 καὶ
1551 4541 1662 4613 γάρ
1707 4544 1829 4606 ἐνὸς

227 4620 663 4690 ἐπαινουμένου,
712 4621 888 4686 κοινὸς
954 4622 1051 4675 καί⁵
1102 4623 1211 4676 τῶν
1261 4624 1437 4678 ἀλλων
1484 4627 1512 4679 6
1567 4629 1829 4697 στέφανος

228 4705 390 4759 ἔσται
413 4746 427 4766 .
463 4705 586 4758 ἐπεὶ
617 4706 712 4760 καὶ
754 4706 864 4759 τῶν
895 4705 1075 4760 ἀθλων
1104 4707 1214 4761 τῶν
1245 4709 1429 4762 αὐτῶν
1463 4710 1831 4782 ἐκοινώνησαν

232 4791 502 4852 ἅπαντες.
541 4788 765 4853 Πάντως
808 4789 867 4842 δὲ
905 4782 1352 4845 ἐπεισελεύσεται
1397 4794 1530 4863 ἡμῖν
1567 4796 1600 4863 ἡ
1648 4796 1832 4865 μήτηρ

233 4874 333 4925 καὶ
364 4874 606 4941 σήμερον
628 4909 643 4933 ,
674 4870 777 4923 κᾶν
814 4870 889 4941 μὴ
920 4872 1090 4943 αὐτῆς
1122 4872 1458 4944 ἁπτώμεθα·
1496 4875 1528 4944 ή
1559 4875 1668 4945 γάρ
1698 4879 1831 4929 ἀκο-

231 4954 431 5009 λουθία
477 4952 647 5024 αὐτὴν
682 4953 793 5007 τῶν
820 4953 996 5023 λόγων
1036 4955 1404 5009 ἐπισπάσεται
1445 4957 1698 5022 πάντως,
1737 4959 1833 5012 καὶ

233 5040 343 5093 οὐκ
373 5036 625 5102 ἀνέξεται
650 5038 869 5107 ἀφεῖναι
902 5037 972 5091 τά
1004 5038 1195 5093 παιδία
1212 5055 1228 5072 ·
1253 5040 1302 5092 εί
1328 5040 1438 5110 γάρ
1466 5043 1523 5094 ἐν
1549 5044 1663 5105 τοῖς
1691 5043 1834 5111 ἀ-γῶ-

237 5139 330 5176 σιν
351 5122 455 5174 οὐκ
475 5118 690 5189 ἀπέστη
718 5119 829 5173 τῶν
861 5122 1126 5189 ἐκγόνων,
1152 5121 1274 5175 οὐδὲ
1302 5123 1361 5175 ἐν
1390 5124 1504 5186 τοῖς
1532 5123 1833 5196 ἐγκωμίοις

237 5203 430 5259 αὐτῶν
454 5202 734 5270 ἀφέξεται.
1540 5202 1551 5211 ‘

319 5288 457 5341 Τίνα
474 5282 569 5339 οὖν
588 5285 842 5356 βούλεσθε
861 5287 969 5340 τῶν
991 5287 1134 5341 ἐπτά
1163 5288 1529 5359 ἀπολάϐωμεν
1553 5287 1831 5360 ἀθλητῶν;

244 5370 401 5444 Ἀρα
426 5370 521 5423 τίον
548 5370 786 5441 πρῶτον,
828 5372 860 5441 ἢ
896 5371 988 5425 τὸν
1022 5371 1297 5441 δεύτερον,
1346 5373 1379 5441 ἢ
1428 5372 1520 5425 τόν
1555 5373 1760 5444 τρίτον,
1801 5373 1835 5444 ἢ

241 5456 343 5511 τὸν
374 5454 605 5523 ἔσχατον
630 5469 646 5518 ;
682 5450 832 5524 [629]
864 5452 1080 5506 Μᾶλλον
1109 5453 1166 5506 δὲ
1185 5453 1362 5517 οὐδεὶς
1385 5456 1444 5507 ἐν
1470 5454 1656 5517 αὐτοῖς
1683 5454 1839 5526 ἐσχα-

244 5554 368 5601 τος·
400 5535 559 5608 χορὸς
582 5536 692 5607 γάρ
724 5535 862 5597 ἐστι,
894 5535 1058 5606 χοροῦ
1089 5536 1147 5590 δὲ
1172 5535 1297 5590 οὔτε
1332 5536 1498 5608 ἀρχὴ,
1530 5535 1655 5589 οὔτε
1686 5538 1840 5602 τέλος

246 5621 537 5692 φαίνεται·
598 5618 714 5671 ἀλλ’
765 5619 853 5671 ῖνα
905 5619 1329 5690 γνωριμώτερον
1372 5623 1690 5691 ποιήσωμεν
1746 5620 1840 5674 τὸν

249 5699 666 5770 ἐπαινούμενον,
682 5700 775 5753 τὸν
795 5699 1022 5769 ἔσχατον
1043 5704 1109 5773 τῇ
1130 5701 1315 5775 ἡλικίᾳ
1338 5702 1591 5772 λέγομεν.
1612 5702 1842 5772 ’Δδελφά

257 5784 372 5855 γάρ
395 5784 466 5837 τὰ
494 5781 867 5853 παλαίσματα,
901 5784 995 5837 κα)⁸
1036 5784 1271 5857 συγγενῆ
1311 5786 1379 5840 τά
1405 5784 1831 5858 κατορθώματα·

537 5884 812 5943 ΡΑἸιιυΙ..
862 5883 979 5943 Cm.
1023 5879 1093 5941 L.

1891 1613 2020 1668 ἔνθα
2049 1616 2105 1671 δὲ
2133 1619 2166 1690 ή
2199 1619 2492 1689 συγγένεια
2514 1620 2980 1691 κατορθωμάτων,
2998 1619 3100 1673 οὐκ
3129 1616 3246 1671 ἔστι
3270 1616 3489 1690 πρῶτος

1891 1698 1988 1752 καὶ
2020 1700 2294 1774 δεύτερος.
2337 1702 2731 1773 ῗΑπολάϐωμεν
2763 1699 2858 1755 οὖν
2890 1702 2980 1755 τὸν
3013 1700 3243 1772 ἔσχατον
3273 1704 3337 1772 τῇ
3370 1702 3489 1774 ήλι-

1892 1782 1988 1852 κίᾳ
2011 1783 2102 1836 καὶ
2125 1785 2365 1857 ὁμήλικα
2390 1785 2468 1856 τῷ
2498 1788 2830 1856 φρονήματι,
2849 1786 2911 1838 οὐ
2936 1787 3048 1849 τοῖς
3075 1785 3328 1854 ἀδελφοῖς
3352 1787 3492 1857 69.15;-

1892 1862 2021 1918 λικα
2044 1866 2227 1935 μόνον.
2252 1867 2392 1921 ἀλλά
2427 1869 2521 1922 καὶ
2550 1867 2699 1938 αὑτῷ
2733 1867 2811 1938 τῷ
2842 1868 3083 1939 γέροντι.
3122 1864 3291 1933 υῦτος
3330 1869 3493 1939 μόνος

1894 1947 2003 2051 τῶν
2026 1949 2272 2051 ἀδελφςῦν
2305 1950 2597 2051 λελυμένος
2627 1952 2949 2051 ἧγετοσπρὸς
2972 1949 3040 2051 τὰ
3070 1950 3488 2051 βασανιστήρια·

1894 2032 1966 2085 οὗ
1983 2032 2093 2104 γὰρ
2118 2034 2370 2105 ἀνέμεινε
2396 2036 2495 2098 τὰς
2524 2034 2633 2087 τῶν
2668 2034 2880 2105 δημίων
2910 2038 3104 2106 χεῖρας
3126 2051 3139 2065 ·
3178 2034 3319 2089 ἀλλά
3354 2054 3491 2108 προ-

1897 2114 2057 2170 ἐλαϐε
2077 2119 2145 2187 τῇ
2175 2117 2354 2189 οἰκείᾳ
2384 2118 2665 2190 προθυμίᾳ
2699 2118 2800 2189 τὴν
2830 2118 3056 2171 ἐκείνων
3090 2118 3374 2190 ὠμότητα,
3400 2119 3495 2171 καὶ

1897 2200 2193 2271 λελυμένος
2233 2202 2418 2270 ἦγετο.
2450 2201 2561 2255 Καὶ
2590 2200 2698 2255 τῶν
2740 2199 2841 2273 μὲν
2873 2200 3119 2270 ἀδελφῶν
3152 2202 3348 2256 οὐδένα
3381 2197 3497 2273 εἶχε

1900 2283 2135 2355 θεατήν·
2194 2284 2395 2349 πάντες
2442 2285 2554 2357 γὰρ
2613 2281 2755 2356 ἦσαν
2806 2284 3225 2349 τελειωθέντες·
3274 2280 3388 2355 εἶχε
3438 2285 3497 2337 δὲ

1902 2367 2229 2438 σεμνότερον
2256 2367 2365 2421 τῶν
2399 2367 2647 2438 ἀδελφῶν
2693 2368 2942 2437 θέατρον.
2981 2368 3109 2431 τοὺς
3148 2366 3501 2439 τῆςομητρὸς

1900 2448 2236 2521 ὀφθαλμούς.
2276 2450 2394 2505 Οὐκ
2422 2450 2610 2519 ελεγον
2645 2452 2798 2522 ὑμῖν,
2822 2453 2905 2504 ὅτι
2937 2451 3033 2504 καὶ
3065 2450 3140 2522 μή
3173 2448 3500 2512 σπουδαζόν-

1901 2550 2011 2586 των
2039 2532 2198 2604 ήμῶν
2222 2533 2671 2589 ἐπεισελεύσεται
2702 2534 2796 2587 καὶ
2819 2536 2851 2604 ἡ
2880 2534 3067 2605 μήτηρ
3100 2533 3317 2595 πάντως
3334 2548 3347 2597 ;
3367 2531 3500 2585 Ἰδοὺ

1904 2615 2083 2669 τοίνυν
2106 2618 2406 2687 εἰσήγαγεν
2434 2618 2658 2687 αὑτὴνή
2684 2616 2980 2670 ἀκολουθία
3005 2614 3102 2669 τοῦ
3132 2615 3313 2684 λόγου.
3330 2613 3503 2667 Τοῦτο

1903 2699 1959 2753 δέ
1990 2700 2051 2753 τὸ
2087 2699 2317 2771 θέατρον
2353 2700 2502 2755 οὕτω
2538 2701 2737 2771 σεμνὸν
2765 2696 2831 2771 ἦν
2868 2700 2965 2753 καὶ
3010 2699 3190 2770 μέγα,
3224 2699 3368 2753 ὥστε
3407 2699 3502 2751 καὶ

1906 2782 2073 2837 αὒτδν
2115 2784 2224 2836 τῶν
2262 2784 2513 2853 ἀγγέλων
2543 2783 2634 2837 τὸν
2671 2783 2863 2853 δῆμον,
2898 2782 3099 2854 μᾶλλον
3142 2782 3201 2836 δὲ
3244 2784 3339 2837 καὶ
3374 2782 3502 2846 τοὺς

1907 2864 2175 2936 ἀδελφοὺς
2196 2862 2344 2937 εἶχεν
2364 2867 2527 2919 αὐτὸν
2547 2866 2880 2936 θεωμένους.
2899 2866 2998 2918 οὐκ
3021 2865 3101 2918 ἔτι
3122 2865 3232 2918 ἀπὸ
3251 2866 3353 2934 τῆς
3373 2866 3501 2935 γῆς,

1909 2949 2025 3003 ἀλλ’
2047 2952 2113 3002 ἐκ
2134 2950 2242 3003 τῶν
2270 2951 2539 3021 οὐρανῶν.
2570 2950 3041 3020 Ἐστεφανωμένοι
3070 2950 3177 3021 7&9
3212 2950 3502 3022 ἐκάθηντο,

1908 3032 2165 3104 καθάπερ
2196 3035 2255 3086 ἐν
2291 3035 2405 3095 τοῖς
2448 3033 2848 3103 Ὀλυμπιακοῖς
2879 3032 3087 3101 ἀγῶσιν
3130 3036 3179 3085 οί
3224 3033 3503 3093 δικασταὶ,

1909 3114 2032 3186 οὐχὶ
2078 3115 2361 3187 κρίνοντες
2387 3118 2501 3177 τοῖς
2530 3115 2932 3186 παλαίσμασιν,
2965 3114 3102 3170 ἀλλά
3131 3116 3224 3168 τὸν
3251 3115 3508 3185 στεφανί-

1910 3214 2011 3268 την
2042 3199 2391 3268 ἐπειγόμενοι
2424 3197 2631 3252 λαϐεῖν.
2668 3197 2929 3269 Είστήκει
2970 3199 3153 3253 τοίνυν
3190 3199 3505 3270 λελυμένος,

1912 3282 2008 3336 καὶ
2034 3282 2409 3352 φθεγγόμενος
2445 3282 2669 3353 ῥήματα
2703 3281 3023 3351 φιλοσοφίας
3054 3282 3295 3353 γέμοντα
3315 3299 3327 3310 ·
3353 3282 3509 3337 ὲϐού-

1913 3366 2035 3419 λετο
2075 3365 2174 3435 μὲν
2206 3364 2315 3437 γὰρ
2346 3366 2688 3436 μεταστῆσαι
2716 3366 2810 3419 τὸν
2838 3366 3104 3440 τύραννον
3132 3367 3267 3438 πρὸς
3301 3366 3400 3439 τήν
3429 3371 3510 3421 0i-

1913 3448 2068 3503 κείαν
2091 3447 2405 3502 εὐσέϐειαν·
2430 3447 2506 3511 ὼς
2538 3447 2595 3500 δέ
2622 3449 2722 3501 οὐκ
2754 3448 2966 3519 ἴσχυσε,
2996 3450 3056 3503 τὸ
3090 3451 3287 3504 ἑαυτοῦ
3322 3452 3509 3506 λοιπὸν

1915 3530 2192 3600 ἐποίησεν,
2250 3530 2516 3597 ἐξέδωκεν
2562 3531 2757 3584 ἐαυτὸν
2817 3535 2882 3603 τῇ
2929 3534 3195 3605 τιμωρίᾳ.
3241 3535 3510 3597 Κάκεῖνος

1920 3614 2021 3685 μὲν
2048 3612 2310 3685 ᾤκτειρεν
2335 3614 2500 3667 αὐτὸν
2537 3613 2638 3683 τῆς
2668 3614 2902 3686 ήλικίας,
2935 3611 3093 3678 οὗτος
3123 3616 3179 3669 δὲ
3208 3606 3512 3689 ἐδάκρυσεν

1917 3696 2080 3750 αὑτὸν
2104 3696 2205 3768 τῆς
2227 3696 2480 3760 ἀσεϐείας
2502 3713 2515 3727 ·
2547 3697 2608 3749 οὐ
2632 3698 2742 3769 7&9
2770 3698 2839 3752 1&
2862 3699 3002 3753 αὑτά
3031 3698 3222 3770 βλέπει
3252 3701 3281 3753 6
3309 3700 3513 3773 τύραν-

1918 3798 2009 3842 νος
2054 3781 2151 3833 καὶ⁸
2200 3782 2229 3834 6
2285 3780 2525 3852 μάρτυς·
2568 3782 2903 3853 ἀμφοτέροις
2958 3783 3056 3853 μὲν
3106 3784 3215 3854 γὰρ
3255 3785 3306 3837 οἱ
3357 3784 3512 3836 αὐτοὶ

1918 3863 2210 3933 ὀφθαλμοὶ,
2227 3862 2366 3917 ἀλλά
2391 3864 2494 3934 τῆς
2523 3865 2726 3934 σαρκός
2744 3882 2758 3898 ·
2780 3867 2828 3918 οἱ
2850 3865 2907 3919 δὲ
2930 3867 3032 3937 τῆς
3052 3867 3289 3928 πίστεως
3313 3866 3415 3919 οὒκ
3432 3866 3514 3920 ἐτι

1910 3949 1969 4007 κοί
1990 3947 2178 4000 αὐτοί·
2197 3946 2314 3999 ἀλλ’
2338 3950 2547 4009 ἐκεῖνος
2566 3948 2667 4016 μὲν
2690 3948 2889 4002 ἐϐλεπε
2911 3949 3009 4021 τὴν
3039 3951 3324 4022 παροῦσαν
3344 3949 3513 4022 ζωὴν,

1922 4023 2076 4092 οὗτος
2099 4029 2158 4082 δέ
2186 4028 2383 4085 ἐϐλεπε
2404 4028 2501 4102 τὴν
2527 4032 2849 4102 μέλλουσαν,
2877 4031 3013 4102 πρὸς
3041 4033 3108 4103 ἢν
3128 4032 3356 4104 ηέμελλεν
3391 4034 3515 4087 ἀνα-

1926 4113 2232 4185 πτήσεσοαι
2251 4131 2264 4143 ·
2307 4114 2407 4167 καὶ
2439 4117 2468 4167 6
2497 4116 2598 4186 μὲν
2643 4114 2910 4187 τύραννος
2941 4115 3090 4187 ἐώρα
3122 4119 3359 4188 τήγανα.
3388 4120 3416 4171 6
3457 4118 3515 4171 δὲ

1931 4196 2142 4266 μάρτυς
2187 4195 2335 4266 ἐώρα
2374 4197 2474 4267 τὴν
2510 4198 2759 4266 γέενναν,
2804 4200 2887 4262 είς
2931 4199 2999 4271 ἣν
3049 4199 3276 4270 ἔμελλεν
3324 4202 3517 4254 ἐαυτὸν

1923 4277 2184 4349 ἐμϐαλεῖν
2211 4279 2240 4332 6
2275 4278 2558 4351 τύραννος.

2002 4362 2064 4413 Et
2094 4361 2153 4415 δὲ
2177 4361 2270 4417 τὸν
2306 4363 2493 4417 Ἰσαὰκ
2525 4362 2912 4437 θαυμάζομεν,
2946 4367 3029 4437 ὅτι
3061 4367 3237 4433 δεθεὶς
3281 4367 3387 4421 ὑπὸ
3424 4369 3519 4422 τοῦ

1932 4445 2139 4516 πατρὸς
2164 4445 2260 4497 καὶ
2301 4445 2727 4516 συμποδισθεὶς,
2757 4449 2859 4503 οὐκ
2893 4450 3127 4523 ἐξήλατο
3167 4451 3261 4505 τοῦ
3308 4450 3520 4521 βωμοῦ,

1930 4528 2052 4580 οὐδὲ
2080 4528 2407 4599 ἐσκίρτησεν
2437 4530 2581 4601 ὁρῶν
2612 4532 2891 4603 μάχαιραν
2919 4536 3303 4607 ἐπαγομένην·
3341 4536 3522 4604 πολλῷ

1938 4612 2140 4683 μᾶλλον
2178 4612 2369 4665 τοῦτον
2397 4612 2703 4683 θαυμάζειν
2738 4618 2846 4689 χρὴ
2872 4657 2887 4677 .
2926 4618 3007 4672 ὅτι
3052 4619 3151 4672 οὐκ
3187 4618 3369 4690 ἐδέθη,
3400 4619 3523 4672 οὐδὲ

1933 4695 2032 4763 τῆς
2075 4694 2185 4747 ἀπὸ
2229 4693 2341 4747 τῶν
2390 4694 2606 4765 δεσμῶν
2644 4697 2891 4769 ἀνάγκης
2939 4700 3128 4771 χρείαν
3172 4701 3351 4772 ἔσχεν,
3399 4701 3522 4754 οὐδὲ

1935 4776 2186 4847 ἀνέμεινε
2212 4776 2311 4839 τὰς
2344 4780 2533 4849 χεῖρας
2560 4778 2670 4833 τῶν
2714 4779 2927 4850 δημίων
2948 4824 2963 4843 ,
3000 4783 3116 4835 ἀλλ’
3152 4785 3313 4848 αὐτὸς
3343 4784 3525 4854 ἐαυτῷ

1938 4861 2032 4913 καὶ⁸
2061 4859 2210 4929 θῦμα
2241 4861 2334 4913 καὶ
2368 4861 2547 4930 ἱερεὺς
2574 4862 2667 4914 καὶ
2702 4862 3089 4935 θυσιαστήριον
3110 4868 3319 4935 γέγονε.
3355 4868 3523 4938 Περι-

1941 4945 2223 5015 σκοπήσας
2262 4944 2601 5016 γὰρ-κύκλῳ,
2634 4946 2729 4999 καὶ
2770 4947 2894 5002 ίδὼν
2922 4950 3113 5003 οὐδένα
3140 4950 3246 5003 τῶν
3276 4951 3523 5019 ἀδελφῶν

1942 5027 2189 5098 παρόντα
2224 5026 2567 5099 ἐθορυϐήθη,
2604 5029 2842 5101 ἠπείχθη
2881 5032 3115 5085 σπεῦσαι
3160 5036 3254 5087 καὶ
3285 5034 3524 5087 καταλα-

1941 5112 2077 5177 ϐεῖν,
2111 5109 2251 5162 ὥστε
2297 5109 2372 5180 μὴ
2416 5111 2817 5183 ἀποσχισθῆναι
2850 5114 2944 5166 τοῦ
2992 5115 3158 5169 καλοῦ
3208 5116 3401 5171 τούτου
3435 5135 3525 5189 χο-

1943 5197 2061 5268 ροῦ.
2088 5195 2187 5248 Διά
2216 5193 2372 5246 τοῦτο
2390 5194 2491 5247 οὐκ
2520 5196 2773 5266 ἀιὲμεινε
2802 5196 2901 5260 τάς
2921 5197 3029 5251 τῶν
3058 5200 3275 5270 δημίων
3301 5203 3522 5271 χεῖρας·

1942 5278 2191 5348 ἐφοϐεῖτο
2212 5277 2321 5346 7&9
2348 5276 2447 5347 τὴν
2474 5277 2643 5345 φειδῶ
2666 5278 2762 5333 τοῦ
2790 5281 3079 5349 τυράννου,
3113 5284 3186 5354 μή
3210 5300 3340 5335 ποτε
3364 5282 3525 5336 αὑτὸν

1943 5362 2278 5431 κατελεήσας
2320 5358 2604 5433 ἐξαρπάσῃ
2646 5363 2743 5432 τῆς
2777 5364 3065 5427 κοινωνίας
3105 5366 3214 5417 τῶν
3243 5365 3523 5435 ἀδελφῶν·

1944 5447 2033 5500 διὰ
2060 5444 2216 5498 τοῦτο
2239 5444 2525 5515 προλαϐὼν
2568 5446 2761 5499 ἐαυτὸν
2786 5446 3063 5519 ἐξήρπασε
3090 5448 3191 5519 τῆς
3217 5448 3528 5520 φιλανθρωο

1948 5530 2079 5591 πίας
2116 5528 2217 5597 τῆς
2258 5526 2560 5597 ἀνημέρου.
2599 5529 2710 5581 Καὶ
2742 5528 2849 5600 γὰρ
2883 5530 3054 5589 πολλά
3093 5527 3160 5600 ἦν
3205 5530 3369 5585 ίκανά
3414 5534 3532 5585 ἐπι-

1949 5611 2164 5681 κάμψαι
2211 5608 2308 5663 ,τὸν
2357 5608 2650 5679 τύραννον,
2698 5612 2798 5683 τῆς
2846 5612 3065 5682 ἡλικίας
3111 5613 3175 5666 τὸ
3222 5613 3375 5674 νέον.
3421 5613 3533 5666 τῶν

1951 5693 2197 5763 ἀδελφῶν
2239 5691 2350 5744 τῶν
2399 5693 2671 5748 τοσούτων
2719 5698 2752 5768 ή
2802 5697 3077 5769 τιμωρία,
3116 5698 3150 5769 ἡ
3202 5698 3296 5752 καὶ
3342 5698 3533 5773 θηρίον

1917 5805 1920 5808 η
1952 5781 2112 5847 ἱκανὴ
2146 5778 2364 5855 κορέσαι
2393 5777 2526 5846 (ἀλλ’
2558 5782 2763 5838 ἐκεῖνος
2797 5780 2897 5835 οὐκ
2924 5782 3286 5855 ἐκορέννυτο),
3311 5783 3345 5849 ἠ
3372 5782 3536 5836 πολιά

3098 5865 3174 5928 111»
