4082 6464
128 431 215 487 6‘33

127 555 226 609 est;
249 539 459 598 canities
498 541 703 605 muttis,
733 535 982 607 quodque
1025 532 1439 605 praecedentium
1477 530 1684 602 suppli-

125 635 244 691 cium
272 631 394 686 nihil
422 630 754 702 profecisset.

159 723 227 778 Ὠ.
260 723 376 778 Ιιωο
413 721 592 776 omnia
623 734 805 775 secum
837 726 1018 774 mente
1044 722 1277 773 versans
1291 715 1605 771 adolescens
1632 715 1690 769 in

120 816 409 895 supplicum
435 814 673 884 seipsum
715 813 954 878 immisit,
982 807 1183 881 ex'qno
1211 809 1453 881 eﬁ‘ugere
1479 823 1585 864 non
1616 809 1689 863 li-

120 909 274 974 cebat,
295 917 354 963 et
390 917 667 977 tamquam
701 905 756 960 in
795 905 1011 960 laticum
1039 902 1349 973 frigidorum
1390 900 1589 956 fontem
1632 899 1693 955 irr-

117 999 299 1059 lobetes
326 1013 566 1069 ιιι-πωπω
611 997 912 1060 desiliebat,
960 995 1202 1050 divinum
1251 993 1523 1048 lavacrum
1569 993 1691 1048 illos

114 1090 416 1146 existimans:
445 1098 499 1144 et
524 1087 889 1157 baptismum.
935 1085 1100 1141 Sicut
1124 1084 1277 1139 enim-
1317 1083 1565 1138 homines
1599 1083 1694 1153 qui

115 1180 576 1251 uruntttr,,seipsos
622 1179 676 1233 in
729 1177 902 1239 lacum
951 1174 1266 1246 frigidarum
1291 1188 1552 1250 aquarum
1592 1174 1694 1228 im—

112 1273 329 1338 mittunt,
357 1274 435 1329 sic
459 1273 549 1327 ille
580 1271 811 1328 fratrum
832 1270 1376 1326 desidet-ioiiitcensus
1417 1268 1470 1323 in
1501 1283 1688 1322 eorum

112 1366 428 1435 supplicium
448 1379 509 1419 se
535 1364 774 1418 immisit.

178 1456 460 1528 Amplificnt
500 1465 548 1509 et
589 1454 766 1508 fuerim
795 1468 1099 1525 mansum
1119 1452 1298 1506 matris
1324 1452 1570 1506 animum.
1600 1449 1694 1505 Si-

113 1547 382 1601 militudine
417 1546 682 1618 etrapida
707 1546 861 1599 ducta
905 1560 1010 1598 rem
1035 1542 1696 1611 illuumr—Adjtmgcbat

113 1650 160 1693 et
183 1632 611 1694 cohortatione!»
646 1647 851 1701 mater,
893 1650 1006 1691 non
1028 1635 1171 1706 quod
1214 1634 1302 1689 ille
1327 1633 1701 1687 cohortatione

115 1727 378 1799 indigeret,
416 1727 523 1782 sed
561 1734 630 1782 ut
660 1740 852 1782 rursus
891 1725 1129 1780 muienis
1170 1722 1549 1778 fortitudinem
1576 1720 1696 1775 ani-

115 1819 420 1876 madvertas.
443 1818 650 1874 Nullius
678 1821 828 1874 enim
847 1827 1051 1889 septem
1083 1817 1370 1872 liberorum
1391 1807 1563 1870 causa
1585 1829 1700 1867 ma-

114 1921 253 1968 terno
269 1910 465 1967 οσαω
483 1920 750 1966 commota
771 1920 888 1967 est:
912 1911 1026 1964 imo
1040 1924 1167 1965 vero
1188 1909 1247 1963 in
1267 1908 1489 1978 singulis
1504 1907 1701 1962 atfccto

113 2011 638 2059 materno-commota
660 2010 778 2058 est:
805 2016 917 2058 non
939 2001 1083 2058 enim
1100 2000 1242 2055 dixit
1269 1999 1417 2069 apud.
1436 2014 1495 2055 se
1519 2019 1532 2054 :
1559 1998 1702 2067 Quid

114 2095 206 2150 hoc
233 2096 444 2152 tandem
481 2095 562 2150 rei
593 2096 713 2150 est?
737 2094 990 2163 abreptus
1019 2101 1104 2148 est
1133 2091 1269 2146 mihi
1311 2091 1539 2146 ﬁliorum
1564 2090 1702 2146 cbo-

112 2203 214 2252 rus,
242 2190 324 2244 hic
350 2188 641 2244 derelictus
666 2196 744 2243 est
770 2188 960 2244 solus:
1006 2187 1060 2242 in
1091 2187 1201 2241 hoc
1241 2199 1342 2256 ego
1378 2185 1448 2241 de
1473 2175 1705 2240 orbitate

113 2282 398 2350 periclitor;
434 2281 670 2352 quisme
691 2281 752 2336 in
783 2290 1052 2351 posterum
1080 2280 1190 2337 alet
1218 2280 1274 2334 in
1299 2287 1607 2340 senectute,
1656 2277 1704 2332 si

112 2375 195 2430 hic
217 2375 446 2432 abierit?
487 2391 594 2433 non
637 2374 779 2429 enim
820 2373 950 2428 mihi
994 2362 1267 2428 dimidiam
1312 2380 1519 2442 partem
1548 2371 1705 2425 exhi-

113 2464 288 2522 iniisse
305 2467 441 2520 satis
461 2475 598 2531 erat,
627 2474 725 2520 aut
743 2465 790 2518 si
819 2466 994 2518 minus
1023 2463 1545 2534 partetn'ditttidiarn,
1571 2462 1703 2516 duas

111 2567 302 2626 partes.
332 2556 438 2612 nisi
465 2565 520 2611 et
547 2572 671 2612 eum
696 2557 786 2627 qui
814 2556 943 2610 mihi
988 2556 1135 2610 solus
1163 2555 1229 2609 ad
1256 2555 1547 2609 senectutis
1569 2569 1705 2607 cono

110 2648 432 2703 solationem
466 2648 758 2704 derelictus
805 2657 909 2714 est,
957 2647 1130 2716 ipsunt
1159 2648 1324 2701 etiam
1348 2661 1539 2703 rursus
1572 2644 1708 2714 adji-

109 2741 279 2794 ciam?
303 2740 446 2796 Nihil
493 2741 683 2796 horum
715 2729 850 2795 dixit
873 2749 966 2794 aut
990 2739 1260 2809 cogitavit,
1290 2736 1385 2793 sed
1407 2736 1556 2807 quasi
1585 2751 1707 2805 ma-

112 2831 258 2887 nibus
272 2833 646 2889 cohortatione
658 2832 947 2887 verborum
977 2832 1030 2886 in
1054 2831 1219 2886 altum
1242 2829 1509 2885 sublatum
1533 2829 1704 2884 ﬁlium

108 2923 158 2975 in
204 2921 435 2979 lebetem
465 2924 702 2978 immisit.
735 2923 901 2978 Deum
933 2923 1174 2988 laudans,
1206 2922 1350 2992 quod
1381 2931 1548 2998 totum
1575 2926 1706 2976 ven-

109 3014 200 3067 tris
226 3014 308 3068 sui
357 3014 591 3069 fructum
637 3023 1005 3084 aeceptasset,
1047 3014 1358 3084 nullumque
1386 3015 1706 3082 res-puisset,

109 3121 290 3160 verum
315 3108 508 3161 omnia
525 3122 587 3162 ex
611 3106 806 3162 arbore
833 3121 995 3175 poma:
1013 3105 1404 3175 decerpsisset:
1431 3105 1502 3160 ita
1527 3115 1709 3160 utau-

107 3198 287 3253 tlacter
315 3198 499 3254 dicere
525 3198 722 3269 possim
748 3200 996 3268 graviora
1037 3196 1169 3252 ﬁliis
1193 3211 1312 3251 eam
1340 3210 1460 3253 esse
1491 3210 1706 3264 perpes-

109 3304 236 3344 sam.
269 3290 403 3347 Nam
433 3290 541 3346 illis
586 3291 802 3361 quidem
846 3305 969 3360 pars
998 3289 1172 3360 major
1214 3289 1416 3346 doloris
1444 3298 1499 3344 et
1538 3289 1704 3346 animi

106 3381 390 3451 deliquium
421 3383 828 3448 succidebatur;
859 3382 979 3437 lucc
1004 3397 1132 3438 vero
1159 3376 1375 3453 integra.
1402 3391 1584 3438 mente
1620 3382 1710 3452 ju-

107 3470 348 3544 dicioque
403 3475 575 3530 ill-.rso
631 3475 894 3531 veriorem
935 3491 1144 3541 eorum,
1195 3490 1313 3545 qua:
1356 3476 1703 3547 gerebantur,

107 3578 316 3619 sensum
345 3565 420 3620 ob
460 3577 705 3621 naturam
751 3566 1014 3635 capiebat.
1061 3567 1140 3623 Ac
1170 3567 1349 3623 videre
1373 3577 1490 3623 erat
1529 3569 1704 3640 ignem

107 3657 365 3728 triplicem
398 3678 412 3713 :
446 3675 604 3730 quem
638 3660 726 3716 ille
764 3668 1026 3732 tyrannus
1051 3661 1400 3731 accendebat,
1424 3679 1586 3734 quem
1608 3679 1705 3718 ex—

105 3749 526 3815 eitabatnatura,
543 3768 702 3822 quem
719 3751 951 3823 Spiritus
961 3762 1177 3809 sanctus
1191 3752 1572 3809 inflammabat.
1592 3754 1704 3811 Non

108 3841 267 3896 talem
303 3841 634 3914 Babylonius
677 3854 935 3916 tyrannus
987 3845 1084 3900 ille.
1123 3844 1409 3904 fornacem-
1437 3847 1702 3914 accendit,

104 3930 568 4004 (Dari.5),qnalem
589 3935 742 3990 matri
758 3934 1029 3991 fornacem
1050 3936 1135 3992 hic
1152 3948 1409 4010 tyrannus
1424 3939 1668 3994 accendit
1685 3953 1700 3993 :

108 4038 224 4078 nam
281 4024 394 4080 illic
446 4027 659 4095 quidem
714 4027 850 4096 ignis
891 4018 1066 4085 fomes
1116 4038 1233 4084 erat
1279 4029 1534 4099 naphtha,
1590 4032 1701 4100 pix,

103 4126 310 4184 stuppa,
345 4127 710 4184 sarmentum;
741 4118 827 4173 hic
855 4134 984 4174 vero
1014 4130 1224 4185 natura,
1251 4121 1702 4191 dolores-partus,

106 4205 394 4261 liberorum
452 4223 624 4275 amor,
670 4224 955 4278 puerorum
996 4211 1304 4266 concordia.
1354 4211 1469 4267 Non
1511 4213 1579 4266 ita
1631 4213 1712 4267 illi

99 4297 338 4362 tacentes
363 4301 416 4352 in
451 4301 570 4370 igne
597 4302 912 4370 urebantur,
944 4312 1105 4373 atque
1137 4303 1251 4360 haec
1277 4305 1347 4359 ob
1367 4321 1604 4360 antorem
1638 4307 1705 4360 li-

101 4389 350 4444 berorum
385 4391 662 4459 urebatur,
694 4392 789 4448 sed
820 4393 892 4449 ob
925 4394 1182 4464 pietatem
1213 4396 1494 4463 vincebat;
1521 4408 1578 4452 et
1607 4413 1704 4452 na-

104 4493 214 4534 tura
243 4498 376 4538 cum:
397 4484 569 4553 gratia
610 4488 897 4556 pugnabat,
929 4498 984 4542 et
1012 4477 1288 4544 uictoriam
1319 4489 1491 4559 gratia
1519 4505 1707 4561 repor-

101 4573 284 4629 tabat:
317 4574 514 4645 religio
543 4585 841 4631 maternum
868 4577 1116 4635 affectum
1143 4583 1452 4652 superabat,
1471 4593 1538 4644 ,et
1567 4584 1704 4653 ignis

102 4666 274 4735 ignem
299 4667 580 4736 vincebat,
607 4670 900 4739 spiritualis
925 4674 1245 4740 naturalem,
1279 4690 1448 4744 quem
1468 4675 1706 4731 crudeli-

104 4766 182 4812 tas
225 4759 845 4830 tyranni'sueeenderat.
895 4763 960 4818 Et
985 4761 1132 4819 sicut
1165 4765 1403 4820 marinus
1431 4767 1704 4837 scopulus,

99 4853 187 4920 qui
233 4851 500 4927 ﬂuctuum
557 4853 804 4911 incursus
833 4857 1059 4926 ,excipit,
1105 4860 1220 4928 ipse
1262 4859 1478 4928 quidem
1524 4867 1708 4915 manet

104 4941 416 5010 immobilis,
450 4945 571 5001 illos
595 4955 772 5002 autem
825 4948 877 5003 in
923 4963 1168 5017 spumam
1219 4949 1512 5006 dissolutos
1553 4950 1707 5007 facile

105 5037 232 5091 tollit
265 5055 280 5092 :
305 5036 388 5092 sic
421 5036 567 5093 illius
583 5053 796 5109 quoque
823 5040 1062 5095 mulieris
1087 5056 1180 5096 cor
1211 5052 1481 5112 tamquam
1512 5057 1706 5113 scopu-

107 5127 182 5182 lus
207 5128 458 5184 ntarinus
495 5129 690 5187 ﬂuctus
718 5133 990 5202 excipiens
1017 5133 1262 5187 dolorum
1303 5135 1566 5197 incursus,
1594 5135 1704 5203 ipsa

105 5219 311 5286 quidem
345 5222 550 5278 mansit
592 5214 833 5290 immota,
883 5224 979 5278 sed
1024 5224 1268 5279 incursus
1317 5226 1435 5279 illos
1463 5225 1614 5279 ﬁrma
1653 5231 1709 5278 et

107 5311 460 5382 philosophia:
490 5312 644 5382 plena
667 5325 844 5370 mente
868 5315 1131 5371 dissolvit.
1160 5316 1458 5371 Ostendere
1482 5327 1708 5387 tyranno

104 5403 463 5459 contendebat
504 5419 565 5460 se
589 5421 716 5462 vere
741 5416 967 5462 matrem
1016 5409 1227 5463 illorum
1248 5424 1390 5475 esse,
1419 5425 1544 5463 vere
1574 5410 1709 5464 filios

1369 421 1457 477 DE
1496 419 1720 476 MACCA
1733 419 1928 476 ΒίΕῐΞ.
1974 420 2062 478 Ill.

3285 427 3394 497 9‘36

1793 537 1910 592 illos
1935 551 2062 592 suos
2093 550 2222 592 esse
2258 535 2540 607 genuinos,
2571 550 2675 590 non
2710 547 2926 608 propter
2960 546 3168 593 naturae
3191 553 3394 608 cogna-

1793 629 2016 695 tionem,
2062 618 2157 684 sed
2198 636 2420 700 propter
2441 627 2649 684 virtutis
2675 631 3111 687 communionem
3147 648 3161 686 :
3202 645 3307 685 non
3339 645 3400 683 se

1793 721 1968 790 ignem
2017 727 2430 787 tormentorum,
2479 720 2581 776 sed
2623 719 2792 797 facem
2832 720 3126 792 nuptialem
3170 736 3395 776 cernere

1792 809 2171 866 arbitrabatur.
2210 809 2328 866 Non
2369 810 2442 866 ita
2490 821 2681 876 mater,
2728 826 2848 883 quae
2887 813 3043 867 ﬁlios
3077 811 3145 867 ad
3186 812 3398 882 nuptias

1793 910 2039 968 exornat,
2088 901 2323 969 lartatur,
2355 911 2416 956 ut
2446 901 2554 969 illa,
2579 918 2717 958 cum
2755 911 3004 958 cerneret
3042 905 3398 968 excruciatos,

1794 992 2093 1063 gaudebat;
2121 1000 2177 1048 et
2202 993 2354 1063 quasi
2392 993 2536 1050 hunc
2583 994 2722 1049 stola
2760 995 2996 1065 Sponsali
3025 995 3288 1062 amiciret,
3322 996 3398 1050 illi

1794 1098 2026 1140 coronas
2053 1087 2312 1150 necte'rct,
2344 1085 2501 1141 alteri
2540 1086 2809 1143 thalamos
2855 1087 3122 1158 nuptiales
3142 1087 3401 1159 erigeret,

1798 1179 1867 1234 ita
1898 1180 2041 1235 lnmc
2068 1179 2135 1236 ad
2166 1180 2389 1250 lebetes,
2418 1181 2568 1236 illum
2614 1181 2680 1236 ad
2726 1183 3025 1253 sartagines
3071 1191 3399 1244 currentem,

1797 1272 1960 1326 alium
2003 1273 2181 1342 capite
2227 1281 2531 1328 truncatum
2577 1289 2699 1328 cum
2744 1282 3030 1340 cerneret,
3079 1273 3401 1328 exsultabat.

1795 1363 1988 1419 Omnia
2010 1372 2123 1419 tutu
2152 1362 2302 1420 fumo
2329 1354 2623 1437 nidoreque
2652 1365 3042 1431 redundabant,
3072 1380 3135 1420 ac
3160 1365 3408 1420 sensibus

1798 1456 2048 1510 omnibus
2095 1454 2295 1511 liberos
2338 1468 2468 1511 suos
2492 1456 2872 1526 experimento
2893 1456 3278 1528 cognoscebat,
3312 1469 3409 1524 per

1799 1546 1985 1602 oculos
2016 1559 2112 1602 eos
2147 1547 2379 1612 intuens,
2407 1560 2502 1616 per
2525 1562 2686 1602 aures
2721 1547 2884 1603 verba
2911 1547 3232 1610 exaudiens,
3277 1545 3408 1616 ipsis

1801 1639 2028 1693 naribus;
2066 1637 2270 1693 fumum
2312 1637 2460 1693 illum
2489 1638 2730 1694 carnium
2771 1653 2990 1694 suavem
3036 1647 3091 1692 et
3134 1621 3408 1702 insuavem

1801 1729 2119 1799 excipiens:
2159 1729 2436 1784 insuavem
2479 1728 2694 1799 quidem
2737 1728 3064 1794 inﬁdelibus,
3118 1728 3232 1784 Deo
3283 1710 3412 1783 vero

1803 1820 2018 1891 ipsique
2038 1821 2279 1876 omnium
2305 1820 2724 1886 suavissimum;
2757 1819 2960 1875 fumum
3002 1820 3177 1885 illum,
3200 1820 3290 1890 qui
3320 1834 3412 1874 ae-

1805 1926 1918 1966 rem
1946 1911 2162 1982 quidem
2192 1909 2397 1978 infecit,
2431 1912 2674 1968 mulieris
2700 1920 2879 1968 autem
2925 1923 3165 1969 mentem
3190 1927 3295 1988 non
3326 1913 3410 1966 in-

1806 2000 1950 2056 fecit.
1979 2001 2166 2057 Stabat
2192 2002 2335 2057 enim
2364 2013 2620 2080 constans
2636 2013 2693 2058 et
2723 1988 3030 2070 immobilis,
3058 2004 3262 2067 omnia,
3291 2017 3412 2072 qua:

1805 2092 2149 2163 gerebantur,
2197 2079 2689 2163 patienter-“ferens.
2716 2094 2833 2150 Sed
2853 2094 2962 2165 jam
2993 2103 3201 2165 tempus
3227 2102 3330 2160 est,
3358 2103 3413 2147 ut

1809 2183 1968 2238 finem
1999 2184 2221 2239 dicendi
2261 2183 2542 2250 faciamus,
2571 2200 2680 2257 quo
2709 2186 2955 2257 pluribus
2993 2186 3067 2241 illi
3108 2185 3352 2241 laudibus
3381 2200 3412 2241 a

1807 2275 2079 2330 communi
2107 2274 2327 2332 docture
2347 2275 2428 2349 (a)
2452 2277 2812 2332 cumulentur.

1883 2366 2100 2422 Muralis
2140 2369 2425 2424 exhortatio
2453 2369 2522 2423 ad
2559 2369 2887 2445 imitationem
2912 2369 3110 2425 matris.
3147 2400 3223 2412 --
3257 2369 3406 2425 lianc

1810 2460 2088 2516 imitentur
2111 2469 2310 2530 patres,
2342 2463 2665 2517 cumulentur
2682 2471 2882 2517 matres
2905 2505 2921 2530 ,
2947 2471 3002 2519 et
3024 2462 3279 2518 mulieres
3309 2502 3327 2529 ,
3353 2471 3409 2517 et

1809 2551 1945 2618 viri;
1973 2553 2064 2623 qui
2097 2553 2149 2607 in
2182 2552 2493 2623 virginitate
2533 2548 2738 2621 vivunt,
2787 2565 2841 2610 et
2887 2556 2976 2627 qui
3012 2555 3184 2611 saccis
3229 2554 3410 2610 amicti

1810 2653 1956 2708 sunt,
2005 2655 2060 2699 et
2111 2645 2202 2716 qui
2233 2647 2511 2716 torquibus
2554 2647 2806 2703 exornati
2837 2665 2850 2700 :
2883 2649 3225 2718 quantumvis
3265 2649 3410 2704 enim

1809 2746 2088 2790 austeram
2128 2737 2388 2794 fuerimus
2419 2740 2580 2793 vitam
2633 2738 2874 2809 ampl’exi
2914 2750 2968 2795 ct
2993 2739 3410 2810 pltilosOphiam,

1811 2831 2064 2886 mulieris
2092 2830 2431 2902 philosophia
2460 2833 2798 2888 tolerantiam
2846 2842 3084 2888 nostram
3117 2832 3406 2888 antecedit.

1808 2919 1998 2976 Nullus
2029 2922 2192 2992 igitur
2217 2937 2423 2988 eorum,
2457 2923 2547 2993 qui
2574 2923 2639 2977 ad
2667 2935 2934 2978 summam
2962 2923 3326 2978 fortitudinem
3345 2937 3411 2977 ac

1812 3014 2121 3083 patientiam
2148 3015 2507 3084 pervenerint,
2528 3015 2802 3086 indignum
2825 3017 3092 3072 exiSIimet
3111 3016 3410 3071 confectam

1809 3105 2266 3161 seniemnlier'ent
2298 3107 2398 3162 sibi
2433 3109 2743 3178 magistratu
2771 3108 3078 3164 adsciscere
3105 3125 3121 3172 ;
3171 3108 3268 3164 scd
3297 3125 3414 3163 otn-

1826 3213 1930 3254 nes
1953 3199 2110 3254 simul
2137 3215 2374 3263 orcmus,
2406 3202 2493 3271 qui
2522 3200 2687 3256 urbes
2708 3199 3012 3257 incolitiset
3036 3200 3201 3272 quiin
3224 3201 3412 3256 deser-

1811 3291 2236 3356 tis-versamini;
2291 3294 2386 3364 qui
2411 3295 2771 3364 virginitatem
2818 3295 3012 3360 colitis,
3057 3303 3113 3350 et
3137 3295 3227 3366 qui
3251 3297 3413 3351 castis

1809 3385 2012 3454 nuptiis
2041 3384 2316 3455 refulgetis
2346 3387 2467 3456 ;qui
2496 3387 2678 3442 stuculi
2710 3386 2867 3458 hujus
2896 3401 2985 3442 res
3008 3403 3196 3444 omnes
3218 3405 3410 3459 asper-

1814 3477 2034 3540 namini,
2071 3485 2122 3529 et
2152 3491 2350 3546 corpus
2370 3478 2712 3532 crucillxistis
2745 3495 2759 3532 :
2787 3488 2844 3533 ut
2868 3479 3056 3535 eodem
3088 3496 3250 3535 cursu
3272 3496 3404 3536 con-

1812 3564 1955 3622 fecto
2003 3566 2251 3622 ﬁduciam
2299 3567 2545 3623 eamdem
2595 3585 2755 3639 quam
2788 3569 2900 3640 ipsa
2950 3567 3318 3635 ‘obtineamus,
3349 3586 3412 3625 ac

1813 3672 1979 3728 prope
2002 3659 2176 3728 ipsam
2195 3658 2247 3712 in
2278 3659 2364 3713 die
2393 3660 2479 3713 illa
2505 3660 2869 3717 consistamus
2888 3703 2904 3729 ,
2932 3671 3133 3718 sanctae
3158 3663 3406 3732 precibus

1812 3747 1933 3804 freti
1962 3750 2184 3821 ejusque
2232 3750 2546 3816 liberorum,
2576 3762 2630 3806 et
2659 3753 2919 3822 Eleazari,
2955 3753 3045 3824 qui
3074 3753 3399 3810 chorumil—

1813 3841 1922 3897 lum
1963 3843 2220 3912 explevit,
2250 3843 2432 3913 magni
2452 3845 2808 3914 generosique
2836 3844 3005 3905 senis.
3030 3847 3118 3917 qui
3138 3844 3406 3920 adaman-

1813 3934 1981 3987 tinum
2009 3933 2248 3987 animum
2277 3934 2330 3988 in
2365 3934 2606 3989 adversis
2635 3951 2744 4004 pra:
2785 3950 2847 3990 se
2890 3936 3031 3990 tulit.
3067 3936 3120 3991 Id
3150 3951 3278 3991 vero
3310 3950 3410 4006 po-

1815 4024 2043 4080 terimus
2072 4025 2309 4096 assequi,
2342 4025 2386 4080 si
2411 4041 2510 4080 una
2527 4041 2650 4081 cum
2677 4027 2876 4082 sanctis
2901 4028 3111 4082 illorum
3145 4028 3412 4098 precibus,

1811 4118 1976 4172 etiam
2011 4133 2131 4187 qum
2185 4126 2491 4172 nostrarum
2521 4127 2647 4172 sunt
2680 4119 2910 4187 partium
2941 4119 3285 4174 conferamus
3315 4159 3332 4183 ,
3352 4130 3416 4173 et

1812 4220 1936 4265 ante
1982 4211 2118 4266 bella
2161 4211 2426 4282 cnﬁsque
2463 4211 2718 4268 adversos
2748 4212 2898 4282 pacis
2929 4221 3173 4281 tempore
3200 4220 3416 4283 pertur-

1813 4303 2057 4358 bationes
2100 4319 2220 4373 quae
2256 4303 2309 4356 in
2352 4304 2506 4357 nobis
2535 4313 2660 4357 sunt
2700 4303 3415 4372 vincamus,incompositns

1814 4393 1997 4448 carnis
2024 4393 2254 4447 insultus
2283 4408 2710 4463 compescamus,
2739 4395 3107 4465 suggillemus,
3136 4401 3192 4453 et
3219 4395 3269 4447 in
3301 4408 3418 4447 sur-

1812 4485 2038 4539 vitutcm
2069 4499 2264 4554 corpus
2301 4484 2624 4554 rcdigamns.
2672 4484 2762 4541 Sic
2785 4485 2928 4540 enim
2974 4487 3083 4550 fiet,
3119 4495 3175 4539 ut
3211 4485 3326 4541 sive
3353 4486 3404 4539 in

1813 4585 1944 4646 pace
1971 4577 2132 4630 vitam
2166 4577 2525 4642 traducamus,
2560 4577 2870 4646 Splendidas
2897 4577 3300 4649 gymnasiorum
3321 4593 3414 4631 co-

1813 4685 1975 4724 ronas
1999 4669 2374 4735 obtineamus;
2404 4670 2537 4734 sive,
2567 4679 2625 4725 ut
2669 4669 2812 4725 idem
2836 4679 3109 4726 certamen
3135 4671 3417 4733 obeamus.

1813 4760 2049 4833 benigno
2099 4761 2213 4833 Deo
2246 4763 2420 4818 visum
2451 4762 2636 4828 fuerit,
2666 4763 2718 4816 in
2747 4777 2966 4818 arenam
2997 4763 3167 4835 pa‘rati
3189 4763 3418 4819 descen-

1811 4853 2021 4921 damus,
2052 4863 2105 4910 et
2135 4855 2372 4910 caelestia
2399 4856 2960 4926 bona-consequamur
2987 4872 3000 4910 ι
3029 4869 3151 4926 qua:
3181 4871 3280 4910 nos
3300 4869 3419 4910 om-

1813 4962 1910 5002 nes
1953 4956 2010 5001 ut
2029 4947 2389 5015 obtineamus,
2414 4947 2733 5019 faxitgratia
2757 4958 2811 5004 et
2856 4948 3158 5019 benignitas
3207 4948 3422 5003 Domini

1814 5038 1985 5092 nostri
2017 5037 2144 5092 Jesu
2167 5038 2388 5102 Christi,
2416 5053 2512 5108 per
2534 5053 2698 5109 quem
2723 5049 2922 5094 etcum
2947 5053 3055 5110 quo
3073 5039 3212 5094 Patri
3227 5038 3420 5109 gloria,

1815 5127 1989 5183 honor
2011 5138 2066 5184 et
2097 5130 2402 5198 imperium,
2430 5146 2532 5184 una
2563 5145 2684 5184 cum
2713 5139 2902 5187 sancto
2939 5130 3163 5198 Spiritu,
3193 5145 3336 5185 nunc
3362 5141 3418 5185 et

1814 5235 2053 5290 semper,
2079 5230 2136 5276 et
2160 5222 2213 5274 in
2245 5220 2440 5276 saecula
2470 5221 2819 5277 saeculorum.
2841 5223 3038 5277 Amen.

1882 5415 1959 5480 (a)
1991 5424 2060 5466 De
2075 5416 2300 5466 Flaviano
2320 5416 2552 5480 loquitur.

1073 5570 1184 5642 ΙΝ
1234 5571 1702 5646 SANCTOS
1745 5558 2114 5645 MACCA
2125 5572 2446 5649 BAEOS.

1552 5713 1977 5768 «Μ»

721 5824 937 5865 ΗΟΠῘΗΑ
977 5823 1057 5866 III.

176 5905 321 5960 Senis
347 5902 792 5980 [firmarit-iudet
819 5902 1059 5969 raptim.
1093 5933 1160 5943 -—-
1190 5900 1326 5958 Cum
1358 5912 1410 5960 et
1442 5903 1696 5973 martyri-

1821 5810 1918 5865 bus
1943 5809 2178 5866 debitam
2218 5826 2441 5881 operum
2469 5809 3018 5873 commendationem,
3046 5819 3101 5863 et
3145 5808 3417 5863 ιειιςιςιςιιιι

1820 5905 1870 5961 in
1903 5906 2173 5972 angustias
2196 5903 2592 5959 multitudinem
2615 5901 2792 5970 video,
2822 5917 2909 5958 me
2939 5901 3098 5973 piget.
3124 5901 3404 5970 Qststcirca,
