4082 6424
255 372 358 431 ϐἳθ

1231 317 1233 320 ι
1327 366 1414 420 DE
1454 363 1556 421 SS.
1596 359 1892 419 Bl‘JiiNlCE
1933 360 2018 416 ET
2060 357 2434 415 PllOSDOCE.

3407 356 3509 414 οδε

250 515 3500 556 ww

449 674 847 740 ΒΕΒΝΙΩΕΝ
887 673 993 734 ΕΤ
1035 670 1507 735 PROSDOC'EN
1546 651 1924 732 VIRGINES
1961 670 2070 731 ET
2113 667 2555 730 DOM‘NINAM
2598 667 2826 730 MATR
2841 669 2950 731 ΕΜ
2992 670 3299 733 EARUM.

242 847 418 902 fuisse
440 887 456 910 ,
488 851 596 899 non
628 850 816 913 autem
854 845 906 899 in
939 845 1028 901 die
1059 839 1417 898 Erat-talionis
1456 838 1514 896 S.
1543 838 1755 898 Crucis.
1784 852 1905 907 qum
1925 835 2296 908 Clirysostomi
2326 845 2575 918 tempore
2609 835 2850 892 nondum
2880 837 3278 894 celebrabatur.
3307 840 3496 912 Longe

236 939 546 995 consultius
576 911 1014 1010 Martyrologium
1050 934 1354 990 Romanum
1383 930 1583 1036 festum
1608 931 1710 1036 ES.
1743 928 2040 1031 Martyrum
2077 927 2360 1030 bonmiua
2392 939 2446 1036 et
2477 914 2748 1036 sociarum
2778 929 3337 1036 addidprilisndiem
3366 950 3502 1036 conf

235 1029 456 1098 ςῑεηοι,
487 1026 612 1081 licet
641 1026 695 1080 in
731 1030 831 1081 hoc
861 1040 1085 1096 peccare
1127 1023 1392 1086 videatur,
1425 1019 1572 1091 quod
1608 1018 1931 1073 Domuinam
1965 1018 2225 1089 virginem
2260 1028 2444 1096 vocet,
2479 1035 2603 1090 qua:
2636 1027 2811 1074 mater
2842 1017 2994 1091 [63L]
3020 1031 3138 1076 erat
3166 1022 3422 1082 Bcrnices
3449 1034 3504 1082 et

235 1116 539 1173 Prosdoces
582 1117 870 1186 virginum.
899 1114 975 1168 Ex
1008 1115 1112 1170 hoc
1153 1124 1334 1168 autem
1377 1111 1606 1166 Romani
1650 1110 2016 1182 MartyroIOgii
2058 1111 2272 1165 calculo
2310 1126 2519 1167 annum
2558 1128 2669 1182 quo
2696 1122 2810 1166 tum
2853 1113 2970 1169 haec
3004 1126 3317 1170 sanctarum
3351 1133 3503 1172 mar-

231 1221 442 1278 tyrum,
470 1217 582 1262 tum
606 1208 695 1260 illa
717 1205 784 1260 de
810 1204 985 1261 Cruce
1014 1205 1238 1261 humilia
1266 1204 1448 1259 habita
1467 1213 1570 1270 est,
1597 1204 1866 1310 espiscari
1898 1202 2324 1310 possejidemur
2383 1218 2576 1272 nempe
2596 1204 2734 1310 ξε)Ξῖ
2891 1203 3505 1310 Paschacelebrabatur

228 1295 612 1353 die'vieesima
659 1304 852 1350 octava
895 1293 1096 1362 Martii,
1144 1303 1199 1350 et
1237 1291 2002 1363 eonsequenterl’arasceves
2043 1290 2131 1346 die
2186 1292 2446 1347 vicesima
2495 1302 2649 1348 sexta
2688 1293 2935 1363 ejusdem
2969 1295 3173 1349 mensis
3205 1313 3217 1348 :
3249 1309 3280 1350 a
3315 1311 3424 1366 qua
3454 1299 3498 1352 si

228 1402 523 1444 numerum
554 1389 744 1452 ducas,
785 1389 1042 1445 vicesima
1085 1389 1202 1446 dies
1228 1388 1426 1444 incidet
1457 1388 1510 1442 in
1544 1388 1810 1444 decimam
1859 1398 2110 1456 quartam
2143 1387 2365 1456 Aprilis.
2401 1387 2454 1442 In
2499 1388 2608 1444 hoc
2631 1388 2801 1456 igitur
2831 1389 3044 1444 calculo
3086 1391 3365 1454 standum,
3399 1398 3504 1451 etsi

229 1497 344 1540 non
397 1485 518 1540 sine
551 1484 787 1554 quodam
831 1485 1088 1554 scrupulo
1125 1502 1140 1540 :
1174 1499 1332 1547 nam,
1367 1493 1425 1538 ut
1456 1483 1694 1538 diximus
1742 1483 1794 1536 in
1837 1478 2044 1535 Monito
2069 1482 2135 1536 ad
2163 1481 2427 1538 Homilies
2459 1494 2645 1538 contra
2684 1482 2934 1548 Iudaeos,
2976 1483 3174 1540 tabula:
3204 1485 3506 1545 Puscbales

226 1594 355 1652 qua
379 1589 509 1634 sunt
534 1580 934 1649 posterioribus
963 1581 1177 1636 mulis
1203 1579 1560 1641 concinnatae,
1587 1595 1711 1633 cum
1748 1579 2021 1634 veteribus
2050 1579 2250 1634 tabulis
2275 1595 2382 1633 non
2401 1579 2738 1634 concordare
2753 1577 2922 1634 facile
2947 1587 3202 1650 possunt.

292 1673 689 1743 lnterpretatio
721 1677 908 1731 Latina
933 1674 1334 1732 est-Frontonis
1371 1673 1572 1727 Ducai.

1113 1877 1275 1962 DE
1322 1873 1796 1960 SANCTIS
1839 1866 2598 1958 MARTYRIBUS

292 2025 571 2085 uenulas
615 2030 697 2072 nr
740 2013 1062 2077 rnosooc'u
1108 2033 1496 2090 "nolumus,
1542 2033 1623 2076 ετ
1665 2029 1955 2074 υοιικηυ
2004 2030 2526 2088 ΜΑτεικκεΑιιυκ,
2573 2030 2842 2074 Ηοωιιι
2890 2033 3288 2077 pausarium
3335 2018 3439 2087 (α).

1689 2139 2062 2196 διέθει-ΞΘ)

275 2243 302 2298 1
375 2242 617 2298 Nondum
644 2245 813 2314 elapsi
849 2255 975 2299 sunt
999 2245 1116 2301 dies
1134 2246 1343 2317 viginti,
1371 2260 1436 2302 ex
1467 2259 1573 2316 quo
1595 2257 1802 2297 memo-

200 2335 340 2388 riam
367 2333 554 2389 Crucis
580 2337 988 2402 celebravimus,
1020 2347 1074 2393 et
1098 2353 1224 2393 ecce
1254 2348 1548 2409 martyrum
1595 2349 1816 2392 memo-'

199 2425 338 2493 riam
377 2425 732 2482 Celebramus.
767 2427 950 2494 Vides,
1001 2438 1060 2484 ut
1108 2430 1256 2485 celer
1281 2430 1468 2484 mortis
1505 2427 1702 2485 Christi
1729 2428 1804 2483 sit

198 2515 455 2570 fructus?
497 2527 720 2587 propter
763 2519 904 2574 illam
946 2535 1099 2574 ovem
1126 2520 1381 2591 jugulatre
1427 2528 1552 2574 sunt
1598 2520 1680 2574 ha:
1709 2519 1800 2588 frte

196 2621 408 2670 veneat,
451 2620 671 2678 propter
718 2609 869 2664 illum
917 2626 1112 2681 agnum
1164 2611 1251 2666 lia:
1279 2613 1533 2677 victimae,
1571 2620 1802 2681 propter

195 2698 333 2755 illud
353 2699 674 2755 sacriﬁcium
703 2701 786 2757 hac
811 2703 1114 2760 oblationes
1144 2723 1156 2758 :
1186 2703 1427 2759 nondum
1458 2705 1645 2774 viginti
1685 2705 1797 2759 ela-

194 2793 275 2861 psi
307 2801 436 2848 sunt
458 2793 679 2860 dies,~et
723 2797 902 2852 subito
947 2799 1148 2868 lignum
1179 2801 1358 2854 erucis
1385 2799 1645 2868 praeclara
1667 2814 1795 2868 ger-

191 2886 341 2940 mina
389 2897 682 2958 martyrum
723 2889 1043 2958 germinavit
1077 2909 1089 2943 :
1118 2891 1239 2946 lucc
1288 2890 1434 2945 enim
1477 2899 1608 2945 sunt
1653 2889 1796 2944 illius

191 2977 389 3030 mortis
409 2992 592 3045 opera.
616 2977 749 3034 Vide
778 2981 939 3050 igitur
958 2996 1168 3044 eorum,
1195 2995 1313 3051 quae
1340 2991 1448 3035 tum
1477 2981 1618 3036 dicta
1643 2986 1792 3046 'su‘nt',

188 3066 453 3134 operibus
510 3067 641 3139 ipsis
677 3071 968 3124 exhibitam
1027 3071 1187 3126 hodie
1248 3071 1790 3128 demonstrationem.

188 3159 329 3214 Tum
360 3159 602 3215 dicebam
634 3161 929 3217 :‘Contrivit
949 3172 1124 3232 pertus
1146 3178 1324 3230 meas,
1351 3172 1396 3217 et
1417 3174 1579 3219 vectes
1604 3166 1793 3249 ferreus

187 3250 446 3323 confregit
487 3251 940 3326 (Psat.l06.16)
976 3269 990 3308 :
1034 3253 1149 3310 lucc
1194 3257 1447 3325 operibus
1488 3256 1654 3312 hodie
1699 3257 1794 3312 deo-

188 3353 582 3399 tnonstrantur.
610 3343 720 3400 Nisi
743 3347 884 3400 enim
908 3357 1090 3416 portas
1107 3363 1279 3403 azreas
1295 3350 1658 3416 contrivisset,
1679 3349 1792 3404 illis

185 3433 388 3489 clausis
410 3435 664 3491 mulieres
691 3445 798 3491 tam
827 3437 990 3493 facile
1014 3439 1228 3509 ingredi
1250 3456 1395 3494 ausa:
1435 3453 1546 3494 non
1567 3450 1747 3496 essent
1772 3457 1786 3492 :

186 3524 293 3579 nisi
334 3523 564 3581 ferreum
595 3534 798 3583 vectem
822 3527 1194 3600 confregisset,
1227 3545 1334 3584 non
1353 3531 1660 3600 potuissent
1689 3533 1791 3586 vir-

183 3619 345 3688 gines
371 3617 542 3688 ipsum
575 3619 796 3676 auferre
836 3638 852 3679 :
890 3622 997 3676 nisi
1039 3622 1282 3678 inutilem
1303 3638 1578 3680 carcerem
1606 3624 1789 3680 reddi-

183 3711 390 3777 disset,
424 3728 526 3767 non
579 3720 726 3767 tanta
773 3727 895 3768 cum
944 3715 1270 3770 conﬁdentia
1311 3727 1577 3788 martyres
1603 3726 1788 3772 essent

184 3801 461 3873 ingressu.
511 3801 830 3861 Benedictus
871 3806 1036 3874 Deus,
1067 3809 1264 3863 mulier
1308 3807 1374 3864 ad
1430 3817 1662 3889 mortem
1704 3818 1788 3865 est

183 3893 489 3963 intrepida;
536 3896 749 3962 mulier,
796 3913 919 3968 quae
941 3908 1172 3954 mortem
1192 3900 1242 3955 in
1269 3908 1513 3956 naturam
1541 3910 1781 3957 nostram

183 3985 407 4052 invexit,
457 3989 735 4060 antiquum
770 3990 970 4046 diaboli
1013 3992 1176 4047 telum
1208 4036 1222 4059 ,
1283 3994 1390 4050 hoc
1425 3994 1622 4051 diaboli
1674 3998 1794 4053 vim

182 4081 466 4149 prostravit
495 4099 510 4148 ;
540 4084 810 4139 inﬁrmum
842 4087 1114 4141 vasculum
1144 4095 1201 4142 et
1236 4087 1444 4159 injuriis
1465 4090 1778 4158 obnoxium,

182 4173 346 4228 telum
393 4173 586 4230 factum
620 4183 703 4232 est
757 4178 1165 4248 insuperabile:
1223 4182 1478 4239 mulieres
1522 4183 1780 4241 adversus

179 4273 412 4320 mortem
460 4266 691 4324 audaces
736 4282 900 4325 sunt:
935 4275 1058 4343 quis
1097 4288 1204 4328 non
1231 4275 1614 4346 Obstupescat?
1643 4278 1779 4333 Eru-

177 4355 402 4413 beseant
428 4360 673 4429 gentiles,
717 4362 992 4432 pudellant
1037 4365 1226 4433 Iudaei,
1257 4369 1348 4438 qui
1395 4373 1774 4427 resurrectioni

173 4444 378 4504 Christi
409 4467 514 4505 non
543 4453 788 4508 credunt.
813 4456 965 4523 Quod
987 4459 1156 4524 enim,
1186 4475 1390 4530 qutBSO,
1421 4462 1593 4532 majus
1620 4478 1776 4534 algu.

176 4549 420 4595 mentum
471 4547 884 4602 resurrectionis
928 4552 1147 4618 qumris,
1201 4567 1322 4606 cum
1366 4561 1569 4608 tantam
1593 4555 1775 4610 videas

177 4648 356 4687 rerum
383 4632 576 4690 laetam
600 4638 1005 4694 mutationem?
1031 4641 1282 4698 Mulieres
1306 4644 1374 4699 ad
1402 4657 1628 4701 mortem
1651 4657 1774 4702 sunt

173 4722 473 4791 intrepidre,
495 4742 605 4782 rem
627 4743 748 4798 quae
773 4731 858 4785 vel
878 4733 1078 4789 sanctis
1103 4735 1232 4790 viris
1254 4745 1408 4791 antea
1426 4736 1772 4794 lormidabilis

169 4822 290 4868 erat
317 4823 373 4869 et
403 4814 693 4898 horrenda.

246 4905 504 4974 Quantum
525 4912 906 4978 reformidarint
934 4927 1145 4972 mortem
1167 4921 1290 4974 olim
1312 4929 1592 4977 veleres.—
1611 4915 1769 4981 Disce

167 4997 364 5065 igitur,
427 5009 630 5070 quanto
683 5015 827 5060 esset
881 5007 1009 5062 olim
1075 5011 1294 5079 timori,
1338 5023 1433 5079 ut,
1488 5030 1609 5070 cum
1655 5021 1765 5088 jam

168 5101 424 5157 quantum
460 5093 527 5146 sit
560 5095 905 5167 despicabilis
944 5103 1164 5172 videris,
1209 5107 1373 5162 Deum
1415 5111 1600 5167 laudes
1644 5128 1766 5168 mu-

167 5180 386 5235 tationis
425 5193 698 5241 auctorem
732 5206 746 5244 :
780 5176 926 5246 disce
956 5205 1150 5263 quanta
1171 5199 1262 5272 vis
1283 5200 1398 5268 ejus
1428 5204 1574 5272 prius
1599 5222 1659 5260 es
1691 5217 1760 5271 et,

167 5281 394 5333 ut,cum
441 5284 637 5343 quanta
681 5280 750 5334 sit
801 5299 943 5338 nunc
989 5269 1276 5344 inﬁrmitas
1334 5292 1450 5360 ejus
1487 5295 1761 5366 didiceris,

165 5361 383 5417 (Lhristo
408 5371 608 5435 gratias
646 5386 794 5440 agas,
824 5377 914 5443 qui
943 5392 1061 5432 eant
1099 5397 1320 5449 prorsus
1344 5390 1634 5444 enervarit.
1669 5391 1764 5446 Ni-

168 5450 241 5506 hil
268 5453 358 5508 illa
391 5459 658 5516 robustius
688 5465 814 5519 olim
840 5477 978 5532 erat,
1001 5472 1299 5541 carissime,
1344 5478 1582 5550 nihilque
1609 5483 1762 5539 nobis

167 5539 478 5601 imbecillius
495 5567 522 5614 ,ς
544 5550 654 5618 jam
685 5570 812 5610 vero
841 5559 969 5614 nihil
993 5571 1078 5616 est
1128 5565 1213 5620 illa
1243 5568 1580 5640 imbecillius,
1604 5575 1762 5631 nillil-

232 5703 303 5760 (η)
339 5706 513 5756 "allata
532 5721 637 5758 cum
662 5714 831 5766 codice
861 5723 1007 5781 Regio
1035 5722 1172 5774 2317.

1912 2248 2016 2302 que
2045 2233 2197 2288 nobis
2239 2234 2529 2304 robustius.
2566 2236 2746 2298 Vides.
2781 2246 2838 2291 ut
2868 2238 3066 2308 optima
3111 2240 3182 2294 sit
3229 2243 3360 2297 facta
3403 2259 3521 2298 mu-

1911 2323 2076 2377 talio?
2095 2333 2149 2376 ut
2175 2325 2394 2379 robusta
2415 2327 2626 2381 inﬁrma
2651 2328 2964 2397 reddiderit,
2989 2343 3042 2385 et
3066 2331 3275 2388 inﬁrma
3301 2336 3520 2390 robusta

1909 2412 2050 2468 Deus
2074 2414 2329 2481 eﬂ‘ecerit,
2377 2433 2486 2488 quo
2509 2426 2658 2474 suam
2713 2421 2866 2476 nobis
2932 2425 3203 2494 utrimque
3221 2429 3520 2494 potentiam

1909 2505 2249 2562 declararet?
2280 2509 2658 2566 Verumtamen
2705 2527 2771 2568 ne
2826 2514 2941 2586 lucc
2992 2516 3259 2572 afﬁrmare
3305 2527 3514 2574 tantum

1907 2599 2110 2668 iidear,
2132 2601 2644 2660 demonstrationem
2686 2608 2850 2662 etiam
2882 2609 3190 2680 adjnugam.
3221 2613 3318 2678 Ac,
3351 2617 3395 2668 si
3440 2616 3517 2668 vi-

1905 2691 2084 2758 detur,
2119 2696 2348 2764 primum
2400 2698 2531 2753 illud
2564 2701 2957 2769 ostendamus,
3011 2718 3117 2774 quo
3164 2693 3322 2774 pacto.
3367 2707 3511 2762 illam

1900 2790 2062 2838 antea
2088 2784 2502 2843 reformidarent
2528 2804 2632 2845 non
2653 2803 2965 2861 peccatores
2995 2795 3176 2860 modo,
3210 2798 3305 2853 sed
3329 2811 3377 2853 et
3411 2799 3512 2854 bo-

1902 2873 2076 2929 mines
2098 2879 2290 2944 sancti,
2319 2880 2408 2949 qui
2438 2881 2658 2937 multam
2683 2885 2825 2954 apud
2854 2886 3021 2941 Deum
3067 2887 3315 2945 ﬁduciam
3345 2892 3513 2948 imber

1903 2964 2051 3033 bant,
2083 2969 2174 3039 qui
2199 2979 2345 3026 recte
2393 2969 2547 3030 factis
2574 2975 2940 3045 abundabant,
2973 2995 3300 3054 omnemque
3333 2985 3505 3041 virtu-

1900 3065 2009 3112 tem
2050 3061 2355 3131 attigc'rant.
2385 3064 2516 3120 “me
2543 3077 2720 3122 autem
2745 3071 2996 3138 ostendo,
3046 3087 3151 3126 non
3202 3085 3260 3128 ut
3290 3085 3510 3133 sanctos

1898 3147 2338 3220 condemnemus,
2370 3155 2464 3208 sed
2484 3165 2541 3210 ut
2560 3156 2651 3212 Dei
2677 3161 2974 3228 potentiam
3014 3162 3320 3220 etIeramus.
3357 3167 3509 3224 l'udu

1888 3239 2061 3310 igitur
2080 3251 2289 3300 constat
2301 3246 2691 3304 formidabilem
2709 3261 2866 3306 antea
2888 3255 3074 3314 mortis
3093 3255 3294 3312 larvam
3318 3260 3501 3327 fuisse,

1893 3342 2226 3406 cunctosque
2257 3338 2404 3392 illatn’
2433 3339 2706 3398 horruisse
2731 3354 2784 3399 et
2811 3347 3139 3403 tremuisse?
3168 3349 3246 3405 Ex
3273 3353 3504 3421 patriar-

1895 3425 1996 3480 cha
2044 3429 2236 3498 primo.
2287 3431 2592 3490 Patriarclia
2637 3437 2782 3493 enim
2827 3439 3120 3507 Abraham,
3147 3443 3347 3514 justus,
3404 3448 3494 3501 Dei

1893 3519 2120 3586 amicus,
2141 3524 2229 3593 qui
2260 3527 2482 3593 patriam
2507 3528 2820 3600 reliquerat,
2845 3535 2932 3603 qui
2961 3533 3201 3603 domum,
3220 3549 3499 3609 cognatus,

1893 3611 2128 3679 amicos,
2177 3623 2232 3669 et
2258 3627 2551 3685 praesentes
2591 3635 2681 3676 res
2721 3637 2911 3702 omnes
2959 3625 3030 3680 ob
3061 3627 3152 3682 Dei
3187 3631 3495 3686 niaudatum

1891 3713 2309 3775 contempserat,
2342 3711 2412 3764 ita
2445 3712 2712 3772 metuebat
2737 3729 2802 3771 ac
2824 3715 3214 3774 reformidabat
3243 3732 3496 3788 mortem,

1891 3800 1949 3846 ut
1980 3791 2032 3848 in
2061 3794 2350 3868 {Egyptum
2395 3800 2732 3872 ingressurus
2781 3805 2899 3861 haec
2927 3810 3081 3864 uxori
3129 3824 3241 3866 suae
3268 3812 3491 3880 diceret,

1889 3881 2028 3938 Novi
2069 3890 2206 3956 quod
2255 3891 2472 3960 pulchra
2498 3893 2568 3948 sis
2589 3896 2791 3950 mulier.
2820 3896 2937 3952 Erit
2958 3899 3118 3971 igitur
3138 3919 3251 3956 cum
3283 3905 3496 3958 viderint

1887 3984 1936 4028 te
1971 3973 2229 4047 digyptii,
2278 3991 2324 4035 te
2363 3983 2568 4052 quidem
2594 3985 2882 4054 servabunt,
2930 4006 3009 4044 me
3036 4007 3153 4045 vero
3187 3994 3495 4062 interﬁciant

1889 4064 2043 4136 (Gen.
2075 4069 2162 4122 12.
2190 4071 2276 4126 ll.
2310 4072 2436 4144 12).
2467 4074 2606 4143 Quid
2631 4076 2831 4148 igitur?
2859 4079 2977 4146 Dic,
3011 4080 3172 4137 Soror
3192 4085 3330 4141 illius
3357 4105 3488 4150 sitm,

1883 4167 1940 4210 ut
1964 4157 2086 4213 bene
2108 4161 2173 4214 sit
2200 4164 2324 4218 mihi
2372 4177 2580 4236 propter
2599 4179 2668 4234 te,
2696 4179 2745 4223 et
2772 4172 2898 4227 vivet
2942 4174 3115 4228 anima
3153 4188 3264 4230 mea
3285 4190 3492 4249 praplcr

1882 4248 1959 4320 te(
1990 4249 2132 4308 Ibid.
2165 4255 2240 4310 t3
2281 4247 2323 4326 ).
2355 4257 2495 4322 Quid
2529 4258 2629 4314 hoc
2667 4260 2747 4316 rei
2774 4272 2876 4328 est,
2907 4277 2943 4319 ο
2989 4247 3361 4340 sancte‘atque
3382 4247 3488 4341 ipa-

1883 4342 2117 4398 triarclia
2145 4347 2167 4399 ?
2195 4363 2296 4416 pro
2341 4349 2509 4406 nihilo
2539 4351 2727 4420 babes,
2754 4363 2814 4409 ut
2841 4357 2994 4410 uxori
3024 4366 3270 4428 stuprum
3297 4359 3488 4417 aﬁ'era-

1881 4445 1992 4506 tur,
2027 4449 2086 4493 ut
2116 4449 2265 4496 torus
2314 4443 2561 4509 lmdatur,
2593 4455 2653 4502 ut
2693 4436 3001 4520 conjugiqu
3041 4452 3314 4509 violetur?
3344 4456 3489 4512 itane

1881 4531 2093 4587 tandem
2145 4548 2373 4591 mortem
2420 4536 2735 4597 reformidas
2755 4541 2780 4594 '!
2799 4542 2984 4614 Neque
3003 4559 3132 4601 vero
3158 4552 3361 4604 tantum
3385 4563 3482 4621 pro

1878 4621 2048 4677 nihilo
2073 4624 2261 4694 habet,
2289 4628 2384 4682 sed
2417 4639 2471 4684 et
2499 4646 2622 4686 cum
2660 4647 2827 4708 uxore
2852 4635 3036 4692 dolum
3063 4641 3259 4706 nectis,
3288 4657 3353 4697 ac
3372 4654 3485 4698 stu-

1880 4715 1960 4782 pri
1992 4715 2221 4771 labulam
2250 4735 2371 4774 cum
2389 4736 2466 4776 ea
2493 4724 2736 4788 simulas,
2760 4741 3088 4800 omnemque
3116 4731 3213 4787 das
3235 4747 3479 4803 operam,

1878 4815 1935 4860 ut
1965 4822 2080 4874 rex,
2107 4809 2234 4865 dum
2283 4813 2608 4872 adulterium
2639 4819 2966 4889 aggreditur,
3009 4824 3176 4882 latere
3202 4829 3394 4897 possit,
3427 4842 3482 4886 et

1874 4899 2054 4956 ablato
2096 4904 2340 4976 conjugis
2383 4910 2603 4966 nomine
2645 4927 2936 4982 personam
2969 4916 3046 4972 illi
3087 4920 3300 4976 sororis
3341 4923 3474 4975 ada-

1873 4995 2072 5062 ptasti?
2098 4996 2292 5053 Verum
2319 5001 2502 5071 timeo,
2529 5019 2596 5060 ne
2624 5005 2749 5061 dum
2766 5010 2952 5064 mortis
2973 5010 3292 5069 imminuere
3319 5017 3478 5070 virtu-

1874 5097 1977 5142 tem
2000 5089 2296 5157 studcmus.
2322 5096 2524 5162 justum
2553 5114 2807 5158 accusare
2835 5103 3111 5161 videatnur
3146 5123 3160 5173 ;
3209 5113 3472 5178 quamob-

1869 5196 1984 5236 rem
2015 5193 2300 5257 utmmque
2329 5191 2566 5247 conabor
2611 5195 2889 5263 perlicere,
2918 5207 2976 5252 ut
3002 5209 3056 5254 et
3095 5201 3461 5258 inﬁrmitatem

1869 5273 2060 5327 mortis
2104 5280 2408 5344 ostendam,
2459 5292 2512 5337 et
2565 5284 2632 5338 ab
2687 5285 2788 5342 hoc
2842 5289 3270 5348 criminationem
3325 5296 3471 5349 illaut

1868 5362 2151 5433 depellant.
2173 5369 2275 5424 Sed
2296 5386 2472 5439 opera:
2491 5377 2720 5444 pretium
2739 5389 2837 5442 est.
2856 5383 3004 5450 prius
3021 5393 3078 5437 ut
3095 5399 3215 5438 eum
3232 5385 3476 5442 timuisse

1866 5471 2096 5512 mortem
2126 5459 2578 5531 demonstremus,
2633 5485 2695 5525 ac
2723 5470 2916 5528 deinde
2953 5489 2981 5528 a
3023 5475 3248 5532 crimine
3300 5479 3472 5533 vindi-

1866 5563 2069 5606 cemus.
2108 5551 2392 5610 Videamus
2432 5574 2562 5628 ergo
2604 5577 2763 5631 quam
2812 5564 3205 5623 intolerabilem
3245 5584 3308 5623 ac
3347 5586 3466 5624 mo-

1869 5641 2057 5698 lestam
2090 5661 2200 5702 rem
2233 5663 2426 5718 passus
2457 5653 2526 5706 sit
2556 5669 2567 5705 :
2599 5671 2721 5709 nam
2755 5674 2973 5714 uxorem
3002 5676 3224 5717 eernere
3252 5675 3440 5718 constu

1869 5746 2070 5805 piatam
2089 5748 2139 5792 et
2153 5739 2415 5798 adulterio
2435 5747 2685 5816 pollutam
2703 5749 2912 5818 intueri,
2930 5757 3195 5810 sexcentis
3209 5761 3468 5811 mortibus
