4082 6444
581 385 675 441 631

575 508 658 554 est
689 496 1090 552 intolerabilius.
1113 494 1248 562 Quid
1273 495 1392 551 dico
1411 496 1673 552 adulterio
1695 496 1949 566 pollutam
1969 496 1991 548 't
2017 510 2063 550 st
2079 494 2159 549 vel

579 589 754 644 tenuis
778 588 845 644 de
870 586 982 658 ipsa
1025 576 1340 656 suspicionis
1364 587 1613 657 cogitatio
1640 596 1872 644 mentem
1893 586 2161 657 occupct',

578 679 770 735 acerba
800 680 872 734 illi
898 679 1005 734 vita
1031 679 1206 736 omnis
1235 690 1288 734 et
1329 679 1549 735 minime
1576 680 1750 734 vitalis
1785 679 2039 735 redditur.
2073 677 2166 732 Et-

579 774 722 828 enim
753 771 889 842 ignis
916 772 990 826 illi
1021 772 1234 843 quidam
1263 781 1317 826 et
1359 772 1614 827 indomita
1649 771 1860 825 ﬂamma
1887 769 2164 840 zelotypia:

581 863 1015 934 morbus;cujus
1059 866 1386 935 tyrannicam
1439 875 1493 919 ct
1547 863 1905 920 inevitabilem
1933 863 2040 917 vim
2069 862 2162 918 de-

578 955 791 1009 clarans
833 956 1092 1025 quispiam
1121 955 1331 1010 dicebat
1360 973 1375 1014 '.
1408 955 1598 1010 Plenus
1638 956 1769 1010 enim
1820 955 1932 1009 zelo
1965 954 2166 1009 animus

578 1046 670 1098 viri
696 1045 807 1117 ejus
833 1047 1266 1100 noncommutabit
1295 1047 1402 1101 ulta
1423 1046 1765 1116 redemptione
1789 1047 1987 1114 odium,
2009 1062 2168 1116 neque

580 1148 752 1204 parcet
761 1139 812 1190 in
837 1137 917 1191 die
935 1137 1130 1203 iudicii,
1149 1155 1306 1208 neque
1319 1137 1618 1193 dissolvetur
1638 1139 1805 1193 multis
1820 1139 1964 1193 donis
1980 1137 2166 1208 (Prov,

579 1230 634 1284 6.
664 1230 750 1286 54.
786 1230 889 1300 35)
914 1247 929 1296 ;
959 1240 1014 1286 et
1043 1231 1167 1285 alibi
1225 1247 1410 1287 rursus
1444 1249 1459 1286 :
1514 1231 1688 1285 Durus
1730 1241 1784 1285 ut
1820 1233 2047 1304 infernus
2093 1239 2167 1284 est

581 1323 719 1376 setus
741 1323 758 1392 (
783 1320 930 1376 Cant.
960 1318 1016 1378 ’8.
1051 1324 1085 1375 6
1113 1324 1154 1392 ).
1183 1322 1335 1378 Sicut
1356 1323 1498 1378 enim
1547 1337 1654 1378 non
1700 1333 1873 1393 potest
1901 1322 2164 1386 infernus,

582 1411 775 1481 inquit,
802 1413 1040 1482 pecuniis
1065 1414 1230 1480 ﬂecti,
1280 1414 1359 1469 sic
1385 1429 1558 1484 neque
1587 1415 1634 1469 is
1663 1415 1750 1484 qui
1780 1416 2042 1487 zelotypia
2086 1415 2167 1468 la-

582 1503 760 1570 borat,
798 1503 951 1559 leniri
972 1512 1134 1575 atque
1159 1505 1376 1576 placari.
1407 1506 1554 1560 Multi
1577 1507 1758 1577 utique
1782 1522 1927 1576 saepe
1951 1511 2053 1561 vita
2073 1521 2165 1561 sua

580 1593 812 1649 libenter
837 1595 1213 1662 redemissem,
1255 1604 1312 1650 ut
1339 1595 1640 1652 adulterum
1672 1597 1971 1654 invenirent
2001 1616 2014 1652 :
2043 1613 2170 1652 sau-

583 1685 797 1752 guiuem
841 1686 1012 1756 ipsum
1056 1688 1155 1741 viri
1208 1687 1346 1758 ejus,
1396 1689 1486 1759 qui
1521 1704 1743 1745 uxorem
1774 1701 2167 1762 constuprarat,

583 1775 925 1843 perlubcnter
961 1775 1360 1847 degustassent,
1409 1788 1464 1834 et
1490 1781 1692 1849 quaevis
1739 1791 1832 1836 aut
1875 1796 2032 1856 agere
2078 1792 2171 1836 aut

585 1863 695 1933 pati
723 1863 838 1934 ejus
863 1866 939 1920 rei
964 1881 1123 1922 causa
1148 1870 1384 1924 contenti
1409 1869 1663 1936 fuissent;
1693 1871 1787 1926 sed
1815 1870 1956 1928 hunc
1978 1872 2172 1929 nihilo-

584 1957 760 2009 minus
807 1957 1192 2014 intolcrandum
1243 1960 1524 2026 morbum,
1581 1960 1722 2018 hunc
1771 1964 2066 2018 violentum
2115 1974 2171 2021 et

583 2047 971 2116 implacabilem
1014 2051 1190 2118 justus
1236 2052 1621 2120 patientissime
1664 2054 1929 2122 tolerarit;
1959 2065 2013 2112 et
2055 2067 2169 2111 stu-

583 2152 738 2205 prum
791 2139 971 2194 uxoris
1010 2155 1120 2210 pra:
1164 2141 1329 2197 nimio
1369 2144 1557 2199 mortis
1602 2155 1655 2202 et
1695 2147 1938 2202 interitus
1982 2148 2172 2204 timore

584 2229 926 2298 contempsit.

653 2320 708 2373 2.
751 2321 1025 2375 Abra/tanti
1048 2324 1306 2396 apologia.
1331 2356 1402 2367 —
1428 2327 1651 2385 Mortem
1678 2330 1826 2386 illum
1855 2347 1982 2403 ergo
2007 2332 2171 2403 liquet

584 2425 651 2464 ex
682 2409 785 2464 hoc
815 2411 1053 2468 timuisse
1077 2431 1090 2467 :
1117 2414 1227 2484 jam
1256 2432 1383 2472 vero
1410 2427 1617 2488 tempus
1645 2431 1750 2489 est,
1776 2431 1831 2476 ut
1854 2437 1976 2478 eum
2008 2439 2036 2478 a
2065 2424 2171 2478 cri-

584 2500 730 2556 mine
750 2511 804 2556 et
843 2504 1206 2570 accusatione,
1244 2522 1364 2576 quae
1395 2508 1520 2564 hinc
1563 2513 1821 2577 exoritur,
1852 2513 2166 2582 liberemus,

583 2593 628 2645 si
661 2593 805 2661 prius
835 2594 1000 2662 ipsam
1027 2599 1420 2655 accusationem
1448 2604 1889 2672 expresserimus.
1917 2606 2170 2672 Quaenam

585 2685 748 2754 igitur
798 2684 888 2741 illa
934 2689 1146 2744 tandem
1198 2699 1282 2746 est
1331 2694 1644 2747 accusatio?
1673 2694 1981 2766 Oportebat,
2029 2697 2175 2754 dicet

585 2776 804 2847 aliquis,
830 2789 880 2832 ut
917 2789 1142 2836 mortem
1164 2794 1445 2851 oppeteret
1472 2787 1666 2854 potius,
1693 2802 1848 2857 quam
1880 2800 1934 2842 ut
1953 2799 2174 2844 constu-

589 2870 732 2937 prari
766 2887 985 2926 uxorem
1016 2890 1111 2943 pro
1143 2874 1316 2931 nihilo
1357 2877 1616 2934 haberet:
1645 2889 1699 2934 et
1727 2881 1828 2936 hoc
1875 2876 1984 2948 est,
2030 2884 2173 2953 quod

586 2959 664 3012 illi
694 2960 905 3016 crimini
930 2975 1141 3018 vertunt
1169 2966 1406 3036 quidam,
1430 2968 1572 3038 quod
1595 2971 1758 3025 vitam
1783 2986 1934 3027 suam
1951 2988 2172 3032 servare

589 3052 856 3118 maluerit,
889 3069 1047 3123 quam
1093 3058 1337 3129 conjugis
1367 3063 1687 3117 castitatem.
1711 3063 1847 3131 Quid
1867 3064 1990 3120 ais?
2016 3081 2175 3136 opor-

593 3145 738 3199 tebat
768 3149 938 3215 ipsum
987 3149 1120 3203 mori
1151 3152 1347 3219 potius,
1380 3168 1542 3223 quam
1570 3163 1626 3208 ut
1677 3156 2012 3227 constuprari
2041 3172 2175 3212 uxo-

589 3252 704 3290 rem
741 3255 835 3308 pro
862 3240 1029 3295 nihilo
1051 3242 1316 3298 haberet?
1349 3245 1485 3313 Quid
1515 3263 1645 3302 vero
1673 3247 1800 3304 illud
1818 3249 2175 3318 profecisset?

591 3343 715 3382 nam
747 3331 790 3383 si
812 3332 1026 3401 quidem
1058 3345 1231 3391 morte
1272 3351 1366 3391 sua
1410 3339 1690 3410 conjugcm
1720 3357 1750 3395 a
1776 3353 1964 3412 stupro
1989 3343 2176 3400 fuisset

591 3430 953 3489 exempturus,
984 3434 1132 3480 recte
1159 3426 1255 3482 ista
1286 3428 1572 3496 diceretis;
1613 3432 1694 3485 sin
1723 3442 1900 3488 autem
1939 3435 2176 3490 moriens

589 3509 721 3564 nihil
747 3514 897 3567 uxori
927 3515 1196 3585 proderat,
1237 3528 1295 3574 ut
1320 3535 1436 3574 eam
1478 3538 1507 3576 a
1546 3532 1732 3595 stupro
1761 3525 2035 3594 liberaret,
2071 3544 2175 3599 qua

592 3601 828 3658 deeausa
851 3615 1050 3664 temere
1074 3619 1126 3663 et
1156 3609 1455 3668 inconsulto
1470 3615 1692 3671 Salutem
1714 3632 1864 3673 suam
1889 3620 2176 3689 proderet?

594 3691 726 3747 Nam
751 3704 816 3748 ut‘
831 3695 1120 3768 intelligas,
1143 3717 1209 3756 ne
1236 3717 1404 3759 morte
1425 3707 1639 3774 quidem
1657 3724 1751 3762 sua
1766 3712 2005 3779 potuisse
2024 3712 2175 3768 illum

593 3801 711 3838 eam
757 3787 824 3839 ab
867 3788 1131 3846 adulterio
1171 3793 1422 3862 liberare,
1445 3800 1564 3852 audi
1597 3801 1720 3870 quid
1761 3802 1903 3858 dicat
1935 3823 1947 3858 :
1989 3804 2054 3858 Et
2081 3809 2176 3860 erit

594 3892 714 3929 cum
741 3878 954 3934 uiderint
985 3892 1032 3937 te
1055 3882 1315 3956 Egyptii,
1348 3898 1394 3942 te
1421 3891 1621 3958 quidem
1650 3894 1932 3962 servabunt,
1961 3912 2038 3950 nte
2062 3911 2176 3949 vero

593 3967 886 4034 interﬁciant
916 3971 933 4040 (
958 3970 1085 4028 Gen.
1120 3973 1204 4029 12.
1235 3975 1356 4048 12).
1387 3978 1640 4036 Futurum
1663 3984 1968 4052 igiturerat,
2002 3987 2178 4041 utduo

593 4058 797 4113 scelera
827 4075 1181 4130 patrarentur,
1207 4068 1546 4135 adulterium,
1574 4075 1843 4139 etcaades;
1870 4089 2176 4133 eratantem

596 4149 890 4217 prudentia:
917 4169 1021 4208 non
1047 4157 1281 4225 vulgaris
1323 4176 1388 4215 ex
1417 4160 1624 4218 duobus
1668 4165 1782 4220 istis
1812 4181 1972 4222 unum
2014 4169 2178 4223 lucri-

595 4240 792 4297 facere.
820 4243 951 4298 Nam
979 4247 1026 4300 si
1049 4248 1262 4318 quidem
1292 4255 1529 4322 exposita
1552 4256 1656 4310 vita
1678 4272 1796 4322 sua,
1829 4275 2012 4315 rursus
2036 4263 2178 4316 enim

595 4333 741 4388 idem
759 4335 1290 4405 dicam,liheraturus
1314 4360 1430 4401 eam
1457 4363 1487 4402 a
1513 4358 1698 4419 stupro
1716 4352 1918 4419 fuisset,
1934 4365 1986 4409 et
2000 4357 2179 4412 occiso

591 4427 758 4496 justo,
784 4429 972 4486 Suram
999 4433 1074 4488 illi
1099 4449 1203 4490 non
1224 4437 1545 4507 attigissent,
1571 4452 1717 4498 recte
1745 4458 2062 4513 accusares;
2094 4448 2176 4502 sin

594 4531 786 4578 autem
808 4541 874 4579 eo
915 4537 1093 4584 morte
1139 4531 1348 4587 sublato
1378 4535 1491 4602 pari
1534 4538 1739 4593 ratione
1769 4539 2004 4596 futurum
2038 4554 2174 4610 erat,

596 4627 655 4671 ut
721 4629 1058 4688 stupraretur
1084 4639 1232 4689 uxor,
1258 4641 1359 4695 qua
1399 4629 1466 4683 de
1495 4645 1655 4685 causa
1682 4632 1882 4702 justum
1931 4650 2175 4700 accusas,

594 4710 739 4778 quod
768 4727 888 4766 cum
921 4713 1029 4769 duo
1073 4726 1326 4773 eventura
1377 4721 1514 4776 mala
1544 4735 1744 4791 essent,
1771 4726 2088 4791 adulterium
2117 4744 2180 4783 ac

596 4800 793 4867 ert-des,
825 4804 1049 4860 alterum
1073 4809 1335 4876 sapientia
1362 4825 1454 4865 sua
1487 4813 1840 4883 impediverit,
1869 4819 2068 4873 caedem
2093 4819 2177 4873 ni-

597 4895 792 4947 mirum
816 4895 839 4948 ?
866 4896 1032 4966 Hujus
1080 4901 1276 4968 quippe
1324 4903 1402 4956 rei
1431 4918 1588 4959 causa
1617 4905 1815 4961 laudari
1843 4910 2003 4963 etiam
2057 4927 2178 4964 eum

597 4989 899 5056 oportebat,
922 4991 1062 5061 quod
1089 4992 1335 5049 adulterii
1387 5012 1599 5051 manum
1646 5015 1831 5068 puram
1861 5018 1889 5056 a
1920 5006 2182 5075 sanguine

597 5082 952 5135 conservarit.
983 5082 1099 5138 Non
1144 5085 1284 5140 enim
1308 5087 1487 5143 dicere
1515 5090 1642 5144 illud
1673 5101 1841 5156 potes,
1867 5109 2004 5159 eam,
2037 5095 2178 5165 quod

600 5169 798 5224 dixerit
826 5188 886 5226 se
913 5189 1155 5231 sororem
1182 5178 1323 5232 illius
1347 5195 1486 5245 esse,
1521 5180 1621 5236 hoc
1639 5184 1754 5251 ipso
1779 5184 2086 5256 Egyptium
2113 5187 2180 5239 ad

598 5271 838 5330 stuprum
865 5265 1117 5323 invitasse
1153 5287 1166 5323 ε
1198 5269 1339 5325 licet~
1359 5273 1502 5326 enim
1545 5272 1767 5330 dixisset
1796 5292 2015 5332 uxorem
2063 5279 2180 5347 ejus

599 5367 657 5406 se
688 5369 828 5420 esse,
856 5373 924 5412 ne
955 5359 1031 5413 sic
1059 5361 1273 5430 quidem
1309 5376 1425 5417 erat
1453 5366 1818 5422 abscessurus.
1846 5369 1910 5423 Et
1936 5371 2036 5425 hoc
2068 5372 2180 5440 ipse

599 5448 913 5520 declaravit,
946 5469 1064 5507 cum
1093 5455 1244 5520 dixit,
1269 5458 1329 5512 Si
1353 5460 1564 5513 viderint
1595 5471 1662 5525 te,
1690 5462 1874 5528 dicent,
1911 5463 2052 5518 Uxor
2075 5468 2181 5535 ejus

600 5551 673 5595 est
709 5542 839 5609 lucc,
868 5553 914 5596 et
943 5545 1241 5615 interﬁcient
1268 5567 1346 5603 me
1370 5567 1387 5614 ,°
1415 5561 1459 5605 te
1487 5563 1653 5604 autent
1681 5556 1966 5609 servabunt.
1999 5556 2178 5624 Itaque

606 5636 645 5686 si
676 5636 897 5692 dixisset
931 5653 1149 5694 uxorem
1203 5643 1369 5711 ipsius
1407 5659 1466 5697 se
1510 5660 1653 5710 esse,
1699 5656 1752 5699 et
1781 5645 2101 5700 adulterium
2129 5657 2182 5700 et

602 5751 706 5858 Ἥρη
720 5748 1068 5873 bg‘qnis
1088 5754 1156 5805 ret
1180 5763 1365 5807 tenuem
1386 5757 1446 5807 dc
1466 5771 1615 5810 tta'orc
1635 5758 1915 5823 suspicionis
1936 5758 2181 5822 εοσίιηιεο.

1326 382 1382 438 S.
1420 381 1697 437 JOANNIS
1737 379 2207 436 CllllYSOSTOMl
2248 378 2568 437 ARCHIEP.
2611 377 3142 437 CONSTANTlNOI‘.
3736 377 3828 431 6'52

2276 493 2451 550 cades
2475 505 2678 565 patrata
2697 495 2922 551 fuissent
2946 512 2960 559 ;
2985 495 3029 549 si
3049 508 3176 549 vero
3201 493 3426 548 dixisset
3453 506 3711 548 sororem.
3737 507 3832 545 ce-

2269 583 2366 640 des
2402 585 2652 656 impedita
2697 596 2840 641 esset
2869 603 2883 640 :
2916 585 3070 640 vides
3110 595 3170 639 ut
3213 582 3614 639 imminentibus
3641 581 3834 637 duobus

2270 675 2427 730 malis
2450 677 2678 732 alterum
2705 675 2963 748 sapientia
2990 690 3084 730 sua
3110 674 3406 731 sustulerit.

2344 766 2507 821 Alteri
2554 768 2770 822 occurrit
2822 766 3110 838 objectioni.
3142 795 3216 807 —
3249 766 3408 820 Visne
3462 763 3698 829 discere,
3747 778 3844 831 quo

2272 867 2427 929 pacto
2444 858 2604 914 etiam
2631 859 2872 914 adulterii
2912 859 3151 923 crimen,
3191 864 3453 926 quantum
3476 855 3531 908 in
3570 852 3681 922 ejus
3710 860 3844 920 putt:-

2273 961 2410 1008 state
2454 953 2614 1007 situm
2658 961 2775 1016 est,
2827 954 3015 1006 rursus
3055 949 3358 1012 imminuat,
3391 957 3450 1000 ut
3475 962 3543 1000 ne
3567 944 3844 1014 perfectum

2271 1044 2486 1115 quidem
2516 1035 2822 1098 adulterum
2861 1056 2986 1097 eum
3030 1054 3150 1096 esse
3193 1039 3508 1108 permittat:
3539 1035 3661 1089 audi
3698 1034 3846 1087 verha

2273 1133 2386 1202 ipsa
2413 1147 2598 1188 rursus
2625 1142 2844 1189 attente.
2885 1131 3020 1197 Dic,
3072 1130 3272 1200 inquit,
3328 1127 3493 1184 Soror
3539 1126 3679 1180 illius
3724 1140 3845 1178 sum.

2272 1222 2410 1292 Quid
2437 1223 2543 1277 ait?
2567 1222 2668 1290 Qui
2689 1238 2929 1277 sororem
2955 1221 3179 1290 accipit,
3209 1235 3314 1274 non
3353 1218 3466 1288 jam
3505 1216 3711 1272 adulter
3738 1225 3848 1270 est:

2271 1314 2478 1369 adulter
2526 1313 2668 1369 enim
2714 1313 2784 1368 ab
2825 1312 2987 1366 animi
3036 1310 3310 1382 preposito
3353 1307 3650 1378 judicatur;
3698 1305 3852 1360 ludas

2273 1407 2467 1477 quippe
2518 1421 2639 1460 cum
2688 1405 2754 1460 ad
2795 1420 2984 1460 nurum
3014 1418 3164 1458 suam
3193 1400 3429 1457 Thamar
3458 1398 3818 1467 ingrederetur
3845 1441 3858 1462 ,

2275 1514 2380 1554 non
2426 1497 2637 1552 adulter
2675 1497 3014 1566 indicabatur
3063 1494 3224 1566 (Gen.
3271 1494 3362 1550 '58.
3409 1492 3516 1563 15)
3547 1507 3690 1546 :nou
3719 1490 3857 1543 enim

2275 1600 2543 1661 tamquam
2572 1589 2638 1645 ad
2665 1606 2852 1645 nurum
2873 1631 2889 1657 ,
2925 1589 3018 1645 sed
3049 1598 3316 1659 tamquam
3343 1585 3410 1642 ad
3443 1586 3717 1640 mulierem
3747 1598 3854 1636 me-

2276 1682 2521 1736 retricem
2549 1681 2961 1751 ingrediehatur.
2988 1679 3078 1736 Sic
3099 1680 3260 1734 etiam
3283 1678 3385 1732 hoc
3409 1677 3531 1733 loco
3556 1675 3856 1746 Egyptius,

2275 1771 2365 1841 qui
2395 1787 2511 1827 eam
2539 1781 2655 1826 erat
2681 1781 2995 1842 accepturus
3015 1810 3031 1837 ,
3085 1785 3191 1824 non
3221 1777 3280 1823 ut
3298 1783 3524 1824 uxorem
3555 1765 3854 1830 Abraham,

2275 1861 2369 1917 scd
2416 1873 2472 1917 ut
2519 1876 2795 1929 sororem,
2833 1861 3154 1931 judicandus
3195 1860 3403 1916 adulter
3450 1875 3558 1914 non
3587 1867 3722 1912 erat.
3760 1855 3856 1912 Sed

2273 1954 2399 2025 quid
2426 1954 2528 2010 hoc
2551 1953 2617 2009 ad
2647 1953 2915 2010 Abraham
2936 1997 2951 2021 ,
2982 1954 3124 2009 dicet
3162 1953 3388 2023 aliquis,
3427 1951 3520 2022 qui
3562 1952 3728 2022 probe
3769 1963 3858 2002 no-

2273 2055 2420 2102 verat
2450 2061 2510 2102 se
2535 2038 2816 2116 coniugem
2855 2060 3004 2101 suam
3034 2054 3222 2101 et‘non
3274 2059 3517 2099 sororem
3562 2042 3859 2110 exptmerc‘.’

2273 2137 2432 2208 Atqui
2461 2151 2531 2193 ne
2554 2138 2654 2193 hoc
2681 2136 2892 2208 quidem
2918 2136 3071 2191 istius
3095 2145 3178 2192 est
3203 2137 3428 2191 crimen.
3454 2135 3511 2191 Si
3539 2135 3720 2198 enim,
3744 2147 3857 2187 cum

2275 2243 2494 2284 uxorem
2534 2227 2653 2298 ejus
2704 2243 2828 2284 esse
2867 2227 3193 2294 audivisset,
3237 2227 3338 2281 sibi
3389 2219 3782 2295 temperaturus
3829 2241 3858 2278 a

2273 2330 2459 2392 stupro
2505 2322 2725 2391 fuisset,
2750 2333 2892 2378 recte
2913 2321 3114 2392 justum
3141 2321 3538 2386 criminareris;
3582 2320 3663 2373 sin
3690 2327 3856 2372 autem

2273 2414 2424 2469 Sara:
2472 2415 2605 2469 nihil
2632 2415 2897 2469 commodi
2927 2415 3111 2469 uxoris
3151 2428 3344 2468 nomen
3392 2423 3506 2467 erat
3547 2411 3856 2474 allaturum,

2275 2517 2333 2562 ut
2373 2514 2616 2577 stuprum
2651 2521 2683 2561 a
2721 2521 2779 2562 se
2805 2508 3118 2577 depelleret.
3151 2514 3309 2576 prout
3336 2505 3447 2575 ipse
3473 2519 3691 2575 quoque
3715 2501 3858 2566 dixit,

2275 2597 2491 2664 Dicent,
2542 2595 2684 2653 Uxor
2736 2599 2844 2667 ejus
2877 2609 2950 2652 est
3000 2597 3129 2664 hinc,
3179 2607 3235 2656 et,
3275 2597 3542 2651 servabunt
3586 2604 3634 2647 te
3663 2591 3861 2647 :multu

2276 2691 2480 2762 aequius
2502 2700 2619 2757 est,
2651 2699 2708 2745 ut
2723 2691 2924 2760 justum
2965 2690 3274 2755 laudemus,
3303 2688 3394 2758 qui
3433 2687 3485 2741 in
3516 2697 3660 2741 tanta
3691 2697 3858 2739 rerum

2277 2783 2591 2839 difﬁcultate
2644 2781 2879 2853 potuerit
2915 2790 2969 2835 et
3009 2780 3317 2851 .Egyptium
3348 2793 3540 2848 purum
3562 2791 3594 2831 a
3614 2774 3858 2842 sanguine

2275 2889 2631 2941 conservare,
2681 2883 2736 2929 et
2782 2881 3038 2944 quantum
3077 2871 3219 2926 inse
3254 2871 3415 2924 situm
3443 2877 3598 2935 erat,
3625 2863 3857 2921 adulterii

2276 2968 2480 3023 crimen
2505 2968 2766 3021 minuere.

2349 3059 2557 3133 Duplici
2590 3056 2821 3128 exempto
2840 3055 3022 3110 Jacobi
3043 3064 3095 3109 et
3142 3053 3310 3108 Helias
3341 3052 3520 3124 probat
3558 3060 3742 3106 veteres
3765 3061 3859 3100 me-

2276 3146 3004 3227 tuisse‘mortem.—Reslat
3046 3154 3106 3199 ut
3155 3143 3223 3199 ad
3262 3145 3378 3214 ejus
3421 3153 3671 3214 nepotem
3707 3136 3864 3194 Jacob

2277 3242 2572 3298 orationem
2613 3239 2986 3304 traducamus,
3028 3246 3087 3292 ut
3115 3238 3262 3292 illum
3292 3253 3504 3307 quoque
3538 3249 3726 3290 necem
3752 3246 3859 3286 me-

2280 3342 2515 3388 tuentem
2544 3345 2609 3386 ae
2637 3338 2953 3386 trementem
2981 3329 3162 3388 videas
3184 3327 3492 3392 hominem,
3520 3328 3612 3398 qui
3644 3342 3672 3380 a
3701 3324 3858 3395 prima

2273 3422 2384 3492 jam
2411 3427 2568 3477 aetate
2592 3420 2989 3493 philosophiam
3028 3419 3373 3490 apostolicam
3403 3434 3512 3488 prae
3556 3433 3618 3473 se
3657 3416 3859 3470 tulerat.

2279 3514 2474 3570 Paulus
2507 3515 2650 3569 enim
2693 3512 2970 3583 discipulis
3017 3511 3071 3566 in
3120 3510 3236 3564 haec
3284 3509 3445 3564 verba
3486 3505 3859 3577 praecipiebat:

2281 3605 2537 3661 Habentes
2558 3605 2822 3670 alimenta,
2855 3611 2901 3656 et
2939 3601 3118 3672 quibus
3158 3610 3406 3671 tegamur,
3433 3599 3512 3652 Itis
3535 3596 3754 3652 contenti
3774 3593 3862 3646 eri-

2279 3716 2391 3754 mus
2421 3699 2508 3770 (l.
2544 3695 2676 3751 Tim.
2713 3695 2768 3751 6.
2816 3695 2890 3766 8)
2929 3709 2944 3747 :
2975 3693 3077 3748 hoc
3119 3701 3176 3747 et
3211 3692 3312 3747 iste
3341 3690 3644 3760 postulabat
3696 3703 3724 3740 a
3762 3686 3864 3739 Deo

2280 3790 2464 3845 dicens
2488 3807 2500 3842 :
2523 3786 2584 3842 Si
2605 3785 2798 3841 dederit
2823 3785 2946 3839 mihi
2970 3782 3224 3838 Dominus
3251 3798 3433 3852 panem
3457 3781 3524 3834 ad
3552 3777 3861 3836 vescendum.

2281 3893 2326 3937 et
2356 3884 2698 3937 vestimentum
2721 3880 2788 3933 ad
2813 3878 3157 3945 induendum,
3197 3875 3375 3946 sunicit
3415 3874 3556 3929 nobis
3591 3871 3752 3948 (Gen.
3776 3867 3861 3922 9-8.

2280 3974 2351 4029 20
2373 3975 2409 4045 ).
2442 3973 2548 4029 Sed
2575 3981 2630 4027 et
2667 3972 2781 4041 ipse
2811 3979 3009 4035 tamen,
3056 3958 3145 4039 qui
3196 3967 3322 4022 nihil
3355 3977 3547 4037 prteter
3572 3960 3862 4020 neceSsaria

2280 4065 2569 4137 qurerchat,
2611 4065 2699 4134 qui
2737 4065 2955 4118 domum
2982 4063 3303 4132 neglexerat,
3355 4063 3445 4130 qui
3475 4057 3865 4117 benedictioucs

2283 4168 2564 4226 acceperat
2592 4199 2608 4224 ,
2638 4156 2725 4226 qui
2754 4156 2906 4212 matri
2947 4165 3216 4224 paruerat,
3242 4155 3332 4224 qui
3372 4155 3481 4209 Deo
3506 4154 3710 4208 amicus
3735 4159 3860 4211 erat.

2284 4251 2373 4319 qui
2415 4265 2507 4319 per
2547 4248 2862 4318 sapientiam
2903 4257 3108 4302 natura:
3145 4247 3252 4300 vim
3281 4246 3533 4301 attulerat
3585 4240 3864 4317 (posterior

2284 4343 2477 4413 quippe
2503 4351 2688 4396 natura
2718 4356 2840 4396 cum
2883 4348 3056 4404 esset,
3094 4338 3553 4395 benedictionibus
3579 4339 3725 4408 prior
3751 4349 3865 4391 eva-v

2282 4433 2393 4504 sit),
2414 4432 2504 4502 qui
2530 4441 2636 4486 tam
2659 4432 2825 4486 multa
2854 4440 3116 4502 potuerat,
3139 4431 3227 4500 qui
3258 4438 3456 4485 tantam
3484 4425 3864 4500 philosophiam

2283 4533 2587 4593 tantamque
2610 4523 2860 4593 pietatem
2891 4538 3000 4593 pra:
3022 4537 3080 4577 se
3105 4523 3316 4592 tulerat,
3340 4531 3462 4592 post
3486 4528 3740 4577 sexcenta“
3756 4531 3861 4573 cer-

2285 4618 2502 4682 tamina,
2545 4626 2664 4686 post
2693 4625 2974 4672 sexcenbos
3003 4631 3219 4687 agones,
3257 4626 3376 4685 post
3400 4625 3681 4670 sescentas
3705 4615 3864 4667 luctas

2282 4722 2336 4768 ct
2361 4712 2615 4783 plurimas
2648 4712 2765 4766 illas
2793 4725 3040 4776 coronas,
3069 4725 3188 4765 cum
3218 4710 3269 4764 in
3300 4711 3525 4780 patriam
3568 4716 3864 4765 revertere-

2285 4813 2389 4871 tur,
2415 4815 2469 4859 et
2493 4818 2816 4859 occursurus
2844 4801 2990 4858 fratri
3018 4809 3180 4867 esset,
3209 4800 3359 4870 quasi
3391 4799 3623 4854 belluam
3645 4810 3856 4863 conspev

2285 4908 2486 4960 cturus,
2517 4895 2738 4964 ejusque
2767 4893 3180 4962 indignationem
3215 4891 3621 4960 pertimescens,
3652 4885 3860 4956 supplex

2286 4987 2393 5039 Deo
2439 4988 2496 5040 lit
2545 4997 2598 5039 et
2624 4995 2761 5045 orat.
2797 4984 2932 5037 Erue
2974 5001 3052 5036 me
3077 4985 3138 5037 de
3182 5000 3346 5059 manu_
3374 4983 3548 5053 fratris
3577 4982 3672 5035 ηπεὶ
3701 4978 3861 5038 Esau.

2282 5081 2520 5147 quoniam
2547 5097 2657 5132 eum
2693 5081 2841 5133 timeo
2865 5094 2977 5148 ego,
3009 5094 3070 5130 ne
3096 5077 3226 5147 forte
3251 5078 3456 5130 veniens
3483 5077 3726 5145 percutiat
3760 5086 3860 5132 meo

2283 5179 2326 5223 et
2376 5178 2583 5223 matrem
2621 5186 2774 5239 super
2817 5169 2949 5236 ﬁlios
2995 5165 3153 5239 (Gen.
3208 5168 3294 5223 32.
3349 5167 3466 5238 tl).
3498 5167 3660 5222 Vides
3706 5176 3758 5221 ut
3784 5163 3862 5215 hic

2284 5276 2493 5329 quoque
2545 5272 2768 5316 mortem
2815 5258 3194 5330 pertimescat?
3237 5267 3294 5313 ut
3331 5267 3560 5324 tremat,
3608 5259 3863 5324 Deumque

2288 5353 2427 5406 illius
2455 5369 2612 5406 causa
2641 5354 2926 5422 precetur?
2966 5352 3128 5407 Visne
3156 5352 3432 5409 ostendam
3462 5363 3515 5406 et
3545 5354 3762 5408 alterum
3789 5348 3862 5400 vi-

2287 5459 2402 5498 rum
2433 5459 2678 5511 magnum
2703 5443 2804 5500 hoc
2827 5443 3016 5499 eodem
3040 5443 3196 5499 modo
3218 5459 3399 5498 rursus
3421 5443 3707 5499 affectum?
3732 5445 3862 5498 Pone

2287 5535 2378 5588 tibi
2432 5543 2556 5589 ante
2583 5535 2768 5589 oculos
2793 5535 3021 5598 Heliam,
3067 5534 3298 5589 animam
3330 5533 3395 5588 ad
3450 5536 3638 5587 cmlum
3677 5534 3862 5605 pertin-

2284 5642 2496 5701 gcutem
2545 5647 2606 5687 ac
2654 5632 2884 5687 divinam
2919 5631 3053 5686 :illc
3105 5633 3245 5686 enim
3273 5635 3358 5700 qui
3407 5631 3597 5685 caelum
3652 5630 3860 5686 clausit.

2289 5739 2579 5793 rursusque
2606 5726 2882 5788 rcscravit,
2913 5725 3001 5793 qui
3038 5723 3268 5791 desuper
3310 5725 3483 5793 ignem
3530 5723 3756 5793 dcjccit,
3783 5716 3860 5786 qui

2294 5815 2534 5872 mirabile
2580 5817 2899 5872 sacrificium
2951 5815 3078 5872 illud
3107 5816 3328 5886 obtulit,
3361 5817 3450 5887 qui
3484 5825 3580 5886 pro
3620 5816 3729 5872 Deo
3763 5810 3861 5869 sclu
