4082 6422
239 375 327 429 65!
1269 378 1358 434 DE
1397 379 1498 436 SS.
1543 371 1802 434 BERNICJ

1909 379 1968 436 ΞΤ
2006 386 2366 447 PROSDOCE
2381 432 2394 444 .

237 489 479 542 θανάτων
507 485 903 560 ἀφορητότερόν
958 488 1092 542 ἐστι.
1141 488 1248 542 Καὶ
1271 489 1323 543 τί
1369 491 1515 559 λέγω
1557 506 1793 562 μοιχευοο

235 563 433 642 μένην;
464 572 567 624 κᾶν
592 571 752 641 ψιλήν
776 587 898 623 τινα
927 569 1136 624 ἔννοιαν
1181 571 1417 640 ὑποψίας
1459 573 1588 641 περὶ¹
1629 573 1805 642 αὐτῆς

231 659 288 709 ἐν
326 660 391 727 τῇ
439 657 585 726 ψυχῇ
617 656 900 724 κέκτηται,
931 654 1161 718 ἀϐίωτος
1205 668 1231 697 ι
1273 657 1302 708 6
1330 654 1442 723 βίος
1479 656 1628 727 αὑτῷ
1656 656 1803 720 ἅπας

228 740 456 807 γίνεται.
487 738 604 809 Πῦρ
637 737 741 809 7&9
773 736 924 806 αὑτῷ
953 738 1050 790 καὶ
1090 738 1222 808 φλόξ
1253 742 1401 793 ἐστιν
1450 738 1800 806 ἀκαταγὼνι-

227 839 349 884 στος
380 820 444 873 16
464 821 580 890 ’τῆς
625 819 956 891 ζηλοτυπίας
992 821 1194 884 πάθος·
1228 821 1320 875 καὶ
1372 821 1436 874 16
1479 820 1802 893 τυραννικὸν

224 903 390 960 αὑτοῦ
453 907 549 958 καὶ
602 905 973 976 ἀπαραίτητον
1007 904 1185 976 δηλῶν
1211 923 1295 970 τις
1347 906 1532 974 ἔλεγε·
1564 904 1803 972 M81716;-

220 992 334 1058 τὰρ
373 988 560 1053 ζήλου
584 988 765 1057 θυμὸς
790 987 1012 1055 ἀνδρὸς
1038 986 1227 1057 αὐτῆς
1245 1005 1261 1021 ο
1295 990 1408 1042 οὐκ
1436 986 1803 1051 ἀνταλλάξε-

222 1088 316 1126 ται
355 1072 608 1137 οὐδενὸς
632 1073 853 1140 ,λύτρον
881 1071 997 1138 τὴν
1014 1070 1256 1138 ἔχθραν,
1296 1069 1440 1124 οὐδὲ
1467 1069 1552 1138 μὴ
1594 1069 1800 1139 φείση-

219 1170 314 1207 ται
343 1155 417 1208 ὲν
454 1155 646 1224 ἡμέρᾳ
685 1155 958 1221 κρίσεως,
999 1152 1126 1208 οὐδ’
1152 1155 1225 1205 οὺ
1251 1153 1338 1222 μὴ
1367 1150 1625 1220 διαλυθῇ
1652 1155 1802 1204 πολ-

218 1236 352 1291 λῶν
370 1237 594 1305 δώρων.
627 1239 738 1291 Καὶ
765 1237 928 1290 πάλιν
960 1236 1193 1307 ἀλλαχοῦ
1219 1253 1232 1266 °
1257 1237 1529 1302 Σκληρὸς
1549 1235 1628 1300 ὡς
1652 1235 1802 1302 ᾅδης

220 1318 405 1387 ζῆλος
422 1321 642 1392 ’ὥσπερ
669 1320 778 1391 7&9
799 1321 902 1374 οὑκ
931 1321 1068 1387 ἐστι,
1097 1321 1251 1390 φησὶ,
1279 1322 1371 1373 16v
1391 1319 1526 1390 ᾅδην
1553 1322 1650 1389 χρξ
1669 1334 1802 1386 μασι

219 1406 432 1466 πεῖσαι,
465 1401 634 1465 οὕτως
655 1403 774 1456 οὑδὲ
805 1402 898 1456 τὸν
941 1402 1350 1473 ζηλοτυποῦντα
1398 1400 1805 1472 παραμυθήσα-

220 1485 352 1539 σθαι
378 1486 474 1538 καὶ
503 1485 855 1549 καταλλάξαι.
902 1485 1096 1539 Πολλοὶ
1126 1485 1258 1554 γοῦν
1294 1483 1554 1547 πολλάκις
1586 1483 1681 1537 καὶ
1705 1483 1804 1555 τὴν

216 1567 399 1639 ψυχὴν
432 1569 744 1640 προήκαντο
780 1569 881 1640 τὴν
914 1567 1144 1632 ἑαυτῶν,
1165 1567 1310 1622 ὥστε
1341 1568 1433 1621 τὸν
1474 1566 1660 1638 μοιχὸν
1707 1567 1802 1620 εὑ-

219 1655 340 1723 ρεῖν
361 1666 375 1680 °
425 1652 522 1704 καὶ
569 1651 664 1704 τοῦ
693 1651 925 1721 αἳματος
960 1649 1018 1704 δέ
1050 1649 1217 1704 αὑτοῦ
1248 1651 1422 1719 ἡδέως
1468 1648 1534 1702 ἂν
1563 1648 1805 1716 ἀπογεύ-

219 1751 412 1788 σαιντο
441 1735 535 1787 τοῦ
572 1735 673 1806 τὴν
699 1737 934 1803 γυναῖκα
953 1732 1239 1803 ὑϐρικότος
1268 1733 1479 1802 ἀνδρὸς,
1503 1733 1599 1786 καὶ
1626 1733 1806 1786 πάντα

215 1815 285 1870 ἂν
317 1815 526 1870 ἕλοιντο
579 1818 676 1870 καὶ
732 1817 958 1886 ποιῆσαι
985 1817 1083 1870 καὶ
1115 1815 1310 1870 παθεῖν
1339 1815 1428 1869 διά
1463 1814 1622 1868 τοῦτο
1647 1833 1660 1845 ·
1685 1813 1802 1867 ἀλλ’

215 1899 373 1967 ὅμως
406 1899 566 1952 τοῦτο
593 1900 655 1952 16
684 1898 961 1973 ἀφόρητον
991 1898 1186 1963 πάθος,
1216 1897 1376 1951 τοῦτο
1393 1898 1454 1951 16
1477 1897 1804 1968 τυραννικὸν

218 1983 321 2036 καὶ
341 1983 718 2053 ἀπαραίτητον
748 1983 1042 2052 ὑπέμεινεν
1075 1986 1103 2036 6
1141 1983 1347 2046 δίκαιος
1387 1981 1527 2052 μετά
1559 1981 1804 2045 πλείονος

219 2065 530 2136 ὑπερϐολῆς
556 2104 572 2127 ,
617 2066 714 2119 καὶ
752 2067 983 2136 περιορᾷ
1028 2065 1128 2136 τὴν
1158 2067 1396 2132 γυναῖκα
1433 2063 1804 2134 ὑϐριζομένην

215 2149 314 2202 διά
339 2150 433 2202 16v
459 2149 624 2218 φόϐον
657 2149 753 2203 τοῦ
783 2147 1016 2203 θανάτου
1047 2149 1142 2202 καί
1162 2148 1262 2218 τῆς
1291 2146 1570 2216 τελευτῆς.
1670 2184 1674 2188 -

293 2231 362 2301 β’.
389 2233 510 2284 Ὅτι
527 2232 625 2301 μὶν
655 2227 746 2285 οὖν
763 2230 1016 2285 ἐδεδοίκει
1043 2231 1134 2283 16v
1164 2229 1392 2284 θάνατον
1411 2230 1477 2282 ἐκ
1503 2228 1694 2281 τούτου
1709 2227 1804 2298 δῆ-

217 2316 313 2368 λον
335 2331 351 2347 °
386 2314 506 2386 ὥρα
527 2316 586 2368 δὲ
616 2307 802 2368 λοιπὸν
834 2315 997 2369 αὑτὸν
1036 2313 1344 2380 ἀπαλλάξαι
1369 2312 1478 2366 τῶν
1527 2312 1806 2382 ἐγκλημά-

219 2397 374 2470 [636]
417 2416 526 2451 των
555 2399 648 2451 καὶ
671 2399 768 2467 τῆς
791 2398 1129 2470 κατηγορίας
1153 2398 1251 2468 τῆς
1271 2397 1364 2450 ἐπὶ
1386 2395 1582 2465 τούτῳ,
1603 2395 1803 2466 πρότε-

219 2500 316 2552 ρον
348 2483 522 2552 αὑτὴν
554 2481 775 2534 εἰπόντα
802 2481 902 2552 τὴν
936 2481 1286 2551 κατηγορίαν.
1317 2471 1414 2542 Τίς
1449 2474 1543 2532 οῦν
1575 2479 1724 2530 ἐστιν
1767 2479 1801 2548 ή

216 2564 568 2636 κατηγορίας
604 2559 772 2625 Ἔδει,
816 2567 1000 2634 φησιν,
1043 2565 1207 2618 αὑτὸν
1241 2563 1534 2618 ἀποθανεῖν
1580 2561 1803 2632 μᾶλλον,

216 2649 250 2719 ἢ
289 2649 555 2719 περιιδεῖν
621 2648 722 2718 τὴν
773 2650 1008 2715 γυναῖκα
1061 2645 1463 2719 ὑϐριζομένην·
1511 2646 1607 2697 καὶ
1647 2642 1804 2698 τοῦτό

215 2733 371 2784 ἐστιν
417 2730 446 2784 6
496 2730 860 2801 κατηγοροῦσί
910 2744 1085 2793 τινες⁶
1136 2730 1219 2782 ὃτι
1262 2728 1438 2782 εἵλετο
1475 2727 1675 2798 μᾶλλον
1704 2726 1804 2796 τὴν

214 2812 419 2866 ἑαυτοῦ
444 2812 704 2866 διασῶσαι
728 2813 894 2882 ζωὴν,
927 2811 962 2881 ἢ
990 2813 1088 2882 τὴν
1114 2809 1468 2881 σωφροσύνην
1491 2811 1588 2878 τῆς
1616 2825 1794 2876 γυναι-

215 2897 336 2960 κός.
374 2895 442 2948 Τί
469 2896 680 2964 λέγεις;
707 2896 813 2948 ἔδει
857 2894 1057 2965 μᾶλλον
1093 2895 1254 2948 αὑτὸν
1291 2893 1606 2954 ἀποθανεῖν,
1644 2893 1678 2962 ἢ
1706 2892 1804 2963 τὴν

215 2982 453 3046 γυναῖκα
480 2967 740 3049 περιιδεῖν
766 2976 1161 3048 ὑϐριζομένηνς
1186 2977 1294 3029 Καὶ
1321 2975 1374 3027 τί
1401 2974 1563 3028 πλέον
1588 2976 1802 3042 ἐγίγνε-

216 3080 314 3127 το;
355 3065 406 3116 εί
443 3062 540 3133 μὲν
575 3062 686 3132 γὰρ
713 3060 938 3124 ἔμελλεν
967 3059 1326 3128 ἀποθνήσκων
1352 3057 1684 3128 ἐξαρπάζειν
1706 3057 1804 3127 τὴν

214 3149 458 3213 γυναῖκα
479 3145 580 3216 τῆς
607 3145 840 3218 ὕϐρεως,
873 3141 1054 3204 καλῶς
1081 3140 1252 3194 ταῦτά
1278 3139 1414 3210 φατε
1434 3157 1447 3169 ·
1491 3141 1539 3192 εἰ
1577 3139 1633 3192 δὲ
1664 3133 1803 3190 ἀπο-

217 3227 400 3281 θανὼν
421 3228 573 3282 οὐδὲν
592 3225 793 3296 ὠφελεῖ
815 3225 915 3295 τὴν
935 3227 1170 3292 γυναῖκα
1195 3223 1330 3294 πρὸς
1351 3224 1450 3293 τὴν
1471 3223 1571 3291 τῆς
1594 3221 1804 3292 ὕϐρεως

215 3309 564 3381 ἀπαλλαγὴν,
598 3310 744 3371 τίνος
771 3309 956 3361 ἕνεκεν
986 3307 1110 3376 είκῆ
1139 3307 1234 3359 καὶ
1264 3304 1450 3366 ἁπλῶς
1477 3304 1576 3374 τὴν
1611 3302 1803 3357 ἑαυτοῦ

218 3394 515 3464 προδίδωσι
546 3393 854 3462 σωτηρίανς
885 3391 1004 3444 Ἵνα
1036 3391 1145 3459 γάρ
1173 3388 1375 3459 μάθῃς,
1397 3389 1480 3440 ὅτι
1517 3387 1640 3439 οὐδὲ
1668 3387 1804 3439 ἀπο-

219 3476 402 3529 θανὼν
424 3475 648 3546 ἔμελλεν
670 3466 1001 3544 ἐξαρπάζειν
1027 3471 1196 3543 αὑτὴν
1221 3472 1322 3542 τῆς
1351 3470 1617 3541 μοιχείας,
1641 3471 1805 3524 ἀκου-

220 3577 314 3613 σον
351 3560 405 3612 τί
445 3575 610 3628 φησι·
646 3558 753 3612 Καὶ
780 3556 952 3610 ἔσται
979 3557 1058 3622 ὡς
1097 3555 1174 3608 ἄν
1200 3569 1274 3610 σε
1308 3554 1520 3609 ἴδωσιν
1544 3558 1598 3608 οὶ
1627 3553 1802 3622 Λιγύ-

219 3659 404 3700 πτιοι,
433 3641 509 3695 σὲ
535 3640 652 3709 μὲν
676 3639 1191 3707 περιποιήσονται,
1213 3637 1318 3706 ἐμὲ
1346 3637 1414 3690 δὲ
1438 3634 1805 3691 ἀποκτενοῦ-

218 3743 307 3778 σί.
349 3723 454 3777 Δύο
486 3723 663 3775 τοίνυν
690 3721 881 3792 ἔμελλε
902 3719 1147 3789 γίνεσθαι
1165 3721 1192 3759 ι)
1219 3720 1418 3781 άτοπα,
1453 3717 1689 3788 μοιχεία,
1709 3718 1804 3770 καὶ

219 3810 379 3876 φόνος
399 3824 415 3838 ’
451 3807 514 3860 οὑ
556 3806 657 3875 τῆς
698 3803 967 3874 τυχούσης
989 3803 1047 3858 δὲ
1084 3799 1153 3873 ἦν
1180 3801 1444 3865 συνέσεως
1477 3802 1542 3854 ἐκ
1572 3799 1680 3853 τῶν
1712 3799 1804 3853 δύο

217 3895 427 3944 τούτων
462 3889 519 3942 ἓν
558 3889 687 3957 γοῦν
722 3890 996 3957 κερδᾶναι.
1033 3888 1096 3942 Et
1132 3888 1229 3958 μὲν
1255 3889 1364 3959 γάρ
1391 3881 1581 3958 ἔμελλε
1618 3885 1803 3953 (πάλιν

221 3976 330 4045 7&9
360 3973 422 4026 16
447 3973 579 4026 αὐτὸ
607 3971 740 4043 ἐρῶ)
769 3972 866 4042 τὴν
903 3970 1079 4042 ψυχὴν
1103 3971 1316 4034 ἐπιδοὺς
1347 3971 1446 4040 τὴν
1471 3969 1666 4024 ἐαυτοῦ
1697 3970 1804 4022 ἀπο

221 4057 510 4110 αλλάττειν
553 4054 767 4125 ἐκείνην
809 4054 911 4122 τῆς
960 4053 1190 4124 ὕϐρεως,
1238 4055 1332 4107 καὶ
1381 4052 1804 4115 ἀποκτείναντες

222 4142 421 4192 ἐκεῖνοι
449 4138 542 4190 16v
575 4137 780 4191 δίκαιον
809 4137 911 4208 τῆς
951 4137 1166 4208 Σάρρας
1198 4137 1296 4207 οὑχ
1323 4135 1578 4205 ἥπτοντο,
1621 4133 1804 4197 καλῶς

223 4221 497 4282 ἐνεκάλεις
521 4235 530 4246 ·
557 4222 604 4272 εί
622 4218 681 4272 δὲ
711 4218 804 4272 καὶ
833 4219 1194 4282 ἀποθανόντος
1217 4217 1402 4282 αὐτοῦ,
1421 4216 1623 4288 ὁμοίως
1642 4216 1802 4287 ἐμελ-

220 4306 312 4358 λεν
343 4301 662 4378 ὑϐρίζεσθαι
686 4303 720 4372 ἡ
749 4301 906 4372 γυνὴ,
931 4301 1073 4365 τινος
1105 4300 1290 4355 ἕνεκεν
1316 4300 1410 4355 τοῦ
1434 4300 1643 4354 δικαίου
1669 4317 1802 4354 κατ-

220 4391 467 4460 ηγορεῖς,
499 4387 646 4453 ὃςγε
676 4385 769 4439 δύο
798 4385 1100 4456 μελλόντων
1131 4384 1448 4454 συμϐαίνειν
1470 4383 1660 4438 δεινῶν
1684 4402 1804 4456 μοι-

219 4473 376 4544 χείας
409 4470 504 4524 καὶ
523 4469 708 4538 φόνου,
743 4467 969 4538 θάτερον
999 4467 1088 4520 διά
1111 4467 1214 4537 τῆς
1255 4466 1420 4520 αὑτοῦ
1471 4467 1663 4537 σοφίας
1705 4469 1800 4521 ἐκ·

217 4556 421 4620 ώλυσε,
446 4552 508 4605 16
534 4551 634 4621 τῆς
673 4549 1024 4619 ἀνδροφονίας
1050 4549 1193 4619 λέγω
1217 4566 1232 4614 ;
1273 4550 1445 4620 ’Υπὲρ
1471 4551 1580 4621 γάρ
1607 4552 1801 4606 τούτου

220 4639 318 4692 καὶ
345 4634 686 4689 ἐπαινεῖσθαι
710 4634 872 4687 αὑτὸν
898 4633 1026 4698 ἔδει,
1054 4633 1137 4686 ὅτι
1163 4632 1409 4705 καθαράν
1429 4635 1694 4704 ἐτήρησεν
1714 4636 1802 4688 αἴ-

224 4738 394 4790 ματος
415 4718 515 4787 τὴν
536 4718 630 4770 τοῦ
662 4716 848 4788 μοιχοῦ
877 4718 1055 4787 χεῖρα.
1084 4715 1219 4769 Οὐδέ
1246 4716 1356 4786 7&9
1383 4719 1558 4769 ἐκεῖνο
1574 4716 1640 4770 ἂν
1660 4717 1802 4788 ἔχοις

219 4806 420 4865 είπεῖν,
455 4802 536 4854 ὅτι
572 4799 650 4870 τῷ
686 4802 857 4853 εἰπεῖν
887 4799 1079 4870 αὐτὴν,
1108 4799 1190 4852 ὅτι
1220 4798 1424 4870 ἀδελφὴ
1464 4800 1630 4854 αὑτοῦ
1662 4803 1798 4871 είμι,

217 4886 399 4956 τούτῳ
441 4883 793 4937 ἐπεσπάσατο
836 4876 928 4936 16v
975 4882 1271 4949 Αίγύπτιον
1304 4883 1440 4952 πρὸς
1470 4881 1568 4952 τὴν
1606 4882 1796 4954 ὓϐριν·

221 4972 316 5025 καὶ
359 4969 470 5040 γὰρ
511 4971 559 5022 εἰ
592 4966 765 5033 εἶπεν,
799 4966 882 5019 ὅτι
919 4965 1057 5036 γυνὴ
1097 4964 1262 5018 αὑτοῦ
1303 4965 1439 5036 εἰμι,
1469 4967 1590 5020 οὐδὲ
1628 4967 1801 5032 οὕτως

219 5053 446 5123 ἔμελλεν
475 5049 909 5120 ἀποστήσεσθαι·
939 5050 1031 5103 καὶ
1054 5049 1213 5101 τοῦτο
1233 5048 1502 5118 ἐδήλωσεν
1529 5051 1693 5114 αὐτὸς
1721 5054 1798 5104 εί-

221 5134 372 5188 τὲών·
417 5134 510 5198 Ὠς
539 5133 646 5186 ἐὰν
676 5133 850 5184 ἴδωσί
876 5147 970 5194 σε,
999 5131 1393 5200 ἑροῦσιν,”οτι
1432 5133 1588 5200 γυνὴ
1614 5134 1802 5188 αὐτοῦ

221 5219 397 5285 αὕτη,
421 5216 522 5270 καὶ
550 5214 957 5269 ἀποκτενοῦσί
973 5232 1070 5282 με,
1093 5216 1169 5267 σὲ
1193 5214 1262 5266 δὲ
1289 5215 1797 5281 περιποιήσονται.

222 5302 387 5356 Ὥστε
414 5299 674 5368 εἰπούσης
706 5299 827 5368 μὲν,
858 5299 938 5351 ὅτι
972 5297 1107 5368 γυνὴ
1142 5298 1306 5351 αὑτοῦ
1344 5295 1430 5368 ἦν,
1460 5300 1553 5352 καὶ
1587 5303 1803 5371 μοιχεία

224 5388 319 5438 καὶ
343 5386 504 5454 φόνος
527 5385 773 5452 ἐγίγνετο
792 5398 805 5411 '
841 5383 1100 5452 εἰπούσης
1128 5382 1206 5445 δὲ,
1241 5383 1323 5435 ὅτι
1360 5383 1584 5454 ἀδελφὴ,
1618 5385 1680 5437 16
1707 5385 1800 5438 τοῦ

285 5591 304 5614 ⁸
329 5593 482 5642 Savil.
520 5595 568 5642 ἐν
589 5599 646 5653 τῇ
688 5596 814 5654 ψυχῇ
857 5593 994 5640 λάϐοι
1035 5609 1120 5654 τις,
1157 5592 1377 5648 ἀϐίωτος.
1412 5593 1536 5642 Ibid.
1573 5595 1723 5644 SaVII.
1747 5602 1803 5646 et

223 5653 492 5764 9:36:11“
521 5652 784 5717 γεγένηταί
813 5655 920 5702 Mox
949 5652 1100 5702 Savil.
1129 5656 1177 5702 in
1217 5668 1355 5717 marg
1397 5657 1508 5718 φλὸξ
1533 5657 1662 5705 ἐστιν
1682 5659 1802 5707 ἀκοι-

285 5733 314 5761 ον
373 5731 500 5764 στος.

282 5775 312 5818 δ
331 5753 484 5826 Βενιιῖ
509 5777 557 5827 in
581 5783 718 5826 textu
747 5779 998 5832 τίκτεσθαι,
1026 5778 1072 5825 in
1099 5791 1246 5839 marg.
1271 5778 1494 5840 γίνεσθαι,
1529 5786 1579 5834 ιι(
1606 5781 1706 5831 alii.

3383 392 3488 448 63‘!

1912 496 2076 564 φόνου
2107 501 2445 556 διεκωλύετο.
2465 504 2627 575 Ὁρᾷς
2660 505 2776 569 πῶς
2805 504 2896 558 δύο
2929 505 3228 576 μελλόντων
3256 509 3486 571 συμϐαί-

1910 604 2022 643 νειν
2045 591 2254 660 δεινῶν,
2282 594 2512 668 θάτερον
2545 597 2632 650 διὰ
2663 598 2760 669 τῆς
2792 597 2959 652 αὑτοῦ
2989 600 3184 668 σοφίας
3215 599 3427 664 hanc;

1980 679 2168 735 Βούλει
2199 685 2410 753 μαθεῖν,
2451 687 2563 751 πῶς
2607 688 2701 740 καὶ
2739 687 2839 758 τῆς
2873 688 3116 758 μοιχείας
3140 690 3200 756 16
3236 689 3490 762 ἔγκλημα

1909 770 2052 824 κατά
2081 773 2316 845 δύναμιν
2344 777 2444 847 τήν
2481 777 2676 832 ἐαυτοῦ
2725 778 2884 832 πάλιν
2915 779 3299 848 ὑποτέμνεται,
3344 780 3489 833 ὥστε

1912 863 2048 932 μηδὲ
2078 866 2264 936 μοιχὸν
2301 869 2462 921 αὑτὸν
2494 871 2904 942 ἀπηρτισμένον
2936 873 3155 940 ἀφεῖναι
3196 871 3488 940 γενέσθαι;

1913 955 2178 1009 ’Δκουσον
2207 958 2385 1013 αὑτῶν
2409 961 2573 1014 πάλιν
2600 962 2845 1032 ἀκριϐῶς
2865 961 2974 1014 τῶν
2995 956 3258 1034 ῥημάτων
3275 981 3288 994 ·
3315 964 3487 1025 Εἰπὲ,

1910 1044 2093 1114 φησιν,
2117 1046 2207 1101 ὅτι
2233 1048 2466 1118 ἀδελφὴ
2488 1053 2675 1106 αὑτοῦ
2702 1056 2840 1123 ειμι.
2859 1054 2926 1106 Τί
2953 1053 3136 1122 λέγει;
3170 1055 3228 1106 '0
3256 1054 3492 1124 ἀδελφὴν

1907 1134 2197 1206 λαμϐάνων
2248 1139 2344 1192 οὑκ
2399 1140 2514 1194 ἐστι
2549 1144 2771 1213 μοιχός’
2805 1146 2835 1198 6
2863 1144 2973 1216 7&9
3005 1144 3189 1215 μοιχὸς
3231 1145 3340 1203 ἀπὸ
3389 1147 3492 1216 τῆς

1909 1225 2285 1298 προαιρέσεως
2331 1229 2602 1300 κρίνεται·
2650 1232 2774 1284 ἐπεὶ
2807 1231 2903 1285 καὶ⁵
2930 1234 2959 1286 6
2992 1231 3196 1296 Ἰούδας
3226 1232 3362 1304 πρὸς
3392 1233 3492 1300 τὴν

1913 1314 2134 1387 νύμφην
2172 1317 2273 1388 τὴν
2303 1319 2493 1373 ἐαυτοῦ
2527 1320 2784 1376 εἰσελθὼν
2811 1319 2910 1394 τὴν
2936 1323 3155 1395 Θάμαρ,
3201 1323 3303 1377 οὐκ
3349 1323 3491 1396 ἐκρίο

1910 1422 2028 1459 νετο
2062 1409 2250 1478 μοιχός
2271 1426 2283 1439 ’
2313 1411 2377 1464 οὑ
2409 1411 2518 1482 7&9
2549 1411 2625 1476 ὠς
2664 1413 2801 1483 πρὸς
2829 1413 3071 1484 νύμφην,
3105 1412 3219 1467 ἀλλ’
3251 1413 3327 1478 ὡς
3357 1414 3492 1485 πρὸς

1909 1501 2116 1573 πόρνην
2154 1503 2372 1574 εἰσῆλθε
2403 1509 2658 1574 γυναῖκα.
2687 1507 2843 1561 Οὕτω
2873 1508 2968 1565 καὶ
2996 1506 3234 1561 ἐνταῦθα
3265 1509 3293 1560 ὁ
3321 1504 3492 1574 Αίγύ-

1909 1611 2067 1658 πτιος
2103 1595 2313 1664 μέλλων
2348 1597 2520 1668 αὐτὴν
2556 1597 2856 1668 λαμϐάνειν
2887 1599 2986 1668 οὑχ
3017 1598 3094 1663 ὡς
3118 1599 3355 1667 γυναῖκα
3395 1597 3494 1653 τοῦ

1923 1685 2192 1757 Ἀϐραὰμ,
2220 1687 2334 1741 ἀλλ’
2355 1689 2431 1752 ὼς
2458 1689 2712 1761 ἀδελφὴν,
2737 1691 2837 1744 οὑκ
2867 1691 3059 1761 ἔμελλε
3089 1691 3275 1761 μοιχὸς
3309 1690 3492 1761 κρίνε-

1911 1775 2055 1831 σθαι.
2091 1777 2155 1831 Τί
2185 1775 2278 1833 οῦν
2303 1780 2462 1834 τοῦτο
2487 1781 2624 1852 πρὸς
2666 1782 2758 1835 τὸν
2793 1782 3065 1853 ⁹Αϐραάμ,
3093 1782 3251 1852 φησὶ,
3279 1780 3371 1834 τὸν
3415 1782 3492 1833 εἰ·

1909 1864 2057 1931 δότα,
2087 1868 2172 1921 ὅτι
2196 1872 2428 1936 γυναῖκα
2457 1869 2554 1942 τὴν
2581 1871 2772 1926 ἑαυτοῦ
2802 1871 3054 1937 ἐξεδίδου,
3082 1874 3178 1926 καὶ
3207 1873 3308 1926 οὑκ
3333 1871 3491 1925 ἀδελ·-

1911 1958 2050 2028 φήνς
2093 1958 2232 2011 Ἀλλ’
2256 1960 2376 2014 οὑδὲ
2414 1961 2572 2014 τοῦτο
2605 1961 2856 2033 ἔγκλημα
2886 1960 3098 2038 τούτου.
3126 1961 3189 2014 Εί
3239 1961 3338 2031 μὲν
3380 1961 3493 2032 γὰρ

1909 2049 2134 2119 ιμελλεν
2163 2050 2422 2118 ἀκούσας,
2457 2054 2538 2107 ὅτι
2584 2053 2721 2125 γυνὴ
2766 2052 2929 2107 αὑτοῦ
2978 2056 3146 2119 ἐστιν,
3196 2052 3492 2122 ἀφέξεσθαι

1909 2139 2008 2210 τῆς
2049 2139 2280 2214 ὕϐρεως,
2311 2143 2490 2207 καλῶς
2521 2134 2800 2210 ἐνεκάλεις
2824 2145 2902 2216 τῷ
2925 2145 3118 2217 δικαίῳ
3137 2163 3150 2174 ·
3177 2147 3226 2198 εί
3254 2145 3311 2199 δέ
3339 2144 3490 2197 οὐδὲν

1910 2230 2100 2301 ἔμελλε
2131 2232 2192 2286 16
2217 2234 2386 2306 ὄνομα
2407 2237 2506 2308 τῆς
2521 2238 2776 2306 γυναικὸς
2800 2236 3204 2309 προστήσεσθαι
3229 2236 3328 2307 τῆς
3349 2237 3492 2308 Σάρσ

1912 2325 2011 2395 ρας
2039 2325 2118 2390 εἰς
2143 2326 2204 2380 16
2228 2327 2326 2398 τὴν
2349 2322 2506 2401 ὓϐριν
2528 2329 2992 2402 ἀποκρούσασθαι,
3017 2329 3168 2402 [657]
3193 2327 3375 2393 καθὼς
3398 2329 3493 2381 καὶ

1909 2417 2070 2482 αὑτός
2107 2437 2304 2490 φησιν,
2336 2422 2418 2474 δτι
2466 2421 2730 2493 Ἑροῦσιν,
2765 2423 2849 2476 ὅτι
2873 2420 3044 2488 Γυνὴ
3091 2420 3279 2476 αὐτοῦ
3326 2417 3502 2472 ἐστιν

1909 2507 2082 2576 αὕτη,
2111 2509 2208 2562 καί
2248 2509 2743 2577 περιποιήσω-ται
2782 2525 2876 2573 σε,
2906 2508 3084 2580 πολλῷ
3120 2509 3321 2580 μᾶλλον
3357 2507 3491 2561 θαυ-

1914 2597 2108 2668 μάζειν
2131 2599 2220 2653 τὸν
2241 2600 2450 2654 δίκαιον
2479 2601 2584 2672 χρὴ
2612 2603 2671 2654 ἐν
2695 2601 2930 2672 τοσαύτῃ
2953 2600 3279 2672 πράγματος
3298 2600 3493 2653 δυσκο-

1909 2689 2001 2761 λίᾳ
2019 2689 2312 2761 δυνηθέντα
2336 2694 2429 2746 καὶ
2453 2694 2700 2764 αἱμάτων
2727 2692 2969 2764 καθαρὸν
3004 2693 3246 2762 τηρῆσαι
3276 2691 3370 2744 16v
3392 2692 3492 2744 Λί-

1910 2780 2159 2849 γύτιπιον,
2197 2784 2290 2837 καὶ
2329 2786 2407 2848 είς
2436 2785 2664 2854 δύναμιν
2691 2784 2790 2857 τὴν
2815 2783 3010 2838 ἐαυτοῦ
3035 2783 3096 2836 16
3122 2783 3375 2853 ἔγκλημα
3392 2783 3491 2852 τῆς

1913 2867 2122 2940 ὕϐρεως
2151 2871 2675 2942 παραμυθήσασθαι.

1983 2958 2240 3027 Ἄγωμεν
2281 2959 2346 3029 δὴ
2381 2959 2566 3012 λοιπὸν
2590 2959 2682 3012 τὸν
2708 2958 2864 3027 λόγον
2894 2958 2988 3013 καὶ
3025 2958 3120 3012 ἐπὶ
3148 2958 3240 3012 16v
3267 2957 3492 3027 ἔκγονον

1910 3047 2074 3100 αὑτοῦ
2125 3048 2216 3101 τὸν
2249 3047 2472 3102 Ἰακώϐ·
2508 3051 2601 3102 καὶ
2651 3049 2771 3119 ὕψει
2811 3050 3063 3103 κάκεῖνον
3087 3049 3364 3104 δεδοικότα
3397 3049 3492 3102 καὶ

1909 3140 2178 3210 τρέμοντα
2207 3139 2305 3210 τὴν
2331 3138 2608 3212 τελευτὴν,
2625 3139 2909 3212 ἄνθρωπον
2934 3142 2999 3194 ἐκ
3021 3139 3247 3212 πρώτης
3274 3140 3491 3213 ἡλικίας

1909 3229 2270 3299 άποστολικὴν
2291 3229 2696 3300 ἐπιδειξάμενον
2717 3229 3132 3300 φιλοσοφίαν.“0
3151 3231 3260 3302 γὰρ
3281 3231 3493 3294 Παῦλος

1910 3321 2022 3383 τοῖς
2051 3321 2322 3392 μαθηταῖς
2361 3320 2670 3391 ἐνομοθέτει
2703 3313 2880 3389 λέγων
2901 3338 2916 3354 ⁸
2955 3323 3240 3392 Ἔχοντες
3269 3322 3495 3391 τροφάς

1911 3412 2010 3465 καί
2056 3411 2457 3478 σκεπάσματα
2497 3413 2731 3478 τούτοις
2772 3413 3293 3483 ἀρκεσθησόμεθα,
3331 3413 3493 3467 τοῦτο

1910 3504 2005 3556 καὶ
2029 3498 2182 3566 οὗτος
2208 3504 2377 3575 ᾔτησε
2408 3505 2560 3574 παρά
2587 3503 2681 3557 τοῦ
2715 3503 2848 3558 Θεοῦ
2880 3503 3052 3558 εἰπών
3069 3501 3098 3537 ·’
3115 3507 3216 3559 Ἂν
3240 3505 3361 3573 δῴη
3387 3523 3490 3575 μοι

1911 3594 2126 3660 Κύριος
2160 3593 2344 3662 ἄρτον
2375 3592 2589 3663 φαγεῖν
2633 3593 2732 3646 καὶ
2765 3593 2998 3662 ἱμάτιον
3039 3597 3489 3664 περιϐαλέσθαι,

1909 3682 2083 3750 ἀρκεῖ
2100 3685 2264 3751 ἡμῖν.
2282 3683 2419 3736 Ἀλλ’
2444 3684 2593 3754 ὅμως
2631 3685 2726 3737 καὶ
2759 3678 2913 3747 οὗτος
2942 3686 2971 3737 6
2997 3685 3164 3756 μηδὲν
3195 3686 3356 3739 πλέον
3388 3687 3489 3757 τῆς

1909 3776 2098 3848 χρείας
2126 3775 2325 3845 ζητῶν,
2353 3777 2382 3828 6
2406 3774 2505 3844 τῆς
2536 3774 2712 3837 οἰκίας
2743 3773 3038 3845 ὑπεριδὼν,
3066 3777 3096 3828 6
3116 3773 3215 3839 τάς
3243 3775 3492 3844 εὐλογίας

1908 3866 2111 3933 λαϐὼν,
2141 3869 2170 3920 6
2196 3869 2262 3938 τῇ
2301 3868 2469 3938 μητρὶ
2513 3865 2778 3931 πεισθεὶς,
2807 3868 2836 3920 6
2865 3866 2941 3938 τῷ
2971 3865 3091 3936 Θεῷ
3131 3866 3306 3936 φίλος,
3346 3869 3375 3919 6
3401 3867 3494 3921 διά

1908 3958 2007 4029 τῆς
2035 3958 2226 4028 σοφίας
2254 3958 2581 4029 βιασάμενος
2626 3959 2727 4030 τὴν
2756 3956 2918 4028 φύσιν
2949 3959 2966 4029 (
2990 3958 3242 4029 δεύτερος
3266 3959 3376 4030 7&9
3409 3958 3491 4012 ὢν

1909 4054 1973 4123 τῇ
2010 4043 2190 4120 φύσει,
2214 4052 2478 4124 πρότερος
2501 4053 2692 4121 γέγονε
2714 4055 2836 4116 ταῖς
2854 4050 3168 4121 εὐλογίαις),
3191 4053 3221 4105 6
3249 4051 3492 4106 τοσαῦτα

1908 4143 2176 4213 δυνηθεὶς,
2211 4144 2242 4196 6
2281 4143 2522 4199 τοσαῦτα
2552 4144 2941 4215 φιλοσοφήσας,
2972 4142 3000 4197 6
3027 4144 3298 4215 τοσαύτην
3333 4144 3489 4196 εὐσέ-

1910 4234 2062 4288 ϐειαν
2089 4235 2516 4306 ἐπιδειξάμενος,
2547 4236 2682 4306 μετὰ
2707 4236 2833 4298 τοὺς
2857 4236 3081 4308 μυρίους
3107 4235 3323 4300 ἄθλους,
3351 4237 3490 4306 μετά

1908 4328 1979 4380 τὰ
2033 4326 2203 4398 μυρία
2247 4329 2567 4399 σκάμματα,
2612 4325 2750 4396 μετά
2797 4326 2867 4379 τά
2913 4328 3082 4397 μυρία
3133 4328 3492 4398 παλαίσματα

1909 4420 2004 4474 καὶ
2026 4421 2151 4484 τοὺς
2177 4419 2403 4483 πολλοὺς
2425 4419 2719 4487 στεφάνους
2743 4419 3004 4482 ἐκείνους,
3023 4419 3114 4472 ἐπὶ
3136 4420 3234 4489 τὴν
3256 4420 3491 4491 πατρίδα

1907 4510 2167 4576 ἐπανιὼν,
2204 4512 2298 4565 καὶ
2329 4511 2535 4581 μέλλων
2563 4509 2908 4574 ἐντεύξεσθαι
2935 4509 3013 4580 τῷ
3040 4510 3274 4580 ἀδελφῷ,
3319 4513 3491 4566 καθάο

1909 4622 2016 4676 περ
2059 4603 2246 4674 θηρίον
2292 4603 2514 4672 ὄψεσθαι
2569 4582 2800 4672 μέλλων,
2829 4600 2924 4654 καὶ
2954 4601 3286 4671 φοϐούμενος
3322 4601 3490 4655 αὑτοῦ

1906 4699 2006 4770 τὴν
2039 4697 2423 4769 μνησικακίαν,
2461 4695 2789 4766 προσπίπτει
2830 4694 2909 4764 τῷ
2943 4694 3082 4765 Θεῷ,
3110 4695 3207 4747 καὶ
3235 4711 3489 4764 παρακαο

1907 4787 2016 4841 λεῖ·
2053 4788 2297 4853 Ἐξελοῦ
2321 4805 2398 4856 με
2418 4788 2485 4841 ἐκ
2510 4789 2710 4858 χειρὸς
2730 4782 2917 4841 Ἠσαῦ
2934 4785 3039 4839 τοῦ
3062 4786 3329 4855 ἀδελφοῦ
3345 4805 3489 4854 μου,

1907 4877 2104 4948 λέγων,
2143 4877 2232 4930 ὅτι
2279 4878 2569 4948 φοϐοῦμαι
2610 4875 2725 4948 ἐγὼ
2757 4877 2963 4932 αὑτὸν.
2993 4876 3076 4946 μή
3118 4891 3262 4929 ποτε
3298 4877 3493 4931 ἐλθὼν

1908 4969 2145 5036 πατάξῃ
2165 4985 2259 5038 με,
2297 4969 2395 5022 καὶ
2415 4969 2644 5038 μητέρα
2666 4967 2763 5021 ἐπὶ
2794 4965 3048 5032 τέκνοις.
3077 4963 3228 5030 Εἶδες
3254 4967 3370 5028 πῶς
3397 4969 3492 5019 καλ⁸

1908 5058 2062 5126 οὗτος
2093 5061 2346 5116 ἐδεδοίκει
2397 5063 2488 5116 τὸν
2540 5062 2804 5126 θάνατον;
2848 5059 2966 5122 πῶς
3016 5059 3232 5130 τρέμει,
3267 5060 3361 5112 καὶ
3400 5058 3491 5110 τὸν

1908 5155 2042 5208 Θεὸν
2091 5155 2399 5226 παρακαλεῖ
2442 5155 2570 5225 περὶ
2617 5152 2842 5216 τούτου;
2880 5151 3067 5204 Βούλει
3097 5168 3177 5202 σοι
3207 5149 3365 5214 δείξω
3396 5149 3491 5202 καὶ

1909 5246 2096 5316 ἕτερον
2127 5246 2299 5315 μέγαν
2322 5244 2605 5315 ἄνθρωπον
2632 5242 2694 5295 16
2714 5241 2846 5296 αὑτὸ
2869 5240 3027 5294 τοῦτο
3053 5238 3362 5292 πεπονθότα
3394 5240 3494 5291 πάι

1909 5335 2021 5398 λιν;
2067 5334 2353 5403 Ἐννόησον
2395 5332 2484 5385 16v
2517 5331 2722 5395 Ἠλίαν,
2767 5329 2868 5399 τὴν
2916 5329 3265 5398 οὐρανομήκη
3313 5327 3492 5396 ψυχὴν

1911 5422 2006 5474 καὶ
2050 5420 2226 5473 θείαν·
2257 5421 2464 5480 ἐκεῖνος
2493 5417 2601 5487 γάρ
2649 5419 2686 5471 ὁ·
2725 5415 2818 5469 16v
2861 5414 3089 5487 οὐρανὸν
3117 5414 3361 5477 κλείσας,
3398 5414 3492 5466 καὶ

1912 5510 2074 5563 πάλιν
2099 5509 2338 5576 ἀνοίξας,
2373 5510 2402 5562 6
2430 5509 2489 5561 16
2530 5509 2640 5577 πῦρ
2674 5507 2881 5560 ἀνωθεν
2923 5505 3290 5575 κατενεγκὼν,
3320 5507 3348 5557 6
3390 5502 3491 5573 τὴν

1911 5599 2229 5668 θαυμαστὴν
2257 5599 2449 5652 θυσίαν
2477 5597 2877 5668 προσενεγκὼν,
2903 5599 2933 5651 6
2961 5595 3210 5665 ζηλώσας
3237 5596 3374 5662 ὑπὲρ
3397 5599 3495 5649 τοῦ

1910 5687 2068 5750 Θεοῦ,
2098 5688 2300 5749 ἐκεῖνος
2330 5688 2359 5740 6
2386 5688 2445 5739 ἐν
2471 5684 2684 5754 σώματι
2714 5683 3038 5754 ἀνθρωπίνῳ
3067 5682 3356 5750 ἀγγελικὸν
3379 5683 3491 5733 ἐπι-

1911 5775 2221 5845 δειξάμενος
2257 5776 2391 5845 βίον,
2418 5777 2445 5828 6
2474 5774 2574 5844 τῆς
2617 5773 2865 5845 μηλωτῆς
2900 5774 3058 5827 πλέον
3088 5772 3227 5828 ἔχων
3259 5770 3432 5824 οὐδὲν.
3463 5773 3489 5822 6
