4082 6422
331 345 436 401 633

330 461 562 524 exarsit;
610 458 719 524 ille,
763 459 850 529 qui
881 457 935 514 hi
980 472 1206 530 corpore
1231 455 1466 512 humano
1517 457 1813 528 angelicam
1841 455 1925 510 vi—

331 560 441 607 tam
465 549 727 617 exhibuit,
755 551 844 621 qui
872 558 1070 620 prmter
1106 550 1316 604 ovinam
1340 551 1533 620 pellem
1560 550 1692 605 nihil
1722 548 1930 616 habuit,

329 641 421 712 qui
471 641 637 696 rebus
681 641 927 696 omnibus
974 641 1222 695 humanis
1265 641 1512 711 superior
1557 642 1747 706 evasit,
1797 641 1933 695 adeo

328 742 558 788 tuortem
587 735 776 800 metuit
802 748 865 788 ac
885 733 1216 796 reformidat,
1241 744 1298 787 ut
1319 743 1436 803 post
1463 733 1550 787 illa
1578 741 1787 796 cuncta,
1814 740 1935 803 post

328 824 522 879 caelum
563 833 620 880 et
662 823 1006 891 sacrificium,
1045 833 1166 895 post
1207 825 1465 888 meloten,
1525 823 1828 890 desertum,
1877 831 1933 877 et

329 915 723 987 philosophiam
743 925 1051 986 tantamque
1082 914 1351 979 fiduciam,
1381 915 1538 970 vilem
1563 914 1929 969 mulierculam

330 1008 698 1080 pertimescat,
748 1017 806 1064 et
857 1007 1058 1062 idcirco
1116 1007 1302 1078 fugiat.
1370 1006 1500 1062 Nam
1556 1007 1678 1076 quia
1725 1007 1933 1062 dixerat

273 1103 282 1111 '
325 1099 540 1156 Jezahel
572 1118 587 1155 :
623 1099 748 1155 Hart:
766 1100 959 1173 faciant
985 1099 1110 1154 mihi
1149 1101 1241 1166 dii,
1264 1110 1310 1153 et
1337 1100 1446 1154 ha'c
1463 1099 1677 1167 addant,
1695 1099 1796 1152 nisi
1817 1102 1933 1153 ‘cras

328 1195 554 1246 animam
579 1202 720 1248 tuam
755 1210 970 1265 posuero
1013 1194 1394 1272 sicutuanimam
1431 1194 1664 1248 uniusea:
1692 1193 1822 1256 illis,‘
1846 1195 1934 1263 qui

327 1288 515 1340 mortui
549 1295 666 1342 sunt
693 1301 713 1340 :
752 1287 918 1340 timuit
965 1285 1177 1354 Helias,
1229 1287 1439 1358 inquit,
1487 1295 1534 1342 et
1579 1285 1710 1364 fugit
1756 1285 1934 1339 itinere

327 1377 524 1432 dierum
551 1375 892 1449 quadraginta
919 1377 1008 1446 ('5.
1035 1376 1160 1448 Reg.
1197 1377 1284 1433 19.
1315 1377 1370 1432 2.
1400 1375 1434 1431 3
1453 1377 1495 1448 ).

399 1471 454 1525 3.
489 1470 651 1524 Vides
673 1478 734 1523 .ut
761 1483 910 1525 mors
947 1469 1018 1525 sit
1045 1469 1336 1526 terribilis?
1357 1470 1641 1525 Dominum
1664 1481 1792 1538 ergo
1817 1465 1932 1521 lau-

327 1559 538 1626 demus,
558 1559 698 1631 quod
721 1576 840 1615 cum
861 1561 1113 1616 terribilis
1135 1569 1277 1616 esset
1289 1560 1595 1630 prophetis,
1620 1565 1932 1628 contemptu

327 1649 540 1707 facilem
567 1651 881 1706 mulieribus
921 1651 1231 1706 reddiderit.
1281 1651 1461 1707 Helias
1505 1660 1731 1706 mortem
1758 1637 1931 1719 fugie-

325 1741 437 1806 hat,
465 1742 722 1819 mulieres
748 1741 816 1796 ad
860 1753 1088 1798 mortem
1117 1741 1496 1813 confugiebant
1531 1759 1545 1796 :
1577 1741 1665 1796 ille
1686 1754 1717 1795 a
1756 1748 1932 1794 morte

328 1832 537 1908 resiliit,
569 1833 687 1888 ista:
717 1843 965 1894 mortem
991 1841 1119 1888 sunt
1160 1842 1503 1889 consectata}.
1544 1829 1709 1886 Vides‘
1734 1841 1930 1902 quanta

327 1935 549 1994 repente
568 1922 708 1980 facta
742 1926 813 1980 sit
840 1925 1099 1981 mutatio?
1141 1926 1412 1980 Abraham
1443 1933 1498 1979 et
1529 1924 1706 1978 Helias
1745 1937 1931 1978 necem

325 2016 710 2085 reformidant,
756 2018 1010 2073 mulieres
1059 2027 1238 2074 autem
1283 2019 1436 2088 quasi
1488 2019 1653 2071 lutum
1705 2015 1932 2086 pedibus

326 2109 441 2162 suis
464 2119 695 2164 mortem
735 2110 1136 2187 conculcarunt.
1167 2109 1550 2164 Verumtamen
1581 2124 1650 2163 ne
1675 2108 1794 2162 illos
1815 2107 1933 2178 qui-

326 2197 691 2254 dem-sanctos
719 2215 1062 2266 accusemus;
1094 2216 1201 2255 non
1235 2200 1470 2272 ipsorum
1513 2208 1596 2254 est
1619 2200 1807 2270 culpa;
1838 2213 1932 2253 na-

330 2299 463 2345 tura:
505 2290 842 2347 imbecillitas
867 2299 1004 2359 erat,
1032 2307 1139 2346 non
1157 2292 1360 2370 crimen
1390 2291 1599 2346 arbitrii
1625 2309 1639 2346 :
1671 2291 1931 2345 formida-

326 2382 490 2438 bilem
543 2396 664 2436 esse
706 2391 815 2435 tum
866 2382 1125 2452 temporis
1169 2382 1311 2437 Deds
1341 2392 1567 2437 mortem
1595 2383 1825 2448 volebat,
1873 2389 1932 2436 ut

326 2476 511 2546 gratia:
533 2483 719 2545 postea
765 2475 1073 2544 magnitudo
1114 2474 1506 2541 innotesceret;
1540 2473 1932 2530 formidabilem

329 2567 474 2621 illam
502 2565 669 2620 voluit
692 2579 812 2621 esse
845 2565 1200 2637 :supplicium
1235 2567 1378 2620 enim
1407 2576 1523 2620 erat
1554 2583 1567 2619 :
1597 2563 1796 2620 ideirco
1816 2563 1930 2620 dis-

328 2658 462 2714 solvi
511 2659 758 2728 supplieii
803 2656 991 2714 minas
1023 2659 1210 2724 noluit,
1269 2673 1337 2713 ne
1381 2659 1656 2729 segniores
1687 2657 1932 2713 homines

333 2760 518 2821 postea
562 2741 939 2804 redderentur.
966 2749 1198 2817 Maneat,
1225 2749 1414 2820 inquit,
1440 2749 1507 2804 ad
1530 2764 1624 2804 eos
1653 2751 1933 2805 terrendos

334 2839 772 2910 coercendosque
797 2841 1061 2895 sententia
1095 2859 1108 2895 :
1142 2842 1242 2895 erit
1261 2841 1426 2906 enim,
1448 2841 1550 2894 erit
1570 2851 1798 2910 tempus,
1827 2855 1933 2910 quo

329 2937 384 2981 ct
425 2936 573 2979 metu
605 2925 710 2980 isto
731 2925 1133 2991 liberabuntur;
1163 2924 1305 2994 quod
1327 2926 1512 2995 utique
1557 2925 1769 2979 accidit.
1825 2924 1934 2979 Nos

328 3020 526 3088 quippe
547 3017 802 3072 liberatos
827 3018 894 3072 ab
923 3033 989 3072 eo
1019 3016 1185 3072 fuisse
1212 3018 1314 3072 hoc
1341 3027 1486 3072 metu
1511 3017 1784 3073 declarant
1811 3032 1931 3072 eum

331 3121 597 3184 martyres
641 3121 754 3166 tum
784 3121 910 3167 ante
941 3122 1206 3182 martyres
1250 3111 1469 3166 Paulus.
1502 3111 1710 3165 Audisti
1745 3110 1798 3164 in
1825 3109 1933 3164 Ve-

329 3203 431 3258 teri
462 3201 809 3257 Testamento
835 3201 1106 3257 dicentem
1139 3201 1440 3267 Abraham,
1491 3199 1560 3254 Te
1587 3199 1792 3271 quidem
1829 3216 1937 3254 ser-

328 3294 549 3359 uehunt,
596 3310 676 3346 me
718 3309 834 3346 vero
875 3293 1175 3364 interﬁt-ient
1225 3291 1392 3363 (Gen.
1429 3289 1516 3344 12.
1565 3289 1710 3361 l2)?
1739 3289 1936 3344 audisti

329 3385 501 3442 Jacob
531 3385 798 3440 dicentem
823 3426 840 3452 ,
869 3383 1009 3439 Erue
1043 3401 1123 3437 me
1148 3384 1212 3437 de
1247 3400 1401 3437 manu
1438 3382 1580 3437 Esau
1602 3384 1778 3452 fratris
1802 3384 1934 3452 mei,

329 3481 572 3550 quoniam
598 3495 714 3533 eum
759 3479 909 3532 timeo
942 3494 1033 3550 ego
1073 3469 1240 3551 (Gen.
1270 3477 1359 3532 '52.
1392 3477 1450 3531 11
1480 3477 1538 3545 )‘l

401 3568 579 3640 Longe
597 3571 700 3622 alia
725 3577 797 3621 est
825 3569 1044 3622 conditio
1083 3568 1485 3622 Christianorum
1506 3585 1525 3634 ;
1558 3566 1755 3622 Psalmi
1784 3583 1943 3622 cane-'

330 3649 518 3717 bantur
544 3663 596 3716 in
627 3678 799 3716 eorum
830 3661 1401 3735 funeribus.—Vidisti
1448 3662 1652 3716 Heliam
1695 3661 1938 3715 mulieris

330 3755 505 3808 minas
535 3754 720 3808 mortis
767 3768 926 3808 causa
971 3753 1309 3824 fugientem?
1345 3753 1480 3808 Audi
1509 3753 1777 3824 quomodo
1800 3753 1938 3808 Pau-

330 3847 415 3900 lus
442 3861 566 3916 erga
597 3862 709 3918 rem
729 3845 885 3900 istam
912 3847 980 3900 sit
1007 3833 1248 3908 affectus,
1279 3863 1345 3900 an
1367 3845 1759 3902 formidabilem
1786 3846 1959 3902 illam

329 3945 551 3992 censeat
577 3947 631 3991 ut
665 3937 766 4002 illi;
801 3952 928 3991 num
971 3951 1035 3991 ea
1070 3935 1384 3991 imminente
1429 3930 1670 3991 tristctur
1711 3951 1775 3991 ac
1819 3951 1939 3992 me-

331 4039 469 4085 tuat.
501 4030 615 4084 lmo
641 4044 769 4084 vero
794 4045 826 4084 e
853 4030 1145 4096 contrario,
1178 4046 1291 4085 rem
1315 4044 1435 4086 esse
1468 4029 1758 4100 optabilem
1789 4029 1939 4085 arbi-

329 4130 506 4176 tratur
552 4139 566 4175 :
620 4131 904 4192 propterea
945 4121 1108 4188 dicit,
1162 4120 1387 4176 Dissolvi
1439 4138 1520 4176 me
1580 4130 1626 4176 et
1669 4138 1776 4176 esse
1822 4137 1941 4175 cum

330 4211 549 4266 Chth
575 4213 736 4266 multo
777 4213 956 4267 ntelius
985 4211 1258 4285 (Philipp.
1293 4214 1344 4269 1.
1373 4212 1498 4283 25).
1528 4214 1638 4268 illis
1684 4213 1942 4268 formida-

332 4306 464 4372 bile,
491 4305 614 4360 huic
641 4305 870 4372 melius;
900 4305 1010 4361 illis
1035 4306 1416 4376 iujucundum,
1449 4307 1573 4361 huic
1594 4307 1891 4376 jucundum
1922 4324 1937 4362 :

331 4410 400 4451 sc
419 4397 611 4451 merito
631 4412 759 4452 sane
789 4415 802 4451 :
827 4397 954 4452 olim
978 4399 1120 4452 enim
1147 4399 1214 4452 ad
1246 4399 1509 4453 infernum
1537 4413 1685 4453 mors
1709 4399 1944 4455 deduce-

331 4487 445 4552 bat,
469 4504 611 4544 nunc
639 4499 819 4544 autem
846 4490 914 4544 ad
953 4489 1225 4545 Christum
1254 4505 1398 4545 mors
1425 4491 1737 4547 transmittit
1764 4509 1778 4546 :
1810 4508 1942 4563 qua-

334 4592 552 4652 propter
574 4581 740 4637 Jacob
758 4581 974 4652 quidem
1020 4583 1116 4650 ait,
1144 4580 1418 4638 Deducetis
1445 4593 1746 4638 senectutem
1777 4601 1943 4639 meam

331 4691 446 4729 cum
477 4675 683 4728 tristitia
732 4675 800 4728 ad
830 4677 1021 4746 inferos
1051 4674 1220 4744 (Gen.
1266 4675 1356 4730 42.
1414 4671 1552 4747 58);
1593 4676 1790 4732 Paulus
1816 4691 1943 4732 vero

333 4767 568 4835 diccbat,
600 4767 842 4823 Dissolvi
867 4777 912 4822 et
941 4786 1058 4823 cum
1090 4767 1291 4824 Christo
1317 4786 1422 4824 esse
1453 4787 1531 4825 me
1572 4771 1732 4824 multo
1762 4771 1942 4825 melius

336 4859 615 4932 (Philipp.
672 4863 725 4916 1.
781 4861 911 4934 25).
959 4862 1088 4918 Haec
1129 4878 1291 4934 porro
1328 4863 1560 4928 diccbat,
1589 4879 1697 4919 non
1725 4875 1780 4919 ut
1808 4866 1946 4920 hanc

336 4958 497 5012 vitam
527 4956 828 5023 damnaret,
857 4958 996 5013 absit
1030 4977 1044 5012 :
1084 4973 1370 5014 caveamus
1390 4960 1554 5024 enim,
1581 4974 1648 5014 ne
1677 4958 1945 5014 ltmreticis

335 5065 520 5104 ansam
547 5050 882 5120 przubeamus
907 5068 921 5118 ;
951 5053 1124 5122 neque
1145 5051 1286 5122 quod
1311 5067 1430 5107 eam
1456 5062 1724 5123 tamquam
1748 5052 1943 5106 malam

335 5143 565 5210 fugeret,
598 5140 692 5195 sed
720 5141 862 5211 quod
894 5140 1151 5210 futuram,
1201 5151 1259 5198 ut
1286 5143 1588 5210 meliorem,
1643 5151 1941 5212 exoptaret.

335 5237 450 5290 Non
497 5235 641 5292 enim
685 5234 818 5291 dixit
868 5236 1090 5291 dissolvi
1142 5245 1196 5292 et
1238 5251 1358 5292 esse
1405 5251 1527 5292 cum
1573 5236 1789 5291 Christo
1843 5236 1944 5290 bo-

333 5343 460 5382 num
521 5342 642 5382 esse
684 5329 1019 5398 simpliciter,
1069 5330 1163 5384 sed
1221 5329 1413 5384 melius
1459 5329 1697 5384 :melius
1724 5342 1946 5397 compa-

339 5420 546 5473 ratione
591 5418 716 5473 boni
748 5420 976 5491 alicujus
1021 5420 1236 5482 dicitur.
1286 5420 1745 5490 Quemadmodum
1801 5421 1945 5475 enim

337 5529 459 5567 cum
499 5513 594 5574 ait.
640 5511 738 5578 Qui
764 5515 1086 5569 matrimonio
1123 5516 1318 5585 jungit,
1341 5515 1462 5568 bene
1504 5517 1662 5586 facit;
1703 5515 1790 5584 qui
1831 5530 1947 5568 vero

343 5622 446 5660 non
477 5608 680 5678 iungit,
711 5608 890 5662 melius
920 5609 1041 5681 facit
1073 5608 1161 5680 (1.
1195 5607 1313 5662 Cor.
1347 5607 1399 5661 7.
1425 5608 1525 5679 58)
1549 5648 1563 5673 ,
1592 5607 1790 5664 bonum
1823 5608 1947 5677 qui-

341 5703 462 5755 dem
491 5715 613 5756 esse
644 5703 1040 5758 matrimonium
1068 5703 1336 5770 ostendit,
1381 5714 1435 5758 at
1479 5703 1755 5759 meliorem
1787 5702 1949 5773 virgi-

343 5796 562 5850 nitatem
595 5811 608 5848 :
640 5794 709 5850 ita
741 5796 991 5855 nimirum
1038 5805 1088 5853 et
1121 5797 1223 5855 hoc
1252 5797 1393 5867 loco,
1427 5797 1573 5853 Bona
1596 5798 1808 5868 quidem
1839 5798 1944 5853 vita

1443 343 1530 400 DE
1548 343 1666 400 'SS.
1708 340 2008 399 BEBNICE
2051 339 2140 396 ΕΤ
2171 340 2545 398 ιιιιρευοςε.

3536 345 3647 401 838

2040 469 2300 524 ρτωεευς,
2331 456 2518 525 inquit,
2543 455 2709 509 multo
2737 455 3075 511 vero-melior
3094 465 3176 512 est
3201 454 3406 512 futura.
3436 457 3650 516 But-sus

2039 544 2162 598 alibi
2190 546 2304 616 pari
2337 546 2544 600 ratione
2567 544 2992 615 philosophatur,
3025 556 3078 601 et
3107 547 3221 600 ait:
3251 545 3357 602 Sed
3390 548 3509 603 etsi
3543 550 3641 602 im-

2038 637 2204 689 molor
2224 653 2383 706 supra
2395 638 2732 706 sacriﬁcium,
2752 647 2798 691 et
2820 638 3110 705 obsequium
3137 638 3257 706 ﬁdei
3284 650 3480 706 uestras,
3510 657 3639 710 gusto

2036 726 2134 780 deo
2171 735 2219 780 et
2265 712 2594 797 congratulor
2646 726 2876 781 onmibus
2900 728 3037 782 vobis
3061 742 3080 780 :
3109 729 3334 798 idipsunt
3357 768 3359 773 .
3382 741 3554 784 autem
3594 737 3645 786 e3

2039 832 2126 870 ros
2159 819 2408 887 gaudete,
2456 828 2504 871 et
2531 819 2958 890 congratulantini
2990 817 3257 889 (Philipp.
3304 819 3359 874 2.
3393 821 3480 875 17.
3513 820 3618 892 1-8)

2038 907 2175 975 Quid
2198 907 2316 962 ais?
2341 909 2591 975 moreris,
2620 923 2654 962 ο
2676 909 2862 974 Ρουὶε,
2889 920 2940 964 et
2968 910 3034 964 ad
3062 911 3380 966 societatem
3404 912 3647 979 volupta-

2039 998 2107 1050 tis
2127 997 2370 1052 homines
2395 997 2668 1054 advocas?
2718 999 2848 1069 quid
2891 999 2983 1054 tibi
3028 1014 3212 1070 quaeso
3249 1001 3483 1056 accidit?
3529 1002 3647 1056 Non

2037 1090 2288 1162 equidem
2339 1092 2578 1158 morior,
2633 1092 2840 1161 inquit,
2889 1092 2989 1148 sed
3041 1093 3107 1146 ad
3152 1093 3430 1148 meliorem
3483 1094 3647 1148 vitam

2032 1192 2272 1239 transeo.
2328 1181 2398 1238 Ut
2456 1182 2615 1254 igitur
2670 1182 2918 1238 homines
2961 1185 3339 1253 magistratum
3400 1183 3648 1240 ineuntes

2036 1276 2304 1346 plurimos
2350 1274 2550 1330 laetitiae
2612 1275 2713 1330 sibi
2767 1275 3056 1331 sociosne
3101 1276 3388 1345 participes
3441 1276 3649 1329 futuros

2037 1376 2322 1423 accersunt
2363 1385 2378 1424 :
2424 1368 2503 1423 sic
2528 1377 2580 1422 et
2606 1366 2807 1422 Paulus
2831 1367 2898 1422 ad
2928 1377 3156 1422 mortem
3190 1381 3418 1437 pergens
3467 1367 3648 1438 gaudii

2037 1458 2121 1515 δυί
2146 1467 2425 1512 consortes
2455 1457 2663 1511 futuros
2689 1458 2932 1512 vocabat.
2968 1457 3062 1511 Est
3091 1456 3232 1511 enim
3265 1471 3411 1511 mors
3435 1457 3647 1527 requies

2037 1549 2308 1620 quaedam,
2365 1548 2606 1602 laborum
2649 1546 2792 1616 finis,
2834 1548 3196 1617 sudorumque
3236 1548 3557 1614 retributio,
3583 1560 3647 1600 ac

2030 1641 2395 1698 certaminum
2420 1641 2706 1710 :praanimn
2732 1649 2792 1694 et
2816 1654 3038 1695 corona.
3071 1639 3199 1694 ideo
3217 1639 3494 1708 principio
3514 1639 3641 1708 qui-

2038 1733 2161 1789 dem
2192 1748 2356 1807 super
2377 1742 2617 1807 mortuos
2639 1719 3125 1802 planctusquidatn
3147 1740 3214 1789 et
3232 1729 3649 1785 lamentationes

2033 1806 2284 1888 fiebant}
2315 1839 2458 1879 nunc
2494 1806 2672 1879 autem
2713 1825 2911 1894 psalmi
2954 1833 3014 1877 et
3051 1834 3245 1877 cantus
3293 1824 3644 1893 hymnorum.

2037 1916 2332 1974 Fleverunt
2359 1917 2518 1987 igitur
2560 1916 2725 1971 iacoh
2751 1910 3338 1987 quadraginta-diebus,
3366 1913 3642 1969 fleverunt

2031 2025 2091 2070 et
2123 2014 2360 2086 Moysem
2393 2014 2614 2070 totidem
2641 2014 2774 2068 alias
2798 2012 2973 2068 Judtei
3024 2021 3083 2066 et
3133 2006 3475 2094 planxerunt,
3506 2023 3646 2079 quo-

2034 2107 2182 2162 niam
2214 2122 2362 2161 mors
2411 2116 2522 2161 tum
2573 2107 2832 2176 temporis
2871 2119 3022 2158 mors
3041 2104 3206 2158 erat:
3249 2104 3358 2171 jam
3379 2116 3511 2154 vero
3539 2115 3646 2155 non

2035 2197 2133 2264 ita,
2162 2197 2255 2252 sed
2287 2196 2470 2269 hymni
2495 2198 2640 2263 sunt,
2674 2181 2934 2264 preceset
2961 2193 3315 2264 psalmi,-qua:
3332 2190 3512 2244 omnia
3545 2204 3646 2243 vo-

2035 2291 2298 2361 luptatem
2328 2289 2381 2343 itt
2412 2303 2475 2344 ea
2526 2303 2586 2343 re
2623 2303 2744 2342 esse
2769 2287 3046 2341 dealarastt
3071 2303 3083 2337 :
3110 2284 3303 2354 psalmi
3325 2283 3475 2337 enim
3502 2280 3646 2334 hila-

2034 2384 2115 2439 ris
2142 2383 2306 2438 animi
2341 2383 2551 2452 signum
2582 2390 2708 2436 sunt
2743 2397 2756 2435 :
2783 2377 2960 2450 ΑΞίμο
2987 2379 3119 2431 enim
3145 2386 3220 2429 est
3246 2376 3416 2428 animo
3437 2373 3558 2445 quis
3590 2372 3649 2425 in

2034 2476 2216 2532 vobis?
2241 2474 2430 2548 psallat
2463 2473 2659 2541 (Jaeob
2723 2476 2780 2530 5.
2795 2474 2886 2556 ’43
2906 2476 2946 2542 ).
2976 2469 3240 2538 Quoniam
3266 2469 3425 2540 igitur
3453 2467 3635 2521 lzetitia

2040 2567 2330 2633 alﬂuimus,
2360 2567 2560 2622 ideirco
2581 2567 2824 2636 psalmos
2858 2578 3021 2632 super
3047 2571 3289 2616 mortuos
3320 2558 3598 2630 psallimus
3619 2599 3636 2624 ,

2033 2659 2132 2729 qui
2182 2673 2284 2713 nos
2337 2657 2722 2721 colimusntur,
2766 2661 2829 2708 ut
2871 2664 3104 2708 ntortem
3161 2666 3269 2706 non
3336 2651 3644 2704 thuuamus.

2035 2747 2338 2807 Convertere
2362 2749 2539 2813 enim,
2568 2747 2763 2816 inquit,
2797 2748 2968 2798 anima
2997 2759 3126 2805 mea,
3160 2744 3211 2796 in
3234 2741 3462 2813 requiem
3485 2751 3645 2805 tuam,

2032 2842 2161 2910 quia
2190 2840 2443 2894 Dominus
2469 2838 2710 2908 benefea't
2735 2836 2823 2890 tibi
2863 2835 3039 2907 (Psali.
3068 2835 3191 2889 114.
3222 2832 3309 2904 7).
3344 2831 3504 2886 Vides
3551 2832 3646 2885 he-

2037 2932 2289 2986 nelicium
2329 2945 2451 2986 esse
2481 2938 2707 2983 mortem
2739 2943 2802 2981 ac
2827 2928 3066 2997 requiem
3085 2927 3110 2979 ‘l
3137 2926 3225 2993 qui
3268 2926 3410 2977 enim
3439 2925 3648 2992 ingres-

2034 3038 2133 3080 sus
2159 3023 2315 3078 estin
2363 3022 2604 3092 requiem
2643 3019 2812 3083 illam,
2839 3019 2907 3072 ab
2923 3018 3190 3088 operibus
3207 3017 3331 3070 suis
3361 3014 3646 3085 requievit,

2036 3127 2101 3174 ut
2120 3133 2152 3172 a
2184 3117 2416 3188 propriis
2452 3115 2620 3170 Deus.
2759 3167 2762 3169 Α

2112 3208 2168 3264 4.
2199 3209 2277 3261 Ac
2300 3207 2368 3261 de
2392 3215 2566 3261 morte
2585 3203 2798 3276 quidem
2829 3201 3087 3257 hactenus
3119 3218 3133 3254 :
3168 3215 3265 3271 age
3309 3211 3454 3253 nunc
3487 3196 3650 3251 dein-

2034 3313 2171 3367 ceps
2195 3312 2294 3352 nos
2318 3298 2384 3351 ad
2408 3308 2702 3367 martyrum
2731 3294 2920 3349 laudes
2944 3300 3345 3355 convertemus,
3384 3289 3490 3343 nisi
3510 3289 3652 3342 forte

2041 3390 2162 3448 sitis
2185 3389 2452 3445 audiendo
2482 3389 2677 3443 defessi
2714 3405 2727 3442 :
2769 3401 2891 3441 nam
2918 3396 2972 3440 ct
2999 3385 3114 3439 inec
3155 3384 3438 3439 occasione
3480 3382 3653 3436 laudis

2037 3489 2344 3553 martyrum
2385 3479 2532 3534 dicta
2561 3488 2718 3544 sunt;
2753 3477 2910 3546 paulo
2945 3492 3073 3531 vero
3096 3476 3255 3529 altius
3302 3489 3482 3543 operm
3526 3487 3652 3542 pre-

2039 3575 2185 3628 .tiutn
2237 3582 2322 3628 est
2385 3572 2748 3627 narrationem
2808 3569 3097 3624 ordiamur.
3147 3567 3353 3621 Bellum
3391 3565 3653 3620 adversus

2040 3665 2343 3721 Ecclesiam
2384 3679 2552 3735 grave
2588 3663 2859 3733 quondam
2902 3662 3190 3716 excitatum
3230 3669 3334 3721 est,
3389 3659 3650 3712 bellorum

2036 3759 2284 3814 omnium
2314 3757 2729 3828 gravissimum:
2763 3755 2958 3824 duplex
2993 3769 3134 3808 enim
3154 3765 3269 3806 erat
3298 3752 3399 3805 hoc
3424 3751 3649 3815 bellum,

2047 3864 2212 3904 unum
2246 3847 2464 3919 quidem
2519 3846 2700 3913 intus,
2750 3847 2975 3899 alterum
3026 3858 3155 3898 veno
3200 3841 3333 3896 furis
3352 3850 3648 3896 exet-tum:

2045 3941 2150 3995 hoc
2175 3955 2206 3994 a
2229 3939 2560 4006 domesticis,
2594 3937 2718 3992 illud
2744 3936 2812 3991 ab
2836 3935 3122 4001 hostibus;
3147 3950 3313 3990 unum
3343 3934 3412 3988 ab
3439 3933 3652 3996 alienis,

2045 4048 2075 4086 a
2100 4029 2452 4086 familiaribus
2481 4029 2684 4083 illatum
2713 4027 2964 4082 alterum.

2117 4121 2318 4176 Bellum
2335 4121 2477 4174 ciuile
2495 4131 2539 4172 et
2556 4120 2849 4173 intestinum
2865 4126 3071 4172 externo
3107 4115 3456 4186 periculosius.
3475 4112 3658 4168 Simile.

2045 4214 2113 4268 ab
2141 4213 2375 4267 incendio
2401 4221 2648 4265 nocturno
2676 4220 3035 4278 suntptunt.-
3056 4207 3125 4261 Et
3153 4222 3279 4259 vero
3300 4205 3425 4260 licet
3456 4206 3658 4261 bellum

2047 4306 2280 4376 simplex
2322 4303 2532 4370 fuisset,
2586 4301 2924 4357 intolerabile
2987 4299 3188 4354 malum
3243 4298 3661 4362 exsutis-senae

2049 4400 2176 4456 licet
2200 4401 2440 4456 exterius
2489 4408 2698 4455 tantum
2732 4398 3040 4469 ingruisset,
3063 4396 3258 4465 ingens
3291 4393 3658 4448 calamitatum

2046 4493 2362 4565 magnitudo
2403 4492 2798 4548 fuissetznune
2823 4501 3002 4544 autem
3038 4488 3237 4557 duplex
3263 4495 3385 4540 erat
3426 4484 3565 4546 hoc;
3605 4495 3660 4539 et

2048 4587 2192 4660 quod
2223 4602 2254 4641 a
2303 4587 2634 4649 domesticis,
2689 4584 2857 4638 multo
2908 4583 3122 4653 gravius
3173 4588 3290 4642 est,
3325 4592 3486 4646 quam
3515 4574 3661 4646 quod

2049 4679 2118 4736 ab
2151 4680 2399 4734 externis
2463 4677 2644 4734 Facile
2682 4690 2913 4746 namque
2942 4676 3095 4728 nobis
3120 4673 3191 4726 ab
3216 4686 3282 4726 eo
3307 4684 3504 4725 cavere
3530 4686 3655 4738 posc

2050 4787 2274 4839 sumus,
2305 4771 2396 4842 qui
2445 4785 2504 4826 se
2561 4770 2834 4824 inimicum
2887 4767 3236 4840 proﬁteatur;
3278 4776 3332 4818 at
3370 4778 3532 4827 eum,
3573 4762 3662 4830 qui

2050 4866 2152 4920 sibi
2206 4865 2366 4919 amici
2413 4863 2618 4918 larvam
2673 4862 2863 4926 induit,
2919 4876 3025 4914 non
3077 4859 3240 4912 aliter
3290 4867 3469 4910 autem
3504 4864 3665 4923 atque

2049 4957 2303 5012 inimicus
2346 4955 2570 5010 affectus
2596 4961 2700 5020 est,
2735 4954 2875 5008 haud
2928 4951 3080 5005 facile
3105 4963 3299 5018 capere
3335 4947 3541 5001 insidiis
3570 4960 3663 5014 po-

2055 5062 2156 5106 tes.
2206 5050 2413 5119 Duplex
2455 5062 2586 5117 ergo
2623 5060 2742 5102 tutn
2787 5046 2988 5100 bellum
3023 5053 3163 5107 erat,
3225 5041 3329 5096 hoc
3375 5040 3556 5103 civile,
3592 5039 3656 5092 il-

2055 5143 2144 5198 lud
2189 5143 2258 5197 ab
2301 5142 2538 5198 externis
2581 5141 2830 5204 irruens;
2883 5138 2968 5191 vel
3000 5138 3198 5206 potius,
3257 5134 3303 5188 si
3360 5148 3544 5188 verum
3578 5132 3661 5183 di-

2053 5234 2282 5290 cendum
2314 5235 2386 5312 sit
2411 5274 2426 5298 ,
2476 5233 2636 5288 civile
2681 5229 2783 5286 fuit
2821 5239 3111 5298 tttrumque
3138 5226 3362 5282 bellum.
3393 5227 3523 5279 Nam
3574 5225 3668 5291 qvi

2052 5327 2354 5384 forinsecus
2385 5325 2725 5391 invadebant,
2745 5323 2974 5395 iudices,
2996 5323 3339 5392 magismtns
3360 5329 3414 5373 et
3441 5317 3663 5379 ιιιὶιιιυδ,

2055 5439 2164 5479 non
2214 5424 2528 5492 alienigena
2577 5421 2796 5492 quidam
2826 5429 3001 5485 erant,
3040 5429 3132 5473 aut
3179 5417 3424 5482 barbari,
3469 5425 3560 5468 aut
3599 5429 3662 5467 ex

2057 5519 2164 5573 alio
2220 5518 2452 5588 quodam
2495 5517 2725 5585 imperio
2773 5529 3028 5585 regnove,
3080 5512 3174 5568 sed
3221 5512 3310 5581 qui
3349 5509 3536 5564 iisdem
3595 5507 3668 5560 lc-

2056 5613 2211 5682 gibus
2233 5612 2572 5682 regebantur,
2601 5609 2842 5664 eamdem
2872 5607 3096 5678 patriam
3123 5606 3393 5670 colebant,
3423 5602 3664 5672 ejusdem

2059 5704 2348 5774 participes
2393 5713 2547 5758 erant
2598 5701 2927 5772 reipublicae.
2957 5699 3089 5755 Erat
3118 5699 3277 5770 igitur
3302 5697 3492 5764 civile,
3521 5694 3665 5765 quod

2064 5813 2092 5851 a
2117 5798 2389 5867 jndicihns
2419 5798 2747 5854 inferebatur
2820 5796 2913 5850 sed
2948 5808 3165 5867 gravnts
3210 5792 3352 5863 quod
3398 5806 3424 5844 a
3471 5805 3665 5862 cogna-
