  <div class='ocr_page' id='page_1' title='image "/cluster/home/n/w/nwhite01/storage/ocr_20150623/50/ien.35556001660778/233.png"; bbox 0 0 4082 6428; ppageno 0'>
   <div class='ocr_carea' id='block_1_1' title="bbox 483 350 588 407">
    <p class='ocr_par' dir='ltr' id='par_1_1' title="bbox 483 350 588 407">
     <span class='ocr_line' id='line_1_1' title="bbox 483 350 588 407; baseline 0.019 -2"><span class='ocrx_word' id='word_1_1' title='bbox 483 350 588 407; x_wconf 72' lang='grc'><strong>635</strong></span> 
     </span>
    </p>
   </div>
   <div class='ocr_carea' id='block_1_2' title="bbox 484 464 2071 542">
    <p class='ocr_par' dir='ltr' id='par_1_2' title="bbox 484 464 2071 542">
     <span class='ocr_line' id='line_1_2' title="bbox 484 464 2071 542; baseline 0.009 -28"><span class='ocrx_word' id='word_1_2' title='bbox 484 464 570 526; x_wconf 84' lang='lat' dir='ltr'><strong>tis,</strong></span> <span class='ocrx_word' id='word_1_3' title='bbox 625 479 823 521; x_wconf 89' lang='lat' dir='ltr'><strong>novum</strong></span> <span class='ocrx_word' id='word_1_4' title='bbox 854 483 919 526; x_wconf 90' lang='lat' dir='ltr'><strong>ac</strong></span> <span class='ocrx_word' id='word_1_5' title='bbox 946 471 1278 539; x_wconf 81' lang='lat' dir='ltr'><strong>inopinatum</strong></span> <span class='ocrx_word' id='word_1_6' title='bbox 1306 471 1585 542; x_wconf 83' lang='lat' dir='ltr'><strong>multaque</strong></span> <span class='ocrx_word' id='word_1_7' title='bbox 1617 471 1921 528; x_wconf 74' lang='lat' dir='ltr'><strong>redundans</strong></span> <span class='ocrx_word' id='word_1_8' title='bbox 1951 487 2071 528; x_wconf 84' lang='lat' dir='ltr'><strong>eru-</strong></span> 
     </span>
    </p>
   </div>
   <div class='ocr_carea' id='block_1_3' title="bbox 485 555 2072 629">
    <p class='ocr_par' dir='ltr' id='par_1_3' title="bbox 485 555 2072 629">
     <span class='ocr_line' id='line_1_3' title="bbox 485 555 2072 629; baseline 0.005 -19"><span class='ocrx_word' id='word_1_9' title='bbox 485 555 726 612; x_wconf 87' lang='lat' dir='ltr'><strong>delitate.</strong></span> <span class='ocrx_word' id='word_1_10' title='bbox 772 557 903 612; x_wconf 82' lang='lat' dir='ltr'><strong>Nam</strong></span> <span class='ocrx_word' id='word_1_11' title='bbox 942 568 997 614; x_wconf 89' lang='lat' dir='ltr'><strong>et</strong></span> <span class='ocrx_word' id='word_1_12' title='bbox 1023 573 1062 612; x_wconf 84' lang='lat' dir='ltr'><strong>:r</strong></span> <span class='ocrx_word' id='word_1_13' title='bbox 1105 559 1353 615; x_wconf 71' lang='lat' dir='ltr'><strong>fratribus</strong></span> <span class='ocrx_word' id='word_1_14' title='bbox 1383 561 1733 618; x_wconf 87' lang='lat' dir='ltr'><strong>tradebantur</strong></span> <span class='ocrx_word' id='word_1_15' title='bbox 1761 561 1974 629; x_wconf 75' lang='lat' dir='ltr'><strong>fratres,</strong></span> <span class='ocrx_word' id='word_1_16' title='bbox 2020 572 2072 618; x_wconf 83' lang='lat' dir='ltr'><strong>et</strong></span> 
     </span>
    </p>
   </div>
   <div class='ocr_carea' id='block_1_4' title="bbox 486 651 2075 719">
    <p class='ocr_par' dir='ltr' id='par_1_4' title="bbox 486 651 2075 719">
     <span class='ocr_line' id='line_1_4' title="bbox 486 651 2075 719; baseline 0.004 -17"><span class='ocrx_word' id='word_1_17' title='bbox 486 663 517 702; x_wconf 90' lang='lat' dir='ltr'><strong>a</strong></span> <span class='ocrx_word' id='word_1_18' title='bbox 562 651 803 719; x_wconf 88' lang='lat' dir='ltr'><strong>patribus</strong></span> <span class='ocrx_word' id='word_1_19' title='bbox 841 651 1018 717; x_wconf 82' lang='lat' dir='ltr'><strong>liberi,</strong></span> <span class='ocrx_word' id='word_1_20' title='bbox 1068 661 1123 706; x_wconf 91' lang='lat' dir='ltr'><strong>et</strong></span> <span class='ocrx_word' id='word_1_21' title='bbox 1167 667 1196 706; x_wconf 90' lang='lat' dir='ltr'><strong>a</strong></span> <span class='ocrx_word' id='word_1_22' title='bbox 1241 654 1446 708; x_wconf 90' lang='lat' dir='ltr'><strong>maritis</strong></span> <span class='ocrx_word' id='word_1_23' title='bbox 1492 669 1722 718; x_wconf 80' lang='lat' dir='ltr'><strong>uxones;</strong></span> <span class='ocrx_word' id='word_1_24' title='bbox 1759 654 1934 708; x_wconf 80' lang='lat' dir='ltr'><strong>omnia</strong></span> <span class='ocrx_word' id='word_1_25' title='bbox 1986 667 2075 708; x_wconf 88' lang='lat' dir='ltr'><strong>eo-</strong></span> 
     </span>
    </p>
   </div>
   <div class='ocr_carea' id='block_1_5' title="bbox 488 741 2075 812">
    <p class='ocr_par' dir='ltr' id='par_1_5' title="bbox 488 741 2075 812">
     <span class='ocr_line' id='line_1_5' title="bbox 488 741 2075 812; baseline 0.003 -17"><span class='ocrx_word' id='word_1_26' title='bbox 488 741 757 809; x_wconf 83' lang='lat' dir='ltr'><strong>gnationis</strong></span> <span class='ocrx_word' id='word_1_27' title='bbox 793 741 914 810; x_wconf 88' lang='lat' dir='ltr'><strong>jura</strong></span> <span class='ocrx_word' id='word_1_28' title='bbox 965 743 1432 812; x_wconf 82' lang='lat' dir='ltr'><strong>conculcabantur,</strong></span> <span class='ocrx_word' id='word_1_29' title='bbox 1479 760 1543 800; x_wconf 91' lang='lat' dir='ltr'><strong>ac</strong></span> <span class='ocrx_word' id='word_1_30' title='bbox 1569 755 1712 800; x_wconf 87' lang='lat' dir='ltr'><strong>totus</strong></span> <span class='ocrx_word' id='word_1_31' title='bbox 1732 744 1877 799; x_wconf 89' lang='lat' dir='ltr'><strong>orbis</strong></span> <span class='ocrx_word' id='word_1_32' title='bbox 1907 755 2075 800; x_wconf 82' lang='lat' dir='ltr'><strong>terra-</strong></span> 
     </span>
    </p>
   </div>
   <div class='ocr_carea' id='block_1_6' title="bbox 489 831 2076 904">
    <p class='ocr_par' dir='ltr' id='par_1_6' title="bbox 489 831 2076 904">
     <span class='ocr_line' id='line_1_6' title="bbox 489 831 2076 904; baseline 0.003 -19"><span class='ocrx_word' id='word_1_33' title='bbox 489 847 610 886; x_wconf 88' lang='lat' dir='ltr'><strong>rum</strong></span> <span class='ocrx_word' id='word_1_34' title='bbox 662 831 1092 902; x_wconf 83' lang='lat' dir='ltr'><strong>subvertebatur,</strong></span> <span class='ocrx_word' id='word_1_35' title='bbox 1131 850 1230 890; x_wconf 90' lang='lat' dir='ltr'><strong>nec</strong></span> <span class='ocrx_word' id='word_1_36' title='bbox 1278 835 1417 891; x_wconf 88' lang='lat' dir='ltr'><strong>ullus</strong></span> <span class='ocrx_word' id='word_1_37' title='bbox 1467 845 1575 890; x_wconf 92' lang='lat' dir='ltr'><strong>tum</strong></span> <span class='ocrx_word' id='word_1_38' title='bbox 1610 836 1774 890; x_wconf 83' lang='lat' dir='ltr'><strong>ullum</strong></span> <span class='ocrx_word' id='word_1_39' title='bbox 1814 850 2076 904; x_wconf 86' lang='lat' dir='ltr'><strong>agnosce-</strong></span> 
     </span>
    </p>
   </div>
   <div class='ocr_carea' id='block_1_7' title="bbox 490 920 2074 996">
    <p class='ocr_par' dir='ltr' id='par_1_7' title="bbox 490 920 2074 996">
     <span class='ocr_line' id='line_1_7' title="bbox 490 920 2074 996; baseline 0.006 -23"><span class='ocrx_word' id='word_1_40' title='bbox 490 920 618 975; x_wconf 87' lang='lat' dir='ltr'><strong>bat:</strong></span> <span class='ocrx_word' id='word_1_41' title='bbox 649 921 893 977; x_wconf 81' lang='lat' dir='ltr'><strong>diabolus</strong></span> <span class='ocrx_word' id='word_1_42' title='bbox 919 924 1060 979; x_wconf 90' lang='lat' dir='ltr'><strong>enim</strong></span> <span class='ocrx_word' id='word_1_43' title='bbox 1098 925 1356 996; x_wconf 89' lang='lat' dir='ltr'><strong>majorem</strong></span> <span class='ocrx_word' id='word_1_44' title='bbox 1407 928 1460 981; x_wconf 92' lang='lat' dir='ltr'><strong>in</strong></span> <span class='ocrx_word' id='word_1_45' title='bbox 1510 926 1724 982; x_wconf 86' lang='lat' dir='ltr'><strong>modum</strong></span> <span class='ocrx_word' id='word_1_46' title='bbox 1754 926 2074 982; x_wconf 82' lang='lat' dir='ltr'><strong>dominaba-</strong></span> 
     </span>
    </p>
   </div>
   <div class='ocr_carea' id='block_1_8' title="bbox 493 1009 2075 1087">
    <p class='ocr_par' dir='ltr' id='par_1_8' title="bbox 493 1009 2075 1087">
     <span class='ocr_line' id='line_1_8' title="bbox 493 1009 2075 1087; baseline 0.006 -24"><span class='ocrx_word' id='word_1_47' title='bbox 493 1019 600 1064; x_wconf 89' lang='lat' dir='ltr'><strong>tur.</strong></span> <span class='ocrx_word' id='word_1_48' title='bbox 653 1009 708 1064; x_wconf 90' lang='lat' dir='ltr'><strong>In</strong></span> <span class='ocrx_word' id='word_1_49' title='bbox 759 1013 851 1068; x_wconf 87' lang='lat' dir='ltr'><strong>illo</strong></span> <span class='ocrx_word' id='word_1_50' title='bbox 890 1015 1067 1085; x_wconf 79' lang='lat' dir='ltr'><strong>itaque</strong></span> <span class='ocrx_word' id='word_1_51' title='bbox 1111 1016 1339 1071; x_wconf 83' lang='lat' dir='ltr'><strong>tumultu</strong></span> <span class='ocrx_word' id='word_1_52' title='bbox 1379 1032 1444 1072; x_wconf 88' lang='lat' dir='ltr'><strong>ac</strong></span> <span class='ocrx_word' id='word_1_53' title='bbox 1470 1017 1611 1072; x_wconf 83' lang='lat' dir='ltr'><strong>bello</strong></span> <span class='ocrx_word' id='word_1_54' title='bbox 1636 1017 1897 1073; x_wconf 78' lang='lat' dir='ltr'><strong>mulieres</strong></span> <span class='ocrx_word' id='word_1_55' title='bbox 1935 1019 2075 1087; x_wconf 68' lang='lat' dir='ltr'><strong>istm,</strong></span> 
     </span>
    </p>
   </div>
   <div class='ocr_carea' id='block_1_9' title="bbox 493 1099 2077 1178">
    <p class='ocr_par' dir='ltr' id='par_1_9' title="bbox 493 1099 2077 1178">
     <span class='ocr_line' id='line_1_9' title="bbox 493 1099 2077 1178; baseline 0.007 -26"><span class='ocrx_word' id='word_1_56' title='bbox 493 1099 540 1152; x_wconf 81' lang='lat' dir='ltr'><strong>si</strong></span> <span class='ocrx_word' id='word_1_57' title='bbox 576 1101 798 1170; x_wconf 85' lang='lat' dir='ltr'><strong>&#39;quidem</strong></span> <span class='ocrx_word' id='word_1_58' title='bbox 825 1103 1078 1170; x_wconf 85' lang='lat' dir='ltr'><strong>mulieres</strong></span> <span class='ocrx_word' id='word_1_59' title='bbox 1114 1106 1442 1175; x_wconf 76' lang='lat' dir='ltr'><strong>appellanda:</strong></span> <span class='ocrx_word' id='word_1_60' title='bbox 1467 1115 1611 1174; x_wconf 91' lang='lat' dir='ltr'><strong>sunt,</strong></span> <span class='ocrx_word' id='word_1_61' title='bbox 1643 1107 1840 1178; x_wconf 83' lang='lat' dir='ltr'><strong>quippe</strong></span> <span class='ocrx_word' id='word_1_62' title='bbox 1868 1123 1988 1178; x_wconf 79' lang='lat' dir='ltr'><strong>qua:</strong></span> <span class='ocrx_word' id='word_1_63' title='bbox 2023 1109 2077 1163; x_wconf 81' lang='lat' dir='ltr'><strong>in</strong></span> 
     </span>
    </p>
   </div>
   <div class='ocr_carea' id='block_1_10' title="bbox 492 1188 2080 1267">
    <p class='ocr_par' dir='ltr' id='par_1_10' title="bbox 492 1188 2080 1267">
     <span class='ocr_line' id='line_1_10' title="bbox 492 1188 2080 1267; baseline 0.006 -21"><span class='ocrx_word' id='word_1_64' title='bbox 492 1194 740 1250; x_wconf 81' lang='lat' dir='ltr'><strong>muliebri</strong></span> <span class='ocrx_word' id='word_1_65' title='bbox 777 1209 1003 1265; x_wconf 89' lang='lat' dir='ltr'><strong>corpore</strong></span> <span class='ocrx_word' id='word_1_66' title='bbox 1051 1188 1230 1252; x_wconf 82' lang='lat' dir='ltr'><strong>viriles</strong></span> <span class='ocrx_word' id='word_1_67' title='bbox 1274 1199 1480 1253; x_wconf 87' lang='lat' dir='ltr'><strong>animos</strong></span> <span class='ocrx_word' id='word_1_68' title='bbox 1539 1198 1916 1267; x_wconf 81' lang='lat' dir='ltr'><strong>exhibuerint,</strong></span> <span class='ocrx_word' id='word_1_69' title='bbox 1973 1201 2080 1255; x_wconf 91' lang='lat' dir='ltr'><strong>imo</strong></span> 
     </span>
    </p>
   </div>
   <div class='ocr_carea' id='block_1_11' title="bbox 494 1287 2077 1361">
    <p class='ocr_par' dir='ltr' id='par_1_11' title="bbox 494 1287 2077 1361">
     <span class='ocr_line' id='line_1_11' title="bbox 494 1287 2077 1361; baseline 0.005 -24"><span class='ocrx_word' id='word_1_70' title='bbox 494 1298 627 1339; x_wconf 84' lang='lat' dir='ltr'><strong>vero</strong></span> <span class='ocrx_word' id='word_1_71' title='bbox 680 1299 785 1340; x_wconf 88' lang='lat' dir='ltr'><strong>non</strong></span> <span class='ocrx_word' id='word_1_72' title='bbox 818 1287 1001 1341; x_wconf 78' lang='lat' dir='ltr'><strong>viriles</strong></span> <span class='ocrx_word' id='word_1_73' title='bbox 1042 1295 1246 1342; x_wconf 88' lang='lat' dir='ltr'><strong>tantum</strong></span> <span class='ocrx_word' id='word_1_74' title='bbox 1271 1289 1499 1354; x_wconf 86' lang='lat' dir='ltr'><strong>animos,</strong></span> <span class='ocrx_word' id='word_1_75' title='bbox 1526 1289 1619 1344; x_wconf 85' lang='lat' dir='ltr'><strong>sed</strong></span> <span class='ocrx_word' id='word_1_76' title='bbox 1645 1303 1896 1355; x_wconf 80' lang='lat' dir='ltr'><strong>naturam</strong></span> <span class='ocrx_word' id='word_1_77' title='bbox 1911 1290 2077 1361; x_wconf 83' lang='lat' dir='ltr'><strong>ipsam</strong></span> 
     </span>
    </p>
   </div>
   <div class='ocr_carea' id='block_1_12' title="bbox 495 1377 2080 1451">
    <p class='ocr_par' dir='ltr' id='par_1_12' title="bbox 495 1377 2080 1451">
     <span class='ocr_line' id='line_1_12' title="bbox 495 1377 2080 1451; baseline 0.005 -23"><span class='ocrx_word' id='word_1_78' title='bbox 495 1389 864 1446; x_wconf 72' lang='lat' dir='ltr'><strong>supergressa:</strong></span> <span class='ocrx_word' id='word_1_79' title='bbox 893 1377 1000 1431; x_wconf 89' lang='lat' dir='ltr'><strong>sint</strong></span> <span class='ocrx_word' id='word_1_80' title='bbox 1018 1417 1034 1441; x_wconf 97' lang='lat'><strong>,</strong></span> <span class='ocrx_word' id='word_1_81' title='bbox 1056 1388 1110 1432; x_wconf 91' lang='lat' dir='ltr'><strong>et</strong></span> <span class='ocrx_word' id='word_1_82' title='bbox 1134 1392 1256 1433; x_wconf 90' lang='lat' dir='ltr'><strong>cum</strong></span> <span class='ocrx_word' id='word_1_83' title='bbox 1285 1379 1564 1435; x_wconf 80' lang='lat' dir='ltr'><strong>virtutibus</strong></span> <span class='ocrx_word' id='word_1_84' title='bbox 1587 1380 1920 1451; x_wconf 86' lang='lat' dir='ltr'><strong>incorporeis</strong></span> <span class='ocrx_word' id='word_1_85' title='bbox 1949 1396 2080 1437; x_wconf 84' lang='lat' dir='ltr'><strong>co-</strong></span> 
     </span>
    </p>
   </div>
   <div class='ocr_carea' id='block_1_13' title="bbox 502 1467 2079 1540">
    <p class='ocr_par' dir='ltr' id='par_1_13' title="bbox 502 1467 2079 1540">
     <span class='ocr_line' id='line_1_13' title="bbox 502 1467 2079 1540; baseline 0.006 -20"><span class='ocrx_word' id='word_1_86' title='bbox 502 1467 773 1523; x_wconf 67' lang='lat' dir='ltr'><strong>tendet-int</strong></span> <span class='ocrx_word' id='word_1_87' title='bbox 802 1486 816 1522; x_wconf 90' lang='lat'><strong>:</strong></span> <span class='ocrx_word' id='word_1_88' title='bbox 850 1469 966 1524; x_wconf 74' lang='lat' dir='ltr'><strong>istm</strong></span> <span class='ocrx_word' id='word_1_89' title='bbox 1010 1485 1138 1540; x_wconf 90' lang='lat' dir='ltr'><strong>ergo</strong></span> <span class='ocrx_word' id='word_1_90' title='bbox 1172 1471 1422 1539; x_wconf 76' lang='lat' dir='ltr'><strong>mulieres</strong></span> <span class='ocrx_word' id='word_1_91' title='bbox 1447 1472 1629 1527; x_wconf 86' lang='lat' dir='ltr'><strong>relicta</strong></span> <span class='ocrx_word' id='word_1_92' title='bbox 1688 1474 1855 1540; x_wconf 86' lang='lat' dir='ltr'><strong>urbe,</strong></span> <span class='ocrx_word' id='word_1_93' title='bbox 1884 1473 2079 1540; x_wconf 89' lang='lat' dir='ltr'><strong>domo,</strong></span> 
     </span>
    </p>
   </div>
   <div class='ocr_carea' id='block_1_14' title="bbox 495 1559 2168 1632">
    <p class='ocr_par' dir='ltr' id='par_1_14' title="bbox 495 1559 2168 1632">
     <span class='ocr_line' id='line_1_14' title="bbox 495 1559 2168 1632; baseline 0.003 -20"><span class='ocrx_word' id='word_1_94' title='bbox 495 1574 559 1613; x_wconf 84' lang='lat' dir='ltr'><strong>ac</strong></span> <span class='ocrx_word' id='word_1_95' title='bbox 627 1559 937 1630; x_wconf 88' lang='lat' dir='ltr'><strong>propinquis</strong></span> <span class='ocrx_word' id='word_1_96' title='bbox 985 1559 1206 1630; x_wconf 71' lang='lat' dir='ltr'><strong>peregre</strong></span> <span class='ocrx_word' id='word_1_97' title='bbox 1253 1563 1691 1632; x_wconf 74' lang='lat' dir='ltr'><strong>commigrarunt.</strong></span> <span class='ocrx_word' id='word_1_98' title='bbox 1736 1563 1871 1618; x_wconf 86' lang='lat' dir='ltr'><strong>Cum</strong></span> <span class='ocrx_word' id='word_1_99' title='bbox 1938 1563 2080 1618; x_wconf 86' lang='lat' dir='ltr'><strong>enim</strong></span> <span class='ocrx_word' id='word_1_100' title='bbox 2161 1571 2168 1583; x_wconf 97' lang='lat'><strong><em>&#39;</em></strong></span> 
     </span>
    </p>
   </div>
   <div class='ocr_carea' id='block_1_15' title="bbox 494 1649 2083 1717">
    <p class='ocr_par' dir='ltr' id='par_1_15' title="bbox 494 1649 2083 1717">
     <span class='ocr_line' id='line_1_15' title="bbox 494 1649 2083 1717; baseline 0.004 -13"><span class='ocrx_word' id='word_1_101' title='bbox 494 1649 765 1717; x_wconf 82' lang='lat' dir='ltr'><strong>Christus,</strong></span> <span class='ocrx_word' id='word_1_102' title='bbox 810 1650 1051 1715; x_wconf 83' lang='lat' dir='ltr'><strong>aiebant,</strong></span> <span class='ocrx_word' id='word_1_103' title='bbox 1122 1652 1518 1716; x_wconf 85' lang='lat' dir='ltr'><strong>contemnitur,</strong></span> <span class='ocrx_word' id='word_1_104' title='bbox 1569 1654 1701 1708; x_wconf 81' lang='lat' dir='ltr'><strong>nihil</strong></span> <span class='ocrx_word' id='word_1_105' title='bbox 1758 1655 1913 1711; x_wconf 82' lang='lat' dir='ltr'><strong>nobis</strong></span> <span class='ocrx_word' id='word_1_106' title='bbox 1966 1663 2083 1710; x_wconf 90' lang='lat' dir='ltr'><strong>esto</strong></span> 
     </span>
    </p>
   </div>
   <div class='ocr_carea' id='block_1_16' title="bbox 493 1742 2082 1817">
    <p class='ocr_par' dir='ltr' id='par_1_16' title="bbox 493 1742 2082 1817">
     <span class='ocr_line' id='line_1_16' title="bbox 493 1742 2082 1817; baseline 0.003 -19"><span class='ocrx_word' id='word_1_107' title='bbox 493 1742 810 1811; x_wconf 82' lang='lat' dir='ltr'><strong>pretiosum,</strong></span> <span class='ocrx_word' id='word_1_108' title='bbox 829 1758 1000 1814; x_wconf 87' lang='lat' dir='ltr'><strong>neque</strong></span> <span class='ocrx_word' id='word_1_109' title='bbox 1021 1744 1412 1800; x_wconf 82' lang='lat' dir='ltr'><strong>necessitudine</strong></span> <span class='ocrx_word' id='word_1_110' title='bbox 1437 1745 1778 1815; x_wconf 86' lang='lat' dir='ltr'><strong>conjunctum</strong></span> <span class='ocrx_word' id='word_1_111' title='bbox 1798 1765 1817 1802; x_wconf 82' lang='lat'><strong>:</strong></span> <span class='ocrx_word' id='word_1_112' title='bbox 1835 1756 2082 1817; x_wconf 81' lang='lat' dir='ltr'><strong>propter-</strong></span> 
     </span>
    </p>
   </div>
   <div class='ocr_carea' id='block_1_17' title="bbox 495 1832 2082 1904">
    <p class='ocr_par' dir='ltr' id='par_1_17' title="bbox 495 1832 2082 1904">
     <span class='ocr_line' id='line_1_17' title="bbox 495 1832 2082 1904; baseline 0.004 -18"><span class='ocrx_word' id='word_1_113' title='bbox 495 1849 558 1886; x_wconf 87' lang='lat' dir='ltr'><strong>ea</strong></span> <span class='ocrx_word' id='word_1_114' title='bbox 610 1832 808 1888; x_wconf 88' lang='lat' dir='ltr'><strong>relictis</strong></span> <span class='ocrx_word' id='word_1_115' title='bbox 860 1833 1108 1889; x_wconf 89' lang='lat' dir='ltr'><strong>omnibus</strong></span> <span class='ocrx_word' id='word_1_116' title='bbox 1163 1842 1288 1889; x_wconf 91' lang='lat' dir='ltr'><strong>sunt</strong></span> <span class='ocrx_word' id='word_1_117' title='bbox 1332 1850 1584 1904; x_wconf 71' lang='lat' dir='ltr'><strong>egressm.</strong></span> <span class='ocrx_word' id='word_1_118' title='bbox 1640 1836 1707 1890; x_wconf 84' lang='lat' dir='ltr'><strong>Et</strong></span> <span class='ocrx_word' id='word_1_119' title='bbox 1762 1838 1900 1892; x_wconf 86' lang='lat' dir='ltr'><strong>sicut</strong></span> <span class='ocrx_word' id='word_1_120' title='bbox 1959 1853 2082 1893; x_wconf 87' lang='lat' dir='ltr'><strong>eum</strong></span> 
     </span>
    </p>
   </div>
   <div class='ocr_carea' id='block_1_18' title="bbox 495 1925 2084 1997">
    <p class='ocr_par' dir='ltr' id='par_1_18' title="bbox 495 1925 2084 1997">
     <span class='ocr_line' id='line_1_18' title="bbox 495 1925 2084 1997; baseline 0.003 -17"><span class='ocrx_word' id='word_1_121' title='bbox 495 1925 873 1982; x_wconf 78' lang='lat' dir='ltr'><strong>media-nocte</strong></span> <span class='ocrx_word' id='word_1_122' title='bbox 915 1925 1107 1982; x_wconf 89' lang='lat' dir='ltr'><strong>domus</strong></span> <span class='ocrx_word' id='word_1_123' title='bbox 1145 1926 1475 1993; x_wconf 79' lang='lat' dir='ltr'><strong>incenditur,</strong></span> <span class='ocrx_word' id='word_1_124' title='bbox 1523 1927 1613 1997; x_wconf 88' lang='lat' dir='ltr'><strong>qui</strong></span> <span class='ocrx_word' id='word_1_125' title='bbox 1657 1928 1816 1997; x_wconf 80' lang='lat' dir='ltr'><strong>intus</strong></span> <span class='ocrx_word' id='word_1_126' title='bbox 1846 1927 2084 1985; x_wconf 85' lang='lat' dir='ltr'><strong>dormie-</strong></span> 
     </span>
    </p>
   </div>
   <div class='ocr_carea' id='block_1_19' title="bbox 503 1995 2089 2082">
    <p class='ocr_par' dir='ltr' id='par_1_19' title="bbox 503 1995 2089 2082">
     <span class='ocr_line' id='line_1_19' title="bbox 503 1995 2089 2082; baseline 0.002 -11"><span class='ocrx_word' id='word_1_127' title='bbox 503 2016 653 2082; x_wconf 85' lang='lat' dir='ltr'><strong>bant,</strong></span> <span class='ocrx_word' id='word_1_128' title='bbox 689 2015 778 2071; x_wconf 87' lang='lat' dir='ltr'><strong>ubi</strong></span> <span class='ocrx_word' id='word_1_129' title='bbox 823 2017 1106 2071; x_wconf 86' lang='lat' dir='ltr'><strong>tumultum</strong></span> <span class='ocrx_word' id='word_1_130' title='bbox 1133 2016 1420 2079; x_wconf 79' lang='lat' dir='ltr'><strong>audierint,</strong></span> <span class='ocrx_word' id='word_1_131' title='bbox 1445 1995 1554 2072; x_wconf 81' lang='lat' dir='ltr'><strong>cito</strong></span> <span class='ocrx_word' id='word_1_132' title='bbox 1573 2032 1605 2072; x_wconf 90' lang='lat' dir='ltr'><strong>e</strong></span> <span class='ocrx_word' id='word_1_133' title='bbox 1627 1995 2089 2074; x_wconf 40' lang='lat' dir='ltr'><strong>stratis\exsilien-</strong></span> 
     </span>
    </p>
   </div>
   <div class='ocr_carea' id='block_1_20' title="bbox 501 2107 2084 2179">
    <p class='ocr_par' dir='ltr' id='par_1_20' title="bbox 501 2107 2084 2179">
     <span class='ocr_line' id='line_1_20' title="bbox 501 2107 2084 2179; baseline 0.003 -18"><span class='ocrx_word' id='word_1_134' title='bbox 501 2117 583 2161; x_wconf 87' lang='lat' dir='ltr'><strong>tes</strong></span> <span class='ocrx_word' id='word_1_135' title='bbox 636 2122 669 2163; x_wconf 90' lang='lat' dir='ltr'><strong>e</strong></span> <span class='ocrx_word' id='word_1_136' title='bbox 693 2107 954 2162; x_wconf 88' lang='lat' dir='ltr'><strong>vestibulo</strong></span> <span class='ocrx_word' id='word_1_137' title='bbox 984 2107 1172 2163; x_wconf 87' lang='lat' dir='ltr'><strong>domus</strong></span> <span class='ocrx_word' id='word_1_138' title='bbox 1201 2109 1437 2174; x_wconf 82' lang='lat' dir='ltr'><strong>evolant,</strong></span> <span class='ocrx_word' id='word_1_139' title='bbox 1469 2125 1849 2179; x_wconf 49' lang='lat' dir='ltr'><strong>neque.secum</strong></span> <span class='ocrx_word' id='word_1_140' title='bbox 1874 2126 2084 2179; x_wconf 90' lang='lat' dir='ltr'><strong>eorum,</strong></span> 
     </span>
    </p>
   </div>
   <div class='ocr_carea' id='block_1_21' title="bbox 504 2197 2086 2272">
    <p class='ocr_par' dir='ltr' id='par_1_21' title="bbox 504 2197 2086 2272">
     <span class='ocr_line' id='line_1_21' title="bbox 504 2197 2086 2272; baseline 0.003 -20"><span class='ocrx_word' id='word_1_141' title='bbox 504 2212 626 2266; x_wconf 70' lang='lat' dir='ltr'><strong>qua:</strong></span> <span class='ocrx_word' id='word_1_142' title='bbox 652 2197 798 2252; x_wconf 87' lang='lat' dir='ltr'><strong>intus</strong></span> <span class='ocrx_word' id='word_1_143' title='bbox 826 2205 978 2262; x_wconf 78' lang='lat' dir='ltr'><strong>sunt,</strong></span> <span class='ocrx_word' id='word_1_144' title='bbox 1005 2197 1294 2268; x_wconf 84' lang='lat' dir='ltr'><strong>quidquam</strong></span> <span class='ocrx_word' id='word_1_145' title='bbox 1343 2197 1622 2272; x_wconf 86' lang='lat' dir='ltr'><strong>auferunt;</strong></span> <span class='ocrx_word' id='word_1_146' title='bbox 1654 2199 1706 2254; x_wconf 90' lang='lat' dir='ltr'><strong>id</strong></span> <span class='ocrx_word' id='word_1_147' title='bbox 1756 2201 1899 2256; x_wconf 90' lang='lat' dir='ltr'><strong>enim</strong></span> <span class='ocrx_word' id='word_1_148' title='bbox 1925 2218 2086 2256; x_wconf 79' lang='lat' dir='ltr'><strong>mium</strong></span> 
     </span>
    </p>
   </div>
   <div class='ocr_carea' id='block_1_22' title="bbox 501 2284 2090 2364">
    <p class='ocr_par' dir='ltr' id='par_1_22' title="bbox 501 2284 2090 2364">
     <span class='ocr_line' id='line_1_22' title="bbox 501 2284 2090 2364; baseline 0.004 -21"><span class='ocrx_word' id='word_1_149' title='bbox 501 2284 739 2354; x_wconf 86' lang='lat' dir='ltr'><strong>student,</strong></span> <span class='ocrx_word' id='word_1_150' title='bbox 794 2298 853 2343; x_wconf 92' lang='lat' dir='ltr'><strong>ut</strong></span> <span class='ocrx_word' id='word_1_151' title='bbox 877 2304 909 2345; x_wconf 93' lang='lat' dir='ltr'><strong>e</strong></span> <span class='ocrx_word' id='word_1_152' title='bbox 936 2290 1149 2344; x_wconf 85' lang='lat' dir='ltr'><strong>flamma</strong></span> <span class='ocrx_word' id='word_1_153' title='bbox 1179 2303 1332 2344; x_wconf 91' lang='lat' dir='ltr'><strong>suum</strong></span> <span class='ocrx_word' id='word_1_154' title='bbox 1363 2305 1557 2359; x_wconf 87' lang='lat' dir='ltr'><strong>corpus</strong></span> <span class='ocrx_word' id='word_1_155' title='bbox 1582 2290 1841 2362; x_wconf 87' lang='lat' dir='ltr'><strong>eripiant,</strong></span> <span class='ocrx_word' id='word_1_156' title='bbox 1870 2299 1926 2348; x_wconf 89' lang='lat' dir='ltr'><strong>et</strong></span> <span class='ocrx_word' id='word_1_157' title='bbox 1953 2294 2090 2364; x_wconf 88' lang='lat' dir='ltr'><strong>ign-is</strong></span> 
     </span>
    </p>
   </div>
   <div class='ocr_carea' id='block_1_23' title="bbox 411 2379 2088 2452">
    <p class='ocr_par' dir='ltr' id='par_1_23' title="bbox 411 2379 2088 2452">
     <span class='ocr_line' id='line_1_23' title="bbox 411 2379 2088 2452; baseline 0.002 -16"><span class='ocrx_word' id='word_1_158' title='bbox 411 2421 432 2436; x_wconf 49' lang='grc' dir='ltr'><strong>,με</strong></span> <span class='ocrx_word' id='word_1_159' title='bbox 501 2392 718 2434; x_wconf 81' lang='lat' dir='ltr'><strong>cursum</strong></span> <span class='ocrx_word' id='word_1_160' title='bbox 747 2393 937 2450; x_wconf 87' lang='lat' dir='ltr'><strong>magna</strong></span> <span class='ocrx_word' id='word_1_161' title='bbox 963 2379 1235 2435; x_wconf 86' lang='lat' dir='ltr'><strong>celeritate</strong></span> <span class='ocrx_word' id='word_1_162' title='bbox 1258 2391 1590 2451; x_wconf 86' lang='lat' dir='ltr'><strong>grassantem</strong></span> <span class='ocrx_word' id='word_1_163' title='bbox 1619 2383 1946 2452; x_wconf 71' lang='lat' dir='ltr'><strong>prreveniant</strong></span> <span class='ocrx_word' id='word_1_164' title='bbox 1970 2401 1982 2436; x_wconf 91' lang='lat'><strong>:</strong></span> <span class='ocrx_word' id='word_1_165' title='bbox 2011 2385 2088 2440; x_wconf 91' lang='lat' dir='ltr'><strong>sic</strong></span> 
     </span>
    </p>
   </div>
   <div class='ocr_carea' id='block_1_24' title="bbox 502 2470 2087 2542">
    <p class='ocr_par' dir='ltr' id='par_1_24' title="bbox 502 2470 2087 2542">
     <span class='ocr_line' id='line_1_24' title="bbox 502 2470 2087 2542; baseline 0.003 -18"><span class='ocrx_word' id='word_1_166' title='bbox 502 2478 557 2525; x_wconf 87' lang='lat' dir='ltr'><strong>et</strong></span> <span class='ocrx_word' id='word_1_167' title='bbox 605 2471 722 2525; x_wconf 63' lang='lat' dir='ltr'><strong>ista</strong></span> <span class='ocrx_word' id='word_1_168' title='bbox 758 2470 1026 2525; x_wconf 70' lang='lat' dir='ltr'><strong>&#39;nimirum</strong></span> <span class='ocrx_word' id='word_1_169' title='bbox 1075 2480 1319 2542; x_wconf 89' lang='lat' dir='ltr'><strong>egerunt.</strong></span> <span class='ocrx_word' id='word_1_170' title='bbox 1345 2472 1480 2527; x_wconf 79' lang='lat' dir='ltr'><strong>Cum</strong></span> <span class='ocrx_word' id='word_1_171' title='bbox 1520 2473 1664 2528; x_wconf 88' lang='lat' dir='ltr'><strong>enim</strong></span> <span class='ocrx_word' id='word_1_172' title='bbox 1695 2482 1879 2529; x_wconf 81' lang='lat' dir='ltr'><strong>totum</strong></span> <span class='ocrx_word' id='word_1_173' title='bbox 1906 2476 2087 2531; x_wconf 89' lang='lat' dir='ltr'><strong>orbem</strong></span> 
     </span>
    </p>
   </div>
   <div class='ocr_carea' id='block_1_25' title="bbox 504 2560 2092 2629">
    <p class='ocr_par' dir='ltr' id='par_1_25' title="bbox 504 2560 2092 2629">
     <span class='ocr_line' id='line_1_25' title="bbox 504 2560 2092 2629; baseline 0.004 -17"><span class='ocrx_word' id='word_1_174' title='bbox 504 2568 772 2622; x_wconf 83' lang='lat' dir='ltr'><strong>terrarum</strong></span> <span class='ocrx_word' id='word_1_175' title='bbox 796 2560 1181 2614; x_wconf 87' lang='lat' dir='ltr'><strong>inflammatum</strong></span> <span class='ocrx_word' id='word_1_176' title='bbox 1208 2560 1500 2629; x_wconf 86' lang='lat' dir='ltr'><strong>vidissent,</strong></span> <span class='ocrx_word' id='word_1_177' title='bbox 1535 2562 1815 2618; x_wconf 79' lang='lat' dir='ltr'><strong>confestim</strong></span> <span class='ocrx_word' id='word_1_178' title='bbox 1847 2580 1914 2620; x_wconf 89' lang='lat' dir='ltr'><strong>ex</strong></span> <span class='ocrx_word' id='word_1_179' title='bbox 1944 2565 2092 2619; x_wconf 90' lang='lat' dir='ltr'><strong>urbis</strong></span> 
     </span>
    </p>
   </div>
   <div class='ocr_carea' id='block_1_26' title="bbox 505 2649 2091 2725">
    <p class='ocr_par' dir='ltr' id='par_1_26' title="bbox 505 2649 2091 2725">
     <span class='ocr_line' id='line_1_26' title="bbox 505 2649 2091 2725; baseline 0.003 -21"><span class='ocrx_word' id='word_1_180' title='bbox 505 2649 765 2706; x_wconf 86' lang='lat' dir='ltr'><strong>vestibulo</strong></span> <span class='ocrx_word' id='word_1_181' title='bbox 787 2650 1104 2706; x_wconf 85' lang='lat' dir='ltr'><strong>exsilieruut</strong></span> <span class='ocrx_word' id='word_1_182' title='bbox 1137 2661 1194 2708; x_wconf 88' lang='lat' dir='ltr'><strong>et</strong></span> <span class='ocrx_word' id='word_1_183' title='bbox 1247 2652 1548 2719; x_wconf 78' lang='lat' dir='ltr'><strong>evolarunt,</strong></span> <span class='ocrx_word' id='word_1_184' title='bbox 1579 2653 1631 2708; x_wconf 89' lang='lat' dir='ltr'><strong>id</strong></span> <span class='ocrx_word' id='word_1_185' title='bbox 1659 2669 1822 2709; x_wconf 89' lang='lat' dir='ltr'><strong>unum</strong></span> <span class='ocrx_word' id='word_1_186' title='bbox 1841 2670 2091 2725; x_wconf 57' lang='lat' dir='ltr'><strong>quaret:-</strong></span> 
     </span>
    </p>
   </div>
   <div class='ocr_carea' id='block_1_27' title="bbox 509 2742 2090 2820">
    <p class='ocr_par' dir='ltr' id='par_1_27' title="bbox 509 2742 2090 2820">
     <span class='ocr_line' id='line_1_27' title="bbox 509 2742 2090 2820; baseline 0.002 -25"><span class='ocrx_word' id='word_1_187' title='bbox 509 2752 611 2806; x_wconf 88' lang='lat' dir='ltr'><strong>tes,</strong></span> <span class='ocrx_word' id='word_1_188' title='bbox 640 2750 699 2796; x_wconf 90' lang='lat' dir='ltr'><strong>ut</strong></span> <span class='ocrx_word' id='word_1_189' title='bbox 745 2742 957 2797; x_wconf 72' lang='lat' dir='ltr'><strong>animm‘</strong></span> <span class='ocrx_word' id='word_1_190' title='bbox 990 2757 1103 2820; x_wconf 73' lang='lat' dir='ltr'><strong>sum</strong></span> <span class='ocrx_word' id='word_1_191' title='bbox 1144 2744 1369 2800; x_wconf 85' lang='lat' dir='ltr'><strong>salutem</strong></span> <span class='ocrx_word' id='word_1_192' title='bbox 1400 2756 1599 2801; x_wconf 89' lang='lat' dir='ltr'><strong>sartam</strong></span> <span class='ocrx_word' id='word_1_193' title='bbox 1636 2757 1828 2802; x_wconf 89' lang='lat' dir='ltr'><strong>tectam</strong></span> <span class='ocrx_word' id='word_1_194' title='bbox 1867 2763 2090 2803; x_wconf 63' lang='lat' dir='ltr'><strong>conser.</strong></span> 
     </span>
    </p>
   </div>
   <div class='ocr_carea' id='block_1_28' title="bbox 504 2833 2094 2921">
    <p class='ocr_par' dir='ltr' id='par_1_28' title="bbox 504 2833 2094 2921">
     <span class='ocr_line' id='line_1_28' title="bbox 504 2833 2094 2921; baseline 0.006 -36"><span class='ocrx_word' id='word_1_195' title='bbox 504 2841 714 2888; x_wconf 83' lang='lat' dir='ltr'><strong>varent.</strong></span> <span class='ocrx_word' id='word_1_196' title='bbox 763 2833 898 2888; x_wconf 84' lang='lat' dir='ltr'><strong>Tum</strong></span> <span class='ocrx_word' id='word_1_197' title='bbox 943 2834 1086 2921; x_wconf 74' lang='lat' dir='ltr'><strong>epim</strong></span> <span class='ocrx_word' id='word_1_198' title='bbox 1112 2845 1228 2889; x_wconf 86' lang='lat' dir='ltr'><strong>erat</strong></span> <span class='ocrx_word' id='word_1_199' title='bbox 1255 2835 1557 2891; x_wconf 90' lang='lat' dir='ltr'><strong>incendium</strong></span> <span class='ocrx_word' id='word_1_200' title='bbox 1584 2837 1860 2905; x_wconf 82' lang='lat' dir='ltr'><strong>infestum,</strong></span> <span class='ocrx_word' id='word_1_201' title='bbox 1885 2848 1940 2893; x_wconf 92' lang='lat' dir='ltr'><strong>et</strong></span> <span class='ocrx_word' id='word_1_202' title='bbox 1965 2855 2094 2909; x_wconf 83' lang='lat' dir='ltr'><strong>pro-</strong></span> 
     </span>
    </p>
   </div>
   <div class='ocr_carea' id='block_1_29' title="bbox 503 2922 2095 2992">
    <p class='ocr_par' dir='ltr' id='par_1_29' title="bbox 503 2922 2095 2992">
     <span class='ocr_line' id='line_1_29' title="bbox 503 2922 2095 2992; baseline 0.006 -15"><span class='ocrx_word' id='word_1_203' title='bbox 503 2922 686 2979; x_wconf 75' lang='lat' dir='ltr'><strong>funda:</strong></span> <span class='ocrx_word' id='word_1_204' title='bbox 733 2925 964 2980; x_wconf 67' lang='lat' dir='ltr'><strong>tenebrat</strong></span> <span class='ocrx_word' id='word_1_205' title='bbox 988 2925 1427 2992; x_wconf 86' lang='lat' dir='ltr'><strong>dominabantur,</strong></span> <span class='ocrx_word' id='word_1_206' title='bbox 1466 2922 1699 2984; x_wconf 64' lang='lat' dir='ltr'><strong>tenebras</strong></span> <span class='ocrx_word' id='word_1_207' title='bbox 1720 2933 1995 2986; x_wconf 85' lang='lat' dir='ltr'><strong>nocturnis</strong></span> <span class='ocrx_word' id='word_1_208' title='bbox 2023 2933 2095 2986; x_wconf 79' lang='lat' dir='ltr'><strong>is—</strong></span> 
     </span>
    </p>
   </div>
   <div class='ocr_carea' id='block_1_30' title="bbox 508 3013 2094 3089">
    <p class='ocr_par' dir='ltr' id='par_1_30' title="bbox 508 3013 2094 3089">
     <span class='ocr_line' id='line_1_30' title="bbox 508 3013 2094 3089; baseline 0.005 -20"><span class='ocrx_word' id='word_1_209' title='bbox 508 3016 579 3069; x_wconf 86' lang='lat' dir='ltr'><strong>tis</strong></span> <span class='ocrx_word' id='word_1_210' title='bbox 604 3013 774 3070; x_wconf 88' lang='lat' dir='ltr'><strong>multo</strong></span> <span class='ocrx_word' id='word_1_211' title='bbox 814 3015 1060 3070; x_wconf 90' lang='lat' dir='ltr'><strong>tetriores</strong></span> <span class='ocrx_word' id='word_1_212' title='bbox 1084 3032 1098 3069; x_wconf 88' lang='lat'><strong>:</strong></span> <span class='ocrx_word' id='word_1_213' title='bbox 1127 3026 1452 3088; x_wconf 89' lang='lat' dir='ltr'><strong>quapropter</strong></span> <span class='ocrx_word' id='word_1_214' title='bbox 1498 3027 1747 3089; x_wconf 86' lang='lat' dir='ltr'><strong>tanquam</strong></span> <span class='ocrx_word' id='word_1_215' title='bbox 1774 3021 1830 3075; x_wconf 92' lang='lat' dir='ltr'><strong>in</strong></span> <span class='ocrx_word' id='word_1_216' title='bbox 1859 3021 2094 3077; x_wconf 83' lang='lat' dir='ltr'><strong>tenebris</strong></span> 
     </span>
    </p>
   </div>
   <div class='ocr_carea' id='block_1_31' title="bbox 506 3102 2093 3181">
    <p class='ocr_par' dir='ltr' id='par_1_31' title="bbox 506 3102 2093 3181">
     <span class='ocr_line' id='line_1_31' title="bbox 506 3102 2093 3181; baseline 0.007 -24"><span class='ocrx_word' id='word_1_217' title='bbox 506 3102 710 3159; x_wconf 89' lang='lat' dir='ltr'><strong>amicos</strong></span> <span class='ocrx_word' id='word_1_218' title='bbox 734 3117 841 3159; x_wconf 91' lang='lat' dir='ltr'><strong>non</strong></span> <span class='ocrx_word' id='word_1_219' title='bbox 863 3113 1124 3172; x_wconf 83' lang='lat' dir='ltr'><strong>noverant</strong></span> <span class='ocrx_word' id='word_1_220' title='bbox 1141 3105 1322 3174; x_wconf 86' lang='lat' dir='ltr'><strong>amici,</strong></span> <span class='ocrx_word' id='word_1_221' title='bbox 1359 3117 1415 3162; x_wconf 91' lang='lat' dir='ltr'><strong>et</strong></span> <span class='ocrx_word' id='word_1_222' title='bbox 1435 3122 1632 3166; x_wconf 78' lang='lat' dir='ltr'><strong>uxores</strong></span> <span class='ocrx_word' id='word_1_223' title='bbox 1658 3110 1756 3165; x_wconf 85' lang='lat' dir='ltr'><strong>viri</strong></span> <span class='ocrx_word' id='word_1_224' title='bbox 1779 3111 2093 3181; x_wconf 83' lang='lat' dir='ltr'><strong>prodebant;</strong></span> 
     </span>
    </p>
   </div>
   <div class='ocr_carea' id='block_1_32' title="bbox 508 3199 2098 3271">
    <p class='ocr_par' dir='ltr' id='par_1_32' title="bbox 508 3199 2098 3271">
     <span class='ocr_line' id='line_1_32' title="bbox 508 3199 2098 3271; baseline 0.004 -19"><span class='ocrx_word' id='word_1_225' title='bbox 508 3206 788 3269; x_wconf 87' lang='lat' dir='ltr'><strong>propterea</strong></span> <span class='ocrx_word' id='word_1_226' title='bbox 841 3213 964 3255; x_wconf 91' lang='lat' dir='ltr'><strong>cum</strong></span> <span class='ocrx_word' id='word_1_227' title='bbox 1005 3200 1249 3258; x_wconf 88' lang='lat' dir='ltr'><strong>inimicos</strong></span> <span class='ocrx_word' id='word_1_228' title='bbox 1273 3202 1612 3271; x_wconf 64' lang='lat' dir='ltr'><strong>prateribant</strong></span> <span class='ocrx_word' id='word_1_229' title='bbox 1631 3243 1649 3270; x_wconf 94' lang='lat'><strong>,</strong></span> <span class='ocrx_word' id='word_1_230' title='bbox 1669 3199 1794 3258; x_wconf 84' lang='lat' dir='ltr'><strong>‘tum</strong></span> <span class='ocrx_word' id='word_1_231' title='bbox 1817 3205 2020 3259; x_wconf 87' lang='lat' dir='ltr'><strong>amicos</strong></span> <span class='ocrx_word' id='word_1_232' title='bbox 2044 3212 2098 3260; x_wconf 86' lang='lat' dir='ltr'><strong>et</strong></span> 
     </span>
    </p>
   </div>
   <div class='ocr_carea' id='block_1_33' title="bbox 514 3291 2098 3367">
    <p class='ocr_par' dir='ltr' id='par_1_33' title="bbox 514 3291 2098 3367">
     <span class='ocr_line' id='line_1_33' title="bbox 514 3291 2098 3367; baseline 0.004 -23"><span class='ocrx_word' id='word_1_233' title='bbox 514 3291 838 3347; x_wconf 83' lang='lat' dir='ltr'><strong>domesticos</strong></span> <span class='ocrx_word' id='word_1_234' title='bbox 855 3292 1182 3363; x_wconf 87' lang='lat' dir='ltr'><strong>impetebant</strong></span> <span class='ocrx_word' id='word_1_235' title='bbox 1204 3305 1556 3351; x_wconf 88' lang='lat' dir='ltr'><strong>:nocturnum</strong></span> <span class='ocrx_word' id='word_1_236' title='bbox 1577 3295 1845 3367; x_wconf 86' lang='lat' dir='ltr'><strong>quoddam</strong></span> <span class='ocrx_word' id='word_1_237' title='bbox 1873 3307 1990 3353; x_wconf 87' lang='lat' dir='ltr'><strong>erat</strong></span> <span class='ocrx_word' id='word_1_238' title='bbox 2013 3298 2098 3352; x_wconf 84' lang='lat' dir='ltr'><strong>in-</strong></span> 
     </span>
    </p>
   </div>
   <div class='ocr_carea' id='block_1_34' title="bbox 507 3381 2094 3457">
    <p class='ocr_par' dir='ltr' id='par_1_34' title="bbox 507 3381 2094 3457">
     <span class='ocr_line' id='line_1_34' title="bbox 507 3381 2094 3457; baseline 0.002 -17"><span class='ocrx_word' id='word_1_239' title='bbox 507 3381 702 3440; x_wconf 74' lang='lat' dir='ltr'><strong>festum</strong></span> <span class='ocrx_word' id='word_1_240' title='bbox 722 3384 985 3454; x_wconf 65' lang='lat' dir='ltr'><strong>praelium,</strong></span> <span class='ocrx_word' id='word_1_241' title='bbox 1001 3395 1056 3442; x_wconf 91' lang='lat' dir='ltr'><strong>et</strong></span> <span class='ocrx_word' id='word_1_242' title='bbox 1075 3387 1272 3456; x_wconf 76' lang='lat' dir='ltr'><strong>ingenti</strong></span> <span class='ocrx_word' id='word_1_243' title='bbox 1291 3387 1515 3442; x_wconf 84' lang='lat' dir='ltr'><strong>tumultu</strong></span> <span class='ocrx_word' id='word_1_244' title='bbox 1531 3398 1721 3442; x_wconf 88' lang='lat' dir='ltr'><strong>cuncta</strong></span> <span class='ocrx_word' id='word_1_245' title='bbox 1735 3387 2094 3457; x_wconf 85' lang='lat' dir='ltr'><strong>replebantur.</strong></span> 
     </span>
    </p>
   </div>
   <div class='ocr_carea' id='block_1_35' title="bbox 581 3475 2098 3548">
    <p class='ocr_par' dir='ltr' id='par_1_35' title="bbox 581 3475 2098 3548">
     <span class='ocr_line' id='line_1_35' title="bbox 581 3475 2098 3548; baseline 0.002 -16"><span class='ocrx_word' id='word_1_246' title='bbox 581 3476 690 3532; x_wconf 86' lang='lat' dir='ltr'><strong>SS.</strong></span> <span class='ocrx_word' id='word_1_247' title='bbox 719 3475 972 3546; x_wconf 68' lang='lat' dir='ltr'><strong>Martyres</strong></span> <span class='ocrx_word' id='word_1_248' title='bbox 1000 3479 1215 3548; x_wconf 79' lang='lat' dir='ltr'><strong>patriam</strong></span> <span class='ocrx_word' id='word_1_249' title='bbox 1233 3478 1760 3548; x_wconf 52' lang='lat' dir='ltr'><strong>relinquunt—Tum</strong></span> <span class='ocrx_word' id='word_1_250' title='bbox 1793 3478 1956 3548; x_wconf 90' lang='lat' dir='ltr'><strong>igitur</strong></span> <span class='ocrx_word' id='word_1_251' title='bbox 1984 3479 2098 3535; x_wconf 72' lang='lat' dir='ltr'><strong>ista:</strong></span> 
     </span>
    </p>
   </div>
   <div class='ocr_carea' id='block_1_36' title="bbox 513 3569 2096 3640">
    <p class='ocr_par' dir='ltr' id='par_1_36' title="bbox 513 3569 2096 3640">
     <span class='ocr_line' id='line_1_36' title="bbox 513 3569 2096 3640; baseline 0.002 -18"><span class='ocrx_word' id='word_1_252' title='bbox 513 3569 697 3624; x_wconf 84' lang='lat' dir='ltr'><strong>relicta</strong></span> <span class='ocrx_word' id='word_1_253' title='bbox 735 3569 903 3638; x_wconf 83' lang='lat' dir='ltr'><strong>patria</strong></span> <span class='ocrx_word' id='word_1_254' title='bbox 949 3579 1313 3636; x_wconf 89' lang='lat' dir='ltr'><strong>excesserunt,</strong></span> <span class='ocrx_word' id='word_1_255' title='bbox 1357 3578 1413 3626; x_wconf 90' lang='lat' dir='ltr'><strong>et</strong></span> <span class='ocrx_word' id='word_1_256' title='bbox 1452 3569 1806 3640; x_wconf 87' lang='lat' dir='ltr'><strong>patriarcham</strong></span> <span class='ocrx_word' id='word_1_257' title='bbox 1829 3570 2096 3625; x_wconf 80' lang='lat' dir='ltr'><strong>Abraham</strong></span> 
     </span>
    </p>
   </div>
   <div class='ocr_carea' id='block_1_37' title="bbox 513 3660 2100 3732">
    <p class='ocr_par' dir='ltr' id='par_1_37' title="bbox 513 3660 2100 3732">
     <span class='ocr_line' id='line_1_37' title="bbox 513 3660 2100 3732; baseline 0.001 -18"><span class='ocrx_word' id='word_1_258' title='bbox 513 3660 735 3715; x_wconf 64' lang='lat' dir='ltr'><strong>imitatae</strong></span> <span class='ocrx_word' id='word_1_259' title='bbox 763 3671 915 3728; x_wconf 86' lang='lat' dir='ltr'><strong>sunt,</strong></span> <span class='ocrx_word' id='word_1_260' title='bbox 949 3661 1014 3715; x_wconf 86' lang='lat' dir='ltr'><strong>ad</strong></span> <span class='ocrx_word' id='word_1_261' title='bbox 1040 3677 1196 3731; x_wconf 88' lang='lat' dir='ltr'><strong>quem</strong></span> <span class='ocrx_word' id='word_1_262' title='bbox 1223 3662 1422 3721; x_wconf 82' lang='lat' dir='ltr'><strong>dictum</strong></span> <span class='ocrx_word' id='word_1_263' title='bbox 1447 3671 1532 3717; x_wconf 90' lang='lat' dir='ltr'><strong>est</strong></span> <span class='ocrx_word' id='word_1_264' title='bbox 1548 3679 1573 3716; x_wconf 74' lang='grc' dir='ltr'><strong>-ς</strong></span> <span class='ocrx_word' id='word_1_265' title='bbox 1603 3660 1858 3732; x_wconf 82' lang='lat' dir='ltr'><strong>Egredere</strong></span> <span class='ocrx_word' id='word_1_266' title='bbox 1881 3663 1945 3716; x_wconf 87' lang='lat' dir='ltr'><strong>de</strong></span> <span class='ocrx_word' id='word_1_267' title='bbox 1967 3671 2100 3716; x_wconf 68' lang='lat' dir='ltr'><strong>terra</strong></span> 
     </span>
    </p>
   </div>
   <div class='ocr_carea' id='block_1_38' title="bbox 513 3753 2101 3825">
    <p class='ocr_par' dir='ltr' id='par_1_38' title="bbox 513 3753 2101 3825">
     <span class='ocr_line' id='line_1_38' title="bbox 513 3753 2101 3825; baseline 0.003 -19"><span class='ocrx_word' id='word_1_268' title='bbox 513 3764 602 3806; x_wconf 87' lang='lat' dir='ltr'><strong>tua</strong></span> <span class='ocrx_word' id='word_1_269' title='bbox 624 3763 672 3807; x_wconf 86' lang='lat' dir='ltr'><strong>et</strong></span> <span class='ocrx_word' id='word_1_270' title='bbox 713 3753 778 3808; x_wconf 80' lang='lat' dir='ltr'><strong>de</strong></span> <span class='ocrx_word' id='word_1_271' title='bbox 822 3755 1118 3823; x_wconf 80' lang='lat' dir='ltr'><strong>cognatione</strong></span> <span class='ocrx_word' id='word_1_272' title='bbox 1161 3765 1250 3808; x_wconf 90' lang='lat' dir='ltr'><strong>tua</strong></span> <span class='ocrx_word' id='word_1_273' title='bbox 1278 3755 1432 3825; x_wconf 79' lang='lat' dir='ltr'><strong>(Gen.</strong></span> <span class='ocrx_word' id='word_1_274' title='bbox 1465 3754 1550 3809; x_wconf 72' lang='grc'><strong>12.</strong></span> <span class='ocrx_word' id='word_1_275' title='bbox 1587 3755 1663 3824; x_wconf 81' lang='grc'><strong>1.)</strong></span> <span class='ocrx_word' id='word_1_276' title='bbox 1692 3772 1706 3809; x_wconf 89' lang='lat'><strong>:</strong></span> <span class='ocrx_word' id='word_1_277' title='bbox 1731 3769 1853 3808; x_wconf 87' lang='lat' dir='ltr'><strong>nam</strong></span> <span class='ocrx_word' id='word_1_278' title='bbox 1903 3765 1960 3810; x_wconf 89' lang='lat' dir='ltr'><strong>et</strong></span> <span class='ocrx_word' id='word_1_279' title='bbox 1997 3756 2101 3822; x_wconf 82' lang='lat' dir='ltr'><strong>has</strong></span> 
     </span>
    </p>
   </div>
   <div class='ocr_carea' id='block_1_39' title="bbox 515 3845 2099 3915">
    <p class='ocr_par' dir='ltr' id='par_1_39' title="bbox 515 3845 2099 3915">
     <span class='ocr_line' id='line_1_39' title="bbox 515 3845 2099 3915; baseline 0.001 -16"><span class='ocrx_word' id='word_1_280' title='bbox 515 3845 944 3915; x_wconf 85' lang='lat' dir='ltr'><strong>persequutionis</strong></span> <span class='ocrx_word' id='word_1_281' title='bbox 966 3854 1173 3915; x_wconf 86' lang='lat' dir='ltr'><strong>tempus</strong></span> <span class='ocrx_word' id='word_1_282' title='bbox 1201 3846 1266 3901; x_wconf 84' lang='lat' dir='ltr'><strong>ad</strong></span> <span class='ocrx_word' id='word_1_283' title='bbox 1317 3845 1419 3901; x_wconf 90' lang='lat' dir='ltr'><strong>hoc</strong></span> <span class='ocrx_word' id='word_1_284' title='bbox 1449 3846 1724 3910; x_wconf 81' lang='lat' dir='ltr'><strong>incitabat,</strong></span> <span class='ocrx_word' id='word_1_285' title='bbox 1770 3855 1828 3900; x_wconf 91' lang='lat' dir='ltr'><strong>ut</strong></span> <span class='ocrx_word' id='word_1_286' title='bbox 1863 3845 1930 3901; x_wconf 90' lang='lat' dir='ltr'><strong>de</strong></span> <span class='ocrx_word' id='word_1_287' title='bbox 1957 3857 2099 3902; x_wconf 86' lang='lat' dir='ltr'><strong>terra</strong></span> 
     </span>
    </p>
   </div>
   <div class='ocr_carea' id='block_1_40' title="bbox 513 3933 2094 4005">
    <p class='ocr_par' dir='ltr' id='par_1_40' title="bbox 513 3933 2094 4005">
     <span class='ocr_line' id='line_1_40' title="bbox 513 3933 2094 4005; baseline 0.003 -16"><span class='ocrx_word' id='word_1_288' title='bbox 513 3935 688 4005; x_wconf 81' lang='lat' dir='ltr'><strong>deque</strong></span> <span class='ocrx_word' id='word_1_289' title='bbox 739 3936 1055 4005; x_wconf 87' lang='lat' dir='ltr'><strong>cognatione</strong></span> <span class='ocrx_word' id='word_1_290' title='bbox 1105 3937 1334 4002; x_wconf 80' lang='lat' dir='ltr'><strong>exirent,</strong></span> <span class='ocrx_word' id='word_1_291' title='bbox 1364 3947 1424 3991; x_wconf 90' lang='lat' dir='ltr'><strong>ut</strong></span> <span class='ocrx_word' id='word_1_292' title='bbox 1450 3937 1524 3991; x_wconf 88' lang='lat' dir='ltr'><strong>ita</strong></span> <span class='ocrx_word' id='word_1_293' title='bbox 1563 3933 1751 3992; x_wconf 78' lang='lat' dir='ltr'><strong>caelum</strong></span> <span class='ocrx_word' id='word_1_294' title='bbox 1800 3937 2094 3993; x_wconf 84' lang='lat' dir='ltr'><strong>hereditate</strong></span> 
     </span>
    </p>
   </div>
   <div class='ocr_carea' id='block_1_41' title="bbox 513 4027 2100 4099">
    <p class='ocr_par' dir='ltr' id='par_1_41' title="bbox 513 4027 2100 4099">
     <span class='ocr_line' id='line_1_41' title="bbox 513 4027 2100 4099; baseline 0.004 -18"><span class='ocrx_word' id='word_1_295' title='bbox 513 4027 874 4096; x_wconf 85' lang='lat' dir='ltr'><strong>possiderent.</strong></span> <span class='ocrx_word' id='word_1_296' title='bbox 923 4029 1307 4098; x_wconf 84' lang='lat' dir='ltr'><strong>Egrediebatur</strong></span> <span class='ocrx_word' id='word_1_297' title='bbox 1346 4029 1507 4099; x_wconf 90' lang='lat' dir='ltr'><strong>igitur</strong></span> <span class='ocrx_word' id='word_1_298' title='bbox 1549 4043 1615 4083; x_wconf 91' lang='lat' dir='ltr'><strong>ex</strong></span> <span class='ocrx_word' id='word_1_299' title='bbox 1661 4028 1868 4084; x_wconf 82' lang='lat' dir='ltr'><strong>:edibus</strong></span> <span class='ocrx_word' id='word_1_300' title='bbox 1906 4031 2100 4088; x_wconf 87' lang='lat' dir='ltr'><strong>mulier</strong></span> 
     </span>
    </p>
   </div>
   <div class='ocr_carea' id='block_1_42' title="bbox 515 4118 2107 4192">
    <p class='ocr_par' dir='ltr' id='par_1_42' title="bbox 515 4118 2107 4192">
     <span class='ocr_line' id='line_1_42' title="bbox 515 4118 2107 4192; baseline -0.002 -20"><span class='ocrx_word' id='word_1_301' title='bbox 515 4118 652 4172; x_wconf 89' lang='lat' dir='ltr'><strong>duas</strong></span> <span class='ocrx_word' id='word_1_302' title='bbox 695 4133 875 4173; x_wconf 85' lang='lat' dir='ltr'><strong>secum</strong></span> <span class='ocrx_word' id='word_1_303' title='bbox 919 4120 1056 4175; x_wconf 82' lang='lat' dir='ltr'><strong>filias</strong></span> <span class='ocrx_word' id='word_1_304' title='bbox 1096 4121 1336 4185; x_wconf 87' lang='lat' dir='ltr'><strong>habens;</strong></span> <span class='ocrx_word' id='word_1_305' title='bbox 1367 4131 1424 4176; x_wconf 88' lang='lat' dir='ltr'><strong>at</strong></span> <span class='ocrx_word' id='word_1_306' title='bbox 1462 4130 1516 4175; x_wconf 91' lang='lat' dir='ltr'><strong>tu</strong></span> <span class='ocrx_word' id='word_1_307' title='bbox 1562 4136 1631 4176; x_wconf 89' lang='lat' dir='ltr'><strong>ne</strong></span> <span class='ocrx_word' id='word_1_308' title='bbox 1671 4125 2107 4192; x_wconf 72' lang='lat' dir='ltr'><strong>temeiepraeter-</strong></span> 
     </span>
    </p>
   </div>
   <div class='ocr_carea' id='block_1_43' title="bbox 516 4211 2102 4286">
    <p class='ocr_par' dir='ltr' id='par_1_43' title="bbox 516 4211 2102 4286">
     <span class='ocr_line' id='line_1_43' title="bbox 516 4211 2102 4286; baseline 0.002 -20"><span class='ocrx_word' id='word_1_309' title='bbox 516 4226 646 4273; x_wconf 88' lang='lat' dir='ltr'><strong>eas,</strong></span> <span class='ocrx_word' id='word_1_310' title='bbox 704 4225 826 4264; x_wconf 93' lang='lat' dir='ltr'><strong>cum</strong></span> <span class='ocrx_word' id='word_1_311' title='bbox 869 4211 1167 4268; x_wconf 80' lang='lat' dir='ltr'><strong>excessisse</strong></span> <span class='ocrx_word' id='word_1_312' title='bbox 1208 4213 1461 4267; x_wconf 88' lang='lat' dir='ltr'><strong>mulieres</strong></span> <span class='ocrx_word' id='word_1_313' title='bbox 1512 4211 1805 4268; x_wconf 85' lang='lat' dir='ltr'><strong>liberaliter</strong></span> <span class='ocrx_word' id='word_1_314' title='bbox 1852 4214 2102 4286; x_wconf 74' lang='lat' dir='ltr'><strong>educatae</strong></span> 
     </span>
    </p>
   </div>
   <div class='ocr_carea' id='block_1_44' title="bbox 518 4299 2104 4371">
    <p class='ocr_par' dir='ltr' id='par_1_44' title="bbox 518 4299 2104 4371">
     <span class='ocr_line' id='line_1_44' title="bbox 518 4299 2104 4371; baseline 0.004 -20"><span class='ocrx_word' id='word_1_315' title='bbox 518 4299 694 4366; x_wconf 78' lang='lat' dir='ltr'><strong>addis,</strong></span> <span class='ocrx_word' id='word_1_316' title='bbox 739 4315 840 4356; x_wconf 91' lang='lat' dir='ltr'><strong>nec</strong></span> <span class='ocrx_word' id='word_1_317' title='bbox 877 4301 1109 4356; x_wconf 87' lang='lat' dir='ltr'><strong>ferendis</strong></span> <span class='ocrx_word' id='word_1_318' title='bbox 1149 4302 1413 4371; x_wconf 90' lang='lat' dir='ltr'><strong>ejusmodi</strong></span> <span class='ocrx_word' id='word_1_319' title='bbox 1441 4302 1596 4358; x_wconf 89' lang='lat' dir='ltr'><strong>malis</strong></span> <span class='ocrx_word' id='word_1_320' title='bbox 1621 4302 1983 4366; x_wconf 85' lang='lat' dir='ltr'><strong>assuefactas;</strong></span> <span class='ocrx_word' id='word_1_321' title='bbox 2009 4304 2104 4358; x_wconf 89' lang='lat' dir='ltr'><strong>sed</strong></span> 
     </span>
    </p>
   </div>
   <div class='ocr_carea' id='block_1_45' title="bbox 523 4393 2106 4465">
    <p class='ocr_par' dir='ltr' id='par_1_45' title="bbox 523 4393 2106 4465">
     <span class='ocr_line' id='line_1_45' title="bbox 523 4393 2106 4465; baseline 0.003 -19"><span class='ocrx_word' id='word_1_322' title='bbox 523 4393 703 4448; x_wconf 87' lang='lat' dir='ltr'><strong>animo</strong></span> <span class='ocrx_word' id='word_1_323' title='bbox 749 4409 922 4458; x_wconf 88' lang='lat' dir='ltr'><strong>versa,</strong></span> <span class='ocrx_word' id='word_1_324' title='bbox 969 4405 1224 4465; x_wconf 91' lang='lat' dir='ltr'><strong>quantum</strong></span> <span class='ocrx_word' id='word_1_325' title='bbox 1275 4395 1408 4451; x_wconf 90' lang='lat' dir='ltr'><strong>illud</strong></span> <span class='ocrx_word' id='word_1_326' title='bbox 1458 4397 1658 4450; x_wconf 90' lang='lat' dir='ltr'><strong>malum</strong></span> <span class='ocrx_word' id='word_1_327' title='bbox 1700 4407 1864 4462; x_wconf 89' lang='lat' dir='ltr'><strong>esset,</strong></span> <span class='ocrx_word' id='word_1_328' title='bbox 1893 4397 2106 4465; x_wconf 89' lang='lat' dir='ltr'><strong>quantis</strong></span> 
     </span>
    </p>
   </div>
   <div class='ocr_carea' id='block_1_46' title="bbox 520 4484 2105 4556">
    <p class='ocr_par' dir='ltr' id='par_1_46' title="bbox 520 4484 2105 4556">
     <span class='ocr_line' id='line_1_46' title="bbox 520 4484 2105 4556; baseline 0.003 -19"><span class='ocrx_word' id='word_1_329' title='bbox 520 4498 610 4538; x_wconf 90' lang='lat' dir='ltr'><strong>res</strong></span> <span class='ocrx_word' id='word_1_330' title='bbox 643 4484 732 4538; x_wconf 90' lang='lat' dir='ltr'><strong>illa</strong></span> <span class='ocrx_word' id='word_1_331' title='bbox 772 4485 1169 4543; x_wconf 81' lang='lat' dir='ltr'><strong>difficultatibus</strong></span> <span class='ocrx_word' id='word_1_332' title='bbox 1186 4488 1561 4556; x_wconf 85' lang='lat' dir='ltr'><strong>circumsepta.</strong></span> <span class='ocrx_word' id='word_1_333' title='bbox 1593 4487 1651 4541; x_wconf 91' lang='lat' dir='ltr'><strong>Si</strong></span> <span class='ocrx_word' id='word_1_334' title='bbox 1679 4487 1821 4541; x_wconf 91' lang='lat' dir='ltr'><strong>enim</strong></span> <span class='ocrx_word' id='word_1_335' title='bbox 1858 4486 2105 4542; x_wconf 85' lang='lat' dir='ltr'><strong>homines</strong></span> 
     </span>
    </p>
   </div>
   <div class='ocr_carea' id='block_1_47' title="bbox 521 4574 2105 4652">
    <p class='ocr_par' dir='ltr' id='par_1_47' title="bbox 521 4574 2105 4652">
     <span class='ocr_line' id='line_1_47' title="bbox 521 4574 2105 4652; baseline 0.003 -25"><span class='ocrx_word' id='word_1_336' title='bbox 521 4575 612 4643; x_wconf 74' lang='lat' dir='ltr'><strong>qui</strong></span> <span class='ocrx_word' id='word_1_337' title='bbox 660 4574 980 4652; x_wconf 81' lang='lat' dir='ltr'><strong>mediocrem</strong></span> <span class='ocrx_word' id='word_1_338' title='bbox 1011 4578 1823 4646; x_wconf 86' lang='lat' dir='ltr'><strong>peregrinationemsuscipiunt,</strong></span> <span class='ocrx_word' id='word_1_339' title='bbox 1870 4576 2105 4648; x_wconf 85' lang='lat' dir='ltr'><strong>cumju-</strong></span> 
     </span>
    </p>
   </div>
   <div class='ocr_carea' id='block_1_48' title="bbox 523 4667 2107 4737">
    <p class='ocr_par' dir='ltr' id='par_1_48' title="bbox 523 4667 2107 4737">
     <span class='ocr_line' id='line_1_48' title="bbox 523 4667 2107 4737; baseline 0.003 -18"><span class='ocrx_word' id='word_1_340' title='bbox 523 4673 702 4720; x_wconf 77' lang='lat' dir='ltr'><strong>nienta</strong></span> <span class='ocrx_word' id='word_1_341' title='bbox 731 4675 1039 4736; x_wconf 88' lang='lat' dir='ltr'><strong>suppetant,</strong></span> <span class='ocrx_word' id='word_1_342' title='bbox 1053 4669 1280 4723; x_wconf 89' lang='lat' dir='ltr'><strong>ministri</strong></span> <span class='ocrx_word' id='word_1_343' title='bbox 1303 4685 1408 4724; x_wconf 92' lang='lat' dir='ltr'><strong>non</strong></span> <span class='ocrx_word' id='word_1_344' title='bbox 1429 4667 1626 4732; x_wconf 85' lang='lat' dir='ltr'><strong>desint,</strong></span> <span class='ocrx_word' id='word_1_345' title='bbox 1655 4668 1891 4737; x_wconf 90' lang='lat' dir='ltr'><strong>periculo</strong></span> <span class='ocrx_word' id='word_1_346' title='bbox 1918 4677 2107 4723; x_wconf 86' lang='lat' dir='ltr'><strong>vacent</strong></span> 
     </span>
    </p>
   </div>
   <div class='ocr_carea' id='block_1_49' title="bbox 523 4759 2106 4843">
    <p class='ocr_par' dir='ltr' id='par_1_49' title="bbox 523 4759 2106 4843">
     <span class='ocr_line' id='line_1_49' title="bbox 523 4759 2106 4843; baseline 0.003 -33"><span class='ocrx_word' id='word_1_347' title='bbox 523 4759 730 4821; x_wconf 87' lang='lat' dir='ltr'><strong>itinera,</strong></span> <span class='ocrx_word' id='word_1_348' title='bbox 758 4773 881 4814; x_wconf 89' lang='lat' dir='ltr'><strong>cum</strong></span> <span class='ocrx_word' id='word_1_349' title='bbox 912 4775 1074 4829; x_wconf 88' lang='lat' dir='ltr'><strong>penes</strong></span> <span class='ocrx_word' id='word_1_350' title='bbox 1101 4769 1457 4829; x_wconf 85' lang='lat' dir='ltr'><strong>eospotestas</strong></span> <span class='ocrx_word' id='word_1_351' title='bbox 1500 4762 1570 4815; x_wconf 86' lang='lat' dir='ltr'><strong>sit</strong></span> <span class='ocrx_word' id='word_1_352' title='bbox 1608 4759 1884 4825; x_wconf 87' lang='lat' dir='ltr'><strong>redeundi,</strong></span> <span class='ocrx_word' id='word_1_353' title='bbox 1913 4761 2106 4843; x_wconf 64' lang='lat' dir='ltr'><strong>multas</strong></span> 
     </span>
    </p>
   </div>
   <div class='ocr_carea' id='block_1_50' title="bbox 522 4851 2102 4923">
    <p class='ocr_par' dir='ltr' id='par_1_50' title="bbox 522 4851 2102 4923">
     <span class='ocr_line' id='line_1_50' title="bbox 522 4851 2102 4923; baseline 0.003 -21"><span class='ocrx_word' id='word_1_354' title='bbox 522 4851 871 4920; x_wconf 87' lang='lat' dir='ltr'><strong>experiuntur</strong></span> <span class='ocrx_word' id='word_1_355' title='bbox 895 4854 1185 4919; x_wconf 87' lang='lat' dir='ltr'><strong>molestias,</strong></span> <span class='ocrx_word' id='word_1_356' title='bbox 1219 4855 1416 4908; x_wconf 85' lang='lat' dir='ltr'><strong>multas</strong></span> <span class='ocrx_word' id='word_1_357' title='bbox 1433 4854 1677 4908; x_wconf 80' lang='lat' dir='ltr'><strong>miserias</strong></span> <span class='ocrx_word' id='word_1_358' title='bbox 1700 4854 2102 4923; x_wconf 88' lang='lat' dir='ltr'><strong>perpetiuntur:</strong></span> 
     </span>
    </p>
   </div>
   <div class='ocr_carea' id='block_1_51' title="bbox 526 4945 2106 5016">
    <p class='ocr_par' dir='ltr' id='par_1_51' title="bbox 526 4945 2106 5016">
     <span class='ocr_line' id='line_1_51' title="bbox 526 4945 2106 5016; baseline 0.002 -21"><span class='ocrx_word' id='word_1_359' title='bbox 526 4945 612 4998; x_wconf 91' lang='lat' dir='ltr'><strong>ubi</strong></span> <span class='ocrx_word' id='word_1_360' title='bbox 638 4945 829 4998; x_wconf 91' lang='lat' dir='ltr'><strong>mulier</strong></span> <span class='ocrx_word' id='word_1_361' title='bbox 868 4954 923 4998; x_wconf 85' lang='lat' dir='ltr'><strong>et</strong></span> <span class='ocrx_word' id='word_1_362' title='bbox 950 4946 1202 5015; x_wconf 74' lang='lat' dir='ltr'><strong>virgines,</strong></span> <span class='ocrx_word' id='word_1_363' title='bbox 1236 4946 1452 5016; x_wconf 86' lang='lat' dir='ltr'><strong>penuria</strong></span> <span class='ocrx_word' id='word_1_364' title='bbox 1477 4947 1865 5011; x_wconf 89' lang='lat' dir='ltr'><strong>ministrorum,</strong></span> <span class='ocrx_word' id='word_1_365' title='bbox 1893 4954 1948 5000; x_wconf 92' lang='lat' dir='ltr'><strong>et</strong></span> <span class='ocrx_word' id='word_1_366' title='bbox 1971 4946 2106 4999; x_wconf 88' lang='lat' dir='ltr'><strong>ami-</strong></span> 
     </span>
    </p>
   </div>
   <div class='ocr_carea' id='block_1_52' title="bbox 522 5036 2105 5110">
    <p class='ocr_par' dir='ltr' id='par_1_52' title="bbox 522 5036 2105 5110">
     <span class='ocr_line' id='line_1_52' title="bbox 522 5036 2105 5110; baseline 0.004 -25"><span class='ocrx_word' id='word_1_367' title='bbox 522 5051 705 5088; x_wconf 76' lang='lat' dir='ltr'><strong>corum</strong></span> <span class='ocrx_word' id='word_1_368' title='bbox 753 5036 1000 5103; x_wconf 83' lang='lat' dir='ltr'><strong>proditio,</strong></span> <span class='ocrx_word' id='word_1_369' title='bbox 1033 5038 1309 5102; x_wconf 89' lang='lat' dir='ltr'><strong>tumultus,</strong></span> <span class='ocrx_word' id='word_1_370' title='bbox 1341 5047 1397 5092; x_wconf 91' lang='lat' dir='ltr'><strong>et</strong></span> <span class='ocrx_word' id='word_1_371' title='bbox 1449 5037 1796 5110; x_wconf 89' lang='lat' dir='ltr'><strong>perturbatio,</strong></span> <span class='ocrx_word' id='word_1_372' title='bbox 1824 5046 2105 5107; x_wconf 88' lang='lat' dir='ltr'><strong>metusque</strong></span> 
     </span>
    </p>
   </div>
   <div class='ocr_carea' id='block_1_53' title="bbox 525 5127 2102 5199">
    <p class='ocr_par' dir='ltr' id='par_1_53' title="bbox 525 5127 2102 5199">
     <span class='ocr_line' id='line_1_53' title="bbox 525 5127 2102 5199; baseline 0.006 -23"><span class='ocrx_word' id='word_1_373' title='bbox 525 5127 894 5194; x_wconf 78' lang='lat' dir='ltr'><strong>intolerabilis,</strong></span> <span class='ocrx_word' id='word_1_374' title='bbox 926 5129 1134 5184; x_wconf 85' lang='lat' dir='ltr'><strong>diversa</strong></span> <span class='ocrx_word' id='word_1_375' title='bbox 1182 5131 1233 5184; x_wconf 92' lang='lat' dir='ltr'><strong>in</strong></span> <span class='ocrx_word' id='word_1_376' title='bbox 1267 5130 1372 5184; x_wconf 88' lang='lat' dir='ltr'><strong>illis</strong></span> <span class='ocrx_word' id='word_1_377' title='bbox 1400 5130 1654 5199; x_wconf 84' lang='lat' dir='ltr'><strong>pericula,</strong></span> <span class='ocrx_word' id='word_1_378' title='bbox 1701 5130 1769 5184; x_wconf 91' lang='lat' dir='ltr'><strong>de</strong></span> <span class='ocrx_word' id='word_1_379' title='bbox 1794 5130 1967 5185; x_wconf 90' lang='lat' dir='ltr'><strong>anima</strong></span> <span class='ocrx_word' id='word_1_380' title='bbox 1990 5130 2102 5185; x_wconf 92' lang='lat' dir='ltr'><strong>dis-</strong></span> 
     </span>
    </p>
   </div>
   <div class='ocr_carea' id='block_1_54' title="bbox 523 5218 2104 5291">
    <p class='ocr_par' dir='ltr' id='par_1_54' title="bbox 523 5218 2104 5291">
     <span class='ocr_line' id='line_1_54' title="bbox 523 5218 2104 5291; baseline 0.003 -23"><span class='ocrx_word' id='word_1_381' title='bbox 523 5218 748 5281; x_wconf 87' lang='lat' dir='ltr'><strong>crimen,</strong></span> <span class='ocrx_word' id='word_1_382' title='bbox 799 5228 852 5272; x_wconf 89' lang='lat' dir='ltr'><strong>et</strong></span> <span class='ocrx_word' id='word_1_383' title='bbox 885 5220 1253 5291; x_wconf 86' lang='lat' dir='ltr'><strong>undecumque</strong></span> <span class='ocrx_word' id='word_1_384' title='bbox 1299 5221 1510 5286; x_wconf 88' lang='lat' dir='ltr'><strong>hostes;</strong></span> <span class='ocrx_word' id='word_1_385' title='bbox 1540 5236 1660 5290; x_wconf 71' lang='lat' dir='ltr'><strong>qua:</strong></span> <span class='ocrx_word' id='word_1_386' title='bbox 1696 5220 1910 5274; x_wconf 88' lang='lat' dir='ltr'><strong>tandem</strong></span> <span class='ocrx_word' id='word_1_387' title='bbox 1930 5221 2104 5275; x_wconf 92' lang='lat' dir='ltr'><strong>oratio</strong></span> 
     </span>
    </p>
   </div>
   <div class='ocr_carea' id='block_1_55' title="bbox 523 5308 2101 5382">
    <p class='ocr_par' dir='ltr' id='par_1_55' title="bbox 523 5308 2101 5382">
     <span class='ocr_line' id='line_1_55' title="bbox 523 5308 2101 5382; baseline 0.004 -22"><span class='ocrx_word' id='word_1_388' title='bbox 523 5308 805 5362; x_wconf 89' lang='lat' dir='ltr'><strong>mulicrmn</strong></span> <span class='ocrx_word' id='word_1_389' title='bbox 825 5311 1134 5376; x_wconf 85' lang='lat' dir='ltr'><strong>certamina,</strong></span> <span class='ocrx_word' id='word_1_390' title='bbox 1166 5312 1552 5375; x_wconf 87' lang='lat' dir='ltr'><strong>fortitudinem,</strong></span> <span class='ocrx_word' id='word_1_391' title='bbox 1595 5312 2101 5382; x_wconf 87' lang='lat' dir='ltr'><strong>magnanimitatem,</strong></span> 
     </span>
    </p>
   </div>
   <div class='ocr_carea' id='block_1_56' title="bbox 529 5398 2103 5472">
    <p class='ocr_par' dir='ltr' id='par_1_56' title="bbox 529 5398 2103 5472">
     <span class='ocr_line' id='line_1_56' title="bbox 529 5398 2103 5472; baseline 0.004 -22"><span class='ocrx_word' id='word_1_392' title='bbox 529 5398 684 5452; x_wconf 85' lang='lat' dir='ltr'><strong>fidem</strong></span> <span class='ocrx_word' id='word_1_393' title='bbox 722 5400 1023 5468; x_wconf 84' lang='lat' dir='ltr'><strong>exprimere</strong></span> <span class='ocrx_word' id='word_1_394' title='bbox 1069 5402 1298 5470; x_wconf 86' lang='lat' dir='ltr'><strong>poterit?</strong></span> <span class='ocrx_word' id='word_1_395' title='bbox 1327 5403 1458 5457; x_wconf 89' lang='lat' dir='ltr'><strong>Nam</strong></span> <span class='ocrx_word' id='word_1_396' title='bbox 1511 5403 1556 5456; x_wconf 92' lang='lat' dir='ltr'><strong>si</strong></span> <span class='ocrx_word' id='word_1_397' title='bbox 1601 5417 1816 5472; x_wconf 86' lang='lat' dir='ltr'><strong>egressa</strong></span> <span class='ocrx_word' id='word_1_398' title='bbox 1843 5403 1954 5457; x_wconf 89' lang='lat' dir='ltr'><strong>sola</strong></span> <span class='ocrx_word' id='word_1_399' title='bbox 1986 5418 2103 5457; x_wconf 87' lang='lat' dir='ltr'><strong>ma-</strong></span> 
     </span>
    </p>
   </div>
   <div class='ocr_carea' id='block_1_57' title="bbox 529 5491 2105 5564">
    <p class='ocr_par' dir='ltr' id='par_1_57' title="bbox 529 5491 2105 5564">
     <span class='ocr_line' id='line_1_57' title="bbox 529 5491 2105 5564; baseline 0.004 -21"><span class='ocrx_word' id='word_1_400' title='bbox 529 5501 612 5545; x_wconf 90' lang='lat' dir='ltr'><strong>ter</strong></span> <span class='ocrx_word' id='word_1_401' title='bbox 639 5501 800 5556; x_wconf 83' lang='lat' dir='ltr'><strong>esset,</strong></span> <span class='ocrx_word' id='word_1_402' title='bbox 825 5507 930 5546; x_wconf 92' lang='lat' dir='ltr'><strong>non</strong></span> <span class='ocrx_word' id='word_1_403' title='bbox 949 5491 1020 5546; x_wconf 88' lang='lat' dir='ltr'><strong>ita</strong></span> <span class='ocrx_word' id='word_1_404' title='bbox 1048 5493 1438 5559; x_wconf 69' lang='lat' dir='ltr'><strong>intolerandum</strong></span> <span class='ocrx_word' id='word_1_405' title='bbox 1458 5504 1730 5549; x_wconf 89' lang='lat' dir='ltr'><strong>certamen</strong></span> <span class='ocrx_word' id='word_1_406' title='bbox 1752 5493 1970 5560; x_wconf 83' lang='lat' dir='ltr'><strong>fuisset;</strong></span> <span class='ocrx_word' id='word_1_407' title='bbox 1994 5496 2105 5564; x_wconf 87' lang='lat' dir='ltr'><strong>jam</strong></span> 
     </span>
    </p>
   </div>
   <div class='ocr_carea' id='block_1_58' title="bbox 530 5583 2105 5653">
    <p class='ocr_par' dir='ltr' id='par_1_58' title="bbox 530 5583 2105 5653">
     <span class='ocr_line' id='line_1_58' title="bbox 530 5583 2105 5653; baseline 0.003 -18"><span class='ocrx_word' id='word_1_408' title='bbox 530 5599 658 5636; x_wconf 76' lang='lat' dir='ltr'><strong>vero</strong></span> <span class='ocrx_word' id='word_1_409' title='bbox 684 5600 801 5636; x_wconf 90' lang='lat' dir='ltr'><strong>cum</strong></span> <span class='ocrx_word' id='word_1_410' title='bbox 832 5593 886 5637; x_wconf 90' lang='lat' dir='ltr'><strong>et</strong></span> <span class='ocrx_word' id='word_1_411' title='bbox 934 5583 1069 5638; x_wconf 87' lang='lat' dir='ltr'><strong>filias</strong></span> <span class='ocrx_word' id='word_1_412' title='bbox 1122 5584 1429 5650; x_wconf 86' lang='lat' dir='ltr'><strong>deduceret,</strong></span> <span class='ocrx_word' id='word_1_413' title='bbox 1485 5595 1539 5639; x_wconf 89' lang='lat' dir='ltr'><strong>et</strong></span> <span class='ocrx_word' id='word_1_414' title='bbox 1591 5585 1725 5638; x_wconf 89' lang='lat' dir='ltr'><strong>duas</strong></span> <span class='ocrx_word' id='word_1_415' title='bbox 1753 5584 2005 5653; x_wconf 80' lang='lat' dir='ltr'><strong>virgines,</strong></span> <span class='ocrx_word' id='word_1_416' title='bbox 2035 5587 2105 5640; x_wconf 88' lang='lat' dir='ltr'><strong>ita</strong></span> 
     </span>
    </p>
   </div>
   <div class='ocr_carea' id='block_1_59' title="bbox 533 5671 2109 5746">
    <p class='ocr_par' dir='ltr' id='par_1_59' title="bbox 533 5671 2109 5746">
     <span class='ocr_line' id='line_1_59' title="bbox 533 5671 2109 5746; baseline 0.004 -20"><span class='ocrx_word' id='word_1_417' title='bbox 533 5673 725 5740; x_wconf 78' lang='lat' dir='ltr'><strong>duplex</strong></span> <span class='ocrx_word' id='word_1_418' title='bbox 753 5675 971 5730; x_wconf 87' lang='lat' dir='ltr'><strong>timendi</strong></span> <span class='ocrx_word' id='word_1_419' title='bbox 998 5676 1230 5741; x_wconf 85' lang='lat' dir='ltr'><strong>occasio,</strong></span> <span class='ocrx_word' id='word_1_420' title='bbox 1276 5671 1545 5746; x_wconf 85' lang='lat' dir='ltr'><strong>multaque</strong></span> <span class='ocrx_word' id='word_1_421' title='bbox 1581 5675 1954 5731; x_wconf 84' lang='lat' dir='ltr'><strong>sollicitudinis</strong></span> <span class='ocrx_word' id='word_1_422' title='bbox 1993 5688 2109 5732; x_wconf 80' lang='lat' dir='ltr'><strong>erat</strong></span> 
     </span>
    </p>
   </div>
   <div class='ocr_carea' id='block_1_60' title="bbox 530 5765 2101 5840">
    <p class='ocr_par' dir='ltr' id='par_1_60' title="bbox 530 5765 2101 5840">
     <span class='ocr_line' id='line_1_60' title="bbox 530 5765 2101 5840; baseline 0.002 -21"><span class='ocrx_word' id='word_1_423' title='bbox 530 5765 765 5820; x_wconf 88' lang='lat' dir='ltr'><strong>accessio</strong></span> <span class='ocrx_word' id='word_1_424' title='bbox 787 5783 798 5818; x_wconf 88' lang='lat'><strong>:</strong></span> <span class='ocrx_word' id='word_1_425' title='bbox 819 5778 1015 5835; x_wconf 85' lang='lat' dir='ltr'><strong>quanto</strong></span> <span class='ocrx_word' id='word_1_426' title='bbox 1033 5768 1172 5824; x_wconf 86' lang='lat' dir='ltr'><strong>enim</strong></span> <span class='ocrx_word' id='word_1_427' title='bbox 1191 5768 1361 5838; x_wconf 80' lang='lat' dir='ltr'><strong>major</strong></span> <span class='ocrx_word' id='word_1_428' title='bbox 1373 5770 1659 5840; x_wconf 87' lang='lat' dir='ltr'><strong>possessio,</strong></span> <span class='ocrx_word' id='word_1_429' title='bbox 1679 5777 1822 5824; x_wconf 85' lang='lat' dir='ltr'><strong>tanto</strong></span> <span class='ocrx_word' id='word_1_430' title='bbox 1841 5767 2101 5823; x_wconf 81' lang='lat' dir='ltr'><strong>difficilior</strong></span> 
     </span>
    </p>
   </div>
   <div class='ocr_carea' id='block_1_61' title="bbox 1127 348 2972 428">
    <p class='ocr_par' dir='ltr' id='par_1_61' title="bbox 1127 348 2972 428">
     <span class='ocr_line' id='line_1_61' title="bbox 1127 348 2972 428; baseline 0.007 -12"><span class='ocrx_word' id='word_1_431' title='bbox 1127 357 1212 416; x_wconf 88' lang='lat' dir='ltr'><strong>-s.</strong></span> <span class='ocrx_word' id='word_1_432' title='bbox 1252 358 1529 417; x_wconf 74' lang='lat' dir='ltr'><strong>JOANNIS</strong></span> <span class='ocrx_word' id='word_1_433' title='bbox 1564 359 2043 418; x_wconf 76' lang='lat' dir='ltr'><strong>CttftYSOSTOMl</strong></span> <span class='ocrx_word' id='word_1_434' title='bbox 2083 358 2399 420; x_wconf 78' lang='lat' dir='ltr'><strong>ARCtttEP.</strong></span> <span class='ocrx_word' id='word_1_435' title='bbox 2442 348 2972 428; x_wconf 68' lang='lat' dir='ltr'><strong>consnmmor.</strong></span> 
     </span>
    </p>
   </div>
   <div class='ocr_carea' id='block_1_62' title="bbox 3660 379 3760 436">
    <p class='ocr_par' dir='ltr' id='par_1_62' title="bbox 3660 379 3760 436">
     <span class='ocr_line' id='line_1_62' title="bbox 3660 379 3760 436; baseline 0 -2"><span class='ocrx_word' id='word_1_436' title='bbox 3660 379 3760 436; x_wconf 66' lang='grc'><strong>631</strong></span> 
     </span>
    </p>
   </div>
   <div class='ocr_carea' id='block_1_63' title="bbox 2176 476 3762 559">
    <p class='ocr_par' dir='ltr' id='par_1_63' title="bbox 2176 476 3762 559">
     <span class='ocr_line' id='line_1_63' title="bbox 2176 476 3762 559; baseline 0.011 -27"><span class='ocrx_word' id='word_1_437' title='bbox 2176 489 2258 532; x_wconf 89' lang='lat' dir='ltr'><strong>est</strong></span> <span class='ocrx_word' id='word_1_438' title='bbox 2285 480 2546 535; x_wconf 90' lang='lat' dir='ltr'><strong>custodia.</strong></span> <span class='ocrx_word' id='word_1_439' title='bbox 2596 481 2976 554; x_wconf 79' lang='lat' dir='ltr'><strong>Egrediebatur</strong></span> <span class='ocrx_word' id='word_1_440' title='bbox 2999 476 3127 558; x_wconf 80' lang='lat' dir='ltr'><strong>ergo</strong></span> <span class='ocrx_word' id='word_1_441' title='bbox 3157 488 3386 559; x_wconf 81' lang='lat' dir='ltr'><strong>virgines</strong></span> <span class='ocrx_word' id='word_1_442' title='bbox 3418 490 3647 557; x_wconf 77' lang='lat' dir='ltr'><strong>habens,</strong></span> <span class='ocrx_word' id='word_1_443' title='bbox 3669 509 3762 550; x_wconf 78' lang='lat' dir='ltr'><strong>nec</strong></span> 
     </span>
    </p>
   </div>
   <div class='ocr_carea' id='block_1_64' title="bbox 2175 568 3753 643">
    <p class='ocr_par' dir='ltr' id='par_1_64' title="bbox 2175 568 3753 643">
     <span class='ocr_line' id='line_1_64' title="bbox 2175 568 3753 643; baseline 0.01 -17"><span class='ocrx_word' id='word_1_444' title='bbox 2175 568 2378 628; x_wconf 84' lang='lat' dir='ltr'><strong>habens</strong></span> <span class='ocrx_word' id='word_1_445' title='bbox 2402 573 2592 643; x_wconf 88' lang='lat' dir='ltr'><strong>quibus</strong></span> <span class='ocrx_word' id='word_1_446' title='bbox 2621 576 2676 630; x_wconf 87' lang='lat' dir='ltr'><strong>in</strong></span> <span class='ocrx_word' id='word_1_447' title='bbox 2700 576 2942 633; x_wconf 82' lang='lat' dir='ltr'><strong>thalamis</strong></span> <span class='ocrx_word' id='word_1_448' title='bbox 2961 594 3053 635; x_wconf 87' lang='lat' dir='ltr'><strong>eas</strong></span> <span class='ocrx_word' id='word_1_449' title='bbox 3075 583 3405 638; x_wconf 87' lang='lat' dir='ltr'><strong>occultaret:</strong></span> <span class='ocrx_word' id='word_1_450' title='bbox 3434 585 3649 641; x_wconf 87' lang='lat' dir='ltr'><strong>tametsi</strong></span> <span class='ocrx_word' id='word_1_451' title='bbox 3690 588 3753 641; x_wconf 89' lang='lat' dir='ltr'><strong>in-</strong></span> 
     </span>
    </p>
   </div>
   <div class='ocr_carea' id='block_1_65' title="bbox 2178 660 3767 741">
    <p class='ocr_par' dir='ltr' id='par_1_65' title="bbox 2178 660 3767 741">
     <span class='ocr_line' id='line_1_65' title="bbox 2178 660 3767 741; baseline 0.01 -26"><span class='ocrx_word' id='word_1_452' title='bbox 2178 660 2415 733; x_wconf 84' lang='lat' dir='ltr'><strong>telligitis</strong></span> <span class='ocrx_word' id='word_1_453' title='bbox 2461 663 2760 735; x_wconf 82' lang='lat' dir='ltr'><strong>thalamos;</strong></span> <span class='ocrx_word' id='word_1_454' title='bbox 2801 684 3081 741; x_wconf 63' lang='lat' dir='ltr'><strong>gynacea,</strong></span> <span class='ocrx_word' id='word_1_455' title='bbox 3097 672 3310 741; x_wconf 88' lang='lat' dir='ltr'><strong>januas,</strong></span> <span class='ocrx_word' id='word_1_456' title='bbox 3353 686 3556 740; x_wconf 79' lang='lat' dir='ltr'><strong>vectes,</strong></span> <span class='ocrx_word' id='word_1_457' title='bbox 3587 689 3767 731; x_wconf 80' lang='lat' dir='ltr'><strong>custo-</strong></span> 
     </span>
    </p>
   </div>
   <div class='ocr_carea' id='block_1_66' title="bbox 2175 751 3769 833">
    <p class='ocr_par' dir='ltr' id='par_1_66' title="bbox 2175 751 3769 833">
     <span class='ocr_line' id='line_1_66' title="bbox 2175 751 3769 833; baseline 0.011 -27"><span class='ocrx_word' id='word_1_458' title='bbox 2175 751 2294 821; x_wconf 88' lang='lat' dir='ltr'><strong>des,</strong></span> <span class='ocrx_word' id='word_1_459' title='bbox 2339 757 2729 825; x_wconf 72' lang='lat' dir='ltr'><strong>proeubitorhs,</strong></span> <span class='ocrx_word' id='word_1_460' title='bbox 2775 761 3018 827; x_wconf 84' lang='lat' dir='ltr'><strong>ancillas,</strong></span> <span class='ocrx_word' id='word_1_461' title='bbox 3056 765 3310 833; x_wconf 83' lang='lat' dir='ltr'><strong>nutrices,</strong></span> <span class='ocrx_word' id='word_1_462' title='bbox 3343 781 3405 819; x_wconf 84' lang='lat' dir='ltr'><strong>ac</strong></span> <span class='ocrx_word' id='word_1_463' title='bbox 3452 766 3653 822; x_wconf 80' lang='lat' dir='ltr'><strong>matris</strong></span> <span class='ocrx_word' id='word_1_464' title='bbox 3688 784 3769 822; x_wconf 83' lang='lat' dir='ltr'><strong>as-</strong></span> 
     </span>
    </p>
   </div>
   <div class='ocr_carea' id='block_1_67' title="bbox 2178 845 3773 927">
    <p class='ocr_par' dir='ltr' id='par_1_67' title="bbox 2178 845 3773 927">
     <span class='ocr_line' id='line_1_67' title="bbox 2178 845 3773 927; baseline 0.007 -26"><span class='ocrx_word' id='word_1_465' title='bbox 2178 845 2504 914; x_wconf 79' lang='lat' dir='ltr'><strong>siduitatem,</strong></span> <span class='ocrx_word' id='word_1_466' title='bbox 2550 857 2606 903; x_wconf 89' lang='lat' dir='ltr'><strong>et</strong></span> <span class='ocrx_word' id='word_1_467' title='bbox 2658 851 2827 920; x_wconf 83' lang='lat' dir='ltr'><strong>patris</strong></span> <span class='ocrx_word' id='word_1_468' title='bbox 2873 853 3261 920; x_wconf 86' lang='lat' dir='ltr'><strong>providentiam</strong></span> <span class='ocrx_word' id='word_1_469' title='bbox 3305 856 3642 927; x_wconf 86' lang='lat' dir='ltr'><strong>multamque</strong></span> <span class='ocrx_word' id='word_1_470' title='bbox 3675 872 3773 926; x_wconf 85' lang='lat' dir='ltr'><strong>pa-</strong></span> 
     </span>
    </p>
   </div>
   <div class='ocr_carea' id='block_1_68' title="bbox 2178 941 3772 1021">
    <p class='ocr_par' dir='ltr' id='par_1_68' title="bbox 2178 941 3772 1021">
     <span class='ocr_line' id='line_1_68' title="bbox 2178 941 3772 1021; baseline 0.008 -30"><span class='ocrx_word' id='word_1_471' title='bbox 2178 949 2389 992; x_wconf 84' lang='lat' dir='ltr'><strong>rentum</strong></span> <span class='ocrx_word' id='word_1_472' title='bbox 2437 953 2632 1021; x_wconf 76' lang='lat' dir='ltr'><strong>curam</strong></span> <span class='ocrx_word' id='word_1_473' title='bbox 2645 941 2908 1009; x_wconf 87' lang='lat' dir='ltr'><strong>adhiberi,</strong></span> <span class='ocrx_word' id='word_1_474' title='bbox 2950 951 3008 998; x_wconf 90' lang='lat' dir='ltr'><strong>ut</strong></span> <span class='ocrx_word' id='word_1_475' title='bbox 3034 944 3346 1015; x_wconf 85' lang='lat' dir='ltr'><strong>virginitatis</strong></span> <span class='ocrx_word' id='word_1_476' title='bbox 3374 946 3473 1002; x_wconf 82' lang='lat' dir='ltr'><strong>tios</strong></span> <span class='ocrx_word' id='word_1_477' title='bbox 3493 947 3772 1003; x_wconf 84' lang='lat' dir='ltr'><strong>custodia-</strong></span> 
     </span>
    </p>
   </div>
   <div class='ocr_carea' id='block_1_69' title="bbox 2181 1033 3772 1098">
    <p class='ocr_par' dir='ltr' id='par_1_69' title="bbox 2181 1033 3772 1098">
     <span class='ocr_line' id='line_1_69' title="bbox 2181 1033 3772 1098; baseline 0.008 -13"><span class='ocrx_word' id='word_1_478' title='bbox 2181 1039 2298 1098; x_wconf 89' lang='lat' dir='ltr'><strong>tur,</strong></span> <span class='ocrx_word' id='word_1_479' title='bbox 2347 1041 2402 1087; x_wconf 91' lang='lat' dir='ltr'><strong>et</strong></span> <span class='ocrx_word' id='word_1_480' title='bbox 2430 1033 2516 1088; x_wconf 85' lang='lat' dir='ltr'><strong>vix</strong></span> <span class='ocrx_word' id='word_1_481' title='bbox 2548 1034 2618 1088; x_wconf 87' lang='lat' dir='ltr'><strong>ita</strong></span> <span class='ocrx_word' id='word_1_482' title='bbox 2664 1034 2983 1092; x_wconf 89' lang='lat' dir='ltr'><strong>incolumem</strong></span> <span class='ocrx_word' id='word_1_483' title='bbox 3012 1038 3357 1093; x_wconf 85' lang='lat' dir='ltr'><strong>conservari:</strong></span> <span class='ocrx_word' id='word_1_484' title='bbox 3384 1048 3442 1094; x_wconf 90' lang='lat' dir='ltr'><strong>at</strong></span> <span class='ocrx_word' id='word_1_485' title='bbox 3479 1041 3569 1094; x_wconf 84' lang='lat' dir='ltr'><strong>illa</strong></span> <span class='ocrx_word' id='word_1_486' title='bbox 3624 1041 3772 1097; x_wconf 88' lang='lat' dir='ltr'><strong>omni</strong></span> 
     </span>
    </p>
   </div>
   <div class='ocr_carea' id='block_1_70' title="bbox 2178 1128 3778 1203">
    <p class='ocr_par' dir='ltr' id='par_1_70' title="bbox 2178 1128 3778 1203">
     <span class='ocr_line' id='line_1_70' title="bbox 2178 1128 3778 1203; baseline 0.005 -23"><span class='ocrx_word' id='word_1_487' title='bbox 2178 1135 2292 1180; x_wconf 88' lang='lat' dir='ltr'><strong>erat</strong></span> <span class='ocrx_word' id='word_1_488' title='bbox 2321 1128 2563 1182; x_wconf 85' lang='lat' dir='ltr'><strong>custodia</strong></span> <span class='ocrx_word' id='word_1_489' title='bbox 2592 1129 2872 1196; x_wconf 49' lang='lat' dir='ltr'><strong>destituta;</strong></span> <span class='ocrx_word' id='word_1_490' title='bbox 2899 1147 3006 1201; x_wconf 89' lang='lat' dir='ltr'><strong>quo</strong></span> <span class='ocrx_word' id='word_1_491' title='bbox 3052 1131 3211 1201; x_wconf 84' lang='lat' dir='ltr'><strong>igitur</strong></span> <span class='ocrx_word' id='word_1_492' title='bbox 3234 1141 3389 1202; x_wconf 81' lang='lat' dir='ltr'><strong>pacto</strong></span> <span class='ocrx_word' id='word_1_493' title='bbox 3416 1141 3630 1203; x_wconf 79' lang='lat' dir='ltr'><strong>poterat</strong></span> <span class='ocrx_word' id='word_1_494' title='bbox 3657 1133 3778 1189; x_wconf 82' lang='lat' dir='ltr'><strong>illas</strong></span> 
     </span>
    </p>
   </div>
   <div class='ocr_carea' id='block_1_71' title="bbox 2184 1217 3776 1292">
    <p class='ocr_par' dir='ltr' id='par_1_71' title="bbox 2184 1217 3776 1292">
     <span class='ocr_line' id='line_1_71' title="bbox 2184 1217 3776 1292; baseline 0.006 -22"><span class='ocrx_word' id='word_1_495' title='bbox 2184 1217 2365 1272; x_wconf 79' lang='lat' dir='ltr'><strong>tueri?</strong></span> <span class='ocrx_word' id='word_1_496' title='bbox 2413 1219 2722 1275; x_wconf 86' lang='lat' dir='ltr'><strong>Divinarum</strong></span> <span class='ocrx_word' id='word_1_497' title='bbox 2776 1222 2981 1276; x_wconf 87' lang='lat' dir='ltr'><strong>scilicet</strong></span> <span class='ocrx_word' id='word_1_498' title='bbox 3011 1222 3183 1292; x_wconf 87' lang='lat' dir='ltr'><strong>legum</strong></span> <span class='ocrx_word' id='word_1_499' title='bbox 3233 1223 3494 1278; x_wconf 76' lang='lat' dir='ltr'><strong>custodia.</strong></span> <span class='ocrx_word' id='word_1_500' title='bbox 3526 1223 3646 1279; x_wconf 81' lang='lat' dir='ltr'><strong>Non</strong></span> <span class='ocrx_word' id='word_1_501' title='bbox 3678 1224 3776 1278; x_wconf 88' lang='lat' dir='ltr'><strong>ha—</strong></span> 
     </span>
    </p>
   </div>
   <div class='ocr_carea' id='block_1_72' title="bbox 2183 1308 3777 1383">
    <p class='ocr_par' dir='ltr' id='par_1_72' title="bbox 2183 1308 3777 1383">
     <span class='ocr_line' id='line_1_72' title="bbox 2183 1308 3777 1383; baseline 0.004 -20"><span class='ocrx_word' id='word_1_502' title='bbox 2183 1308 2341 1378; x_wconf 86' lang='lat' dir='ltr'><strong>bebat</strong></span> <span class='ocrx_word' id='word_1_503' title='bbox 2384 1309 2640 1376; x_wconf 84' lang='lat' dir='ltr'><strong>domum,</strong></span> <span class='ocrx_word' id='word_1_504' title='bbox 2669 1326 2772 1382; x_wconf 88' lang='lat' dir='ltr'><strong>qua</strong></span> <span class='ocrx_word' id='word_1_505' title='bbox 2817 1311 3197 1379; x_wconf 86' lang='lat' dir='ltr'><strong>obvaltaretur,</strong></span> <span class='ocrx_word' id='word_1_506' title='bbox 3237 1313 3313 1368; x_wconf 82' lang='lat' dir='ltr'><strong>ad</strong></span> <span class='ocrx_word' id='word_1_507' title='bbox 3336 1324 3609 1383; x_wconf 88' lang='lat' dir='ltr'><strong>potentem</strong></span> <span class='ocrx_word' id='word_1_508' title='bbox 3659 1330 3777 1369; x_wconf 80' lang='lat' dir='ltr'><strong>ma-</strong></span> 
     </span>
    </p>
   </div>
   <div class='ocr_carea' id='block_1_73' title="bbox 2181 1397 3777 1476">
    <p class='ocr_par' dir='ltr' id='par_1_73' title="bbox 2181 1397 3777 1476">
     <span class='ocr_line' id='line_1_73' title="bbox 2181 1397 3777 1476; baseline 0.004 -21"><span class='ocrx_word' id='word_1_509' title='bbox 2181 1399 2308 1455; x_wconf 87' lang='lat' dir='ltr'><strong>num</strong></span> <span class='ocrx_word' id='word_1_510' title='bbox 2341 1397 2608 1469; x_wconf 81' lang='lat' dir='ltr'><strong>habebat,</strong></span> <span class='ocrx_word' id='word_1_511' title='bbox 2659 1417 2764 1474; x_wconf 89' lang='lat' dir='ltr'><strong>qua</strong></span> <span class='ocrx_word' id='word_1_512' title='bbox 2793 1403 2862 1457; x_wconf 92' lang='lat' dir='ltr'><strong>de</strong></span> <span class='ocrx_word' id='word_1_513' title='bbox 2913 1403 3048 1458; x_wconf 70' lang='lat' dir='ltr'><strong>caelo</strong></span> <span class='ocrx_word' id='word_1_514' title='bbox 3098 1415 3506 1476; x_wconf 85' lang='lat' dir='ltr'><strong>protegeretur:</strong></span> <span class='ocrx_word' id='word_1_515' title='bbox 3540 1421 3652 1460; x_wconf 88' lang='lat' dir='ltr'><strong>non</strong></span> <span class='ocrx_word' id='word_1_516' title='bbox 3682 1405 3777 1461; x_wconf 89' lang='lat' dir='ltr'><strong>ha-</strong></span> 
     </span>
    </p>
   </div>
   <div class='ocr_carea' id='block_1_74' title="bbox 2182 1493 3778 1565">
    <p class='ocr_par' dir='ltr' id='par_1_74' title="bbox 2182 1493 3778 1565">
     <span class='ocr_line' id='line_1_74' title="bbox 2182 1493 3778 1565; baseline 0.004 -17"><span class='ocrx_word' id='word_1_517' title='bbox 2182 1493 2344 1550; x_wconf 83' lang='lat' dir='ltr'><strong>bebat</strong></span> <span class='ocrx_word' id='word_1_518' title='bbox 2385 1495 2635 1565; x_wconf 89' lang='lat' dir='ltr'><strong>januam,</strong></span> <span class='ocrx_word' id='word_1_519' title='bbox 2681 1509 2858 1565; x_wconf 88' lang='lat' dir='ltr'><strong>neque</strong></span> <span class='ocrx_word' id='word_1_520' title='bbox 2893 1504 3099 1550; x_wconf 90' lang='lat' dir='ltr'><strong>vectem</strong></span> <span class='ocrx_word' id='word_1_521' title='bbox 3125 1537 3141 1563; x_wconf 95' lang='lat'><strong>,</strong></span> <span class='ocrx_word' id='word_1_522' title='bbox 3186 1497 3281 1551; x_wconf 90' lang='lat' dir='ltr'><strong>sed</strong></span> <span class='ocrx_word' id='word_1_523' title='bbox 3311 1513 3489 1552; x_wconf 84' lang='lat' dir='ltr'><strong>veram</strong></span> <span class='ocrx_word' id='word_1_524' title='bbox 3545 1497 3778 1554; x_wconf 67' lang='lat' dir='ltr'><strong>ltubebtl</strong></span> 
     </span>
    </p>
   </div>
   <div class='ocr_carea' id='block_1_75' title="bbox 2180 1585 3776 1659">
    <p class='ocr_par' dir='ltr' id='par_1_75' title="bbox 2180 1585 3776 1659">
     <span class='ocr_line' id='line_1_75' title="bbox 2180 1585 3776 1659; baseline 0.001 -16"><span class='ocrx_word' id='word_1_525' title='bbox 2180 1589 2398 1659; x_wconf 84' lang='lat' dir='ltr'><strong>januam</strong></span> <span class='ocrx_word' id='word_1_526' title='bbox 2442 1603 2562 1659; x_wconf 71' lang='lat' dir='ltr'><strong>qua:</strong></span> <span class='ocrx_word' id='word_1_527' title='bbox 2616 1585 2834 1641; x_wconf 88' lang='lat' dir='ltr'><strong>insidias</strong></span> <span class='ocrx_word' id='word_1_528' title='bbox 2871 1585 3029 1657; x_wconf 85' lang='lat' dir='ltr'><strong>longe</strong></span> <span class='ocrx_word' id='word_1_529' title='bbox 3069 1598 3296 1643; x_wconf 81' lang='lat' dir='ltr'><strong>arceret.</strong></span> <span class='ocrx_word' id='word_1_530' title='bbox 3328 1587 3392 1642; x_wconf 84' lang='lat' dir='ltr'><strong>Et</strong></span> <span class='ocrx_word' id='word_1_531' title='bbox 3418 1587 3776 1658; x_wconf 73' lang='lat' dir='ltr'><strong>quemadmo-</strong></span> 
     </span>
    </p>
   </div>
   <div class='ocr_carea' id='block_1_76' title="bbox 2184 1680 3785 1755">
    <p class='ocr_par' dir='ltr' id='par_1_76' title="bbox 2184 1680 3785 1755">
     <span class='ocr_line' id='line_1_76' title="bbox 2184 1680 3785 1755; baseline 0.001 -19"><span class='ocrx_word' id='word_1_532' title='bbox 2184 1681 2312 1737; x_wconf 85' lang='lat' dir='ltr'><strong>dum</strong></span> <span class='ocrx_word' id='word_1_533' title='bbox 2354 1681 2408 1737; x_wconf 92' lang='lat' dir='ltr'><strong>in</strong></span> <span class='ocrx_word' id='word_1_534' title='bbox 2473 1680 2664 1736; x_wconf 86' lang='lat' dir='ltr'><strong>mediis</strong></span> <span class='ocrx_word' id='word_1_535' title='bbox 2722 1680 2968 1737; x_wconf 83' lang='lat' dir='ltr'><strong>Sodomis</strong></span> <span class='ocrx_word' id='word_1_536' title='bbox 3021 1680 3366 1755; x_wconf 80' lang='lat' dir='ltr'><strong>obsidebatur</strong></span> <span class='ocrx_word' id='word_1_537' title='bbox 3410 1683 3630 1753; x_wconf 85' lang='lat' dir='ltr'><strong>quidem</strong></span> <span class='ocrx_word' id='word_1_538' title='bbox 3681 1683 3785 1740; x_wconf 68' lang='lat' dir='ltr'><strong>Lat</strong></span> 
     </span>
    </p>
   </div>
   <div class='ocr_carea' id='block_1_77' title="bbox 2186 1772 3778 1848">
    <p class='ocr_par' dir='ltr' id='par_1_77' title="bbox 2186 1772 3778 1848">
     <span class='ocr_line' id='line_1_77' title="bbox 2186 1772 3778 1848; baseline 0.001 -18"><span class='ocrx_word' id='word_1_539' title='bbox 2186 1774 2380 1830; x_wconf 79' lang='lat' dir='ltr'><strong>domus</strong></span> <span class='ocrx_word' id='word_1_540' title='bbox 2424 1772 2576 1846; x_wconf 70' lang='lat' dir='ltr'><strong>(Gen.</strong></span> <span class='ocrx_word' id='word_1_541' title='bbox 2607 1773 2662 1828; x_wconf 77' lang='lat'><strong>9.</strong></span> <span class='ocrx_word' id='word_1_542' title='bbox 2698 1774 2785 1830; x_wconf 76' lang='grc' dir='ltr'><strong>ιθ.</strong></span> <span class='ocrx_word' id='word_1_543' title='bbox 2816 1780 2974 1848; x_wconf 73' lang='lat' dir='ltr'><strong>aqq.),</strong></span> <span class='ocrx_word' id='word_1_544' title='bbox 3006 1784 3061 1828; x_wconf 78' lang='lat' dir='ltr'><strong>at.</strong></span> <span class='ocrx_word' id='word_1_545' title='bbox 3099 1775 3234 1830; x_wconf 81' lang='lat' dir='ltr'><strong>nihil</strong></span> <span class='ocrx_word' id='word_1_546' title='bbox 3277 1776 3400 1831; x_wconf 90' lang='lat' dir='ltr'><strong>mali</strong></span> <span class='ocrx_word' id='word_1_547' title='bbox 3443 1776 3778 1847; x_wconf 86' lang='lat' dir='ltr'><strong>patiebatur,</strong></span> 
     </span>
    </p>
   </div>
   <div class='ocr_carea' id='block_1_78' title="bbox 2188 1867 3787 1938">
    <p class='ocr_par' dir='ltr' id='par_1_78' title="bbox 2188 1867 3787 1938">
     <span class='ocr_line' id='line_1_78' title="bbox 2188 1867 3787 1938; baseline 0.003 -17"><span class='ocrx_word' id='word_1_548' title='bbox 2188 1868 2383 1938; x_wconf 86' lang='lat' dir='ltr'><strong>quippe</strong></span> <span class='ocrx_word' id='word_1_549' title='bbox 2412 1881 2532 1937; x_wconf 67' lang='lat' dir='ltr'><strong>quae</strong></span> <span class='ocrx_word' id='word_1_550' title='bbox 2583 1867 2802 1938; x_wconf 82' lang='lat' dir='ltr'><strong>angelos</strong></span> <span class='ocrx_word' id='word_1_551' title='bbox 2849 1868 2998 1922; x_wconf 84' lang='lat' dir='ltr'><strong>intus</strong></span> <span class='ocrx_word' id='word_1_552' title='bbox 3031 1868 3258 1924; x_wconf 82' lang='lat' dir='ltr'><strong>haberet</strong></span> <span class='ocrx_word' id='word_1_553' title='bbox 3286 1884 3308 1922; x_wconf 63' lang='grc' dir='ltr'>ξ</span> <span class='ocrx_word' id='word_1_554' title='bbox 3341 1869 3420 1923; x_wconf 90' lang='lat' dir='ltr'><strong>sic</strong></span> <span class='ocrx_word' id='word_1_555' title='bbox 3446 1869 3703 1925; x_wconf 86' lang='lat' dir='ltr'><strong>nimirum</strong></span> <span class='ocrx_word' id='word_1_556' title='bbox 3730 1881 3787 1926; x_wconf 89' lang='lat' dir='ltr'><strong>ct</strong></span> 
     </span>
    </p>
   </div>
   <div class='ocr_carea' id='block_1_79' title="bbox 2188 1955 3790 2031">
    <p class='ocr_par' dir='ltr' id='par_1_79' title="bbox 2188 1955 3790 2031">
     <span class='ocr_line' id='line_1_79' title="bbox 2188 1955 3790 2031; baseline 0.003 -17"><span class='ocrx_word' id='word_1_557' title='bbox 2188 1969 2452 2031; x_wconf 81' lang='lat' dir='ltr'><strong>martyres</strong></span> <span class='ocrx_word' id='word_1_558' title='bbox 2504 1959 2641 2023; x_wconf 73' lang='lat' dir='ltr'><strong>istae,</strong></span> <span class='ocrx_word' id='word_1_559' title='bbox 2698 1960 2837 2015; x_wconf 89' lang='lat' dir='ltr'><strong>inter</strong></span> <span class='ocrx_word' id='word_1_560' title='bbox 2888 1959 3196 2016; x_wconf 88' lang='lat' dir='ltr'><strong>Sodomitas</strong></span> <span class='ocrx_word' id='word_1_561' title='bbox 3220 1955 3566 2031; x_wconf 70' lang='lat' dir='ltr'><strong>cunctosque</strong></span> <span class='ocrx_word' id='word_1_562' title='bbox 3598 1961 3790 2019; x_wconf 78' lang='lat' dir='ltr'><strong>hostes</strong></span> 
     </span>
    </p>
   </div>
   <div class='ocr_carea' id='block_1_80' title="bbox 2186 2041 3788 2124">
    <p class='ocr_par' dir='ltr' id='par_1_80' title="bbox 2186 2041 3788 2124">
     <span class='ocr_line' id='line_1_80' title="bbox 2186 2041 3788 2124; baseline -0.001 -16"><span class='ocrx_word' id='word_1_563' title='bbox 2186 2052 2490 2108; x_wconf 65' lang='lat' dir='ltr'><strong>constituta:</strong></span> <span class='ocrx_word' id='word_1_564' title='bbox 2532 2061 2692 2124; x_wconf 88' lang='lat' dir='ltr'><strong>atque</strong></span> <span class='ocrx_word' id='word_1_565' title='bbox 2745 2051 2979 2123; x_wconf 90' lang='lat' dir='ltr'><strong>undique</strong></span> <span class='ocrx_word' id='word_1_566' title='bbox 3012 2054 3417 2119; x_wconf 63' lang='lat' dir='ltr'><strong>circumsessus,</strong></span> <span class='ocrx_word' id='word_1_567' title='bbox 3451 2041 3601 2108; x_wconf 82' lang='lat' dir='ltr'><strong>nihil</strong></span> <span class='ocrx_word' id='word_1_568' title='bbox 3661 2055 3788 2108; x_wconf 79' lang='lat' dir='ltr'><strong>ntali</strong></span> 
     </span>
    </p>
   </div>
   <div class='ocr_carea' id='block_1_81' title="bbox 2189 2142 3789 2215">
    <p class='ocr_par' dir='ltr' id='par_1_81' title="bbox 2189 2142 3789 2215">
     <span class='ocr_line' id='line_1_81' title="bbox 2189 2142 3789 2215; baseline 0.001 -18"><span class='ocrx_word' id='word_1_569' title='bbox 2189 2142 2548 2215; x_wconf 85' lang='lat' dir='ltr'><strong>patiebantur,</strong></span> <span class='ocrx_word' id='word_1_570' title='bbox 2574 2143 2773 2214; x_wconf 82' lang='lat' dir='ltr'><strong>quippe</strong></span> <span class='ocrx_word' id='word_1_571' title='bbox 2797 2159 2918 2214; x_wconf 68' lang='lat' dir='ltr'><strong>quae</strong></span> <span class='ocrx_word' id='word_1_572' title='bbox 2941 2143 3228 2200; x_wconf 85' lang='lat' dir='ltr'><strong>Dominum</strong></span> <span class='ocrx_word' id='word_1_573' title='bbox 3251 2145 3560 2215; x_wconf 89' lang='lat' dir='ltr'><strong>angelorum</strong></span> <span class='ocrx_word' id='word_1_574' title='bbox 3589 2146 3644 2199; x_wconf 92' lang='lat' dir='ltr'><strong>in</strong></span> <span class='ocrx_word' id='word_1_575' title='bbox 3672 2147 3789 2200; x_wconf 86' lang='lat' dir='ltr'><strong>aui-</strong></span> 
     </span>
    </p>
   </div>
   <div class='ocr_carea' id='block_1_82' title="bbox 2190 2237 3790 2304">
    <p class='ocr_par' dir='ltr' id='par_1_82' title="bbox 2190 2237 3790 2304">
     <span class='ocr_line' id='line_1_82' title="bbox 2190 2237 3790 2304; baseline 0.001 -13"><span class='ocrx_word' id='word_1_576' title='bbox 2190 2237 2293 2291; x_wconf 90' lang='lat' dir='ltr'><strong>mis</strong></span> <span class='ocrx_word' id='word_1_577' title='bbox 2327 2237 2439 2292; x_wconf 89' lang='lat' dir='ltr'><strong>suis</strong></span> <span class='ocrx_word' id='word_1_578' title='bbox 2479 2237 2805 2292; x_wconf 81' lang='lat' dir='ltr'><strong>babitantem</strong></span> <span class='ocrx_word' id='word_1_579' title='bbox 2851 2237 3140 2304; x_wconf 86' lang='lat' dir='ltr'><strong>haberent;</strong></span> <span class='ocrx_word' id='word_1_580' title='bbox 3186 2237 3319 2292; x_wconf 91' lang='lat' dir='ltr'><strong>etin</strong></span> <span class='ocrx_word' id='word_1_581' title='bbox 3360 2239 3638 2293; x_wconf 87' lang='lat' dir='ltr'><strong>desertum</strong></span> <span class='ocrx_word' id='word_1_582' title='bbox 3687 2239 3790 2293; x_wconf 85' lang='lat' dir='ltr'><strong>iter</strong></span> 
     </span>
    </p>
   </div>
   <div class='ocr_carea' id='block_1_83' title="bbox 2189 2313 3789 2399">
    <p class='ocr_par' dir='ltr' id='par_1_83' title="bbox 2189 2313 3789 2399">
     <span class='ocr_line' id='line_1_83' title="bbox 2189 2313 3789 2399; baseline 0.001 -17"><span class='ocrx_word' id='word_1_583' title='bbox 2189 2327 2381 2382; x_wconf 70' lang='lat' dir='ltr'><strong>delata:</strong></span> <span class='ocrx_word' id='word_1_584' title='bbox 2402 2326 2534 2382; x_wconf 87' lang='lat' dir='ltr'><strong>nihil</strong></span> <span class='ocrx_word' id='word_1_585' title='bbox 2565 2328 2921 2399; x_wconf 84' lang='lat' dir='ltr'><strong>patiebantur,</strong></span> <span class='ocrx_word' id='word_1_586' title='bbox 2950 2330 3071 2398; x_wconf 88' lang='lat' dir='ltr'><strong>quia</strong></span> <span class='ocrx_word' id='word_1_587' title='bbox 3099 2330 3203 2384; x_wconf 93' lang='lat' dir='ltr'><strong>iter</strong></span> <span class='ocrx_word' id='word_1_588' title='bbox 3226 2328 3515 2397; x_wconf 78' lang='lat' dir='ltr'><strong>habebant,</strong></span> <span class='ocrx_word' id='word_1_589' title='bbox 3541 2313 3690 2399; x_wconf 82' lang='lat' dir='ltr'><strong>quod</strong></span> <span class='ocrx_word' id='word_1_590' title='bbox 3721 2329 3789 2383; x_wconf 88' lang='lat' dir='ltr'><strong>ad</strong></span> 
     </span>
    </p>
   </div>
   <div class='ocr_carea' id='block_1_84' title="bbox 2190 2419 3788 2490">
    <p class='ocr_par' dir='ltr' id='par_1_84' title="bbox 2190 2419 3788 2490">
     <span class='ocr_line' id='line_1_84' title="bbox 2190 2419 3788 2490; baseline -0.003 -17"><span class='ocrx_word' id='word_1_591' title='bbox 2190 2419 2381 2473; x_wconf 68' lang='lat' dir='ltr'><strong>caelum</strong></span> <span class='ocrx_word' id='word_1_592' title='bbox 2419 2419 2561 2489; x_wconf 87' lang='lat' dir='ltr'><strong>ipsas</strong></span> <span class='ocrx_word' id='word_1_593' title='bbox 2610 2419 2922 2475; x_wconf 88' lang='lat' dir='ltr'><strong>deduceret.</strong></span> <span class='ocrx_word' id='word_1_594' title='bbox 2973 2419 3310 2490; x_wconf 84' lang='lat' dir='ltr'><strong>Quapropter</strong></span> <span class='ocrx_word' id='word_1_595' title='bbox 3358 2419 3411 2474; x_wconf 89' lang='lat' dir='ltr'><strong>in</strong></span> <span class='ocrx_word' id='word_1_596' title='bbox 3443 2429 3594 2473; x_wconf 87' lang='lat' dir='ltr'><strong>tanto</strong></span> <span class='ocrx_word' id='word_1_597' title='bbox 3623 2420 3788 2485; x_wconf 83' lang='lat' dir='ltr'><strong>bello,</strong></span> 
     </span>
    </p>
   </div>
   <div class='ocr_carea' id='block_1_85' title="bbox 2195 2510 3793 2582">
    <p class='ocr_par' dir='ltr' id='par_1_85' title="bbox 2195 2510 3793 2582">
     <span class='ocr_line' id='line_1_85' title="bbox 2195 2510 3793 2582; baseline 0.001 -16"><span class='ocrx_word' id='word_1_598' title='bbox 2195 2513 2418 2566; x_wconf 89' lang='lat' dir='ltr'><strong>tumultu</strong></span> <span class='ocrx_word' id='word_1_599' title='bbox 2443 2553 2459 2578; x_wconf 97' lang='lat'><strong>,</strong></span> <span class='ocrx_word' id='word_1_600' title='bbox 2517 2526 2582 2567; x_wconf 90' lang='lat' dir='ltr'><strong>ac</strong></span> <span class='ocrx_word' id='word_1_601' title='bbox 2623 2510 2872 2570; x_wconf 81' lang='lat' dir='ltr'><strong>ﬂuctibus</strong></span> <span class='ocrx_word' id='word_1_602' title='bbox 2913 2512 3291 2582; x_wconf 63' lang='lat' dir='ltr'><strong>deprehensae,</strong></span> <span class='ocrx_word' id='word_1_603' title='bbox 3331 2527 3453 2569; x_wconf 90' lang='lat' dir='ltr'><strong>cum</strong></span> <span class='ocrx_word' id='word_1_604' title='bbox 3493 2514 3793 2570; x_wconf 84' lang='lat' dir='ltr'><strong>securitate</strong></span> 
     </span>
    </p>
   </div>
   <div class='ocr_carea' id='block_1_86' title="bbox 2196 2603 3795 2680">
    <p class='ocr_par' dir='ltr' id='par_1_86' title="bbox 2196 2603 3795 2680">
     <span class='ocr_line' id='line_1_86' title="bbox 2196 2603 3795 2680; baseline -0.001 -21"><span class='ocrx_word' id='word_1_605' title='bbox 2196 2603 2514 2660; x_wconf 89' lang='lat' dir='ltr'><strong>incedebant</strong></span> <span class='ocrx_word' id='word_1_606' title='bbox 2543 2621 2559 2660; x_wconf 90' lang='lat'><strong>:</strong></span> <span class='ocrx_word' id='word_1_607' title='bbox 2585 2613 2640 2659; x_wconf 91' lang='lat' dir='ltr'><strong>et</strong></span> <span class='ocrx_word' id='word_1_608' title='bbox 2666 2604 2808 2676; x_wconf 84' lang='lat' dir='ltr'><strong>quod</strong></span> <span class='ocrx_word' id='word_1_609' title='bbox 2833 2619 2963 2663; x_wconf 86' lang='lat' dir='ltr'><strong>sane</strong></span> <span class='ocrx_word' id='word_1_610' title='bbox 2989 2605 3216 2669; x_wconf 90' lang='lat' dir='ltr'><strong>mirum,</strong></span> <span class='ocrx_word' id='word_1_611' title='bbox 3246 2618 3343 2677; x_wconf 91' lang='lat' dir='ltr'><strong>per</strong></span> <span class='ocrx_word' id='word_1_612' title='bbox 3384 2603 3590 2659; x_wconf 88' lang='lat' dir='ltr'><strong>medios</strong></span> <span class='ocrx_word' id='word_1_613' title='bbox 3634 2607 3795 2680; x_wconf 83' lang='lat' dir='ltr'><strong>lupos</strong></span> 
     </span>
    </p>
   </div>
   <div class='ocr_carea' id='block_1_87' title="bbox 2196 2695 3795 2770">
    <p class='ocr_par' dir='ltr' id='par_1_87' title="bbox 2196 2695 3795 2770">
     <span class='ocr_line' id='line_1_87' title="bbox 2196 2695 3795 2770; baseline 0 -22"><span class='ocrx_word' id='word_1_614' title='bbox 2196 2709 2325 2749; x_wconf 82' lang='lat' dir='ltr'><strong>oves</strong></span> <span class='ocrx_word' id='word_1_615' title='bbox 2367 2695 2733 2760; x_wconf 80' lang='lat' dir='ltr'><strong>ducebantur;</strong></span> <span class='ocrx_word' id='word_1_616' title='bbox 2778 2710 2874 2770; x_wconf 87' lang='lat' dir='ltr'><strong>per</strong></span> <span class='ocrx_word' id='word_1_617' title='bbox 2923 2695 3136 2751; x_wconf 87' lang='lat' dir='ltr'><strong>medios</strong></span> <span class='ocrx_word' id='word_1_618' title='bbox 3171 2695 3357 2752; x_wconf 88' lang='lat' dir='ltr'><strong>leones</strong></span> <span class='ocrx_word' id='word_1_619' title='bbox 3385 2709 3536 2766; x_wconf 67' lang='lat' dir='ltr'><strong>agnae</strong></span> <span class='ocrx_word' id='word_1_620' title='bbox 3563 2710 3795 2766; x_wconf 76' lang='lat' dir='ltr'><strong>progre-</strong></span> 
     </span>
    </p>
   </div>
   <div class='ocr_carea' id='block_1_88' title="bbox 2195 2785 3794 2862">
    <p class='ocr_par' dir='ltr' id='par_1_88' title="bbox 2195 2785 3794 2862">
     <span class='ocr_line' id='line_1_88' title="bbox 2195 2785 3794 2862; baseline 0.002 -22"><span class='ocrx_word' id='word_1_621' title='bbox 2195 2786 2501 2854; x_wconf 80' lang='lat' dir='ltr'><strong>diebantur,</strong></span> <span class='ocrx_word' id='word_1_622' title='bbox 2528 2802 2629 2843; x_wconf 88' lang='lat' dir='ltr'><strong>nec</strong></span> <span class='ocrx_word' id='word_1_623' title='bbox 2672 2785 2789 2843; x_wconf 83' lang='lat' dir='ltr'><strong>illas</strong></span> <span class='ocrx_word' id='word_1_624' title='bbox 2816 2788 3094 2862; x_wconf 87' lang='lat' dir='ltr'><strong>quisquam</strong></span> <span class='ocrx_word' id='word_1_625' title='bbox 3135 2788 3350 2844; x_wconf 88' lang='lat' dir='ltr'><strong>lascivis</strong></span> <span class='ocrx_word' id='word_1_626' title='bbox 3392 2788 3563 2843; x_wconf 90' lang='lat' dir='ltr'><strong>oculis</strong></span> <span class='ocrx_word' id='word_1_627' title='bbox 3610 2788 3794 2843; x_wconf 86' lang='lat' dir='ltr'><strong>intue-</strong></span> 
     </span>
    </p>
   </div>
   <div class='ocr_carea' id='block_1_89' title="bbox 2196 2875 3796 2949">
    <p class='ocr_par' dir='ltr' id='par_1_89' title="bbox 2196 2875 3796 2949">
     <span class='ocr_line' id='line_1_89' title="bbox 2196 2875 3796 2949; baseline 0.003 -19"><span class='ocrx_word' id='word_1_628' title='bbox 2196 2875 2351 2931; x_wconf 87' lang='lat' dir='ltr'><strong>batur</strong></span> <span class='ocrx_word' id='word_1_629' title='bbox 2375 2893 2388 2929; x_wconf 89' lang='lat'><strong>:</strong></span> <span class='ocrx_word' id='word_1_630' title='bbox 2419 2876 2514 2931; x_wconf 88' lang='lat' dir='ltr'><strong>sed</strong></span> <span class='ocrx_word' id='word_1_631' title='bbox 2545 2877 2684 2932; x_wconf 91' lang='lat' dir='ltr'><strong>sicut</strong></span> <span class='ocrx_word' id='word_1_632' title='bbox 2708 2877 3012 2933; x_wconf 89' lang='lat' dir='ltr'><strong>Sodomitas</strong></span> <span class='ocrx_word' id='word_1_633' title='bbox 3029 2877 3182 2948; x_wconf 80' lang='lat' dir='ltr'><strong>juxta</strong></span> <span class='ocrx_word' id='word_1_634' title='bbox 3207 2877 3426 2949; x_wconf 89' lang='lat' dir='ltr'><strong>januam</strong></span> <span class='ocrx_word' id='word_1_635' title='bbox 3452 2887 3661 2933; x_wconf 85' lang='lat' dir='ltr'><strong>stantes</strong></span> <span class='ocrx_word' id='word_1_636' title='bbox 3680 2877 3796 2934; x_wconf 85' lang='lat' dir='ltr'><strong>adi-</strong></span> 
     </span>
    </p>
   </div>
   <div class='ocr_carea' id='block_1_90' title="bbox 2198 2967 3794 3048">
    <p class='ocr_par' dir='ltr' id='par_1_90' title="bbox 2198 2967 3794 3048">
     <span class='ocr_line' id='line_1_90' title="bbox 2198 2967 3794 3048; baseline 0.003 -26"><span class='ocrx_word' id='word_1_637' title='bbox 2198 2977 2312 3022; x_wconf 89' lang='lat' dir='ltr'><strong>tum</strong></span> <span class='ocrx_word' id='word_1_638' title='bbox 2357 2983 2581 3024; x_wconf 88' lang='lat' dir='ltr'><strong>cernere</strong></span> <span class='ocrx_word' id='word_1_639' title='bbox 2611 2983 2716 3022; x_wconf 92' lang='lat' dir='ltr'><strong>non</strong></span> <span class='ocrx_word' id='word_1_640' title='bbox 2747 2967 2958 3025; x_wconf 85' lang='lat' dir='ltr'><strong>sinebat</strong></span> <span class='ocrx_word' id='word_1_641' title='bbox 3001 2970 3164 3038; x_wconf 88' lang='lat' dir='ltr'><strong>Deus,</strong></span> <span class='ocrx_word' id='word_1_642' title='bbox 3195 2971 3354 3048; x_wconf 0' lang='lat' dir='ltr'><strong>sicqet</strong></span> <span class='ocrx_word' id='word_1_643' title='bbox 3397 2970 3640 3024; x_wconf 90' lang='lat' dir='ltr'><strong>omnium</strong></span> <span class='ocrx_word' id='word_1_644' title='bbox 3667 2979 3794 3027; x_wconf 78' lang='lat' dir='ltr'><strong>tunc</strong></span> 
     </span>
    </p>
   </div>
   <div class='ocr_carea' id='block_1_91' title="bbox 2197 3053 3794 3132">
    <p class='ocr_par' dir='ltr' id='par_1_91' title="bbox 2197 3053 3794 3132">
     <span class='ocr_line' id='line_1_91' title="bbox 2197 3053 3794 3132; baseline 0 -16"><span class='ocrx_word' id='word_1_645' title='bbox 2197 3061 2384 3116; x_wconf 85' lang='lat' dir='ltr'><strong>oculos</strong></span> <span class='ocrx_word' id='word_1_646' title='bbox 2433 3053 2744 3128; x_wconf 73' lang='lat' dir='ltr'><strong>excmeavit,</strong></span> <span class='ocrx_word' id='word_1_647' title='bbox 2774 3077 2843 3117; x_wconf 92' lang='lat' dir='ltr'><strong>ne</strong></span> <span class='ocrx_word' id='word_1_648' title='bbox 2883 3062 3119 3132; x_wconf 88' lang='lat' dir='ltr'><strong>virginea</strong></span> <span class='ocrx_word' id='word_1_649' title='bbox 3147 3075 3374 3131; x_wconf 87' lang='lat' dir='ltr'><strong>corpora</strong></span> <span class='ocrx_word' id='word_1_650' title='bbox 3410 3060 3794 3131; x_wconf 83' lang='lat' dir='ltr'><strong>proderentur.</strong></span> 
     </span>
    </p>
   </div>
   <div class='ocr_carea' id='block_1_92' title="bbox 2269 3152 3792 3226">
    <p class='ocr_par' dir='ltr' id='par_1_92' title="bbox 2269 3152 3792 3226">
     <span class='ocr_line' id='line_1_92' title="bbox 2269 3152 3792 3226; baseline -0.003 -14"><span class='ocrx_word' id='word_1_651' title='bbox 2269 3156 2323 3212; x_wconf 86' lang='lat'><strong>5.</strong></span> <span class='ocrx_word' id='word_1_652' title='bbox 2354 3153 2602 3210; x_wconf 74' lang='lat' dir='ltr'><strong>Edessam</strong></span> <span class='ocrx_word' id='word_1_653' title='bbox 2626 3156 2917 3226; x_wconf 78' lang='lat' dir='ltr'><strong>perveniunt</strong></span> <span class='ocrx_word' id='word_1_654' title='bbox 2939 3153 3112 3208; x_wconf 67' lang='lat' dir='ltr'><strong>urbem</strong></span> <span class='ocrx_word' id='word_1_655' title='bbox 3140 3153 3538 3223; x_wconf 68' lang='lat' dir='ltr'><strong>Hewpommiw.</strong></span> <span class='ocrx_word' id='word_1_656' title='bbox 3565 3181 3637 3192; x_wconf 92' lang='lat'><strong><em>—</em></strong></span> <span class='ocrx_word' id='word_1_657' title='bbox 3658 3152 3792 3208; x_wconf 80' lang='lat' dir='ltr'><strong>Per-</strong></span> 
     </span>
    </p>
   </div>
   <div class='ocr_carea' id='block_1_93' title="bbox 2198 3245 3799 3322">
    <p class='ocr_par' dir='ltr' id='par_1_93' title="bbox 2198 3245 3799 3322">
     <span class='ocr_line' id='line_1_93' title="bbox 2198 3245 3799 3322; baseline -0.002 -18"><span class='ocrx_word' id='word_1_658' title='bbox 2198 3260 2329 3321; x_wconf 87' lang='lat' dir='ltr'><strong>gunt</strong></span> <span class='ocrx_word' id='word_1_659' title='bbox 2359 3250 2516 3322; x_wconf 79' lang='lat' dir='ltr'><strong>igitur</strong></span> <span class='ocrx_word' id='word_1_660' title='bbox 2532 3248 2599 3304; x_wconf 90' lang='lat' dir='ltr'><strong>ad</strong></span> <span class='ocrx_word' id='word_1_661' title='bbox 2628 3248 2845 3316; x_wconf 88' lang='lat' dir='ltr'><strong>urbem,</strong></span> <span class='ocrx_word' id='word_1_662' title='bbox 2880 3245 3148 3315; x_wconf 52' lang='lat' dir='ltr'><strong>,Edessam</strong></span> <span class='ocrx_word' id='word_1_663' title='bbox 3186 3247 3433 3310; x_wconf 89' lang='lat' dir='ltr'><strong>nomine,</strong></span> <span class='ocrx_word' id='word_1_664' title='bbox 3460 3245 3649 3300; x_wconf 90' lang='lat' dir='ltr'><strong>urbem</strong></span> <span class='ocrx_word' id='word_1_665' title='bbox 3673 3260 3799 3318; x_wconf 91' lang='lat' dir='ltr'><strong>per-</strong></span> 
     </span>
    </p>
   </div>
   <div class='ocr_carea' id='block_1_94' title="bbox 2202 3337 3796 3412">
    <p class='ocr_par' dir='ltr' id='par_1_94' title="bbox 2202 3337 3796 3412">
     <span class='ocr_line' id='line_1_94' title="bbox 2202 3337 3796 3412; baseline -0.003 -14"><span class='ocrx_word' id='word_1_666' title='bbox 2202 3344 2387 3398; x_wconf 89' lang='lat' dir='ltr'><strong>multis</strong></span> <span class='ocrx_word' id='word_1_667' title='bbox 2414 3340 2761 3412; x_wconf 88' lang='lat' dir='ltr'><strong>agrestiorem</strong></span> <span class='ocrx_word' id='word_1_668' title='bbox 2789 3338 3028 3409; x_wconf 91' lang='lat' dir='ltr'><strong>quidem,</strong></span> <span class='ocrx_word' id='word_1_669' title='bbox 3059 3338 3156 3394; x_wconf 89' lang='lat' dir='ltr'><strong>sed</strong></span> <span class='ocrx_word' id='word_1_670' title='bbox 3185 3338 3384 3410; x_wconf 88' lang='lat' dir='ltr'><strong>pietate</strong></span> <span class='ocrx_word' id='word_1_671' title='bbox 3411 3337 3796 3408; x_wconf 82' lang='lat' dir='ltr'><strong>insignioretu:</strong></span> 
     </span>
    </p>
   </div>
   <div class='ocr_carea' id='block_1_95' title="bbox 2199 3430 3800 3506">
    <p class='ocr_par' dir='ltr' id='par_1_95' title="bbox 2199 3430 3800 3506">
     <span class='ocr_line' id='line_1_95' title="bbox 2199 3430 3800 3506; baseline -0.002 -17"><span class='ocrx_word' id='word_1_672' title='bbox 2199 3434 2324 3506; x_wconf 84' lang='lat' dir='ltr'><strong>quid</strong></span> <span class='ocrx_word' id='word_1_673' title='bbox 2351 3433 2492 3490; x_wconf 90' lang='lat' dir='ltr'><strong>enim</strong></span> <span class='ocrx_word' id='word_1_674' title='bbox 2516 3449 2581 3488; x_wconf 87' lang='lat' dir='ltr'><strong>ex</strong></span> <span class='ocrx_word' id='word_1_675' title='bbox 2609 3432 2697 3486; x_wconf 89' lang='lat' dir='ltr'><strong>illa</strong></span> <span class='ocrx_word' id='word_1_676' title='bbox 2725 3431 2859 3487; x_wconf 87' lang='lat' dir='ltr'><strong>urbe</strong></span> <span class='ocrx_word' id='word_1_677' title='bbox 2887 3445 3039 3500; x_wconf 72' lang='lat' dir='ltr'><strong>teque</strong></span> <span class='ocrx_word' id='word_1_678' title='bbox 3064 3430 3406 3485; x_wconf 91' lang='lat' dir='ltr'><strong>commodum</strong></span> <span class='ocrx_word' id='word_1_679' title='bbox 3426 3431 3800 3495; x_wconf 79' lang='lat' dir='ltr'><strong>censuissent,</strong></span> 
     </span>
    </p>
   </div>
   <div class='ocr_carea' id='block_1_96' title="bbox 2154 3523 3796 3598">
    <p class='ocr_par' dir='ltr' id='par_1_96' title="bbox 2154 3523 3796 3598">
     <span class='ocr_line' id='line_1_96' title="bbox 2154 3523 3796 3598; baseline -0.002 -16"><span class='ocrx_word' id='word_1_680' title='bbox 2154 3534 2359 3598; x_wconf 72' lang='lat' dir='ltr'><strong>“atque</strong></span> <span class='ocrx_word' id='word_1_681' title='bbox 2433 3535 2491 3581; x_wconf 91' lang='lat' dir='ltr'><strong>ut</strong></span> <span class='ocrx_word' id='word_1_682' title='bbox 2561 3526 2615 3581; x_wconf 93' lang='lat' dir='ltr'><strong>in</strong></span> <span class='ocrx_word' id='word_1_683' title='bbox 2670 3534 2814 3580; x_wconf 88' lang='lat' dir='ltr'><strong>tanta</strong></span> <span class='ocrx_word' id='word_1_684' title='bbox 2870 3525 3102 3595; x_wconf 90' lang='lat' dir='ltr'><strong>procella</strong></span> <span class='ocrx_word' id='word_1_685' title='bbox 3153 3523 3452 3595; x_wconf 87' lang='lat' dir='ltr'><strong>perfugium</strong></span> <span class='ocrx_word' id='word_1_686' title='bbox 3511 3525 3796 3579; x_wconf 85' lang='lat' dir='ltr'><strong>nancisce-</strong></span> 
     </span>
    </p>
   </div>
   <div class='ocr_carea' id='block_1_97' title="bbox 2202 3614 3798 3687">
    <p class='ocr_par' dir='ltr' id='par_1_97' title="bbox 2202 3614 3798 3687">
     <span class='ocr_line' id='line_1_97' title="bbox 2202 3614 3798 3687; baseline -0.004 -13"><span class='ocrx_word' id='word_1_687' title='bbox 2202 3627 2388 3675; x_wconf 89' lang='lat' dir='ltr'><strong>rentur</strong></span> <span class='ocrx_word' id='word_1_688' title='bbox 2410 3659 2425 3683; x_wconf 95' lang='lat'><strong>,</strong></span> <span class='ocrx_word' id='word_1_689' title='bbox 2481 3626 2537 3673; x_wconf 89' lang='lat' dir='ltr'><strong>et</strong></span> <span class='ocrx_word' id='word_1_690' title='bbox 2581 3617 2636 3672; x_wconf 90' lang='lat' dir='ltr'><strong>in</strong></span> <span class='ocrx_word' id='word_1_691' title='bbox 2665 3617 2759 3672; x_wconf 89' lang='lat' dir='ltr'><strong>tali</strong></span> <span class='ocrx_word' id='word_1_692' title='bbox 2812 3624 3128 3687; x_wconf 88' lang='lat' dir='ltr'><strong>tempestate</strong></span> <span class='ocrx_word' id='word_1_693' title='bbox 3153 3626 3366 3686; x_wconf 91' lang='lat' dir='ltr'><strong>portum</strong></span> <span class='ocrx_word' id='word_1_694' title='bbox 3395 3614 3702 3687; x_wconf 84' lang='lat' dir='ltr'><strong>haberent?</strong></span> <span class='ocrx_word' id='word_1_695' title='bbox 3734 3615 3798 3668; x_wconf 76' lang='lat' dir='ltr'><strong>Et</strong></span> 
     </span>
    </p>
   </div>
   <div class='ocr_carea' id='block_1_98' title="bbox 2202 3685 3794 3779">
    <p class='ocr_par' dir='ltr' id='par_1_98' title="bbox 2202 3685 3794 3779">
     <span class='ocr_line' id='line_1_98' title="bbox 2202 3685 3794 3779; baseline -0.003 -14"><span class='ocrx_word' id='word_1_696' title='bbox 2202 3710 2415 3779; x_wconf 78' lang='lat' dir='ltr'><strong>excepit</strong></span> <span class='ocrx_word' id='word_1_697' title='bbox 2443 3708 2630 3766; x_wconf 83' lang='lat' dir='ltr'><strong>civitas</strong></span> <span class='ocrx_word' id='word_1_698' title='bbox 2659 3685 2990 3779; x_wconf 83' lang='lat' dir='ltr'><strong>peregrinas,</strong></span> <span class='ocrx_word' id='word_1_699' title='bbox 3025 3685 3334 3777; x_wconf 82' lang='lat' dir='ltr'><strong>peregrinas</strong></span> <span class='ocrx_word' id='word_1_700' title='bbox 3360 3685 3576 3777; x_wconf 67' lang='lat' dir='ltr'><strong>quidem</strong></span> <span class='ocrx_word' id='word_1_701' title='bbox 3609 3714 3794 3767; x_wconf 75' lang='lat' dir='ltr'><strong>terrm,</strong></span> 
     </span>
    </p>
   </div>
   <div class='ocr_carea' id='block_1_99' title="bbox 2202 3798 3796 3872">
    <p class='ocr_par' dir='ltr' id='par_1_99' title="bbox 2202 3798 3796 3872">
     <span class='ocr_line' id='line_1_99' title="bbox 2202 3798 3796 3872; baseline -0.004 -17"><span class='ocrx_word' id='word_1_702' title='bbox 2202 3801 2349 3856; x_wconf 88' lang='lat' dir='ltr'><strong>cives</strong></span> <span class='ocrx_word' id='word_1_703' title='bbox 2393 3808 2592 3872; x_wconf 13' lang='lat' dir='ltr'><strong>mitem,</strong></span> <span class='ocrx_word' id='word_1_704' title='bbox 2615 3799 2903 3862; x_wconf 74' lang='lat' dir='ltr'><strong>czelorum,</strong></span> <span class='ocrx_word' id='word_1_705' title='bbox 2942 3809 3332 3869; x_wconf 85' lang='lat' dir='ltr'><strong>exceptumque</strong></span> <span class='ocrx_word' id='word_1_706' title='bbox 3367 3798 3670 3868; x_wconf 84' lang='lat' dir='ltr'><strong>depositum</strong></span> <span class='ocrx_word' id='word_1_707' title='bbox 3696 3813 3796 3852; x_wconf 89' lang='lat' dir='ltr'><strong>cn-</strong></span> 
     </span>
    </p>
   </div>
   <div class='ocr_carea' id='block_1_100' title="bbox 2204 3872 3798 3952">
    <p class='ocr_par' dir='ltr' id='par_1_100' title="bbox 2204 3872 3798 3952">
     <span class='ocr_line' id='line_1_100' title="bbox 2204 3872 3798 3952; baseline -0.006 -3"><span class='ocrx_word' id='word_1_708' title='bbox 2204 3891 2442 3950; x_wconf 89' lang='lat' dir='ltr'><strong>stodivit.</strong></span> <span class='ocrx_word' id='word_1_709' title='bbox 2470 3872 2637 3948; x_wconf 87' lang='lat' dir='ltr'><strong>Nemo</strong></span> <span class='ocrx_word' id='word_1_710' title='bbox 2661 3899 2838 3947; x_wconf 87' lang='lat' dir='ltr'><strong>autem</strong></span> <span class='ocrx_word' id='word_1_711' title='bbox 2861 3890 3115 3945; x_wconf 88' lang='lat' dir='ltr'><strong>mulieres</strong></span> <span class='ocrx_word' id='word_1_712' title='bbox 3149 3889 3527 3944; x_wconf 76' lang='lat' dir='ltr'><strong>imbecillitatis</strong></span> <span class='ocrx_word' id='word_1_713' title='bbox 3555 3897 3798 3952; x_wconf 86' lang='lat' dir='ltr'><strong>accuset,</strong></span> 
     </span>
    </p>
   </div>
   <div class='ocr_carea' id='block_1_101' title="bbox 2205 3978 3797 4057">
    <p class='ocr_par' dir='ltr' id='par_1_101' title="bbox 2205 3978 3797 4057">
     <span class='ocr_line' id='line_1_101' title="bbox 2205 3978 3797 4057; baseline -0.005 -17"><span class='ocrx_word' id='word_1_714' title='bbox 2205 3985 2348 4057; x_wconf 87' lang='lat' dir='ltr'><strong>quod</strong></span> <span class='ocrx_word' id='word_1_715' title='bbox 2376 3985 2606 4055; x_wconf 90' lang='lat' dir='ltr'><strong>fugerint</strong></span> <span class='ocrx_word' id='word_1_716' title='bbox 2635 3998 2650 4038; x_wconf 91' lang='lat'><strong>:</strong></span> <span class='ocrx_word' id='word_1_717' title='bbox 2682 3993 3010 4054; x_wconf 65' lang='lat' dir='ltr'><strong>praeceptum</strong></span> <span class='ocrx_word' id='word_1_718' title='bbox 3049 3983 3193 4038; x_wconf 88' lang='lat' dir='ltr'><strong>enim</strong></span> <span class='ocrx_word' id='word_1_719' title='bbox 3233 3980 3566 4036; x_wconf 91' lang='lat' dir='ltr'><strong>Dominicum</strong></span> <span class='ocrx_word' id='word_1_720' title='bbox 3606 3978 3797 4049; x_wconf 84' lang='lat' dir='ltr'><strong>imple-</strong></span> 
     </span>
    </p>
   </div>
   <div class='ocr_carea' id='block_1_102' title="bbox 2205 4075 3801 4151">
    <p class='ocr_par' dir='ltr' id='par_1_102' title="bbox 2205 4075 3801 4151">
     <span class='ocr_line' id='line_1_102' title="bbox 2205 4075 3801 4151; baseline -0.006 -14"><span class='ocrx_word' id='word_1_721' title='bbox 2205 4083 2355 4147; x_wconf 90' lang='lat' dir='ltr'><strong>bant,</strong></span> <span class='ocrx_word' id='word_1_722' title='bbox 2385 4078 2527 4151; x_wconf 90' lang='lat' dir='ltr'><strong>quod</strong></span> <span class='ocrx_word' id='word_1_723' title='bbox 2579 4077 2651 4132; x_wconf 89' lang='lat' dir='ltr'><strong>ita</strong></span> <span class='ocrx_word' id='word_1_724' title='bbox 2692 4093 2751 4132; x_wconf 90' lang='lat' dir='ltr'><strong>se</strong></span> <span class='ocrx_word' id='word_1_725' title='bbox 2794 4075 2990 4142; x_wconf 89' lang='lat' dir='ltr'><strong>habet,</strong></span> <span class='ocrx_word' id='word_1_726' title='bbox 3040 4075 3167 4130; x_wconf 88' lang='lat' dir='ltr'><strong>Cum</strong></span> <span class='ocrx_word' id='word_1_727' title='bbox 3212 4084 3566 4144; x_wconf 73' lang='lat' dir='ltr'><strong>persequentur</strong></span> <span class='ocrx_word' id='word_1_728' title='bbox 3595 4088 3702 4137; x_wconf 72' lang='lat' dir='ltr'><strong>vos,</strong></span> <span class='ocrx_word' id='word_1_729' title='bbox 3735 4086 3801 4127; x_wconf 70' lang='lat' dir='ltr'><strong>ea;</strong></span> 
     </span>
    </p>
   </div>
   <div class='ocr_carea' id='block_1_103' title="bbox 2206 4162 3798 4240">
    <p class='ocr_par' dir='ltr' id='par_1_103' title="bbox 2206 4162 3798 4240">
     <span class='ocr_line' id='line_1_103' title="bbox 2206 4162 3798 4240; baseline -0.009 -11"><span class='ocrx_word' id='word_1_730' title='bbox 2206 4175 2406 4229; x_wconf 83' lang='lat' dir='ltr'><strong>civitate</strong></span> <span class='ocrx_word' id='word_1_731' title='bbox 2453 4173 2551 4226; x_wconf 85' lang='lat' dir='ltr'><strong>ista</strong></span> <span class='ocrx_word' id='word_1_732' title='bbox 2603 4169 2761 4240; x_wconf 77' lang='lat' dir='ltr'><strong>fugite</strong></span> <span class='ocrx_word' id='word_1_733' title='bbox 2787 4169 2841 4222; x_wconf 84' lang='lat' dir='ltr'><strong>in</strong></span> <span class='ocrx_word' id='word_1_734' title='bbox 2879 4167 3035 4222; x_wconf 84' lang='lat' dir='ltr'><strong>aliam</strong></span> <span class='ocrx_word' id='word_1_735' title='bbox 3064 4166 3082 4236; x_wconf 96' lang='lat'>(</span> <span class='ocrx_word' id='word_1_736' title='bbox 3108 4164 3298 4219; x_wconf 78' lang='lat' dir='ltr'><strong>Matth.</strong></span> <span class='ocrx_word' id='word_1_737' title='bbox 3331 4167 3417 4219; x_wconf 87' lang='lat' dir='ltr'><strong>lO.</strong></span> <span class='ocrx_word' id='word_1_738' title='bbox 3447 4162 3520 4218; x_wconf 72' lang='lat'><strong>23</strong></span> <span class='ocrx_word' id='word_1_739' title='bbox 3547 4163 3618 4232; x_wconf 66' lang='grc' dir='ltr'><strong>)ι</strong></span> <span class='ocrx_word' id='word_1_740' title='bbox 3652 4162 3798 4232; x_wconf 84' lang='lat' dir='ltr'><strong>quod</strong></span> 
     </span>
    </p>
   </div>
   <div class='ocr_carea' id='block_1_104' title="bbox 2206 4253 3800 4330">
    <p class='ocr_par' dir='ltr' id='par_1_104' title="bbox 2206 4253 3800 4330">
     <span class='ocr_line' id='line_1_104' title="bbox 2206 4253 3800 4330; baseline -0.009 -7"><span class='ocrx_word' id='word_1_741' title='bbox 2206 4278 2262 4324; x_wconf 92' lang='lat' dir='ltr'><strong>et</strong></span> <span class='ocrx_word' id='word_1_742' title='bbox 2285 4268 2402 4322; x_wconf 61' lang='lat' dir='ltr'><strong>ista:</strong></span> <span class='ocrx_word' id='word_1_743' title='bbox 2424 4279 2545 4320; x_wconf 92' lang='lat' dir='ltr'><strong>cum</strong></span> <span class='ocrx_word' id='word_1_744' title='bbox 2585 4262 2878 4317; x_wconf 89' lang='lat' dir='ltr'><strong>audiissent</strong></span> <span class='ocrx_word' id='word_1_745' title='bbox 2901 4301 2918 4326; x_wconf 95' lang='lat'><strong>,</strong></span> <span class='ocrx_word' id='word_1_746' title='bbox 2949 4258 3246 4330; x_wconf 71' lang='lat' dir='ltr'><strong>fugerunt‘,</strong></span> <span class='ocrx_word' id='word_1_747' title='bbox 3272 4264 3328 4312; x_wconf 91' lang='lat' dir='ltr'><strong>et</strong></span> <span class='ocrx_word' id='word_1_748' title='bbox 3355 4271 3460 4310; x_wconf 87' lang='lat' dir='ltr'><strong>una</strong></span> <span class='ocrx_word' id='word_1_749' title='bbox 3513 4254 3620 4309; x_wconf 90' lang='lat' dir='ltr'><strong>illis</strong></span> <span class='ocrx_word' id='word_1_750' title='bbox 3661 4253 3800 4308; x_wconf 83' lang='lat' dir='ltr'><strong>inte-</strong></span> 
     </span>
    </p>
   </div>
   <div class='ocr_carea' id='block_1_105' title="bbox 2207 4335 3798 4421">
    <p class='ocr_par' dir='ltr' id='par_1_105' title="bbox 2207 4335 3798 4421">
     <span class='ocr_line' id='line_1_105' title="bbox 2207 4335 3798 4421; baseline -0.009 -9"><span class='ocrx_word' id='word_1_751' title='bbox 2207 4358 2308 4413; x_wconf 91' lang='lat' dir='ltr'><strong>rim</strong></span> <span class='ocrx_word' id='word_1_752' title='bbox 2333 4371 2529 4412; x_wconf 88' lang='lat' dir='ltr'><strong>corona</strong></span> <span class='ocrx_word' id='word_1_753' title='bbox 2571 4352 2919 4410; x_wconf 87' lang='lat' dir='ltr'><strong>nectebatur:</strong></span> <span class='ocrx_word' id='word_1_754' title='bbox 2949 4335 3217 4421; x_wconf 72' lang='lat' dir='ltr'><strong>quaenam</strong></span> <span class='ocrx_word' id='word_1_755' title='bbox 3241 4349 3331 4404; x_wconf 91' lang='lat' dir='ltr'><strong>illa</strong></span> <span class='ocrx_word' id='word_1_756' title='bbox 3374 4345 3588 4402; x_wconf 88' lang='lat' dir='ltr'><strong>tandem</strong></span> <span class='ocrx_word' id='word_1_757' title='bbox 3616 4345 3640 4398; x_wconf 72' lang='grc' dir='ltr'><strong>’ἒ</strong></span> <span class='ocrx_word' id='word_1_758' title='bbox 3664 4344 3798 4400; x_wconf 89' lang='lat' dir='ltr'><strong>0m-</strong></span> 
     </span>
    </p>
   </div>
   <div class='ocr_carea' id='block_1_106' title="bbox 2207 4436 3798 4517">
    <p class='ocr_par' dir='ltr' id='par_1_106' title="bbox 2207 4436 3798 4517">
     <span class='ocr_line' id='line_1_106' title="bbox 2207 4436 3798 4517; baseline -0.01 -13"><span class='ocrx_word' id='word_1_759' title='bbox 2207 4450 2353 4505; x_wconf 90' lang='lat' dir='ltr'><strong>nium</strong></span> <span class='ocrx_word' id='word_1_760' title='bbox 2382 4447 2588 4503; x_wconf 89' lang='lat' dir='ltr'><strong>scilicet</strong></span> <span class='ocrx_word' id='word_1_761' title='bbox 2626 4443 2971 4517; x_wconf 66' lang='lat' dir='ltr'><strong>praesentium</strong></span> <span class='ocrx_word' id='word_1_762' title='bbox 3022 4456 3204 4498; x_wconf 90' lang='lat' dir='ltr'><strong>rerum</strong></span> <span class='ocrx_word' id='word_1_763' title='bbox 3254 4447 3596 4509; x_wconf 88' lang='lat' dir='ltr'><strong>contemptus</strong></span> <span class='ocrx_word' id='word_1_764' title='bbox 3623 4454 3637 4488; x_wconf 90' lang='lat'><strong>:</strong></span> <span class='ocrx_word' id='word_1_765' title='bbox 3664 4436 3798 4501; x_wconf 77' lang='lat' dir='ltr'><strong>Qui-</strong></span> 
     </span>
    </p>
   </div>
   <div class='ocr_carea' id='block_1_107' title="bbox 2209 4529 3795 4612">
    <p class='ocr_par' dir='ltr' id='par_1_107' title="bbox 2209 4529 3795 4612">
     <span class='ocr_line' id='line_1_107' title="bbox 2209 4529 3795 4612; baseline -0.009 -16"><span class='ocrx_word' id='word_1_766' title='bbox 2209 4557 2417 4612; x_wconf 80' lang='lat' dir='ltr'><strong>cumque</strong></span> <span class='ocrx_word' id='word_1_767' title='bbox 2436 4540 2577 4596; x_wconf 91' lang='lat' dir='ltr'><strong>enim</strong></span> <span class='ocrx_word' id='word_1_768' title='bbox 2596 4535 2854 4611; x_wconf 78' lang='lat' dir='ltr'><strong>reliquerit</strong></span> <span class='ocrx_word' id='word_1_769' title='bbox 2882 4538 3088 4606; x_wconf 79' lang='lat' dir='ltr'><strong>fratres,</strong></span> <span class='ocrx_word' id='word_1_770' title='bbox 3119 4544 3166 4587; x_wconf 84' lang='lat' dir='ltr'><strong>et</strong></span> <span class='ocrx_word' id='word_1_771' title='bbox 3193 4547 3414 4593; x_wconf 81' lang='lat' dir='ltr'><strong>sorores,</strong></span> <span class='ocrx_word' id='word_1_772' title='bbox 3444 4539 3534 4583; x_wconf 88' lang='lat' dir='ltr'><strong>aut</strong></span> <span class='ocrx_word' id='word_1_773' title='bbox 3552 4529 3795 4601; x_wconf 84' lang='lat' dir='ltr'><strong>patriam,</strong></span> 
     </span>
    </p>
   </div>
   <div class='ocr_carea' id='block_1_108' title="bbox 2208 4619 3799 4696">
    <p class='ocr_par' dir='ltr' id='par_1_108' title="bbox 2208 4619 3799 4696">
     <span class='ocr_line' id='line_1_108' title="bbox 2208 4619 3799 4696; baseline -0.009 -9"><span class='ocrx_word' id='word_1_774' title='bbox 2208 4642 2295 4687; x_wconf 89' lang='lat' dir='ltr'><strong>aut</strong></span> <span class='ocrx_word' id='word_1_775' title='bbox 2322 4632 2526 4685; x_wconf 78' lang='lat' dir='ltr'><strong>(tantum</strong></span> <span class='ocrx_word' id='word_1_776' title='bbox 2557 4670 2572 4696; x_wconf 92' lang='lat'><strong>,</strong></span> <span class='ocrx_word' id='word_1_777' title='bbox 2603 4638 2690 4683; x_wconf 89' lang='lat' dir='ltr'><strong>aut</strong></span> <span class='ocrx_word' id='word_1_778' title='bbox 2710 4627 2898 4681; x_wconf 83' lang='lat' dir='ltr'><strong>amicos</strong></span> <span class='ocrx_word' id='word_1_779' title='bbox 2918 4666 2933 4692; x_wconf 96' lang='lat'><strong>,</strong></span> <span class='ocrx_word' id='word_1_780' title='bbox 2960 4632 3048 4678; x_wconf 88' lang='lat' dir='ltr'><strong>aut</strong></span> <span class='ocrx_word' id='word_1_781' title='bbox 3071 4632 3318 4694; x_wconf 67' lang='lat' dir='ltr'><strong>cognatos</strong></span> <span class='ocrx_word' id='word_1_782' title='bbox 3343 4661 3357 4686; x_wconf 94' lang='lat'><strong>,</strong></span> <span class='ocrx_word' id='word_1_783' title='bbox 3392 4619 3688 4689; x_wconf 84' lang='lat' dir='ltr'><strong>centuplum</strong></span> <span class='ocrx_word' id='word_1_784' title='bbox 3713 4636 3799 4673; x_wconf 87' lang='lat' dir='ltr'><strong>ac-</strong></span> 
     </span>
    </p>
   </div>
   <div class='ocr_carea' id='block_1_109' title="bbox 2207 4710 3797 4794">
    <p class='ocr_par' dir='ltr' id='par_1_109' title="bbox 2207 4710 3797 4794">
     <span class='ocr_line' id='line_1_109' title="bbox 2207 4710 3797 4794; baseline -0.01 -16"><span class='ocrx_word' id='word_1_785' title='bbox 2207 4725 2388 4793; x_wconf 83' lang='lat' dir='ltr'><strong>cipiet,</strong></span> <span class='ocrx_word' id='word_1_786' title='bbox 2418 4722 2606 4794; x_wconf 91' lang='lat' dir='ltr'><strong>inquit,</strong></span> <span class='ocrx_word' id='word_1_787' title='bbox 2652 4730 2700 4774; x_wconf 87' lang='lat' dir='ltr'><strong>et</strong></span> <span class='ocrx_word' id='word_1_788' title='bbox 2747 4720 2900 4772; x_wconf 80' lang='lat' dir='ltr'><strong>vitam</strong></span> <span class='ocrx_word' id='word_1_789' title='bbox 2929 4725 3170 4771; x_wconf 68' lang='lat' dir='ltr'><strong>cateruam</strong></span> <span class='ocrx_word' id='word_1_790' title='bbox 3195 4710 3483 4783; x_wconf 79' lang='lat' dir='ltr'><strong>possidebit</strong></span> <span class='ocrx_word' id='word_1_791' title='bbox 3505 4711 3678 4783; x_wconf 73' lang='lat' dir='ltr'><strong>(Matt.</strong></span> <span class='ocrx_word' id='word_1_792' title='bbox 3708 4712 3797 4766; x_wconf 86' lang='lat' dir='ltr'><strong>l9.</strong></span> 
     </span>
    </p>
   </div>
   <div class='ocr_carea' id='block_1_110' title="bbox 2207 4801 3795 4883">
    <p class='ocr_par' dir='ltr' id='par_1_110' title="bbox 2207 4801 3795 4883">
     <span class='ocr_line' id='line_1_110' title="bbox 2207 4801 3795 4883; baseline -0.011 -12"><span class='ocrx_word' id='word_1_793' title='bbox 2207 4815 2277 4871; x_wconf 71' lang='lat'><strong>2&#39;9</strong></span> <span class='ocrx_word' id='word_1_794' title='bbox 2295 4815 2336 4883; x_wconf 92' lang='lat'><strong>).</strong></span> <span class='ocrx_word' id='word_1_795' title='bbox 2368 4815 2434 4870; x_wconf 83' lang='lat' dir='ltr'><strong>Et</strong></span> <span class='ocrx_word' id='word_1_796' title='bbox 2459 4821 2612 4870; x_wconf 76' lang='lat' dir='ltr'><strong>erant</strong></span> <span class='ocrx_word' id='word_1_797' title='bbox 2638 4811 2707 4867; x_wconf 90' lang='lat' dir='ltr'><strong>ibi</strong></span> <span class='ocrx_word' id='word_1_798' title='bbox 2731 4807 3002 4865; x_wconf 87' lang='lat' dir='ltr'><strong>Christum</strong></span> <span class='ocrx_word' id='word_1_799' title='bbox 3042 4804 3300 4860; x_wconf 88' lang='lat' dir='ltr'><strong>habentes</strong></span> <span class='ocrx_word' id='word_1_800' title='bbox 3319 4801 3754 4858; x_wconf 89' lang='lat' dir='ltr'><strong>contubernalem</strong></span> <span class='ocrx_word' id='word_1_801' title='bbox 3783 4820 3795 4854; x_wconf 88' lang='lat'><strong>:</strong></span> 
     </span>
    </p>
   </div>
   <div class='ocr_carea' id='block_1_111' title="bbox 2207 4894 3798 4966">
    <p class='ocr_par' dir='ltr' id='par_1_111' title="bbox 2207 4894 3798 4966">
     <span class='ocr_line' id='line_1_111' title="bbox 2207 4894 3798 4966; baseline -0.011 -4"><span class='ocrx_word' id='word_1_802' title='bbox 2207 4910 2250 4962; x_wconf 90' lang='lat' dir='ltr'><strong>si</strong></span> <span class='ocrx_word' id='word_1_803' title='bbox 2279 4907 2419 4964; x_wconf 88' lang='lat' dir='ltr'><strong>enim</strong></span> <span class='ocrx_word' id='word_1_804' title='bbox 2443 4906 2527 4960; x_wconf 92' lang='lat' dir='ltr'><strong>ubi</strong></span> <span class='ocrx_word' id='word_1_805' title='bbox 2557 4911 2681 4960; x_wconf 89' lang='lat' dir='ltr'><strong>sunt</strong></span> <span class='ocrx_word' id='word_1_806' title='bbox 2699 4901 2804 4955; x_wconf 91' lang='lat' dir='ltr'><strong>duo</strong></span> <span class='ocrx_word' id='word_1_807' title='bbox 2830 4899 2908 4953; x_wconf 89' lang='lat' dir='ltr'><strong>vel</strong></span> <span class='ocrx_word' id='word_1_808' title='bbox 2938 4907 3045 4952; x_wconf 89' lang='lat' dir='ltr'><strong>tres</strong></span> <span class='ocrx_word' id='word_1_809' title='bbox 3066 4894 3392 4966; x_wconf 81' lang='lat' dir='ltr'><strong>congregati,</strong></span> <span class='ocrx_word' id='word_1_810' title='bbox 3427 4895 3477 4947; x_wconf 92' lang='lat' dir='ltr'><strong>in</strong></span> <span class='ocrx_word' id='word_1_811' title='bbox 3508 4909 3693 4949; x_wconf 89' lang='lat' dir='ltr'><strong>eorum</strong></span> <span class='ocrx_word' id='word_1_812' title='bbox 3716 4902 3798 4946; x_wconf 75' lang='lat' dir='ltr'><strong>est</strong></span> 
     </span>
    </p>
   </div>
   <div class='ocr_carea' id='block_1_112' title="bbox 2209 4991 3795 5068">
    <p class='ocr_par' dir='ltr' id='par_1_112' title="bbox 2209 4991 3795 5068">
     <span class='ocr_line' id='line_1_112' title="bbox 2209 4991 3795 5068; baseline -0.013 -13"><span class='ocrx_word' id='word_1_813' title='bbox 2209 4999 2386 5055; x_wconf 89' lang='lat' dir='ltr'><strong>medio</strong></span> <span class='ocrx_word' id='word_1_814' title='bbox 2436 4992 2870 5068; x_wconf 69' lang='lat' dir='ltr'><strong>(Matt.l8.20);</strong></span> <span class='ocrx_word' id='word_1_815' title='bbox 2904 4991 2992 5045; x_wconf 91' lang='lat' dir='ltr'><strong>ubi</strong></span> <span class='ocrx_word' id='word_1_816' title='bbox 3042 5006 3148 5046; x_wconf 91' lang='lat' dir='ltr'><strong>non</strong></span> <span class='ocrx_word' id='word_1_817' title='bbox 3203 4997 3540 5058; x_wconf 78' lang='lat' dir='ltr'><strong>congregata:</strong></span> <span class='ocrx_word' id='word_1_818' title='bbox 3594 4995 3795 5040; x_wconf 80' lang='lat' dir='ltr'><strong>tantum</strong></span> 
     </span>
    </p>
   </div>
   <div class='ocr_carea' id='block_1_113' title="bbox 2208 5080 3797 5159">
    <p class='ocr_par' dir='ltr' id='par_1_113' title="bbox 2208 5080 3797 5159">
     <span class='ocr_line' id='line_1_113' title="bbox 2208 5080 3797 5159; baseline -0.011 -10"><span class='ocrx_word' id='word_1_819' title='bbox 2208 5103 2398 5159; x_wconf 89' lang='lat' dir='ltr'><strong>erant,</strong></span> <span class='ocrx_word' id='word_1_820' title='bbox 2447 5090 2541 5147; x_wconf 88' lang='lat' dir='ltr'><strong>sed</strong></span> <span class='ocrx_word' id='word_1_821' title='bbox 2593 5098 2648 5144; x_wconf 84' lang='lat' dir='ltr'><strong>et</strong></span> <span class='ocrx_word' id='word_1_822' title='bbox 2703 5094 2921 5156; x_wconf 87' lang='lat' dir='ltr'><strong>propter</strong></span> <span class='ocrx_word' id='word_1_823' title='bbox 2948 5099 3142 5140; x_wconf 90' lang='lat' dir='ltr'><strong>nomen</strong></span> <span class='ocrx_word' id='word_1_824' title='bbox 3170 5083 3285 5152; x_wconf 88' lang='lat' dir='ltr'><strong>ejus</strong></span> <span class='ocrx_word' id='word_1_825' title='bbox 3323 5080 3576 5144; x_wconf 85' lang='lat' dir='ltr'><strong>exsules,</strong></span> <span class='ocrx_word' id='word_1_826' title='bbox 3619 5095 3797 5133; x_wconf 82' lang='lat' dir='ltr'><strong>nonne</strong></span> 
     </span>
    </p>
   </div>
   <div class='ocr_carea' id='block_1_114' title="bbox 2208 5169 3797 5253">
    <p class='ocr_par' dir='ltr' id='par_1_114' title="bbox 2208 5169 3797 5253">
     <span class='ocr_line' id='line_1_114' title="bbox 2208 5169 3797 5253; baseline -0.011 -14"><span class='ocrx_word' id='word_1_827' title='bbox 2208 5185 2374 5240; x_wconf 89' lang='lat' dir='ltr'><strong>multo</strong></span> <span class='ocrx_word' id='word_1_828' title='bbox 2419 5182 2612 5253; x_wconf 89' lang='lat' dir='ltr'><strong>potiori</strong></span> <span class='ocrx_word' id='word_1_829' title='bbox 2633 5177 2757 5250; x_wconf 87' lang='lat' dir='ltr'><strong>jure</strong></span> <span class='ocrx_word' id='word_1_830' title='bbox 2802 5177 2969 5247; x_wconf 88' lang='lat' dir='ltr'><strong>ipsius</strong></span> <span class='ocrx_word' id='word_1_831' title='bbox 3014 5176 3269 5230; x_wconf 84' lang='lat' dir='ltr'><strong>auxilium</strong></span> <span class='ocrx_word' id='word_1_832' title='bbox 3315 5169 3797 5244; x_wconf 84' lang='lat' dir='ltr'><strong>promerebantur?</strong></span> 
     </span>
    </p>
   </div>
   <div class='ocr_carea' id='block_1_115' title="bbox 2208 5262 3790 5344">
    <p class='ocr_par' dir='ltr' id='par_1_115' title="bbox 2208 5262 3790 5344">
     <span class='ocr_line' id='line_1_115' title="bbox 2208 5262 3790 5344; baseline -0.011 -13"><span class='ocrx_word' id='word_1_833' title='bbox 2208 5276 2339 5331; x_wconf 81' lang='lat' dir='ltr'><strong>Cum</strong></span> <span class='ocrx_word' id='word_1_834' title='bbox 2367 5274 2526 5344; x_wconf 88' lang='lat' dir='ltr'><strong>igitur</strong></span> <span class='ocrx_word' id='word_1_835' title='bbox 2548 5272 2656 5327; x_wconf 84' lang='lat' dir='ltr'><strong>illic</strong></span> <span class='ocrx_word' id='word_1_836' title='bbox 2683 5270 2934 5325; x_wconf 85' lang='lat' dir='ltr'><strong>mulieres</strong></span> <span class='ocrx_word' id='word_1_837' title='bbox 2963 5277 3323 5330; x_wconf 81' lang='lat' dir='ltr'><strong>versarentur,</strong></span> <span class='ocrx_word' id='word_1_838' title='bbox 3368 5263 3567 5320; x_wconf 90' lang='lat' dir='ltr'><strong>nefaria</strong></span> <span class='ocrx_word' id='word_1_839' title='bbox 3607 5262 3790 5316; x_wconf 85' lang='lat' dir='ltr'><strong>confc-</strong></span> 
     </span>
    </p>
   </div>
   <div class='ocr_carea' id='block_1_116' title="bbox 2209 5355 3793 5435">
    <p class='ocr_par' dir='ltr' id='par_1_116' title="bbox 2209 5355 3793 5435">
     <span class='ocr_line' id='line_1_116' title="bbox 2209 5355 3793 5435; baseline -0.007 -14"><span class='ocrx_word' id='word_1_840' title='bbox 2209 5367 2333 5422; x_wconf 87' lang='lat' dir='ltr'><strong>stim</strong></span> <span class='ocrx_word' id='word_1_841' title='bbox 2387 5365 2556 5420; x_wconf 89' lang='lat' dir='ltr'><strong>edicta</strong></span> <span class='ocrx_word' id='word_1_842' title='bbox 2583 5377 3011 5435; x_wconf 90' lang='lat' dir='ltr'><strong>quoquoversum</strong></span> <span class='ocrx_word' id='word_1_843' title='bbox 3063 5361 3558 5416; x_wconf 75' lang='lat' dir='ltr'><strong>transmittebantur</strong></span> <span class='ocrx_word' id='word_1_844' title='bbox 3584 5399 3600 5422; x_wconf 96' lang='lat'><strong>,</strong></span> <span class='ocrx_word' id='word_1_845' title='bbox 3630 5355 3793 5412; x_wconf 78' lang='lat' dir='ltr'><strong>multa</strong></span> 
     </span>
    </p>
   </div>
   <div class='ocr_carea' id='block_1_117' title="bbox 2210 5448 3794 5530">
    <p class='ocr_par' dir='ltr' id='par_1_117' title="bbox 2210 5448 3794 5530">
     <span class='ocr_line' id='line_1_117' title="bbox 2210 5448 3794 5530; baseline -0.006 -16"><span class='ocrx_word' id='word_1_846' title='bbox 2210 5458 2494 5530; x_wconf 83' lang='lat' dir='ltr'><strong>tyrannide</strong></span> <span class='ocrx_word' id='word_1_847' title='bbox 2515 5471 2578 5512; x_wconf 90' lang='lat' dir='ltr'><strong>ac</strong></span> <span class='ocrx_word' id='word_1_848' title='bbox 2610 5455 2887 5511; x_wconf 84' lang='lat' dir='ltr'><strong>barbarica</strong></span> <span class='ocrx_word' id='word_1_849' title='bbox 2915 5452 3227 5508; x_wconf 85' lang='lat' dir='ltr'><strong>crudelitate</strong></span> <span class='ocrx_word' id='word_1_850' title='bbox 3248 5451 3440 5506; x_wconf 84' lang='lat' dir='ltr'><strong>referta</strong></span> <span class='ocrx_word' id='word_1_851' title='bbox 3476 5468 3487 5502; x_wconf 90' lang='lat'><strong>:</strong></span> <span class='ocrx_word' id='word_1_852' title='bbox 3515 5448 3794 5519; x_wconf 74' lang='lat' dir='ltr'><strong>propinqui</strong></span> 
     </span>
    </p>
   </div>
   <div class='ocr_carea' id='block_1_118' title="bbox 2209 5543 3795 5619">
    <p class='ocr_par' dir='ltr' id='par_1_118' title="bbox 2209 5543 3795 5619">
     <span class='ocr_line' id='line_1_118' title="bbox 2209 5543 3795 5619; baseline -0.009 -13"><span class='ocrx_word' id='word_1_853' title='bbox 2209 5551 2352 5606; x_wconf 90' lang='lat' dir='ltr'><strong>enim</strong></span> <span class='ocrx_word' id='word_1_854' title='bbox 2380 5548 2723 5619; x_wconf 84' lang='lat' dir='ltr'><strong>prepinquos,</strong></span> <span class='ocrx_word' id='word_1_855' title='bbox 2755 5544 2944 5614; x_wconf 89' lang='lat' dir='ltr'><strong>inquit,</strong></span> <span class='ocrx_word' id='word_1_856' title='bbox 2978 5544 3224 5612; x_wconf 89' lang='lat' dir='ltr'><strong>prodant,</strong></span> <span class='ocrx_word' id='word_1_857' title='bbox 3257 5543 3432 5596; x_wconf 83' lang='lat' dir='ltr'><strong>mariti</strong></span> <span class='ocrx_word' id='word_1_858' title='bbox 3461 5557 3672 5606; x_wconf 82' lang='lat' dir='ltr'><strong>uxores,</strong></span> <span class='ocrx_word' id='word_1_859' title='bbox 3705 5556 3795 5610; x_wconf 72' lang='lat' dir='ltr'><strong>pu-</strong></span> 
     </span>
    </p>
   </div>
   <div class='ocr_carea' id='block_1_119' title="bbox 2210 5633 3792 5709">
    <p class='ocr_par' dir='ltr' id='par_1_119' title="bbox 2210 5633 3792 5709">
     <span class='ocr_line' id='line_1_119' title="bbox 2210 5633 3792 5709; baseline -0.008 -9"><span class='ocrx_word' id='word_1_860' title='bbox 2210 5653 2316 5700; x_wconf 82' lang='lat' dir='ltr'><strong>tres</strong></span> <span class='ocrx_word' id='word_1_861' title='bbox 2338 5644 2552 5709; x_wconf 88' lang='lat' dir='ltr'><strong>liberos,</strong></span> <span class='ocrx_word' id='word_1_862' title='bbox 2574 5641 2722 5696; x_wconf 89' lang='lat' dir='ltr'><strong>liberi</strong></span> <span class='ocrx_word' id='word_1_863' title='bbox 2744 5647 2940 5708; x_wconf 83' lang='lat' dir='ltr'><strong>patres,</strong></span> <span class='ocrx_word' id='word_1_864' title='bbox 2968 5638 3156 5692; x_wconf 79' lang='lat' dir='ltr'><strong>fratres</strong></span> <span class='ocrx_word' id='word_1_865' title='bbox 3171 5634 3379 5701; x_wconf 86' lang='lat' dir='ltr'><strong>fratres,</strong></span> <span class='ocrx_word' id='word_1_866' title='bbox 3394 5635 3547 5689; x_wconf 82' lang='lat' dir='ltr'><strong>amici</strong></span> <span class='ocrx_word' id='word_1_867' title='bbox 3576 5633 3792 5688; x_wconf 80' lang='lat' dir='ltr'><strong>amicos.</strong></span> 
     </span>
    </p>
   </div>
   <div class='ocr_carea' id='block_1_120' title="bbox 2283 5770 3789 5841">
    <p class='ocr_par' dir='ltr' id='par_1_120' title="bbox 2283 5770 3789 5841">
     <span class='ocr_line' id='line_1_120' title="bbox 2283 5770 3789 5841; baseline -0.007 -13"><span class='ocrx_word' id='word_1_868' title='bbox 2283 5780 2297 5810; x_wconf 87' lang='grc'><strong>¹</strong></span> <span class='ocrx_word' id='word_1_869' title='bbox 2335 5779 2471 5830; x_wconf 83' lang='lat' dir='ltr'><strong>savil.</strong></span> <span class='ocrx_word' id='word_1_870' title='bbox 2494 5779 2542 5829; x_wconf 83' lang='lat' dir='ltr'><strong>iu</strong></span> <span class='ocrx_word' id='word_1_871' title='bbox 2567 5791 2740 5841; x_wconf 86' lang='lat' dir='ltr'><strong>marg.,</strong></span> <span class='ocrx_word' id='word_1_872' title='bbox 2773 5776 2902 5840; x_wconf 84' lang='lat' dir='ltr'><strong>quod</strong></span> <span class='ocrx_word' id='word_1_873' title='bbox 2923 5780 2968 5827; x_wconf 82' lang='lat' dir='ltr'><strong>ct</strong></span> <span class='ocrx_word' id='word_1_874' title='bbox 2990 5774 3095 5825; x_wconf 83' lang='lat' dir='ltr'><strong>ista:</strong></span> <span class='ocrx_word' id='word_1_875' title='bbox 3115 5787 3225 5824; x_wconf 78' lang='lat' dir='ltr'><strong>cum</strong></span> <span class='ocrx_word' id='word_1_876' title='bbox 3244 5770 3534 5837; x_wconf 77' lang='lat' dir='ltr'><strong>implessent,</strong></span> <span class='ocrx_word' id='word_1_877' title='bbox 3557 5770 3789 5832; x_wconf 69' lang='lat' dir='ltr'><strong>fugarunt.</strong></span> 
     </span>
    </p>
   </div>
  </div>
