4082 6422
339 358 445 414 635

337 475 524 535 τέκνα,
548 472 639 525 καὶ
662 471 851 542 ἄνδρες
873 471 1157 539 γυναῖκας,
1181 469 1274 522 καὶ
1307 469 1483 521 πάντα
1514 466 1581 520 τά
1601 467 1701 536 τῆς
1735 481 1928 533 συγγε-

336 558 487 619 νείας
509 557 759 608 ἐπατεῖτο
782 555 988 619 δίκαια,
1009 553 1102 604 καὶ
1127 553 1278 606 πᾶσα
1300 553 1334 622 ή
1357 550 1656 620 οἰκουμένη
1689 547 1926 600 ἀνάστα-

336 658 430 703 τος
462 636 552 712 ἦν,
577 641 671 693 καὶ
692 637 870 700 οὐδεὶς
904 635 1095 689 οὐδένα
1117 634 1239 688 τότε
1277 634 1645 702 ἐπεγίνωσκεν
1666 648 1681 664 ο
1706 631 1930 703 ἐκράτει

336 723 449 794 γὰρ
475 725 504 776 ό
526 720 772 783 διάϐολος
805 719 945 791 μετά
975 719 1175 790 πολλῆς
1202 719 1299 788 τῆς
1326 716 1652 788 ὑπερϐολῆς.
1673 715 1761 768 Ἐν
1789 714 1931 768 ἐκεί-

337 825 416 877 νῳ
466 806 658 866 τοίνυν,
695 801 776 874 τῷ
825 801 1041 874 θορύϐῳ
1082 803 1176 856 καὶ
1219 801 1298 872 τῷ
1330 801 1555 872 πολέμῳ
1582 801 1638 853 αἰ
1673 801 1932 868 γυναῖκες

338 885 526 954 αὗται,
560 889 615 943 εί
640 905 701 958 γε
729 889 992 958 γυναῖκας
1019 886 1192 948 αὐτὰς
1229 886 1337 956 χρὴ
1373 884 1561 937 καλεῖν
1579 899 1594 914 °
1625 883 1719 936 καὶ
1741 881 1851 953 7&9
1873 882 1930 934 ἐν

337 975 642 1045 γυναικείῳ
699 973 915 1043 σώματι
979 972 1197 1042 ἀνδρῶν
1258 970 1599 1036 ἐπεδείξαντο
1656 969 1928 1040 φρόνημα,

343 1061 546 1133 μᾶλλον
592 1059 649 1112 δέ
697 1058 798 1111 οὐκ
843 1055 1056 1127 ἀνδρῶν
1087 1055 1430 1132 ἐπεδείξαντο
1461 1053 1716 1126 φρόνημα
1748 1053 1926 1123 μόνον,

339 1144 479 1199 ἀλλά
504 1144 598 1199 καὶ
623 1142 793 1214 αὐτὴν
822 1138 1172 1212 ὑπερέϐησαν
1203 1139 1304 1209 τήν
1335 1138 1516 1208 φύσιν,
1548 1138 1644 1190 καὶ
1670 1137 1805 1207 πρὸς
1832 1134 1931 1199 τὰς

341 1229 675 1299 ἀσωμάτους
704 1224 965 1295 δυνάμεις
991 1223 1089 1294 τήν
1118 1223 1352 1293 ἅμιλλαν
1387 1222 1571 1275 ἔθεντο
1589 1239 1600 1252 ·
1631 1217 1790 1276 αὗται
1818 1221 1930 1274 τοί-

340 1331 436 1366 νυν
475 1315 531 1366 αἰ
562 1314 819 1381 γυναῖκες
853 1312 1072 1380 ἀφεῖσαι
1100 1308 1251 1365 πόλιν
1281 1308 1374 1361 καὶ
1407 1306 1706 1360 οἰκίανκκαὶ
1737 1323 1932 1375 συγγε-

340 1399 454 1461 νεῖς
509 1397 648 1468 πρὸς
690 1396 792 1466 τήν
839 1392 1128 1463 ἀλλοτρίαν
1176 1390 1556 1461 μετετάξαντο.
1585 1387 1757 1444 Ὅταν
1798 1388 1928 1460 γὰρ,

343 1484 530 1553 φησὶν,
558 1486 588 1537 ό
616 1480 850 1555 Χριστὸς
871 1478 1228 1550 ἀτιμάζηται,
1254 1476 1417 1548 μηδὲν
1442 1478 1574 1546 ήμῖν
1599 1474 1738 1529 ἔστω
1752 1474 1931 1546 τίμιον

345 1567 483 1638 μηδὲ
515 1567 841 1636 ἀναγκαῖονο
871 1563 960 1617 διὰ
991 1562 1149 1616 τοῦτο
1191 1560 1370 1613 πάντα
1414 1559 1636 1628 ἀφεῖσαι
1688 1556 1926 1628 ἐξῆλθον.

343 1652 457 1706 Καὶ
491 1649 742 1720 καθάπερ
772 1647 951 1710 οἰκίας
975 1647 1047 1707 ,ἐν
1081 1643 1409 1716 μέσῃτνυκτὶ
1456 1640 1926 1714 πυρπολουμένης,

341 1736 393 1786 οἰ
436 1732 794 1794 καθεύδοντες
826 1729 1006 1793 ἔνδον,
1047 1726 1269 1780 ἐπειδὰν
1301 1725 1595 1779 αἴσθωνται
1631 1723 1727 1776 τοῦ
1767 1722 1928 1794 θορύο

343 1817 463 1878 ϐου,
499 1816 708 1886 ταχέως
742 1811 1087 1883 ἐξαλλόμενοι
1137 1809 1238 1879 τῆς
1289 1807 1477 1879 κλίνης
1513 1807 1791 1877 ἐκπηδῶσι
1821 1807 1930 1861 τῶν

345 1900 633 1971 προθύρων
667 1898 768 1969 τῆς
794 1897 992 1959 οἰκίας,
1023 1893 1174 1948 οὐδὲν
1214 1891 1324 1946 τῶν
1361 1891 1508 1944 ἔνδον
1540 1891 1795 1954 λαϐόντες
1819 1907 1834 1922 ο
1871 1889 1930 1944 ἐν

345 1985 454 2056 γάρ
495 1984 653 2054 μόνον
699 1978 1112 2042 σπουδάζουσιν,
1145 1977 1294 2039 ὅπως
1330 1976 1392 2028 τὸ
1432 1977 1597 2045 σῶμα
1631 1975 1692 2028 τὺ
1721 1975 1930 2029 ἐαυτῶν

345 2065 808 2138 προεξαρπάσωσι
833 2063 930 2134 τῆς
963 2061 1178 2129 φλογὸς,
1211 2060 1305 2112 καὶ
1336 2059 1426 2112 τὸν
1451 2057 1600 2130 [640]
1633 2057 1728 2111 τοῦ
1759 2058 1930 2128 πυρὸς

345 2150 595 2220 φθάσωσι
620 2149 818 2219 δρόμον
843 2145 980 2217 μετά
1007 2144 1205 2214 πολλῆς
1231 2142 1456 2197 ἐπιόντα
1473 2143 1574 2212 τῆς
1594 2142 1896 2213 ταχύτητος
1913 2160 1926 2173 ·

344 2233 489 2286 οὕτω
513 2230 576 2303 δή
605 2230 700 2285 καὶ
731 2222 891 2283 αὗται
926 2227 1211 2298 ἐποίησαν.
1229 2224 1458 2279 Ἰδοῦσαι
1484 2225 1592 2296 γὰρ
1620 2227 1719 2297 τήν
1752 2227 1932 2280 οἰκου-

348 2315 520 2385 μένην
570 2314 790 2367 ἃπασαν
833 2306 1301 2382 ἐμπυρίζομένην,
1333 2307 1534 2371 εὐθέως
1568 2308 1928 2379 ἐξεπήδησαν,

347 2399 440 2452 καὶ
468 2390 726 2468 ἐξήλαντο
743 2393 852 2449 τῶν
874 2391 1166 2466 ’προθύρων
1189 2393 1288 2463 τῆς
1313 2389 1541 2454 πόλεως,
1568 2390 1626 2443 ἐν
1655 2391 1814 2461 μόνον
1836 2390 1934 2462 ζη-

345 2481 561 2542 τοῦσαι,
596 2480 694 2551 τὴν
725 2477 1000 2548 σωτηρίαν
1036 2475 1137 2545 τῆς
1166 2474 1376 2529 ἑαυτῶν
1400 2475 1586 2545 ψυχῆς
1615 2476 1778 2528 παντί
1803 2475 1933 2546 τρό-

347 2583 436 2636 πῳ
461 2562 804 2633 διαφυλάξαι.
829 2561 942 2616 Καὶ
973 2559 1082 2630 γὰρ
1106 2557 1434 2630 ἐμπρησμὸς
1457 2557 1580 2611 τότε
1608 2557 1843 2628 χαλεπὸς
1862 2552 1930 2628 ἦν

347 2649 446 2702 καὶ
479 2647 668 2710 σκότος
695 2645 918 2716 ἐκράτει
949 2641 1103 2712 βαθὺ,
1140 2642 1332 2704 σκότος
1356 2640 1447 2693 τοῦ
1473 2640 1788 2713 νυκτερινοῦ
1815 2639 1932 2694 τούς

347 2748 442 2784 του
481 2728 912 2798 ζοφωδέστερον·
943 2726 1037 2778 καὶ
1067 2722 1156 2776 διὰ
1182 2723 1339 2776 τοῦτο
1372 2723 1621 2794 καθάπερ
1657 2725 1715 2775 ἐν
1753 2724 1931 2794 σκότῳ

347 2816 474 2877 τοὺς
502 2812 688 2879 φίλους
712 2809 941 2879 ἠγνόουν
966 2808 1016 2860 οἰ
1043 2805 1207 2877 φίλοι,
1239 2804 1335 2858 καί⁵
1354 2804 1546 2875 ἀνδρες
1573 2805 1931 2875 παρεδίδοσαν

347 2899 638 2964 γυναῖκας·
671 2894 761 2947 διὰ
792 2893 949 2945 τοῦτο
991 2891 1118 2953 τοὺς
1155 2889 1252 2960 μέν
1289 2887 1518 2959 ἐχθροὺς
1567 2888 1928 2958 παρέτρεχον,

346 2982 460 3041 τοῖς
489 2977 548 3031 δὲ
583 2976 758 3046 φίλοις
790 2974 885 3027 καὶ
916 2973 1027 3034 τοῖς
1057 2970 1274 3034 οἰκείοις
1305 2971 1800 3042 προσερρήγνυντο,
1837 2971 1932 3024 καί

349 3061 691 3133 νυκτομαχία
718 3077 802 3123 τις
842 3053 910 3130 ἦν
940 3056 1170 3128 χαλεπὴ,
1212 3056 1306 3109 καὶ
1340 3053 1536 3108 πολλοῦ
1585 3054 1815 3126 θορύϐου
1865 3055 1931 3109 τὰ

349 3148 648 3219 πράγματα
677 3143 861 3214 ἔγεμε.

423 3216 555 3284 Τότε
597 3228 776 3282 τοίνυν
819 3223 1043 3296 ἐξῆλθον
1086 3216 1244 3278 αὗται
1279 3221 1376 3292 τήν
1409 3221 1642 3292 πατρίδα
1687 3222 1930 3291 ἀφεῖσαι,

348 3315 446 3366 καὶ
490 3313 581 3365 τὸν
625 3309 973 3382 πατριάρχην
1015 3306 1328 3374 ζηλώσασαι
1359 3303 1451 3359 τὸν
1486 3303 1760 3375 Ἀϐραὰμ,
1796 3305 1934 3376 πρὸς

349 3397 410 3448 δν
453 3395 668 3465 εἴρητο·
707 3391 963 3457 Ἔξελθε
1003 3391 1071 3457 ἐκ
1107 3388 1216 3457 τῆς
1259 3387 1373 3457 τῆς
1403 3402 1543 3452 σου,
1583 3387 1684 3441 καὶ
1715 3387 1785 3440 ἐκ
1824 3387 1935 3454 τῆς

349 3480 717 3550 συγγενείας
732 3492 871 3532 σου.
896 3477 1008 3529 Καὶ
1028 3475 1136 3543 γάρ
1160 3474 1253 3526 καὶ
1273 3471 1498 3535 ταύταις
1523 3473 1551 3524 ό
1576 3469 1669 3523 τοῦ
1693 3469 1934 3540 διωγμοῦ

352 3563 546 3635 καιρὸς
571 3560 742 3614 ταῦτα
772 3558 1024 3630 παρῄνει,
1050 3555 1286 3620 ἐξελθεῖν
1310 3556 1374 3608 ἐκ
1392 3553 1494 3623 τῆς
1515 3555 1617 3623 γῆς
1638 3553 1730 3606 καὶ
1751 3555 1813 3606 ἐκ
1834 3555 1936 3616 τῆς

355 3643 696 3712 συγγενείας,
725 3641 868 3694 ὥστε
917 3638 1325 3710 κληρονομῆσαι
1366 3637 1458 3690 τὸν
1491 3636 1738 3708 οὐρανόν.
1757 3636 1936 3706 Ἐξῄει

356 3729 535 3782 τοίνυν
571 3729 635 3779 ἐκ
668 3726 765 3795 τῆς
797 3724 972 3786 οἰκίας
1001 3725 1035 3794 ή
1068 3721 1205 3792 γυνὴ
1241 3721 1335 3774 δύο
1369 3722 1488 3792 μεθ’
1513 3722 1712 3790 ἐαυτῆς
1737 3720 1936 3790 ἔχουσα

358 3812 686 3882 θυγατέρας.
717 3809 789 3862 Σὺ
837 3807 895 3860 δὲ
943 3806 1017 3877 μὴ
1056 3805 1421 3880 παραδράμῃς
1466 3804 1653 3869 ἀπλῶς
1699 3807 1934 3870 ἀκούων,

356 3899 438 3950 ὅτι
470 3893 693 3965 ἐξῆλθον
725 3893 984 3961 γυναῖκες
1021 3889 1343 3961 ἐλευθερίως
1387 3891 1802 3962 ἀνατραφείσαι,
1835 3907 1940 3962 μη-

355 3981 548 4033 δέποτε
594 3980 788 4042 πεῖραν
825 3973 1085 4027 λαϐοῦσαι
1129 3973 1236 4026 τῶν
1286 3971 1475 4026 δεινῶν
1519 3972 1759 4038 τούτων,
1801 3973 1938 4027 ἀλλὰ

358 4063 672 4129 ἀναλόγισαι
701 4062 766 4130 τῇ
807 4057 1015 4127 διανοίᾳ
1058 4057 1180 4110 ὅσον
1216 4051 1286 4127 ἦν
1333 4056 1394 4108 τὸ
1438 4057 1628 4120 κακὸν,
1659 4058 1790 4128 ὅσην
1825 4058 1937 4128 ἐχει

357 4147 417 4200 τὺ
451 4147 685 4217 πρᾶγμα
720 4139 1028 4195 δυσκολίαν.
1068 4140 1130 4192 Εἰ
1168 4139 1279 4211 γάρ
1321 4139 1599 4211 ἄνθρωποι
1626 4140 1939 4211 σύμμετρον

359 4231 667 4301 ἀποδημίαν
697 4226 1057 4296 στελλόμενοι,
1093 4222 1399 4291 ὑποζυγίων
1428 4223 1804 4295 εὐποροῦντες,
1823 4225 1940 4277 δια-

361 4315 552 4377 κόνους
599 4312 831 4382 ἔχοντες,
876 4309 1015 4380 μετά
1054 4305 1238 4369 ἀδείας
1285 4304 1581 4370 ὁδεύοντες,
1613 4305 1791 4377 κύριοι
1841 4308 1940 4376 τῆς

361 4397 623 4450 ἐπανόδου
661 4392 833 4457 ὅντες,
870 4390 1080 4444 πολλῶν
1109 4389 1455 4447 αἰσθάνονται
1485 4388 1596 4444 τῶν
1623 4390 1936 4461 μοχθηρῶν,

362 4479 564 4550 πολλὴν
610 4475 941 4547 ὑπομένουσι
989 4473 1394 4541 ταλαιπωρίαν·
1440 4473 1575 4526 ὅπου
1622 4474 1783 4542 γυνή,
1847 4474 1942 4526 καὶ

363 4562 646 4634 παρθένοι,
679 4561 772 4613 καὶ
799 4558 1061 4612 διακόνων
1082 4557 1304 4627 ἐρημία,
1336 4556 1432 4610 καὶ
1460 4556 1631 4626 φίλων
1662 4556 1939 4627 προδοσία,

363 4649 458 4702 καὶ
505 4643 752 4718 θόρυϐος,
785 4645 885 4696 καὶ
924 4640 1159 4712 ταραχή,
1191 4640 1283 4694 καὶ
1317 4639 1482 4709 φόϐος
1509 4639 1802 4710 ἀφόρητος,
1852 4641 1944 4693 καὶ

364 4731 606 4792 κίνδυνος
632 4730 688 4781 ἐν
723 4727 914 4789 αὐταῖς
955 4725 1216 4787 ποικίλος,
1255 4724 1350 4777 καὶ
1383 4722 1513 4794 περί
1539 4723 1716 4792 ψυχῆς
1749 4725 1778 4777 ὁ
1818 4724 1944 4794 δρό-

368 4831 489 4886 μος,
517 4813 611 4865 καί⁵
663 4807 997 4878 παντάχοθεν
1053 4807 1102 4859 οἱ
1149 4805 1421 4876 πολέμιοι,
1472 4809 1624 4869 ποῖος
1669 4805 1826 4874 λόγος
1876 4807 1947 4860 τὰ

365 4898 723 4967 ἀγωνίσματα
768 4892 875 4946 τῶν
923 4889 1195 4960 γυναικῶν
1242 4887 1589 4960 παραστῆσαι
1635 4889 1942 4961 δυνήσεται,

364 4982 465 5053 τήν
494 4978 764 5052 ἀνδρείαν,
797 4977 896 5046 τὴν
926 4971 1344 5053 μεγαλοψυχίαν,
1373 4971 1470 5042 τήν
1503 4972 1713 5037 πίστιν;
1747 4974 1808 5026 Εἰ
1836 4974 1946 5043 γὰρ

369 5051 506 5144 μίγη
533 5051 778 5144 ἐξῆλθεν.
804 5051 1946 5144 1mm“:ﬁi,3s°i\eﬁivzsé<eéw°s

365 5123 396 5188 ὂ
439 5123 638 5201 ἁγών-.-
670 5131 789 5182 νυνι
819 5123 884 5182 δὲ’
909 5123 1148 5197 καιτὰς
1191 5123 1497 5195 θυγατέρας
1547 5123 1802 5195 ἐπήγετο.
1841 5123 1949 5178 τκαι

367 5217 570 5278 ταύτας
590 5213 893 5285 παρθένους
915 5225 929 5238 ·
953 5209 1092 5262 ὥστε
1109 5221 1133 5248 ³
1157 5207 1321 5276 διπλῆ
1345 5209 1378 5277 ή
1406 5206 1635 5274 ἀγωνία,
1659 5208 1753 5260 καὶ
1777 5209 1946 5280 πολλὴ

367 5303 468 5372 τῆς
492 5299 772 5372 φροντίδος
799 5297 831 5366 ή
859 5293 1145 5364 προσθήκη
1167 5308 1180 5321 ⁸
1205 5292 1314 5361 ὅσῳ
1342 5291 1451 5361 7&9
1478 5290 1621 5360 μέγα
1649 5291 1710 5344 τὸ
1737 5291 1944 5362 κτῆμα,

366 5384 607 5450 τοσούτῳ
646 5377 1027 5446 δυσκολωτέρα
1069 5378 1102 5446 ή
1134 5375 1368 5444 φυλακή.
1388 5373 1563 5443 Ἐξῄει
1597 5374 1774 5428 τοίνυν
1813 5393 1950 5447 παρ-

371 5469 558 5530 θένους
582 5464 800 5536 ἔχουσα,
832 5460 925 5515 καί¹
952 5460 1052 5513 οὐκ
1077 5460 1276 5530 ἔχουσα
1305 5459 1650 5530 κατακρύψαι
1687 5459 1856 5523 αὑτὰς
1888 5463 1947 5513 ἐν

414 5644 442 5673 ⁸
477 5642 632 5696 Ὥστε
653 5641 796 5690 deest
821 5643 869 5689 In
895 5639 1025 5686 Sam
1069 5645 1123 5700 ει
1143 5637 1389 5700 Reg.,sed
1409 5651 1507 5687 non
1527 5651 1946 5700 supervacaneum

365 5717 481 5752 este
509 5704 721 5752 videtur.
748 5727 806 5738 —
835 5716 852 5747 ι
886 5700 1070 5761 Eadem
1095 5698 1180 5749 lin.
1218 5698 1502 5761 ﬁcripﬂmus
1528 5698 1638 5748 cuin
1672 5701 1823 5748 Savil.
1867 5703 1946 5749 καί

368 5770 541 5820 ταύτας
563 5767 724 5826 πορθ..
744 5765 825 5811 ubi
849 5760 1012 5810 510ml.
1041 5763 1236 5821 legebat
1254 5760 1335 5817 τὰς
1356 5761 1439 5810 δύο
1457 5764 1596 5826 παρθ.
1629 5781 1654 5806 ι·
1686 5764 1816 5810 linit.

1431 352 1519 406 DE
1561 350 1665 407 SS.
1707 348 2008 406 BERNICE
2047 348 2136 404 ΕΤ
2176 348 2563 407 Ριιοδῡοίιε.

3520 357 3626 413 656

2035 461 2302 534 θαλάμοις
2319 480 2333 495 ·
2367 464 2546 518 καίτοι
2570 463 2705 522 ῐστε,
2729 464 2813 517 ὃτι
2843 464 2939 518 καὶ
2965 463 3198 534 θάλαμοι
3229 465 3320 519 καὶ
3345 484 3620 537 γυναικωο

2031 555 2246 618 νίτιδες,
2297 556 2394 608 καὶ
2441 555 2628 627 θύραι,
2674 557 2770 608 καὶ
2821 557 3030 628 μοχλοὶ,
3081 560 3176 613 καὶ
3219 559 3478 628 φύλακες.
3527 562 3620 614 καὶ

2031 646 2405 717 προφύλακες,
2437 648 2533 700 καὶ
2568 647 2971 718 θεραπαινίδες,
3005 650 3100 702 καὶ
3126 650 3353 721 τιθηνοί,
3393 652 3490 706 καί.
3526 670 3622 723 μη-

2029 738 2157 809 τρὸς
2186 739 2503 810 προσεδρία,
2534 740 2630 792 καὶ
2654 740 2861 812 πατρὸς
2886 727 3135 813 πρόνοια.
3157 743 3254 796 καὶ
3278 744 3446 815 πολλὴ
3472 745 3622 816 παρὰ

2028 829 2137 883 τῶν
2169 832 2373 898 γονέων
2401 831 2688 902 ἐπιμέλεια
2717 833 2949 900 γίνεται,
2980 833 3122 887 ὥστε
3147 835 3544 906 διατηρηθῆναι
3562 838 3623 888 τὸ

2031 920 2128 991 τῆς
2177 921 2478 991 παρθενίας
2523 923 2705 989 ἄνθος,
2742 925 2834 977 καί
2888 925 3038 996 μόλις
3071 925 3217 979 οὕτω
3254 926 3621 990 διασώζεται·

2031 1013 2215 1084 ἐκείνη
2243 1014 2300 1066 δέ
2324 1015 2504 1084 πάσης
2524 1015 2731 1086 ταύτης
2745 1017 2844 1086 τῆς
2869 1017 3119 1087 φυλακῆς
3146 1019 3353 1089 ἔρημος
3373 1015 3441 1090 ἦν
3459 1035 3472 1048 ·
3505 1019 3624 1081 πῶς

2029 1100 2124 1156 οῦν
2148 1104 2320 1169 αύτάς
2343 1104 2608 1160 διασῶσαι
2641 1103 2817 1177 εἷχενς
2865 1109 2959 1161 Ἐκ
2990 1109 3088 1179 τῆς
3121 1110 3228 1162 τῶν
3265 1111 3425 1163 θείων
3441 1111 3626 1180 νόμων

2033 1194 2301 1266 φυλακῆς.
2333 1197 2448 1250 Οὐκ
2496 1193 2612 1268 εἶχε
2645 1200 2846 1269 στέγην
2877 1200 3326 1270 περιϐάλλουσαν.
3362 1203 3478 1254 ἀλλ’
3508 1201 3624 1272 εἶχε

2029 1287 2129 1360 τὴν
2155 1275 2427 1359 κραταιάν
2457 1293 2616 1363 χεῖρα
2647 1292 2854 1345 ἄνωθεν
2884 1293 3192 1363 σκέπουσαν
3211 1311 3222 1324 ο
3251 1295 3353 1347 οὐκ
3381 1291 3495 1365 εἶχε
3537 1296 3627 1348 θύ·

2032 1398 2136 1452 ραν
2156 1382 2278 1434 ούδέ
2307 1381 2528 1451 μοχλὸν,
2559 1383 2674 1435 ἀλλ’
2710 1378 2822 1452 εῐχε
2852 1384 2950 1454 τὴν
2990 1367 3252 1454 ἀληθινὴν
3284 1385 3456 1456 θύραν
3487 1389 3626 1440 ἁπο-

2030 1471 2376 1544 τειχίζουσαν
2419 1475 2518 1545 τήν
2567 1474 2878 1544 ἐπιϐουλήν.
2911 1474 3030 1527 Kal’
3060 1475 3314 1547 καθάπερ
3345 1479 3402 1529 ἐν
3437 1477 3626 1547 μέσοις

2029 1568 2144 1628 τοῖς
2168 1565 2424 1636 Σοδόμοις
2453 1565 2824 1636 ἐπολιορκεῖτο
2861 1568 2957 1636 μὲν
2989 1568 3021 1636 ή
3059 1568 3153 1620 τοῦ
3184 1567 3308 1620 Λὼτ
3342 1570 3508 1631 οἰκία,
3534 1571 3626 1621 ού-

2029 1655 2118 1709 δὲν
2141 1654 2196 1707 δὲ
2222 1656 2428 1725 ἔπασχε
2459 1656 2630 1708 δεινόν
2651 1671 2664 1684 ⁸
2694 1656 2960 1724 ἀγγέλους
2984 1658 3094 1729 γὰρ
3117 1654 3262 1728 εῖχεν
3281 1658 3427 1711 ἔνδον
3443 1675 3456 1687 °
3481 1660 3625 1714 οῦτω

2029 1745 2093 1817 δὴ
2129 1747 2223 1800 καὶ
2258 1749 2312 1799 αἰ
2344 1748 2620 1820 μάρτυρες
2646 1742 2804 1801 αὗται
2837 1749 3039 1818 μεταξὺ
3075 1750 3321 1820 Σοδόμων
3363 1752 3459 1804 καὶ
3488 1753 3625 1804 πάν-

2030 1854 2138 1890 των
2166 1837 2274 1890 τῶν
2305 1838 2578 1910 πολεμίων
2607 1835 2784 1904 οὖσαι,
2809 1841 2900 1894 καί
2928 1840 3219 1912 πολιορκού
3230 1859 3388 1911 μεναι
3419 1861 3622 1895 παντα-

2029 1929 2207 1998 χόθεν,
2248 1930 2401 1983 οὐδὲν
2434 1931 2674 2000 ἔπασχον
2701 1930 2873 1986 δεινόν
2895 1948 2910 1965 ·
2941 1931 3033 1985 τὸν
3064 1931 3217 2004 [6M]
3247 1933 3359 2004 γὰρ
3387 1912 3496 1986 τῶν
3527 1935 3627 2000 ἀγ-

2029 2022 2204 2090 γέλων
2243 2022 2522 2093 Δεσπότην
2554 2018 2701 2094 εἰχον
2741 2027 2802 2078 ἐν
2847 2026 2970 2088 ταῖς
2999 2022 3180 2079 αὐτῶν
3229 2026 3481 2079 οἰκοῦντα
3523 2025 3627 2095 ψυ-

2030 2116 2188 2182 χαῖς·
2239 2118 2332 2166 καὶ
2379 2115 2460 2177 εἰς
2508 2115 2608 2183 τήν
2652 2115 2772 2170 ὁδὸν
2813 2115 3066 2170 ἐλθοῦσαι
3096 2116 3195 2188 τὴν
3223 2116 3431 2187 ἔρημον
3472 2118 3626 2170 οὐδὲν

2030 2203 2258 2255 ἔπαθον·
2292 2198 2438 2272 εἶχον
2458 2204 2566 2274 γὰρ
2596 2205 2697 2275 τήν
2721 2202 2982 2275 ἀληθινὴν
3011 2203 3130 2257 ὁδὸν
3157 2203 3256 2274 τήν
3291 2204 3427 2272 πρὸς
3455 2205 3627 2276 ούρα-

2028 2295 2120 2347 νὸν
2152 2293 2323 2357 αὑτὰς
2367 2294 2626 2362 ἄγουσαν.
2667 2294 2766 2348 Διά
2795 2293 2955 2347 τοῦτο
3000 2296 3056 2347 ἐν
3104 2295 3346 2365 τοσούτῳ
3378 2294 3626 2365 πολέμῳ,

2029 2387 2126 2439 καὶ
2152 2385 2386 2456 θορύϐῳ,
2430 2387 2524 2439 καὶ
2559 2388 2798 2456 κύμασιν
2837 2387 3250 2458 ἀπειλημμέναι
3281 2387 3418 2457 μετὰ
3451 2387 3629 2455 ἀσφα-

2029 2476 2178 2541 λείας
2199 2477 2444 2542 ἐϐάδιζον
2463 2495 2476 2508 ·
2509 2478 2602 2531 καὶ
2633 2477 2696 2531 τὸ
2728 2477 3067 2548 θαυμαστὸν,
3095 2479 3177 2531 ὅτι
3197 2477 3287 2531 διὰ
3315 2477 3424 2531 τῶν
3444 2477 3628 2531 λύκων

2029 2568 2099 2622 τὰ
2133 2570 2381 2641 πρόϐατα
2414 2571 2598 2641 ήγετο,
2625 2570 2713 2623 διά
2742 2569 2852 2624 τῶν
2878 2571 3109 2623 λεόντων
3137 2570 3193 2622 αί
3228 2569 3465 2639 ἀμνάδες
3490 2568 3629 2640 ἐχώ-

2032 2677 2183 2731 ρουν,
2226 2661 2320 2714 καὶ
2343 2661 2530 2724 οὐδεὶς
2559 2663 2728 2724 αὑτὰς
2767 2656 2906 2714 εἶδεν
2932 2662 3264 2724 ἀκολάστοις
3299 2662 3623 2733 ὀφθαλμοῖς,

2031 2750 2146 2802 ἀλλ’
2169 2751 2359 2820 ῶσπερ
2385 2753 2510 2814 τοὺς
2541 2751 2838 2819 Σοδομίτας
2863 2751 3029 2820 ἐγγὺς
3061 2751 3161 2821 τῆς
3191 2751 3365 2822 θύρας
3398 2753 3626 2823 ἑστηκό-

2029 2860 2129 2906 τας
2159 2843 2260 2896 ούκ
2281 2843 2432 2912 ήφίει
2465 2843 2562 2914 τήν
2591 2843 2796 2897 εἴσοδον
2822 2845 2955 2916 όρᾷν
2981 2846 3010 2896 ό
3036 2844 3190 2909 Θεὸς,
3217 2845 3361 2897 οὕτω
3385 2845 3480 2898 καὶ
3502 2845 3625 2898 τότε

2030 2931 2128 2995 τάς
2166 2934 2384 3009 πάνεων
2420 2933 2731 3001 ἐτύφλωσεν
2775 2934 2949 3004 ϐψεις,
2992 2933 3134 2988 ὥστε
3173 2936 3248 3006 μή
3298 2935 3628 3006 προδοθῆναι

2032 3022 2104 3075 τὰ
2143 3021 2450 3093 παρθενικὰ
2486 3021 2736 3093 σώματα.
2935 3025 2944 3036 ’

2102 3123 2164 3170 ε’.
2185 3115 2514 3188 Πορεύονται
2530 3116 2708 3169 τοίνυν
2725 3116 2807 3180 είς
2822 3115 2980 3168 πόλιν
3001 3116 3265 3169 Ἔδεσσαν
3282 3115 3586 3186 λεγομένην
3609 3157 3627 3182 ,

2033 3209 2187 3262 πόλιν
2220 3208 2619 3280 άγροικοτέραν
2662 3207 2762 3278 μέν
2805 3208 2915 3261 τῶν
2946 3207 3180 3269 πολλῶν,
3230 3205 3628 3277 εὐσεϐεστέραν

2031 3303 2088 3365 δέ
2108 3318 2121 3332 ·
2153 3301 2206 3355 τί
2234 3301 2343 3372 γὰρ
2370 3300 2586 3370 ἐκείνης
2610 3301 2709 3371 τῆς
2745 3299 2955 3363 πόλεως
2979 3299 3092 3352 ίσον
3114 3292 3254 3352 εἶναι
3284 3298 3543 3367 ἐνόμισαν
3571 3301 3629 3350 ἐν

2032 3391 2274 3460 τοσούτῳ
2303 3391 2582 3462 κλυδωνίῳ
2614 3392 2937 3461 καταφυγήν
2967 3392 3169 3463 εὑρεῖν,
3202 3391 3296 3445 καὶ
3315 3393 3373 3442 ἐν
3402 3391 3629 3458 τοιούτῳ

2035 3485 2265 3557 χειμῶνι
2301 3483 2498 3556 λιμένα
2529 3483 2710 3555 ἐχειν;
2737 3483 2845 3536 Kal
2875 3482 3093 3552 δέχεται
3127 3484 3160 3551 ή
3207 3482 3364 3545 πόλις
3413 3482 3512 3545 τὰς
3546 3481 3632 3545 ξέ-

2017 3595 2152 3641 κνας,
2180 3575 2336 3641 ξένας
2366 3576 2464 3647 μέν
2520 3575 2621 3645 τῆς
2646 3574 2773 3645 γῆς,
2826 3574 3106 3638 πολίτιδας
3135 3574 3191 3627 δέ
3213 3573 3320 3626 τῶν
3349 3573 3594 3644 οὐρανῶν
3612 3589 3626 3603 ο

2038 3668 2130 3723 καὶ
2152 3667 2420 3739 δεξαμένη
2448 3665 2548 3737 τὴν
2568 3665 3047 3739 παρακαταθήκην
3099 3664 3420 3733 ἐφύλαττεν.
3465 3663 3630 3716 Ἀλλά

2042 3760 2230 3832 μηδεὶς
2250 3759 2358 3813 τῶν
2383 3758 2658 3828 γυναικῶν
2684 3757 2972 3812 ἀσθένειαν
3003 3756 3528 3826 καταγιγνωσκέτω,
3546 3757 3628 3808 ὅτι

2038 3853 2237 3922 ἔφυγον
2260 3869 2275 3883 ο
2303 3852 2632 3923 πρόσταγμα
2666 3848 2774 3921 γὰρ
2798 3849 3069 3920 ἐπλήρουν
3100 3848 3418 3901 δεσποτικὸν
3447 3847 3507 3899 τὸ
3535 3847 3627 3899 λέ-

2037 3959 2134 4012 γον
2154 3959 2168 3972 °
2210 3942 2392 3995 Ὅταν
2417 3943 2526 4012 γὰρ
2546 3940 2843 3994 διώκωσιν
2870 3937 3044 4008 ὑμᾶς,
3073 3940 3259 4010 φησὶν,
3284 3939 3354 3992 ἐκ
3386 3937 3498 4006 τῆς
3522 3938 3629 3990 πόα

2038 4037 2190 4097 λεως
2215 4033 2458 4099 ταύτης,
2494 4031 2745 4100 φεύγετε
2781 4032 2865 4096 εἰς
2899 4028 3016 4098 τὴν
3061 4029 3305 4097 ἑτέραν-ο
3350 4029 3486 4100 ὅπερ
3534 4028 3630 4081 καὶ

2042 4119 2203 4179 αὗται
2225 4125 2530 4177 ἀκούσασαι
2562 4121 2763 4192 ἔφυγον
2786 4120 2834 4185 δ,
2861 4121 2956 4197 κα)
2981 4120 3120 4183 τέως
3140 4115 3221 4184 εἷς
3249 4121 3437 4182 αὑταῖς
3468 4119 3630 4174 ἐπλέ-

2045 4234 2172 4272 κετο
2208 4216 2471 4284 στέφανος
2494 4229 2509 4242 ⁶
2538 4215 2692 4276 ποῖος
2725 4211 2789 4283 δὴ
2819 4207 3007 4278 οὖτος;
3057 4212 3116 4264 '0
3144 4212 3245 4281 τῆς
3278 4212 3387 4265 τῶν
3428 4198 3630 4281 παρόν-

2043 4323 2152 4358 των
2179 4304 2434 4358 άπάντων
2461 4303 2780 4375 ὑπεροψίας.
2810 4303 3019 4368 Ὅστις
3047 4301 3157 4374 γὰρ
3188 4301 3418 4371 ἀφῆκεν
3451 4302 3629 4356 ἀδελ-

2044 4397 2198 4471 φοὺς
2226 4396 2323 4450 καί
2355 4395 2644 4464 ἀδελφὰς,
2664 4393 2703 4462 ἢ
2727 4393 3005 4461 πατρίδα,
3023 4394 3060 4462 ἦ
3078 4395 3295 4457 οὶκίαν,
3325 4394 3364 4462 ἢ
3388 4394 3626 4462 φίλους,

2045 4489 2082 4558 ἢ
2112 4485 2448 4556 συγγενεῖς,
2476 4485 3079 4539 ἑκατονταπλασίονα
3126 4484 3416 4553 λήψεται,
3475 4485 3628 4554 φησὶ,

2047 4577 2144 4630 καὶ
2172 4574 2325 4644 ζωὴν
2364 4573 2606 4630 αἰώνιον
2643 4575 3118 4643 κληρονομήσει.
3176 4576 3284 4628 Καὶ
3335 4571 3475 4647 ἦσαν
3517 4578 3634 4629 ἐκεῖ

2046 4669 2136 4722 τὸν
2170 4665 2404 4737 Χριστὸν
2440 4665 2661 4735 ἔχουσαι
2720 4664 2987 4718 σύνοικον.
3041 4666 3105 4717 Εἰ
3148 4667 3256 4737 7&9
3304 4667 3437 4719 ὅπου
3466 4667 3558 4720 δύο
3597 4668 3630 4740 ῆ

2046 4761 2196 4829 τρεῖς
2226 4757 2331 4808 εἰσι
2379 4755 2728 4824 συνηγμένοι,
2785 4755 2843 4806 ἐν
2874 4753 3025 4822 μέσῳ
3066 4754 3248 4805 αὐτῶν
3298 4757 3467 4817 ἐστιν,
3497 4757 3630 4808 ὅπου

2047 4852 2167 4920 οὐχὶ
2200 4848 2536 4918 συνηγμέναι
2564 4843 2706 4919 ἦσαν
2740 4846 2921 4915 μόνον,
2950 4844 3089 4898 ἀλλά
3149 4846 3237 4899 καὶ
3271 4846 3358 4900 διὰ
3376 4848 3436 4899 τὸ
3461 4847 3634 4916 ὅνομα

2048 4941 2212 4996 αὐτοῦ
2245 4939 2566 5010 φεύγουσαι,
2595 4937 2711 5000 πῶς
2738 4937 2800 4989 οὐ
2832 4936 3031 5006 μᾶλλον
3062 4935 3227 4989 αὑτοῦ
3249 4937 3348 5008 τὴν
3379 4937 3634 5009 βοήθειαν

2049 5035 2398 5099 ἐπεσπῶντος
2431 5034 2578 5085 Ἐκεῖ
2596 5031 2776 5083 τοίνυν
2805 5030 3200 5100 διατριϐουσῶν
3218 5031 3327 5082 τῶν
3357 5030 3632 5099 γυναικῶν

2049 5127 2310 5198 ἐξαίφνης
2327 5124 2682 5194 ἐπιτάγματα
2705 5121 2918 5194 πονηρά
2947 5121 3222 5191 πανταχοῦ
3249 5122 3632 5192 κατεπέμπετο

2051 5221 2252 5290 πολλῆς
2281 5219 2519 5288 γέμοντα
2547 5215 2862 5286 τυραννίδος
2912 5215 3007 5268 καί
3045 5216 3326 5284 ὠμότητος
3371 5213 3633 5285 βαρϐαρι-

2051 5313 2184 5383 κῆς·
2220 5314 2269 5364 οἱ
2303 5313 2412 5382 7&9
2457 5313 2648 5363 οἰκεῖοι
2701 5309 2828 5372 τοὺς
2879 5307 3114 5370 οἰκείους
3166 5306 3631 5377 παραδιδότωσαν,

2052 5405 2239 5476 φησὶν,
2264 5405 2454 5475 ἄνδρες
2485 5402 2584 5466 τὰς
2612 5405 2893 5471 γυναῖκας,
2920 5400 3156 5469 πατέρες
3181 5399 3249 5452 τά
3269 5398 3454 5460 τέκνα,
3469 5398 3633 5451 τέκνα

2049 5501 2179 5561 τοὺς
2203 5499 2468 5568 πατέρας,
2497 5495 2716 5563 ἀδελφοὶ
2739 5495 2862 5556 τοὺς
2885 5492 3147 5562 ἀδελφοὺς
3166 5531 3181 5556 ,
3217 5491 3361 5560 φίλοι
3392 5491 3519 5553 τοὺς
3546 5490 3632 5559 φί-

2115 5758 2143 5799 b
2162 5757 2311 5806 Sam.
2340 5758 2388 5806 in
2413 5769 2561 5820 marg.
2579 5758 2694 5822 ὅπερ
2715 5757 2771 5814 δὴ
2793 5757 2909 5805 αὐτὸ
2931 5757 3011 5804 καί
3031 5755 3295 5819 πληροῦσαι
3321 5757 3424 5804 τότε
3451 5755 3632 5815 ἔφυγον.
