4082 6420
238 376 341 432 637

234 489 316 543 Tu
368 460 502 541 vero
531 483 660 540 mihi
687 483 787 537 huc
812 481 930 535 loco
961 478 1245 533 verborum
1270 473 1468 528 Christi
1510 468 1826 534 recordare,

232 581 456 648 ejusque
485 568 1169 648 praedictionematlntirare
1193 587 1207 621 :
1229 566 1488 638 siquidem
1513 571 1701 620 cuncta
1731 563 1831 616 ista

231 670 503 739 quondam
556 665 893 737 praedixerat.
950 661 1136 717 Tradat
1181 659 1360 725 enim,
1415 657 1624 727 inquit,
1672 657 1832 726 frater

229 766 446 833 {mtrem
475 803 491 828 ,
522 771 568 814 et
624 769 768 829 pater
796 758 959 826 ﬁlium
979 799 993 819 ,
1038 765 1083 810 et
1109 741 1377 824 insurgent.
1399 753 1494 821 ﬁlii
1517 752 1571 805 in
1597 759 1833 821 parentes

227 854 248 923 (
273 835 462 907 Matth.
497 851 582 906 10.
608 847 724 912 2|).
748 849 881 904 Tum
903 863 1035 902 vero
1060 846 1148 901 illa
1177 842 1395 915 propter
1422 843 1537 900 hac
1566 843 1664 897 tria
1689 855 1828 912 prte-

225 943 446 999 dicebat
481 957 497 995 z
531 942 764 1011 primum
796 939 1009 1009 quidem
1036 979 1055 1004 ,
1101 946 1158 991 ut
1208 936 1601 1006 cjus~virtutem
1635 948 1829 987 nosca-

222 1050 368 1098 mus.
401 1028 629 1104 eumque
652 1048 833 1088 verum
862 1047 984 1086 esse
1014 1030 1204 1097 Deum,
1231 1021 1319 1098 qui
1349 1043 1409 1083 ea
1432 1043 1558 1111 qum
1589 1024 1826 1081 nondum

219 1126 572 1196 contigerint,
600 1125 769 1178 multo
796 1126 921 1178 ante
949 1123 1257 1193 prmvideat.
1289 1119 1360 1176 Ut
1387 1119 1530 1174 enim
1560 1117 1828 1186 intelligas

226 1230 361 1271 eum
391 1225 670 1286 propterea
699 1229 787 1270 res
831 1213 1033 1268 futuras
1065 1211 1379 1284 prmdixisse
1401 1199 1619 1280 ,ipsum
1646 1209 1830 1263 dicen-

220 1319 338 1364 tcm
364 1309 487 1364 audi
517 1327 530 1361 :
567 1306 846 1377 Propterea
890 1307 998 1362 luet:
1027 1307 1136 1361 dixi
1171 1305 1308 1359 vobis
1345 1305 1486 1373 prius
1510 1303 1823 1374 quamﬁant,

220 1411 279 1453 ut
308 1417 423 1454 eum
449 1403 585 1472 facta
606 1401 814 1471 fuerint.
846 1399 1084 1465 credatis,
1122 1397 1244 1469 quia
1272 1413 1363 1468 ego
1394 1413 1507 1450 sum
1533 1393 1714 1465 (Joan.
1737 1393 1823 1448 ﬂ.

216 1493 297 1549 29
319 1495 363 1565 ).
395 1492 596 1549 Deinde
624 1507 754 1548 vero
786 1508 850 1548 ne
876 1492 999 1561 quis
1031 1489 1458 1545 adversariorum
1492 1486 1609 1541 bch
1637 1500 1703 1541 eo
1729 1500 1826 1541 ne-

218 1585 457 1648 sciente,
488 1584 572 1639 vel
603 1584 673 1639 ob
702 1583 1118 1640 imbecillitatem
1149 1582 1359 1636 sinente
1382 1579 1494 1634 fieri
1519 1578 1700 1644 dicat;
1731 1577 1822 1649 qui

216 1676 369 1729 enim
397 1675 568 1744 multo
598 1684 719 1730 ante
765 1672 1009 1745 prmvidit
1032 1713 1049 1738 ,
1099 1671 1274 1742 potuit
1299 1671 1463 1726 etiam
1509 1668 1770 1739 impedire
1804 1685 1821 1722 :

219 1783 332 1820 nun
361 1755 635 1835 impedivii
669 1777 848 1821 autem
877 1806 892 1830 ,
922 1772 980 1819 ut
1009 1762 1201 1818 flerent
1229 1762 1548 1832 insigniores
1577 1773 1819 1815 coronas.

218 1858 338 1914 llac
375 1857 443 1912 dc
464 1873 632 1912 causa.
657 1857 899 1927 praedixit
947 1855 1109 1921 haec;
1155 1854 1250 1910 sed
1289 1853 1359 1910 ob
1409 1853 1567 1908 aliain
1607 1867 1822 1922 quoque

220 1950 438 2004 tertiam
485 1949 875 2018 prmnuntiavit.
904 1947 1162 2015 Quaenam
1191 1948 1403 2002 tandem
1435 1943 1565 2000 illa?
1596 1943 1662 2000 Ut
1688 1943 1824 1998 faci-

218 2039 329 2093 lius
366 2047 638 2093 certamen
679 2039 743 2092 iis
777 2037 1048 2107 redderet,
1073 2038 1163 2107 qui
1192 2036 1244 2090 in
1275 2035 1447 2090 stadio
1488 2044 1772 2089 versantur
1804 2051 1817 2088 :

219 2144 347 2183 nam
370 2145 490 2199 quas
539 2129 905 2201 inexspectata
953 2136 1081 2185 sunt
1119 2128 1255 2183 mala
1285 2168 1302 2195 ,
1332 2141 1684 2197 quaecumque
1732 2125 1818 2181 illa

222 2221 441 2276 tandem
492 2221 602 2279 sint
651 2224 832 2298 gravia
869 2232 925 2278 et
974 2220 1307 2276 intoleranda
1362 2219 1650 2284 videntur;
1701 2233 1821 2290 qua

225 2321 354 2366 Vero
388 2315 778 2384 prmstolamur,
808 2323 863 2370 et
891 2314 970 2369 ad.
997 2329 1116 2384 qua:
1143 2328 1242 2370 nos
1265 2312 1580 2381 excipienda
1597 2327 1819 2380 compa-

219 2421 446 2473 ramus,
481 2406 617 2461 levia
661 2405 946 2475 faciliaque
988 2403 1302 2460 redduntur.
1347 2401 1457 2470 Qui.
1494 2411 1603 2456 tum
1642 2403 1821 2472 itaque

218 2502 347 2558 talia
382 2497 709 2554 mandabant
736 2495 1049 2560 adversarii,
1091 2511 1211 2551 cum
1254 2510 1405 2549 suam
1450 2493 1817 2550 crudelitatem

214 2590 610 2649 declarabant.
653 2596 764 2642 tum
807 2584 1104 2656 prophetia:
1145 2585 1344 2640 Christi
1385 2586 1686 2640 nescientes
1735 2592 1817 2639 te-

207 2686 530 2740 stimonium
553 2662 824 2741 dicebant,
846 2689 900 2733 et
921 2677 1113 2732 fratres
1129 2676 1519 2731 tradebantura
1542 2675 1813 2742 fratribus,

213 2787 272 2834 et
302 2793 332 2832 a
355 2778 594 2848 patribus
633 2771 725 2827 lilii
753 2811 768 2836 ,
796 2771 1004 2840 sibique
1043 2771 1140 2842 ipsi
1166 2780 1354 2824 natura
1385 2769 1583 2826 bellum
1616 2767 1816 2830 infere-

212 2871 311 2928 bat
347 2888 360 2924 :
394 2871 446 2924 in
476 2863 706 2938 seipsam
751 2861 998 2933 cognatio
1032 2861 1393 2927 scindebatur,
1439 2873 1627 2935 onines
1671 2860 1818 2928 leges

213 2960 456 3017 funditus
477 2958 879 3017 cvertebantus,
901 2953 1078 3006 omnia
1109 2952 1336 3006 tumultu
1359 2950 1589 3021 quodam
1618 2957 1673 3004 et
1694 2963 1818 3018 per-

213 3055 520 3111 turbatione
546 3051 910 3121 replebantur,
942 3056 996 3101 et
1029 3061 1060 3099 a
1089 3043 1423 3100 dromonibus
1464 3041 1656 3113 domus
1703 3050 1827 3098 tum.

214 3157 449 3220 cognato
478 3145 745 3215 sanguinev
761 3139 1187 3212 complebantur.
1214 3135 1353 3192 Nam
1376 3136 1468 3205 qui
1508 3134 1672 3188 lilium
1701 3142 1812 3189 tra-

213 3241 352 3296 didit
377 3249 546 3309 pater,
571 3235 790 3292 omnino
823 3232 986 3290 etiam
1032 3229 1293 3300 iugulavit
1322 3245 1335 3282 :
1367 3227 1489 3281 licet
1534 3227 1676 3280 enim
1713 3239 1813 3279 en-

215 3347 331 3386 sem
354 3346 459 3384 non
491 3328 794 3399 impulerit,
837 3337 1011 3395 neque
1051 3321 1270 3376 dextera
1301 3318 1504 3375 caedem
1552 3317 1773 3388 patrarit
1796 3356 1811 3379 ,

217 3406 401 3478 tamen
421 3419 583 3473 animi
606 3416 864 3472 sententia
893 3429 1007 3469 rem
1037 3427 1248 3465 omnem
1280 3410 1481 3480 peregit
1507 3427 1521 3462 :
1553 3423 1676 3462 nam
1722 3408 1812 3477 qui

219 3510 518 3585 percussori
565 3509 837 3565 hominem
867 3504 1168 3563 necandum
1201 3502 1433 3565 tradidit,
1466 3499 1814 3557 homicidium

218 3603 336 3673 ipse
363 3601 651 3656 commisit.
695 3597 1005 3654 Efﬁciamus
1041 3595 1217 3666 igitur,
1243 3603 1306 3649 ut
1329 3594 1526 3649 liberos
1567 3607 1694 3647 suos
1723 3606 1816 3646 oc-

224 3693 428 3757 cidant,
462 3691 674 3746 aiebant
703 3689 1016 3753 daemones;
1060 3685 1347 3741 reddamus
1388 3685 1525 3738 filios
1555 3700 1650 3754 per
1690 3699 1816 3754 pro.

220 3783 477 3838 ditionem
522 3781 855 3851 parricidas:
903 3780 1038 3835 tales
1078 3777 1222 3833 enim
1263 3777 1392 3832 olim
1436 3777 1539 3830 illis
1583 3775 1812 3831 victima:

222 3873 655 3939 immolabantur,
686 3885 741 3927 et
774 3882 949 3940 patres
971 3869 1113 3925 filios
1143 3869 1468 3923 mactabat—it.
1501 3870 1675 3938 Atque
1696 3866 1814 3934 hare

224 3963 483 4034 propheta
534 3962 792 4017 rlamabat
828 3960 1015 4017 dicens
1039 4002 1055 4026 ,
1085 3959 1482 4013 Immolaverunt
1504 3958 1641 4027 ﬁlios
1669 3974 1818 4025 suos,

223 4056 432 4125 etﬁfias
461 4071 577 4108 suas
606 4054 870 4110 domtoniis
903 4051 1075 4123 (Psal.
1117 4050 1239 4107 l05.
1269 4051 1336 4106 37
1367 4048 1388 4122 )
1423 4067 1436 4103 :
1465 4059 1523 4106 ct
1548 4048 1810 4120 ejusmodi

223 4146 532 4215 sanguinem
555 4144 821 4198 sitiebant.

297 4237 728 4308 Edictojubcntur
748 4229 1130 4308 parentcsﬁlios
1145 4231 1664 4306 deferre—Quando
1684 4247 1812 4302 ergo

221 4328 572 4384 exsecrabilis
615 4329 712 4382 ista
753 4338 806 4379 et
853 4312 1208 4380 abominanda
1256 4325 1514 4380 sacrificia
1566 4322 1812 4379 Christus

223 4417 523 4473 inhibuerat
546 4460 558 4481 ,
593 4431 851 4471 renovare
899 4429 1082 4470 rursus
1121 4414 1210 4469 illa
1241 4413 1674 4480 contendebant;
1715 4430 1808 4468 vc-

221 4527 338 4566 rum
393 4508 727 4577 impudenter
764 4508 987 4577 quidem
1045 4514 1100 4563 et
1147 4517 1331 4576 aperte
1374 4507 1556 4563 dicere
1583 4548 1598 4572 ,
1646 4507 1814 4562 Filios

219 4611 429 4654 vestros
460 4607 708 4663 mactata,
738 4613 842 4653 non
865 4599 1134 4655 audebant
1157 4600 1374 4654 :mullus
1396 4600 1537 4660 enim
1563 4599 1667 4653 illis
1699 4616 1812 4652 mo-

222 4706 334 4745 rem
364 4689 616 4760 gessisset
645 4706 658 4742 :
685 4689 779 4743 sed
801 4689 900 4743 alia
933 4692 1140 4745 ratione
1175 4690 1408 4746 edictum
1448 4691 1770 4746 concinnant
1791 4732 1806 4755 ,

220 4795 284 4837 ac
313 4781 483 4851 legem
518 4780 990 4836 comminiscuntur
1020 4799 1034 4833 :
1064 4797 1159 4850 per
1181 4781 1393 4851 iudices
1431 4781 1725 4851 imperant,
1756 4773 1813 4836 ut

223 4882 475 4941 parentes
506 4874 640 4929 ﬁlios
696 4870 926 4944 prodant
960 4851 990 4931 ξ
1021 4874 1152 4928 nihil
1183 4875 1325 4929 enim
1376 4885 1561 4930 nostra
1591 4875 1815 4930 interest

220 4966 333 5019 sive
378 4972 575 5019 mactet
617 4966 777 5035 quis,
826 4965 936 5020 sive
982 4964 1321 5022 mactandum
1380 4964 1545 5020 filium
1593 4965 1809 5021 tradat:

222 5072 344 5109 nam
373 5064 430 5110 et
455 5054 541 5110 hic
570 5065 625 5110 et
669 5055 766 5116 ille.
784 5057 1098 5115 -Iibcrorum
1127 5068 1210 5115 est
1254 5057 1585 5114 interfector.
1619 5059 1813 5114 Videre

221 5147 383 5215 igitur
407 5157 525 5202 erat
564 5147 855 5218 parricidas
881 5191 897 5215 ,
940 5150 1227 5207 liberorum
1256 5149 1628 5206 interfectores
1652 5192 1666 5217 ,
1700 5150 1810 5205 fra-

220 5237 479 5304 tricidas;
525 5240 781 5296 tumultus
835 5256 899 5296 ac
952 5243 1372 5313 perturbationis
1425 5243 1604 5297 omnia
1633 5232 1812 5312 plena

220 5337 374 5382 erant
406 5345 420 5380 :
453 5337 507 5383 at
533 5330 785 5386 mulieres
809 5331 919 5387 alta
957 5333 1340 5402 tranquillitate
1362 5332 1714 5389 fruebantur:
1743 5334 1814 5394 sio,

221 5417 436 5485 quidem
469 5412 700 5490 undique
726 5420 843 5480 illas
871 5437 996 5493 spes
1021 5422 1320 5492 futurorum
1352 5424 1645 5490 muniebat,
1677 5439 1812 5495 quo-

225 5509 364 5562 niam
410 5517 467 5563 et
494 5523 716 5581 peregre
744 5526 864 5565 eum
909 5511 1208 5583 degerent,
1259 5529 1485 5585 peregre
1520 5528 1626 5570 non
1654 5513 1814 5584 dege-

224 5595 352 5654 bant
383 5616 397 5653 :
433 5615 616 5657 veram
645 5603 787 5658 enim
817 5608 1054 5674 patriam.
1083 5605 1243 5661 fidem
1286 5607 1558 5663 habebant
1579 5647 1596 5675 ,
1627 5606 1814 5664 civita-

223 5697 327 5742 tem
355 5691 624 5760 propriam
665 5682 933 5750 habebant
961 5697 1372 5763 confessionem,
1399 5706 1588 5755 etcum
1617 5700 1814 5769 optima

220 5792 315 5850 spe
338 5784 630 5848 alerentur,
651 5785 812 5839 nullis
840 5786 1000 5842 rebus
1022 5789 1374 5857 praesentibus
1398 5789 1766 5847 alliciebantur
1799 5807 1812 5845 :

1349 359 1434 413 DE
1473 356 1570 412 SS.
1615 349 1910 410 BERNICE
1952 347 2042 405 ΕΤ
2079 345 2452 406 PROSDOCE.

3439 347 3544 405 638

1943 461 2125 534 futura
2157 477 2388 534 namque
2415 461 2588 518 solum
2618 461 2949 534 spectabant.
2981 460 3092 518 Hoc
3131 460 3289 534 igitur
3319 461 3376 517 in
3400 471 3542 519 statu

1923 572 2058 612 .cum
2080 571 2167 613 res
2188 567 2394 620 essent,
2441 555 2494 612 in
2537 554 2680 610 illam
2709 554 2897 612 urbem
2925 554 3141 626 advenit
3182 565 3336 629 pater
3363 557 3541 611 militi-

1936 650 2040 706 bns
2075 649 2141 705 ad
2169 649 2486 720 capiendam
2528 648 3034 722 pardum-adpotus
3060 667 3075 705 :
3106 646 3324 705 advenit
3349 661 3498 720 pater
3526 690 3546 715 ,

1937 748 1991 793 et
2019 739 2274 807 maritus;
2306 739 2533 794 filiarum
2565 737 2781 809 quidem
2809 749 2981 809 pater,
3013 740 3196 796 uxoris
3225 749 3403 794 autem
3426 752 3559 792 mav‘

1937 830 2113 884 ritus:
2143 829 2410 899 siquidem
2443 839 2649 899 patrem
2685 831 2783 885 aut
2809 830 3061 884 maritum
3101 845 3225 886 eum
3280 830 3543 900 appellari

1937 921 2302 990 Oportet,qui
2354 919 2616 990 ejusmodi
2655 905 2707 975 in
2759 920 2920 976 rebus
2965 921 3323 977 ministerium
3379 936 3539 977 suum

1936 1010 2291 1080 impenderet.
2339 1014 2411 1066 -Λῑ
2456 1012 2600 1085 enim
2633 1027 2916 1083 parcamus
2945 1012 3016 1067 illi
3048 1053 3063 1077 ,
3109 1019 3368 1084 quan‘tnm
3425 1014 3540 1070 fieri

1932 1111 2131 1172 potest,
2167 1101 2602 1173 quandoquidem
2657 1111 2809 1172 pater
2849 1113 3182 1174 martyrum,
3215 1116 3271 1158 et
3312 1107 3538 1159 maritus

1934 1193 2189 1265 martyris
2233 1193 2332 1248 fuit
2364 1210 2378 1257 ;
2411 1210 2588 1265 neque
2615 1194 2859 1250 dolorem
2889 1195 3126 1262 vulneris
3156 1196 3275 1266 ejus
3298 1197 3542 1253 crimini-

1934 1284 2034 1339 bus
2069 1286 2269 1341 nostris
2293 1303 2605 1358 augeamus.

2004 1376 2058 1432 6.
2095 1377 2175 1434 Tu
2201 1394 2331 1435 vero
2361 1380 2490 1438 mihi
2523 1380 2808 1436 mulierum
2838 1381 3175 1451 prudentiam
3201 1382 3484 1448 considera
3514 1401 3531 1443 :

1933 1484 2052 1525 cum
2095 1471 2238 1527 enim
2285 1470 2593 1544 fugiendum
2641 1474 2780 1539 erat,
2818 1471 3072 1547 fugerunt
3103 1492 3116 1528 :
3149 1489 3269 1530 cum
3306 1475 3540 1533 ineunda

1932 1572 2086 1618 erant
2125 1565 2418 1635 certamina
2435 1606 2451 1630 ,
2477 1566 2949 1645 constiterunts,.et
2977 1582 3162 1623 amore
3187 1566 3388 1624 Christi
3417 1570 3537 1624 vin-

1931 1661 2034 1708 ct:e
2086 1654 2495 1726 sequebantur:
2527 1665 2584 1712 ut
2633 1644 2779 1712 enim
2831 1658 3155 1713 tentationes
3199 1659 3540 1715 accersenda:

1930 1759 2038 1800 non
2082 1754 2242 1814 sunt,
2285 1746 2357 1801 ita
2405 1761 2526 1802 cum
2568 1747 2888 1826 advenerint
2918 1748 3306 1804 decertandum
3334 1758 3450 1814 est,
3480 1761 3540 1806 ut

1930 1834 2056 1892 inde
2083 1845 2282 1893 nostra!
2312 1838 2578 1904 lenitatis,
2608 1838 2732 1893 hinc
2758 1847 2955 1894 nostrae
2995 1837 3327 1895 fortitudinis
3356 1841 3545 1911 speci-.

1929 1942 2054 1983 men
2083 1927 2339 1995 edamus;
2383 1928 2435 1983 id
2471 1927 2616 1999 quod
2656 1940 2712 1985 et
2747 1929 2853 1986 illa:
2895 1939 3006 1985 tum
3037 1929 3282 1985 fecerunt
3321 1943 3418 1987 :et
3444 1947 3534 1988 re-

1928 2033 2098 2073 versa:
2127 2025 2288 2086 sunt,
2329 2035 2392 2074 ac
2418 2019 2782 2075 deeertarnnt.
2827 2020 3040 2077 Etenim
3084 2031 3326 2090 apertum
3359 2020 3537 2079 fuerat

1929 2108 2198 2178 stadium,
2243 2119 2298 2166 et
2335 2111 2400 2164 ad
2445 2112 2990 2183 certamina-tempus
3031 2114 3320 2179 inuitabat;
3364 2131 3538 2186 genus

1926 2209 2107 2256 autem
2134 2203 2321 2273 agoois
2349 2202 2447 2261 fuit
2474 2203 2757 2272 ejusmodi.

2002 2290 2324 2362 Hierapolim
2352 2295 2681 2365 perveniunt,
2727 2295 2901 2349 urbem
2948 2295 3086 2350 Asia:
3113 2299 3341 2353 minoris.
3375 2298 3527 2356 Civis

1926 2394 2003 2438 sto
2031 2388 2212 2439 comite
2236 2404 2288 2440 se
2317 2387 2370 2440 in
2399 2388 2602 2456 ﬂumen.
2622 2372 2916 2458 proﬁciunt.
2958 2388 3280 2460 Bapliamam
3301 2393 3532 2464 appellat

1926 2489 2136 2532 mortem
2177 2479 2230 2533 in
2272 2481 2520 2551 martyrio
2558 2483 2763 2535 obitum.
2814 2511 2888 2522 --
2924 2481 3201 2539 Venerunt
3244 2465 3309 2539 in
3341 2487 3533 2543 urbem

1928 2569 2261 2640 Hierapolim
2284 2573 2524 2640 nomine,
2569 2573 2804 2643 indeque
2829 2590 2953 2629 vere
2989 2577 3054 2628 ad
3098 2591 3306 2632 sacram
3344 2579 3530 2634 urbem

1926 2652 2017 2721 loli
2051 2666 2292 2721 machina
2331 2667 2605 2724 subvecta:
2640 2668 3017 2724 ascendertutt.
3053 2669 3201 2723 Viam
3231 2671 3400 2739 illam,
3429 2688 3531 2743 qua

1925 2755 2165 2812 redibant
2193 2798 2209 2824 ,
2251 2756 2444 2815 fluvius
2489 2757 2885 2829 prmterlluebat
2925 2761 3060 2816 clam
3103 2761 3359 2819 militibus
3385 2806 3400 2830 ,
3441 2768 3531 2834 qui

1924 2847 2207 2918 prandium
2239 2850 2533 2905 sumebant.
2551 2860 2602 2905 et
2632 2851 3035 2906 incbriabantur
3064 2871 3076 2906 :
3102 2863 3222 2908 sunt
3255 2855 3416 2909 etiam
3440 2857 3528 2927 qui

1923 2936 2099 2994 dicant
2129 2939 2346 2995 conscio
2385 2950 2438 2996 et
2466 2941 2712 3011 adjutore
2750 2952 2904 3012 patre
2946 2943 3068 2998 illas
3108 2959 3232 2999 usas
3267 2960 3390 3001 esse
3414 2988 3431 3013 ,
3477 2955 3533 3002 nt

1928 3029 2127 3085 milites
2167 3031 2413 3086 fallerent
2435 3071 2454 3098 ,
2484 3031 2626 3102 quod
2654 3041 2708 3087 et
2736 3035 2900 3088 credo
2935 3052 2949 3087 :
2979 3034 3218 3088 fortassis
3244 3035 3386 3090 enim
3430 3035 3533 3092 hoc

1924 3119 2049 3180 ideo
2090 3122 2218 3176 fecit
2239 3164 2255 3188 ,
2302 3131 2360 3177 ut
2400 3125 2588 3193 exigua
2618 3125 2807 3179 saltem
2837 3127 3184 3184 excusatione
3211 3127 3529 3196 proditionis

1923 3213 2083 3283 hujus
2106 3216 2274 3284 gratia
2305 3214 2357 3269 in
2389 3215 2475 3270 die
2496 3216 2679 3284 judicii
2707 3216 2864 3271 saluti
2889 3233 2998 3271 sua:
3030 3219 3355 3287 provideret.
3387 3221 3530 3291 quod

1921 3317 2142 3372 operam
2170 3305 2561 3372 commodarit,
2595 3315 2649 3361 et
2673 3307 2973 3376 adjuverit,
3011 3319 3174 3379 atque
3212 3310 3278 3364 ad
3326 3321 3532 3384 marty-

1921 3395 2067 3451 rium
2103 3395 2396 3454 faciliorem
2424 3414 2639 3454 cursum
2681 3401 3014 3458 reddiderit:
3049 3404 3138 3457 illo
3167 3405 3326 3474 igitur
3351 3407 3405 3460 in
3433 3422 3532 3461 an.

1920 3490 2105 3544 silium
2139 3489 2327 3559 ascito,
2360 3501 2560 3547 etcum
2589 3493 2706 3563 ejus
2731 3509 2891 3564 Opera
2921 3497 3120 3551 milites
3145 3514 3399 3556 amovere
3432 3516 3528 3569 po-

1922 3582 2170 3644 tuissent,
2219 3582 2271 3635 in
2324 3583 2558 3638 medium
2609 3584 2808 3638 llunten
2862 3586 3115 3656 ingressae
3160 3600 3304 3652 sunt,
3360 3604 3530 3658 seque

1921 3673 2144 3742 ipsasin
2172 3673 2260 3728 illa
2292 3673 2487 3732 fluenta
2519 3670 2870 3732 demiserunt.
2899 3664 3261 3748 ingressaest
3286 3696 3416 3736 cum.
3435 3698 3529 3751 ge-

1886 3788 1894 3796 ι
1921 3763 2090 3820 minis
2114 3765 2323 3821 filiabus
2360 3776 2530 3823 mater
2561 3783 2576 3820 :
2608 3768 2828 3825 audiant
2866 3778 2918 3824 et
2946 3780 3158 3825 matres.
3178 3782 3236 3825 et
3260 3772 3528 3844 virgines,

1922 3854 2008 3910 ha:
2043 3857 2257 3926 quidem
2302 3860 2382 3914 sic
2411 3860 2673 3916 matribus
2715 3870 2966 3930 pareant,
2993 3862 3098 3918 illre
3124 3880 3251 3919 vero
3275 3865 3412 3921 filias
3448 3868 3529 3923 sic

1922 3949 2229 4016 instituant,
2255 3952 2324 4007 ita
2351 3952 2552 4012 liberos
2570 3953 2812 4024 diligant.
2838 3954 3079 4024 Ingresso
3101 3966 3182 4011 est
3207 3959 3385 4028 itaque
3411 3975 3525 4016 me-

1919 4042 2017 4104 dia-
2038 4037 2514 4115 matcr‘utrinique-
2537 4044 2674 4101 filias
2701 4059 2884 4102 secum
2927 4047 3160 4114 habens;
3191 4065 3310 4119 qna:
3348 4051 3531 4107 virum

1919 4133 2161 4190 habebat
2184 4135 2246 4191 int
2264 4137 2442 4192 medio
2469 4138 2810 4208 innuptarum
2841 4155 2855 4192 :
2885 4148 3119 4208 eramus.
3142 4141 3194 4195 in
3225 4142 3402 4201 medio
3428 4144 3528 4198 vir-

1917 4228 2156 4297 giuitatis
2181 4229 2598 4295 matrimonium,
2623 4241 2678 4285 et
2706 4231 2940 4300 ipsarum
2971 4231 3035 4286 in.
3053 4233 3229 4288 medio
3253 4233 3522 4292 Christus.

1920 4317 2070 4374 Sicut
2101 4318 2262 4389 igitur
2296 4319 2449 4376 radix
2476 4322 2688 4376 arboris
2712 4320 3182 4390 binisstolonibus
3254 4323 3526 4396 utrimque

1919 4414 2194 4468 stantibus
2216 4414 2405 4468 vallata
2427 4455 2440 4478 ,
2482 4415 2561 4470 sic
2591 4415 2860 4486 utrimque
2895 4415 3048 4471 beata
3099 4417 3184 4471 illa
3229 4418 3526 4490 virginibus

1918 4506 2113 4576 stipata
2161 4507 2426 4573 intrabat,
2470 4516 2524 4564 et
2568 4508 2621 4562 in
2667 4522 2833 4578 aquas
2871 4507 2990 4564 illas
3024 4509 3301 4578 mittebat,
3347 4513 3530 4582 itaque

1918 4608 2044 4655 sunt
2066 4599 2366 4668 snﬂ'ocatai,
2384 4601 2466 4656 vel
2491 4615 2634 4656 novo
2653 4601 2829 4669 potius
2849 4609 2904 4656 et
2929 4601 3192 4657 inusitato
3206 4602 3527 4671 baptismate

1922 4693 2222 4764 baptizaue.
2255 4694 2332 4748 Ac
2361 4693 2419 4748 'si
2463 4707 2621 4750 nosse
2649 4694 2796 4749 velis.
2820 4694 3022 4750 clarum
3063 4695 3205 4750 illud
3239 4695 3402 4753 fuisse
3428 4697 3525 4753 bar

1920 4790 2114 4858 ptisma
2144 4787 2285 4856 quod
2311 4797 2521 4858 gestum
2541 4797 2644 4852 est,
2669 4788 2792 4844 audi
2815 4789 3347 4859 quomodo-mortem:
3367 4807 3521 4847 suam

1920 4880 2182 4951 baptisma
2208 4878 2454 4936 Christus
2480 4882 2713 4953 appellet
2742 4900 2755 4936 :
2785 4881 2924 4938 ﬁlios
2942 4882 3084 4936 enim
3116 4883 3405 4955 alloquens-
3425 4885 3529 4942 Ze-

1921 4973 2122 5040 bedtei,
2181 4972 2400 5029 Calicem
2464 4975 2668 5045 quidem
2719 4991 2885 5029 meum
2932 4975 3142 5041 bibetis,
3202 4978 3412 5047 inquit,
3478 4990 3540 5034 et-

1920 5066 2207 5134 baplimo,
2267 5083 2368 5136 quo
2421 5083 2524 5138 ego-
2563 5067 2794 5137 baptiaor
2817 5109 2831 5132 ,
2888 5066 3286 5137 bdptizabimini.
3318 5069 3530 5137 (Marc.

1924 5155 2010 5210 10.
2043 5156 2164 5226 38).
2215 5156 2332 5223 Quo
2377 5172 2506 5210 vero
2536 5155 2802 5225 baptismo
2833 5157 3131 5228 baptizatus
3167 5168 3252 5214 est
3280 5159 3529 5216 Christus

1921 5256 2042 5315 post
2087 5246 2310 5300 Joannis
2342 5247 2688 5316 baptismum,
2739 5244 2837 5302 nisi
2890 5258 3062 5303 morte
3093 5265 3156 5301 ac
3211 5265 3371 5305 cruce
3406 5250 3430 5303 ?
3463 5250 3528 5306 lit

1920 5337 2081 5406 igitur
2116 5336 2347 5392 .laCubus
2390 5353 2496 5392 non
2535 5339 2678 5392 cruci
2722 5337 2934 5401 allixns,
2992 5338 3098 5392 steti:
3137 5341 3312 5409 eapite
3372 5351 3522 5394 tr-uu-

1919 5436 2072 5484 catus
2119 5442 2268 5492 ense,
2320 5429 2586 5496 baptismo
2629 5430 2926 5499 baptizatus
2964 5440 3045 5485 est
3086 5431 3280 5486 Christi
3313 5450 3326 5485 :
3366 5433 3443 5488 sic
3471 5443 3529 5488 et

1921 5520 2037 5574 ista:
2065 5520 2189 5594 licet
2229 5521 2498 5575 erucius-:12
2538 5537 2642 5581 non
2676 5522 2911 5588 fuerint,
2958 5512 3050 5577 sed
3095 5525 3163 5578 ab
3213 5525 3370 5595 aquis
3425 5542 3522 5579 no-

1920 5619 2086 5671 Catat,
2118 5610 2318 5666 Christi
2367 5615 2501 5667 sunt"
2523 5613 2841 5681 baptismate
2880 5613 3180 5683 baptizatus.
3237 5616 3404 5671 Porro
3457 5617 3526 5672 il-

1903 5701 2001 5756 ‘las
2027 5709 2198 5756 mater
2219 5701 2523 5772 baptizavit.
2553 5703 2692 5771 Quid
2718 5704 2840 5758 ais?
2866 5707 3061 5760 mulier
3089 5707 3358 5777 liaplizat?
3384 5709 3529 5764 Sane

1929 5793 2142 5865 quidem
2173 5793 2580 5865 baptismatibus
2605 5795 2788 5866 ejusnn
2812 5794 2865 5849 di
2887 5797 3138 5854 mulieres
3171 5801 3331 5854 etiam
3361 5799 3529 5870 bapti-
