4082 6422
577 330 681 386 639

569 449 726 497 tant.
757 433 1203 508 quemadmodum
1241 443 1297 490 et
1341 435 1426 490 illa
1455 435 1636 505 utique
1672 433 2034 503 ctbaptizavit
2054 473 2069 496 ,
2098 441 2153 487 et

569 529 820 586 sacerdos
859 536 941 582 est
979 524 1156 579 facta:
1197 525 1454 596 siquidem
1492 527 1735 579 victimas
1781 524 1984 577 ratione
2011 536 2152 591 pne-

529 666 532 670 λ
571 625 709 678 ditas
733 619 942 683 obtulit,
965 628 1021 672 et
1043 618 1202 672 animi
1234 616 1558 687 propositum
1591 617 1662 670 illi
1693 599 2050 669 ordinationis.
2072 613 2154 667 lo-

570 733 688 772 eutn
705 713 970 786 supplevit
989 731 1002 766 :
1018 712 1262 781 quodque
1281 711 1470 764 mirum
1493 719 1593 774 est,
1614 724 1716 762 non
1737 707 1957 775 indiguit
1974 705 2050 759 alt
2067 705 2153 768 =ri,

571 823 688 860 cum
718 804 1180 863 sacrificaret,th
1206 793 1381 869 lignis,
1403 816 1502 853 nec
1531 802 1668 868 igne,
1692 813 1787 851 nec
1814 796 1988 866 gladio
2015 813 2028 848 :
2051 795 2152 848 fitt-

571 905 690 954 vius
708 899 849 953 enim
869 897 942 950 illi
961 895 1196 949 omnium
1220 894 1337 948 loco
1357 894 1470 955 fuit,
1494 901 1549 947 et
1576 892 1780 956 altaris,
1797 891 2152 960 etlignorum,

570 1004 621 1046 et
661 989 854 1060 gladii,
881 998 934 1043 et
964 987 1118 1055 ignis,
1151 994 1205 1038 et
1230 983 1495 1045 sacrificii,
1519 993 1571 1037 et
1603 982 1870 1051 baptismi.
1904 980 2155 1048 baptismi

571 1081 784 1149 quidem
806 1079 971 1132 multo
991 1076 1331 1131 cvidentioris
1359 1073 1462 1128 hoc
1486 1073 1800 1141 haptismo‘.
1816 1071 1948 1124 Nam
1967 1070 2034 1124 de
2057 1069 2158 1123 hoc

572 1173 783 1242 quidem
799 1172 874 1225 ait
897 1168 1117 1222 Paulus:
1141 1166 1479 1237 Complantati
1505 1166 1625 1237 {acti
1645 1180 1816 1218 sumus
1840 1161 2157 1242 similitudini

572 1233 744 1317 mortis
767 1265 875 1333 ejus
899 1261 1072 1333 (Rom.
1100 1260 1155 1315 6.
1181 1233 1306 1329 5i:
1341 1258 1407 1313 de
1428 1233 1690 1326 baptismo
1713 1271 1838 1310 vero
1865 1233 2156 1324 martyrum

573 1373 674 1410 non
690 1357 796 1423 jam
816 1351 1147 1409 similitudini
1175 1349 1288 1418 ejus
1314 1349 1408 1414 ait,
1426 1345 1520 1402 sed
1539 1345 1858 1416 conligurari
1879 1359 1976 1398 nos
1999 1341 2157 1397 morti

572 1451 688 1516 ejus
737 1446 991 1516 (Philipp.
1029 1445 1081 1499 '5.
1117 1442 1228 1513 10).
1272 1440 1559 1495 lndncebat
1598 1439 1776 1508 itaque
1816 1437 1955 1491 filias
1990 1447 2162 1490 mater

575 1554 678 1592 non
705 1538 856 1606 quasi
884 1537 936 1590 in
959 1535 1174 1588 ﬂuvium
1203 1531 1502 1596 inductura,
1529 1529 1622 1584 sed
1643 1529 1795 1599 quasi
1822 1530 1874 1582 in
1899 1527 2160 1581 thalamos

567 1625 685 1683 illas
711 1625 1002 1680 deduceret
1036 1643 1049 1676 :
1083 1623 1368 1678 inducebat
1411 1629 1633 1691 utraque
1675 1635 1740 1675 ex
1780 1628 1930 1689 parte
1972 1626 2161 1671 tenens

574 1719 881 1786 dicensque,
915 1716 1058 1771 Ecce
1078 1729 1176 1785 ego
1198 1723 1256 1770 et
1280 1712 1472 1782 puellae
1506 1726 1670 1774 mete,
1697 1723 1828 1780 quas
1854 1709 2002 1765 dedit
2030 1709 2160 1763 mihi

575 1810 715 1863 Deus
741 1806 894 1871 (hui.
925 1805 979 1861 8.
1009 1805 1098 1875 18)
1141 1824 1154 1858 :
1183 1813 1236 1859 tu
1266 1817 1358 1858 eas
1389 1802 1518 1857 mihi
1546 1801 1775 1868 dedisti,
1805 1801 1897 1855 tibi
1918 1816 2019 1871 ego
2045 1801 2162 1855 illas

575 1897 918 1963 commendo,
953 1912 1038 1952 res
1061 1908 1210 1949 meas
1231 1903 1285 1950 et
1311 1909 1398 1948 me
1426 1894 1614 1962 ipsam.
1648 1893 1826 1963 Itaque
1847 1892 2038 1961 duplex
2065 1891 2163 1946 fuit

577 1990 815 2046 mulieris
845 1987 1155 2060 martyrium
1178 2027 1192 2050 ,
1223 1988 1331 2039 imo
1355 1999 1485 2040 vero
1511 1984 1698 2054 triplex
1727 2002 1744 2038 :
1777 1999 1898 2037 nam
1930 1998 2024 2052 per
2052 1985 2162 2038 sei-

576 2094 724 2150 psam
750 2080 939 2145 semel,
973 2094 1068 2147 per
1091 2077 1225 2131 tilias
1253 2090 1379 2131 suas
1404 2076 1487 2130 bis
1507 2074 1821 2144 martyrium
1850 2089 2001 2143 passa
2031 2081 2115 2128 est
2141 2088 2158 2129 :

574 2180 630 2225 et
669 2168 1119 2240 quemadmodum
1162 2182 1281 2221 cum
1330 2166 1559 2236 seipsam
1609 2165 1896 2219 immittere
1941 2164 2160 2228 debuit,

575 2263 737 2338 nluita
765 2262 841 2316 illi
864 2262 963 2316 fuit
983 2272 1118 2331 opus
1146 2258 1426 2314 tolerantia
1456 2274 1470 2311 :
1503 2257 1581 2313 sic
1608 2265 1663 2311 et
1691 2256 1779 2311 ubi
1809 2271 1989 2312 secum
2015 2255 2165 2325 puel-

576 2354 653 2406 las
681 2353 841 2405 traxit
861 2391 877 2417 ,
919 2351 1085 2406 altera
1115 2358 1261 2404 tanta
1292 2346 1516 2418 indiguit
1559 2345 1869 2409 tolerantia,
1902 2345 2009 2398 imo
2035 2359 2163 2398 vero

577 2442 744 2495 multo
772 2440 956 2509 majori
989 2457 1004 2498 :
1033 2454 1138 2494 non
1162 2438 1304 2493 enim
1327 2436 1461 2492 adeo
1485 2435 1736 2489 mulieres
1760 2434 1930 2488 solent
1958 2432 2161 2500 dolere,

576 2550 698 2587 cum
733 2532 860 2600 ipsa:
889 2532 1158 2587 moritura:
1186 2528 1402 2591 fuerint,
1430 2535 1489 2582 ut
1511 2542 1633 2581 cum
1658 2525 1867 2580 illarum
1896 2523 2018 2577 illis:
2039 2537 2164 2592 pas—

578 2639 653 2677 sae
681 2622 782 2675 hoc
810 2621 1026 2677 fuerint.
1057 2620 1238 2690 Itaque
1270 2617 1501 2689 graviori
1535 2631 1629 2685 per
1653 2615 1790 2670 filias
1820 2614 1934 2669 ba‘e
1963 2621 2166 2682 marty-

579 2715 662 2767 rio
688 2713 919 2766 cruciata
945 2721 1045 2773 est,
1070 2726 1188 2765 cum
1217 2708 1282 2764 ad
1311 2706 1706 2778 reprimendam
1740 2713 1942 2758 natura:
1971 2704 2076 2756 vim
2103 2718 2163 2757 se

578 2802 829 2868 accinxit,
861 2818 982 2856 cum
1008 2800 1235 2856 materni
1263 2798 1461 2853 amoris
1483 2795 1712 2851 flamma:
1741 2793 1936 2848 restitit
1955 2835 1969 2857 ,
2001 2803 2052 2846 et
2081 2792 2167 2845 iu-

581 2898 845 2952 tolerabili
879 2898 1139 2950 viscerum
1168 2890 1557 2948 eouturhationi
1578 2898 1737 2958 atque
1765 2889 1899 2942 uteri
1928 2900 2166 2940 commo-

585 2989 735 3043 tioni.
763 2988 818 3042 Si
842 2987 985 3041 enim
1015 2986 1174 3039 filiam
1198 2999 1355 3038 unam
1383 2981 1643 3052 quzrpiam
1672 2993 1901 3034 cernens
1927 2977 2165 3031 morien-

584 3089 690 3133 tem
716 3118 730 3138 ,
757 3077 1003 3131 acerbam
1035 3075 1304 3130 existimat
1326 3071 1490 3126 vitam
1516 3085 1700 3134 suam,
1737 3069 1850 3122 lucc
1872 3067 2003 3121 duas
2031 3066 2168 3121 tilias

580 3166 863 3222 confertim
889 3181 996 3231 nqn
1018 3164 1230 3219 intuens
1249 3162 1560 3226 morientes,
1587 3160 1679 3215 sed
1701 3159 1766 3213 ad
1791 3167 2014 3212 mortem
2041 3172 2168 3227 pro-

584 3259 695 3330 pria
717 3272 876 3312 manu
907 3257 1141 3322 trahens,
1164 3254 1334 3324 cogita
1355 3267 1473 3321 qua:
1499 3250 1748 3320 martyria
1780 3249 2057 3304 exhiberet
2077 3261 2165 3314 ea,

580 3367 699 3420 qua:
725 3349 776 3403 id
800 3349 940 3418 quod
964 3349 1122 3402 etiam
1141 3346 1320 3400 auditu
1343 3343 1552 3398 czcteris
1576 3351 1658 3396 est
1685 3339 2039 3405 intolerabile,
2059 3338 2170 3392 rei-

581 3451 680 3508 psa
707 3438 985 3509 perferret.
1034 3438 1108 3490 Ac
1133 3435 1327 3489 milites
1354 3433 1566 3502 quidem
1609 3430 1818 3501 penitus
1846 3429 1998 3483 inscii
2027 3437 2168 3482 tant-

582 3547 741 3600 quam
784 3544 968 3584 rursus
1011 3545 1101 3583 eas
1147 3526 1411 3597 recepturi
1459 3523 1870 3593 exspectabant,
1915 3521 2018 3574 illae
2044 3533 2172 3574 vero

587 3639 709 3678 cum
755 3621 953 3677 Christi
1004 3621 1255 3674 militibus
1295 3618 1596 3673 caelestibus
1643 3616 1845 3686 angelis
1897 3615 2005 3682 jam
2060 3622 2170 3666 tum

583 3723 735 3768 erant
757 3712 947 3791 {quod
975 3709 1222 3765 custodes
1250 3725 1353 3764 non
1383 3708 1632 3762 videbant
1659 3748 1674 3772 ,
1706 3706 1901 3776 quippe
1924 3706 2012 3775 qui
2047 3702 2170 3758 fidei

585 3807 774 3862 oculos
794 3819 898 3858 non
927 3804 1201 3858 haberent.
1231 3802 1517 3856 Enimvero
1542 3798 1611 3853 de
1635 3807 1806 3852 matr-e
1833 3796 2003 3866 inquit
2028 3795 2171 3850 Pau-

587 3898 671 3951 lus
695 3937 710 3962 ,
740 3894 1032 3949 Saluabitur
1061 3909 1149 3964 per
1182 3893 1401 3960 ﬁliorum
1432 3889 1807 3960 generationem
1847 3888 1924 3956 (l.
1954 3885 2090 3938 Tim.
2115 3884 2170 3938 2.

586 3987 675 4056 15)
715 4003 728 4037 :
760 3986 847 4040 hic
891 3991 1066 4037 autem
1096 3982 1216 4036 filiae
1242 3996 1339 4052 per
1377 3991 1601 4034 matrem
1648 3977 1807 4032 salvae
1837 3984 1961 4035 sunt
2000 3975 2173 4031 facta).

586 4079 675 4133 Sic
700 4078 951 4132 nimirum
980 4090 1168 4144 parcre
1199 4081 1397 4128 matres
1423 4079 1650 4140 oportet.
1697 4069 1792 4124 llic
1820 4069 1960 4123 enim
1992 4075 2176 4137 partus

589 4170 680 4223 illo
710 4169 872 4238 priori
905 4167 1097 4221 melior
1130 4175 1212 4220 est
1238 4206 1252 4231 ,
1292 4165 1344 4218 in
1375 4178 1482 4232 quo
1510 4163 1726 4216 dolores
1760 4159 1978 4231 quidem
2019 4173 2174 4212 acer-

589 4262 764 4315 biores
788 4269 932 4320 sunt,
965 4268 1018 4312 at
1041 4257 1210 4325 majus
1237 4256 1439 4310 lucrum
1470 4253 1782 4323 percipitur.
1809 4251 1886 4306 De
1916 4251 2022 4304 illis
2045 4263 2174 4319 par-

590 4364 677 4406 tus
695 4352 988 4412 doloribus,
1011 4356 1268 4418 quotquot
1288 4355 1481 4399 matres
1502 4343 1731 4409 fuerunt,
1757 4350 2020 4396 noverunt
2039 4352 2174 4409 quos

589 4446 803 4499 dolores
825 4441 953 4496 illud
978 4443 1169 4506 inurat,
1192 4454 1310 4493 cum
1336 4439 1467 4492 filias
1494 4437 1690 4492 videris
1715 4445 1942 4490 mortem
1975 4434 2180 4488 obeun-

589 4549 702 4602 tes;
733 4547 790 4592 ut
815 4546 990 4592 autem
1019 4537 1130 4605 ipsa
1153 4548 1309 4587 manu
1341 4541 1428 4586 tua
1459 4530 1660 4585 caedem
1688 4537 1986 4599 perpetres,
2013 4541 2175 4597 quam

589 4645 749 4702 grave
777 4630 864 4693 sit,
893 4626 1117 4698 exprimi
1143 4625 1320 4678 verbis
1345 4638 1452 4677 non
1483 4629 1679 4691 potest.

660 4717 714 4768 7.
745 4715 846 4767 Cur
868 4713 1117 4765 Domuiua
1135 4710 1383 4780 judicium
1405 4724 1504 4761 non
1525 4703 1904 4774 exspectaverit.
1926 4701 2177 4768 A/j'ectum

592 4817 810 4861 matrum
836 4822 953 4875 ergo
976 4804 1110 4872 ﬁlias
1131 4803 1428 4872 ampliﬁcat.
1456 4829 1526 4840 —
1549 4801 1614 4852 At
1641 4798 1781 4852 enim
1803 4811 1904 4866 qua
1932 4795 1999 4850 de
2018 4809 2176 4850 eausa

591 4901 645 4953 in
670 4898 927 4966 judicium
971 4910 1076 4948 non
1105 4895 1249 4948 venit
1297 4891 1531 4946 mulier?
1562 4889 1740 4943 Voluit
1783 4898 1907 4941 ante
1949 4901 2176 4956 pugnam

593 5002 852 5056 troprum
883 4987 1107 5056 erigere,
1138 4995 1262 5039 ante
1303 4983 1590 5037 certamina
1633 4995 1882 5050 coronam
1911 4980 2174 5047 abripere,

589 5092 714 5134 ante
762 5080 930 5132 luctas
976 5078 1513 5147 prmmiameporlare
1545 5089 1561 5125 :
1590 5087 1697 5124 non
1728 5070 1868 5139 quod
1917 5079 2176 5122 tormenta

588 5169 977 5230 reformidaret,
1003 5168 1094 5220 sed
1133 5182 1201 5220 ne
1231 5166 1332 5219 illzr:
1360 5162 1526 5217 oculis
1552 5163 1866 5215 lascivorum
1898 5168 2137 5228 paterent
2160 5175 2174 5210 :

589 5277 695 5314 nou
727 5260 1016 5323 metuebat,
1069 5273 1134 5311 ne
1160 5257 1277 5325 quis
1310 5256 1473 5308 latera
1526 5253 1626 5324 ipsi
1657 5251 1931 5314 effoderet,
1963 5250 2056 5304 sed
2111 5265 2178 5304 ne

587 5352 707 5420 quis
735 5349 960 5402 ﬁliarum
985 5356 1350 5415 corrumperet
1399 5344 1778 5414 virginitatem,
1811 5342 2048 5396 timebat.
2077 5342 2176 5395 At-

591 5458 697 5513 que
743 5441 845 5496 hoc
874 5456 1013 5505 eam,
1066 5455 1171 5492 non
1203 5439 1292 5492 illo
1336 5437 1496 5491 fuisse
1548 5437 1736 5488 timore
1777 5442 2095 5501 correptam,
2124 5442 2177 5487 et

592 5533 790 5586 idcirco
832 5533 884 5586 in
926 5531 1180 5600 judicium
1229 5545 1332 5582 non
1379 5529 1618 5583 venisse.
1671 5524 1792 5579 inde
1839 5524 2174 5578 manifestum

589 5629 692 5672 est.
747 5614 907 5668 Multo
935 5615 1203 5683 graviores
1244 5615 1295 5667 iu
1341 5610 1555 5666 lltnnine
1585 5611 1848 5664 cruciatus
1889 5610 2171 5664 toleravit:

661 5791 673 5821 '
699 5789 778 5850 Sic
798 5787 979 5850 legitur
1003 5790 1051 5850 iu
1068 5787 1211 5850 savii.
1255 5795 1304 5836 In
1349 5785 1542 5836 ttontei.
1563 5848 1567 5850 _
1590 5793 1786 5850 autem,
1811 5782 2074 5850 eademque
2098 5796 2176 5836 res

589 5846 886 5901 sacrificium
911 5849 1094 5899 exstitit
1115 5858 1158 5900 ct
1178 5849 1440 5910 baptisma:
1464 5847 1723 5898 evidentior
1747 5849 1832 5896 hoc
1855 5846 2106 5904 baptismo.

1281 322 1336 380 S.
1377 323 1655 381 JOANNIS
1677 321 2153 381 CHRYSOSTOMI
2186 323 2505 380 ARCIIIEP.
2534 325 3068 386 CONSTANTINOP.

3748 335 3853 395 διο

2265 436 2432 489 multo
2458 437 2600 491 enim
2629 441 2845 508 gravius
2869 451 2952 496 est
2981 452 3042 501 et,
3061 442 3323 502 acerbius,
3351 453 3406 497 ttt
3434 452 3558 500 ante
3581 444 3709 510 dixi,
3738 465 3854 515 pru-

2267 527 2378 595 pria
2407 528 2635 587 viscera.
2669 531 2802 585 tilias
2845 533 3078 600 inquam,
3111 549 3270 588 manu
3317 549 3410 590 sua
3437 535 3768 605 demergere,
3794 553 3854 592 uc

2259 616 2508 672 suffocari
2557 634 2820 686 cernere,
2870 636 3029 690 quam
3097 624 3319 680 lacerari
3366 641 3580 680 carnem
3629 626 3852 689 videre,

2263 709 2544 778 multoque
2574 712 2645 765 illi
2697 714 2889 767 minori
2920 730 3054 783 apus
3079 724 3196 769 erat
3224 715 3580 787 philosophia,
3608 731 3766 786 quam
3793 718 3855 770 atl

2264 805 2526 852 tormenta
2562 802 2857 870 toleranda,
2907 813 2963 857 ut
2991 805 3284 873 puellarum
3317 815 3500 861 tenere
3526 807 3783 862 dexteras
3807 819 3859 860 et

2261 888 2326 940 ad
2375 887 2604 944 ﬂuminis
2631 891 2828 945 fluettta
2879 894 3187 962 pertrahere
3232 909 3412 950 secum
3444 908 3646 962 posset.
3680 893 3861 966 Neque

2262 979 2403 1031 enim
2434 994 2529 1044 jar
2555 980 2619 1034 ad
2651 982 2891 1037 dolorem
2919 985 3234 1039 inurendum
3261 995 3590 1040 momentum
3615 986 3778 1042 aﬂ'ert
3797 989 3864 1042 ab

2260 1069 2378 1123 aliis
2419 1086 2643 1127 cernere
2685 1073 2994 1140 divexatas,
3026 1086 3080 1130 et
3127 1076 3295 1145 ipsam
3347 1079 3505 1130 morti
3555 1078 3864 1144 inservire,

2263 1161 2430 1229 ipsam
2462 1162 2575 1217 fieri
2623 1164 2771 1220 necis
2813 1165 3202 1229 administram,
3234 1169 3400 1237 ipsam
3447 1167 3658 1222 filiabus
3683 1169 3866 1223 cami-

2263 1253 2381 1308 fii-is
2428 1255 2571 1309 vices
2597 1255 2745 1311 ohire
2778 1273 2792 1308 :
2823 1257 2916 1310 sed
2949 1257 3048 1313 hoc
3093 1259 3263 1312 multo
3309 1259 3397 1314 illo
3443 1259 3667 1330 gravius
3704 1270 3789 1314 est
3815 1270 3871 1316 et

2262 1344 2669 1402 intolerabilius.
2703 1349 2833 1404 lluic
2862 1350 3086 1404 orationi
3117 1365 3252 1404 mea:
3277 1353 3644 1407 testimonium
3673 1353 3869 1408 dicetis

2261 1452 2473 1502 omnes,
2502 1448 2764 1510 quotquot
2793 1450 2989 1496 matres
3034 1440 3227 1505 fuistis,
3253 1457 3373 1512 quae
3419 1453 3602 1512 partus
3650 1444 3870 1500 dolores

2262 1539 2497 1599 expertae
2522 1530 2672 1598 estis,
2700 1546 2763 1586 ac
2807 1532 2944 1587 tilias
2973 1535 3306 1603 suscepistis.
3336 1535 3617 1601 Quomodo
3666 1537 3873 1604 puella-

2261 1636 2381 1674 rum
2429 1620 2700 1676 dexteram
2746 1623 3014 1693 arripuit?
3039 1626 3130 1695 qui
3178 1627 3290 1681 fieri
3343 1629 3534 1696 potuit,
3569 1636 3625 1682 ut
3677 1643 3872 1682 manus

2265 1728 2370 1766 non
2397 1712 2844 1785 obtorpescerct?
2864 1718 3132 1787 quomodo
3161 1732 3266 1772 non
3297 1719 3517 1773 resoluti
3544 1729 3674 1773 sunt
3695 1720 3873 1774 nervi?

2263 1805 2532 1874 quomodo
2573 1821 2726 1862 mens
2758 1806 2826 1861 de
2853 1815 2993 1862 statu
3019 1807 3222 1876 dejecta
3272 1823 3377 1862 non
3403 1811 3529 1863 est?
3571 1811 3665 1879 qui
3698 1811 3874 1882 potuit

2264 1895 2403 1949 ratio
2445 1896 2507 1949 iis
2546 1911 2666 1964 quae
2702 1897 3028 1966 gerebantur
3070 1899 3372 1954 inservire?
3401 1900 3686 1954 Sexceutis
3725 1899 3872 1954 enim

2266 1989 2547 2044 tormentis
2568 1989 2772 2045 facinus
2795 1991 2922 2046 illud
2937 1994 3181 2047 acerbius
3201 1993 3317 2060 fuit,
3342 2009 3461 2048 cum
3478 1995 3728 2064 corporis
3755 1996 3877 2050 loco

2266 2083 2382 2150 ejus
2409 2081 2587 2135 anima
2632 2083 3065 2139 discruciarelur.
3109 2085 3306 2139 Verum
3336 2101 3612 2156 quousque
3644 2088 3866 2142 tandem

2267 2188 2330 2227 ea
2359 2173 2610 2244 persequi
2637 2176 3043 2244 contendemus,
3075 2194 3194 2248 qua:
3221 2195 3376 2233 nemo
3404 2180 3616 2249 assequi
3643 2182 3867 2250 potest?

2266 2266 2410 2320 nulla
2456 2267 2653 2338 quippe
2689 2269 2954 2339 passionis
2996 2270 3416 2340 magnitudinem
3462 2273 3637 2326 oratio
3693 2283 3874 2342 posset

2253 2358 2586 2428 exprimere,
2613 2361 2704 2414 sed
2729 2375 2789 2414 ea
2811 2363 2947 2426 sola,
2972 2378 3092 2432 qua:
3114 2373 3334 2432 experta
3362 2373 3444 2418 est
3470 2379 3532 2419 ac
3550 2365 3872 2431 decertavit,

2267 2449 2463 2505 mulier
2489 2452 2654 2516 novit,
2682 2451 2980 2520 cujustnodi
3027 2455 3133 2507 sint
3160 2455 3256 2509 ista
3289 2456 3601 2509 certamina.
3635 2455 3876 2511 Audiant

2269 2540 2369 2593 ista
2421 2550 2655 2605 matres,
2699 2543 2921 2597 audiant
2975 2544 3251 2615 virgines:
3282 2554 3477 2600 matres
3525 2545 3771 2616 quidem,
3821 2555 3877 2602 ut

2270 2631 2406 2685 filias
2450 2646 2576 2688 suas
2601 2633 2678 2688 sic
2708 2634 3025 2698 instituant;
3059 2637 3295 2706 virgines
3323 2646 3522 2704 autem,
3552 2646 3610 2692 ut
3636 2637 3717 2692 ita
3757 2654 3874 2693 ma-

2272 2723 2441 2777 tribus
2470 2723 2850 2794 obsequantur.
2885 2725 2998 2780 Non
3043 2728 3184 2780 enim
3233 2736 3437 2781 tantum
3496 2727 3718 2783 laudare
3747 2743 3876 2784 con-

2270 2812 2416 2865 venit
2445 2822 2692 2878 matrem,
2725 2829 2844 2883 qua:
2891 2816 3010 2868 talia
3053 2816 3294 2884 jusserit,
3347 2817 3441 2872 sed
3468 2826 3523 2871 et
3550 2817 3689 2872 tilias
3719 2833 3871 2872 com-

2269 2905 2545 2972 mendare,
2597 2921 2715 2976 quae
2762 2907 2814 2960 in
2860 2907 3121 2975 ejusmodi
3170 2908 3329 2963 rebus
3379 2911 3653 2979 paruerint
3692 2926 3865 2964 :nam

2273 3012 2447 3068 neque
2497 3009 2666 3051 mater
2690 2998 2916 3052 vinculis
2965 2999 3108 3069 eguit
3137 3000 3202 3054 ad
3251 3000 3453 3054 hostias
3495 3001 3874 3071 victimasque,

2275 3104 2452 3159 neque
2497 3089 2739 3158 juvenem
2766 3088 3095 3154 resilierunt,
3123 3089 3216 3144 scd
3247 3091 3434 3160 aequali
3465 3092 3657 3147 mentis
3684 3092 3878 3148 alacri-

2273 3189 2382 3234 tate
2421 3189 2476 3235 et
2500 3179 2678 3234 animo
2707 3179 2897 3234 eodem
2939 3182 3178 3252 martyrii
3203 3181 3388 3252 jugum
3438 3183 3716 3238 trahentes
3740 3226 3756 3251 ,
3803 3184 3890 3240 sic

2273 3270 2493 3326 ﬂuvium
2547 3281 2671 3325 sunt
2713 3259 2992 3342 ingressas,
3022 3272 3401 3327 calceamentis
3441 3286 3589 3329 extra
3633 3273 3875 3329 fluminis

2278 3361 2447 3430 ripam
2480 3361 2749 3416 derelictis
2782 3379 2795 3415 :
2826 3362 2967 3432 quod
3014 3361 3134 3416 ideo
3179 3361 3440 3428 fecerunt,
3473 3373 3528 3417 ut
3566 3365 3883 3420 custodibus

2276 3455 2406 3522 ipsis
2435 3453 2778 3507 consulerent
2804 3468 2818 3513 ;
2852 3461 2995 3507 tanta
3025 3462 3143 3508 erat
3175 3463 3478 3507 sanctarum
3511 3455 3723 3508 illarum
3757 3469 3883 3525 pro-

2277 3545 2529 3597 videntia.
2563 3543 2863 3599 Studebant
2902 3544 3107 3598 scilicet
3150 3544 3253 3598 illis
3282 3544 3607 3600 defensionis
3635 3545 3689 3599 in
3731 3547 3877 3615 judio

2275 3635 2358 3690 cio
2389 3651 2570 3690 ansam
2594 3635 2896 3704 relinquere
2923 3652 2939 3689 °.
2966 3650 3031 3690 ne
3056 3637 3288 3689 crudelis
3311 3637 3397 3692 ille
3422 3652 3485 3691 ac
3511 3653 3684 3690 saevus
3703 3639 3878 3706 jutlex

2275 3742 2371 3780 eos
2403 3726 2717 3795 proditionis
2749 3735 3044 3787 accusaret,
3077 3735 3171 3780 aut
3212 3726 3350 3795 quod
3385 3727 3606 3794 pecunia
3636 3733 3880 3796 corrupti

2278 3819 2531 3873 mulieres
2576 3817 2948 3880 dimisissent;
3000 3817 3198 3871 idcirco
3237 3819 3600 3872 calceamenta
3645 3819 3884 3894 relique-

2278 3919 2426 3976 runt,
2459 3926 2578 3980 quae
2622 3910 2848 3963 militum
2894 3910 3235 3964 CtInSClCttlitl‘.
3270 3911 3706 3974 tcstificarentur,
3735 3911 3883 3981 quod

2280 4018 2387 4057 non
2420 4001 2524 4055 illis
2553 4001 2819 4069 consciis,
2846 3983 2938 4056 sed
2965 4000 3329 4071 ignorantibus
3358 4002 3408 4056 in
3439 4002 3636 4058 ﬂumen
3685 4015 3884 4074 sponte

2284 4092 2662 4162 prosiliisscnt.
2713 4092 2966 4146 Fortasse
3018 4109 3122 4146 non
3179 4093 3434 4147 mediocri
3487 4109 3610 4164 erga
3667 4106 3885 4149 sanctas

2284 4184 2401 4238 illas
2425 4199 2605 4246 amore
2632 4184 2909 4238 exarsistis
2939 4201 2953 4243 ς
2987 4199 3108 4238 cunt
3137 4186 3237 4239 hoc
3280 4187 3438 4256 igitur
3463 4191 3655 4242 ardore
3692 4203 3880 4242 coram

2285 4276 2520 4346 ipsarum
2548 4276 2786 4345 reliquiis
2815 4277 3178 4344 procidamus,
3212 4279 3443 4346 ipsarum
3462 4281 3713 4348 capsulas
3731 4297 3886 4335 com-

2285 4372 2580 4439 plectamur
2611 4387 2625 4432 ;
2658 4371 2879 4439 multum
2927 4371 3068 4425 enim
3104 4383 3325 4440 possunt
3369 4375 3616 4428 virtutem
3649 4378 3886 4444 capsula:

2285 4472 2577 4532 martyrum
2596 4460 2858 4526 obtinere,
2887 4461 3334 4529 quemadmodum
3357 4471 3410 4516 et
3431 4478 3551 4518 ossa
3580 4476 3878 4536 martyrum

2285 4553 2390 4606 vim
2420 4569 2664 4624 magnam
2685 4548 2922 4609 habent.
2947 4553 3129 4624 Neque
3154 4552 3242 4608 die
3266 4563 3468 4609 tantum
3498 4555 3654 4632 hujus
3684 4555 3887 4611 festivi-

2287 4648 2429 4712 tatis,
2467 4646 2562 4700 sed
2589 4646 2707 4701 aliis
2734 4647 2892 4700 etiam
2924 4645 3112 4700 diebus
3141 4645 3204 4698 iis
3231 4646 3584 4715 assidcamus,
3605 4662 3698 4702 eas
3722 4648 3886 4702 obse-

2284 4754 2520 4804 cremus,
2552 4739 2906 4801 obtestemur,
2937 4747 2994 4792 ut
3014 4746 3251 4807 patrona:
3277 4738 3384 4792 sint
3407 4748 3603 4794 nostra:
3623 4755 3638 4798 :
3662 4740 3882 4794 multam

2286 4829 2428 4883 enim
2455 4829 2698 4882 fiduciam
2723 4829 2966 4882 obtinent
2985 4845 3088 4883 non
3112 4829 3351 4884 viventes
3372 4830 3551 4894 modo,
3567 4830 3661 4885 sed
3677 4840 3733 4885 et
3749 4847 3882 4885 mor-

2289 4928 2413 4984 tuae;
2439 4920 2713 4987 multoque
2752 4921 2922 4988 magis
2943 4935 3063 4974 cum
3078 4929 3201 4974 sunt
3223 4931 3464 4975 mortuae.
3485 4921 3600 4975 Jatn
3623 4922 3765 4976 enim
3787 4923 3880 4976 sti-

2284 5022 2458 5078 gmata
2487 5011 2664 5064 ferunt
2693 5009 2922 5072 Christi;
2948 5027 3067 5065 cum
3092 5021 3266 5068 autem
3290 4989 3533 5080 stigmata
3558 5010 3672 5065 lucc
3696 5022 3878 5065 osten-

2285 5101 2480 5166 det-int,
2504 5103 2681 5154 omnia
2712 5102 2840 5172 Regi
2865 5113 3084 5172 possunt
3115 5103 3453 5171 persuadere.
3483 5103 3707 5168 Quando
3726 5104 3878 5172 igitur

2288 5200 2429 5246 tanta
2462 5192 2566 5246 illa:
2594 5194 2786 5247 virtute
2812 5195 3032 5262 pollent,
3058 5202 3306 5263 tantaque
3327 5194 3464 5262 apud
3486 5209 3606 5248 eum
3623 5195 3877 5260 amicitia,

2285 5299 2406 5337 cum
2427 5284 2677 5338 continua
2696 5285 2842 5338 velut
2859 5284 3168 5339 obsessione
3189 5301 3250 5340 ac
3267 5295 3519 5354 perpetua
3540 5285 3746 5338 illarum
3766 5287 3874 5338 visi-

2286 5377 2486 5430 tatione
2522 5375 2941 5432 familiaritatem
2995 5393 3094 5432 nos
3146 5379 3357 5431 illarum
3415 5378 3875 5442 insinuaverimus,

2286 5470 2521 5540 ipsarum
2545 5483 2710 5539 opera
2743 5471 2836 5524 Dei
2867 5471 3280 5525 misericordiam
3315 5472 3691 5539 impetremus;
3717 5486 3874 5540 quam

2285 5562 2437 5617 nobis
2458 5563 2708 5618 omnibus
2734 5563 2944 5632 assequi
2961 5564 3253 5634 conlingat,
3280 5564 3448 5633 gratia
3473 5562 3678 5615 Domini
3708 5562 3872 5617 nostri

2283 5653 2410 5709 .lesu
2437 5653 2659 5717 Christi,
2692 5668 2788 5722 per
2817 5669 2977 5724 quem
3004 5662 3202 5710 etcum
3230 5669 3338 5724 quo
3367 5653 3506 5709 Patri
3551 5652 3738 5723 gloria,
3770 5667 3871 5705 una

2283 5762 2403 5802 cum
2447 5754 2633 5801 sancto
2672 5745 2898 5815 Spiritu,
2941 5761 3080 5803 nunc
3126 5757 3179 5804 et
3226 5760 3460 5818 semper,
3502 5745 3633 5800 etin
3678 5742 3866 5799 srecula

2285 5839 2620 5895 surculorum.
2655 5840 2845 5894 Amen.
